3980 6296
145 372 240 426 ﬁl

807 367 1362 426 INTERPRETATIO
1399 366 1650 426 SYNODI
1695 368 1779 424 Vll
1819 367 2223 440 GENERALIS.
2267 399 2330 410 υ-
2364 369 2569 426 ACTIO
2617 369 2697 424 Vl.

3297 379 3401 434 ιξε

129 483 348 551 expirat
370 482 547 538 omnis
566 481 727 539 elatio
755 490 1063 553 potentatus
1087 483 1332 538 humani.
1359 481 1547 538 Omnis
1572 482 1716 536 enim
1745 491 1795 546 Α
1829 501 1846 532 ι
1883 481 1964 553 (S.
1996 482 2260 538 Athanas.
2294 483 2445 537 Orat.
2501 493 2686 540 contra
2735 485 2899 556 gent.)
2929 503 2941 541 :
2975 486 3257 555 Quomodo
3300 507 3407 548 non

129 572 297 624 homo
344 567 556 636 fenum,
603 577 658 625 et
699 571 876 626 omnis
919 570 1089 641 gloria
1135 571 1254 640 ejus
1282 571 1433 640 quasi
1475 569 1574 624 llos
1618 569 1728 626 l‘eni

130 663 267 735 (lsa.
307 661 416 731 31.).
456 661 628 717 Porro
655 661 1013 732 spiritualium
1049 676 1275 732 operum
1319 661 1581 716 exhibitio
1628 660 1729 716 im-

127 753 350 808 mobilis
378 753 597 822 quidem
625 761 730 817 est,
759 760 813 808 et
842 752 895 807 in
927 751 1012 807 his
1043 767 1164 821 qua:
1201 759 1539 821 permanent,
1568 750 1731 807 habet

126 843 560 899 vicissitudinem
597 841 1078 914 [retributionem].
1109 840 1166 896 Si
1201 841 1345 896 enim
1376 850 1564 895 contra
1597 841 1730 896 ima.

126 938 283 1005 gincs
321 935 525 989 dictum
566 933 697 989 illud
737 941 921 999 esset,
962 940 1232 988 assereret
1272 933 1458 1000 utique
1499 931 1724 991 dicens:

123 1027 332 1096 lnjuria
349 1031 433 1082 est
455 1025 612 1082 [idem
627 1023 830 1080 habere
848 1023 902 1079 in
928 1023 1218 1088 coloribus,
1248 1031 1302 1076 et
1327 1038 1431 1077 non
1455 1021 1506 1076 in
1533 1023 1723 1076 Deum.

125 1117 238 1171 Sed
260 1130 368 1170 non
392 1115 447 1169 in
469 1115 748 1180 cordibus,
763 1112 1162 1185 pronuntiavit:
1189 1112 1241 1168 id
1261 1121 1367 1177 est,
1385 1112 1536 1165 Iirma
1555 1120 1608 1166 et
1621 1119 1729 1165 sta-

126 1208 258 1261 bilia
284 1214 346 1260 nt
371 1220 662 1276 operemur
694 1205 842 1274 regni
867 1203 1128 1260 cmlorum
1152 1243 1166 1269 ,
1194 1212 1248 1258 et
1275 1219 1382 1258 non
1410 1202 1593 1258 mundi
1621 1202 1724 1258 hu-

118 1298 214 1367 jus
238 1313 252 1351 :
277 1313 402 1368 qua:
440 1307 497 1352 ut
524 1296 721 1362 ﬂuida,
752 1296 860 1352 cito
903 1303 1108 1350 mutata
1128 1335 1144 1360 ,
1180 1294 1340 1349 [idem
1367 1309 1472 1350 non
1500 1294 1721 1349 habent.

125 1386 348 1441 Rursus
395 1395 575 1442 autem
627 1385 771 1442 male
819 1384 1262 1456 allegorizantes,
1313 1393 1368 1438 et
1427 1384 1722 1439 secundum

115 1481 414 1554 proprium
471 1494 688 1536 sensum
743 1477 926 1533 omnia
989 1477 1336 1552 colligentes,
1403 1491 1722 1547 magnorum

124 1569 439 1623 antistitum
468 1567 649 1622 Basilii
679 1577 733 1623 et
756 1566 980 1624 Joannis
1003 1567 1142 1624 dicta
1175 1565 1454 1637 proferunt
1487 1567 1542 1621 in
1572 1566 1724 1622 testi-

111 1643 400 1740 :monium,
431 1666 778 1713 asserentes:

529 1755 813 1844 Gregorius
849 1771 1120 1842 episcopus
1147 1769 1269 1842 legit
1305 1786 1325 1826 :

206 1882 226 1914 s
272 1863 512 1920 Joannes
558 1837 740 1920 aulem
789 1837 1215 1933 Clirysostomus
1253 1861 1410 1916 docet
1462 1859 1578 1915 ita:
1613 1858 1721 1914 Nos
1751 1837 1797 1898 Β

131 1976 148 2009 ι
199 1973 301 2028 per
325 1957 622 2029 scripturas
643 1965 951 2013 sanctorum
993 1955 1279 2027 praesentia
1325 1953 1587 2019 fruimur,
1615 1967 1722 2010 non

129 2069 146 2100 ι
201 2063 494 2120 corporum
517 2063 724 2113 eorum,
757 2047 851 2104 sed
878 2047 1184 2102 animarum
1223 2048 1487 2116 imagines
1515 2047 1720 2102 haben-

129 2159 148 2192 ι
205 2149 310 2196 tes.
341 2138 472 2206 Quae
495 2138 640 2194 enim
677 2138 876 2194 abillis
901 2136 1045 2192 dicta
1071 2147 1220 2204 sunt,
1241 2138 1546 2192 animarum
1576 2137 1722 2206 ipso-

129 2250 150 2284 s
206 2247 330 2285 rum
361 2229 630 2300 imagines
653 2238 796 2286 sunt.
821 2227 1053 2284 Maxima
1077 2229 1220 2284 enim
1253 2228 1340 2284 via
1370 2229 1438 2284 ad
1465 2236 1724 2298 opportu-

132 2343 150 2376 ι
204 2323 397 2378 uitatis
427 2320 570 2394 [ϐω
599 2320 789 2394 otiicit]
814 2321 1200 2386 inventionem,
1231 2329 1452 2377 sanctus
1469 2322 1542 2376 ait
1573 2319 1720 2375 Basi-

131 2435 147 2466 ι
201 2415 311 2470 lius
369 2413 450 2484 (In
475 2413 634 2484 epist.
666 2413 690 2468 l
723 2413 790 2468 ad
818 2411 877 2468 S.
907 2411 1071 2484 Greg.
1097 2412 1163 2467 de
1208 2409 1310 2466 Vit.
1338 2412 1506 2482 salit.)
1558 2411 1724 2466 medio

129 2522 149 2556 ι
206 2504 344 2560 tatio
364 2512 448 2560 est
482 2503 873 2574 scripturarum
911 2502 1170 2560 divinitus
1217 2502 1619 2573 inSpiratarum.
1664 2500 1721 2556 ln

133 2616 150 2649 ι
201 2598 287 2653 bis
310 2596 458 2652 enim
499 2605 556 2652 et
591 2605 807 2650 actuum
857 2594 1304 2651 communitiones
1353 2593 1720 2660 inveniuntur,

132 2709 148 2740 ι
199 2697 258 2742 et
286 2687 414 2742 vitae
431 2685 712 2742 beatorum
737 2686 978 2742 virorum
1001 2685 1273 2756 inscriptae
1300 2687 1602 2751 traduntur,
1633 2699 1723 2741 veo

132 2802 148 2832 ι
202 2780 304 2836 luti
331 2780 579 2851 quaedam
604 2779 868 2852 imagines
887 2778 1140 2835 animatas
1161 2779 1585 2834 conversationis
1604 2794 1724 2849 qua:

133 2893 148 2924 ι
199 2873 252 2926 in
301 2871 411 2928 Deo
462 2881 568 2938 cst,
626 2873 931 2931 imitatione
979 2889 1204 2946 operum
1263 2888 1384 2944 qua:
1427 2877 1722 2930 secundum

132 2983 152 3016 s
202 2963 374 3020 Deum
401 2972 546 3031 sunt,
577 2965 784 3036 positat.
830 2985 850 3018 ι

525 3073 856 3146 Epiphanius
891 3076 1146 3130 diaconus
1167 3076 1288 3148 legit
1318 3091 1337 3128 :

197 3169 559 3240 Nequaquam
584 3169 779 3241 aliquis
808 3185 998 3227 eorum
1041 3171 1133 3242 qui
1190 3180 1335 3228 recta
1382 3171 1616 3242 sapiunt,
1667 3171 1726 3227 in
1751 3193 1796 3255 ρ

129 3263 540 3319 subversionem
569 3262 958 3320 venerabilium
1010 3265 1304 3336 imaginum
1359 3265 1458 3322 has
1504 3266 1722 3336 exposi-

131 3356 312 3410 tiones
335 3353 616 3410 scnsitvel
659 3354 913 3411 senserit.
957 3355 1189 3412 Evidens
1231 3357 1429 3427 quippe
1471 3357 1723 3412 omnibus

130 3455 235 3509 est,
261 3445 394 3515 quia
422 3446 702 3503 audientes
730 3447 1014 3504 virilitates
1034 3457 1343 3505 sanctorum
1373 3458 1429 3505 et
1472 3464 1730 3521 perseve-‘

135 3537 343 3592 rantias
370 3550 561 3592 eorum
584 3577 599 3602 ,
624 3537 928 3593 animarum
980 3539 1221 3610 ipsorum
1277 3539 1626 3594 stabilitatem
1669 3549 1731 3595 et

133 3625 510 3682 fortitudinem
565 3625 968 3694 beatiﬁcamus;
1027 3635 1084 3684 et
1145 3627 1356 3682 divinas
1411 3628 1730 3699 Scripturas

132 3723 451 3786 recitantes,
475 3720 734 3793 Vitasque
759 3732 1072 3781 sanctorum
1115 3723 1358 3780 virorum
1398 3725 1722 3797 relegentes,

131 3823 186 3868 et
219 3813 546 3885 imaginales
589 3815 831 3886 picturas
873 3816 1165 3883 intuentes,
1213 3825 1492 3889 gestorum
1534 3833 1724 3874 secun-

133 3907 259 3960 dum
295 3904 468 3960 Deum
510 3905 748 3976 ipsorum
777 3909 1398 3976 operumrecordamur.
1427 3913 1560 3977 Qua:
1580 3909 1724 3964 enim

135 4011 316 4052 sermo
345 4012 448 4067 per
489 3998 816 4054 auditionem
844 4010 1216 4070 repraasentat,
1253 4002 1368 4056 haec
1400 4002 1607 4072 pictura
1642 4010 1724 4058 ta-

135 4103 265 4144 cens
309 4103 414 4159 per
455 4089 816 4146 imitationem
869 4092 1127 4157 ostendit,
1179 4092 1336 4148 sicuti
1375 4092 1451 4148 ait
1502 4105 1736 4164 magnus

137 4180 392 4236 Basilius.
434 4179 542 4235 Sed
579 4189 635 4236 et
683 4179 920 4238 Joannes
965 4181 1388 4254 Chrysostomus
1442 4185 1636 4240 asserit
1671 4184 1725 4238 in

136 4285 390 4327 sermone
438 4285 538 4326 suo
566 4271 642 4343 (in
676 4271 746 4327 40
787 4271 996 4344 Mam).
1044 4273 1198 4342 Quod
1249 4275 1458 4331 Veteris
1505 4285 1560 4332 et
1594 4274 1728 4331 Novi

139 4361 436 4416 testimonii
467 4377 606 4418 unus
629 4363 699 4418 sit
730 4363 1026 4436 Iegislator,
1057 4375 1112 4420 et
1160 4365 1212 4420 in
1245 4365 1617 4421 indumentum
1643 4381 1729 4422 sa-

138 4453 395 4517 cerdotis,
447 4453 656 4519 habito,
707 4457 860 4526 cujus
913 4456 1128 4512 initium
1173 4457 1532 4515 est:Christi
1577 4459 1728 4531 regni

140 4541 491 4614 Evangelium
537 4544 832 4614 praedicant
877 4547 1093 4617 quidem
1138 4548 1434 4619 prophetae.
1485 4549 1554 4604 Et
1603 4561 1725 4621 post
1755 4553 1806 4614 D

141 4633 235 4686 alia
266 4633 456 4706 (ibid.)
487 4651 500 4688 :
534 4634 648 4706 Ego
686 4645 742 4690 et
773 4651 900 4692 cera
941 4635 1212 4707 perfusam
1252 4637 1414 4694 dilexi
1460 4639 1726 4710 picturam

142 4722 360 4792 pietatis
379 4737 566 4779 causa.
602 4723 722 4780 Vidi
765 4725 913 4781 enim
957 4724 1206 4797 angelum
1251 4725 1302 4782 in
1341 4726 1572 4799 imagine
1618 4729 1729 4798 pel-

144 4813 336 4870 lentem
369 4815 725 4872 barharorum
751 4832 952 4874 cuneos
977 4835 989 4872 :
1014 4817 1122 4872 vidi
1167 4818 1509 4875 conculcatas
1537 4818 1731 4874 barba-

147 4921 323 4963 rorum
357 4908 552 4974 tribus,
568 4918 623 4964 et
642 4909 811 4965 David
831 4910 1116 4968 veritatem
1140 4911 1406 4967 dicentem
1437 4929 1451 4966 :
1490 4911 1733 4979 Domine,

146 4995 194 5048 in
224 4997 438 5052 civitate
483 5007 576 5051 tua
622 4999 901 5070 imaginem
945 5015 1129 5055 eorum
1171 5003 1240 5056 ad
1272 5001 1492 5056 nihilum
1530 5002 1732 5072 rediges

150 5083 314 5152 (Psal.
346 5086 544 5156 Lxxn).
576 5086 994 5156 Comprobatum
1027 5099 1112 5146 est
1139 5091 1321 5162 igitur,
1353 5091 1496 5162 quod
1523 5107 1587 5146 ea
1612 5108 1733 5163 quae

151 5179 348 5234 sanctis
385 5178 644 5234 Patribus
671 5179 810 5235 bene
836 5187 962 5235 sunt
988 5180 1152 5245 edita,
1184 5181 1282 5251 ipsi
1310 5191 1463 5238 extra
1493 5183 1732 5238 divinum

152 5266 367 5322 chorum
417 5265 595 5321 etl‘ccti
642 5267 1044 5324 subverterunt.
1078 5269 1248 5326 Porro
1290 5273 1463 5328 adhuc
1491 5274 1734 5329 detinen-

156 5364 237 5410 tur
257 5372 288 5410 a
317 5356 552 5422 malitia,
582 5366 638 5412 et
661 5358 800 5414 mala
830 5375 950 5431 quae
977 5373 1166 5417 contra
1193 5361 1330 5417 idola
1362 5379 1391 5417 a
1422 5373 1610 5419 sancto
1633 5362 1732 5419 Pa-

157 5453 231 5499 tre
277 5455 469 5501 nostro
496 5447 792 5503 Athanasio
841 5449 984 5504 dicta
1031 5458 1180 5516 sunt,
1219 5451 1286 5504 ad
1325 5453 1732 5509 subversionetn

155 5533 514 5604 imaginalium
542 5537 876 5606 picturarum
903 5549 1234 5610 proponunt,
1260 5542 1504 5600 dicentes
1539 5563 1552 5599 :

555 5648 839 5721 Gregorius
863 5651 1135 5723 episcopus
1155 5652 1274 5725 legit
1301 5670 1320 5710 :

232 5779 250 5810 ι
281 5759 521 5832 Denique
555 5772 610 5818 et
632 5762 959 5819 Athanasius
991 5764 1331 5822 Alexandria:
1371 5767 1637 5825 luminare
1663 5772 1735 5826 ait

1835 594 1853 626 ι
1893 575 2247 630 misereamur
2270 589 2456 632 eorum
2485 577 2580 646 qui
2605 587 2886 633 creaturas
2910 580 3128 637 colunt?
3150 584 3406 654 quoniam

1833 686 1853 718 ι
1890 667 1944 722 bi
1975 667 2066 738 qui
2095 665 2296 734 vident,
2324 683 2418 724 eos
2445 668 2538 738 qui
2583 683 2688 723 non
2719 670 2926 737 vident,
2958 681 3013 727 et
3040 674 3131 743 qui
3158 676 3407 740 audiunt,

1834 775 1853 808 ι
1887 771 1981 814 eos
2000 755 2092 828 qui
2127 771 2234 813 non
2259 757 2504 823 audiunt,
2531 767 2692 813 orant
2716 776 2729 813 :
2759 770 3009 816 creatura
3037 764 3182 819 enim
3205 779 3237 819 a
3256 781 3409 821 crea—

1834 868 1852 901 ι
1892 857 2011 904 tura
2037 864 2313 920 nunquam
2343 848 2665 905 salvabitur.
2695 870 2714 903 ι

2211 959 2539 1031 Epiphanius
2567 961 2825 1017 diaconus
2858 965 2978 1034 legit
3003 982 3022 1019 :

1902 1072 2056 1143 Papa:
2081 1081 2283 1142 quanta
2305 1073 2568 1128 amentia!
2603 1073 2818 1130 inanem
2843 1078 3132 1146 quamdam
3165 1077 3412 1150 blasphe-

1830 1164 1950 1217 miae
1971 1164 2108 1217 viam
2138 1163 2531 1234 excogitantes,
2552 1178 2581 1218 a
2607 1164 2835 1218 veritate
2855 1166 3076 1236 projecti
3101 1179 3248 1223 sunt.
3277 1170 3410 1224 Cum

1827 1254 1971 1309 enim
2001 1255 2249 1325 egregius
2275 1253 2438 1309 Pater
2483 1263 2673 1310 contra
2707 1255 2848 1312 idola
2886 1257 3000 1313 lucc
3040 1245 3412 1330 promulgave-

1829 1345 1918 1409 rit,
1953 1345 2054 1415 ipsi
2097 1353 2218 1414 post
2259 1344 2588 1416 agnitionem
2617 1346 2884 1412 veritatis,
2915 1358 2968 1402 et
3001 1351 3229 1406 sincera:
3278 1368 3410 1407 con-

1826 1437 2099 1501 fessionis,
2126 1452 2190 1492 ac
2237 1437 2432 1492 divinae
2475 1439 2924 1507 regenerationis,
2948 1439 3153 1510 absque
3184 1459 3292 1498 uno
3321 1443 3412 1513 qui

1824 1536 1906 1584 cst
1933 1543 2093 1598 super
2120 1528 2302 1582 omnia
2334 1528 2498 1598 Deus,
2522 1529 2788 1585 creaturis
2823 1533 3030 1588 servire
3073 1532 3415 1592 Christianos

1825 1629 2102 1685 accusant,
2119 1629 2174 1674 et
2195 1619 2551 1676 idololatriam
2569 1638 2824 1680 exercere
2839 1626 3206 1695 pronuntiant.
3221 1627 3412 1700 Parce,

1825 1713 2070 1777 Domine,
2089 1706 2285 1783 populo
2316 1721 2426 1780 tuo,
2451 1723 2594 1769 etne
2616 1715 2832 1772 dederis
2858 1732 3184 1787 quemquam
3219 1720 3412 1775 horum

1825 1805 2006 1860 seduci
2039 1803 2395 1875 blaSpbemia.
2423 1802 2624 1861 Omnes
2652 1805 2796 1860 enim
2825 1807 2917 1876 qui
2944 1807 3161 1864 nomine
3196 1816 3288 1862 tuo
3329 1823 3418 1862 vo-

1826 1909 2034 1961 camur,
2064 1894 2387 1950 conﬁtemur
2440 1904 2492 1950 te
2540 1895 2838 1952 redemisse
2879 1913 2979 1953 nos
3025 1898 3093 1953 ab
3149 1881 3413 1976 idolorum

1825 1985 2145 2055 deceptione
2171 1985 2376 2055 pariter
2402 1995 2453 2041 et
2492 2000 2678 2040 errore
2702 2003 2716 2039 :
2737 1996 2898 2056 atque
2931 1997 3054 2055 post
3085 1988 3414 2058 agnitionem

1827 2087 1997 2142 tuam,
2013 2091 2110 2130 nos
2133 2075 2225 2147 qui
2249 2075 2429 2131 divina
2453 2076 2860 2147 regenerationc
2881 2078 3021 2148 digni
3047 2065 3414 2142 factisumns,

1826 2179 2166 2236 nequaquam
2191 2167 2439 2221 conversi
2470 2181 2680 2231 sumus,
2710 2176 2768 2221 ut
2805 2166 2964 2220 alicui
3019 2177 3284 2222 creatura:
3313 2169 3414 2222 sub

1828 2256 1967 2312 cado
2007 2257 2242 2311 divinam
2293 2255 2664 2313 adorationem
2716 2265 2861 2312 tuam
2911 2257 3262 2323 oll‘erremus;
3319 2259 3415 2314 sed

1827 2346 1922 2402 tibi
1943 2346 2042 2403 soli
2072 2345 2418 2418 Redemptori
2446 2356 2631 2402 nostro
2654 2347 2934 2418 psallimus
2963 2366 2976 2401 :
3015 2348 3260 2412 Domine,
3281 2365 3416 2417 pran-

1827 2448 1993 2494 terte
2029 2438 2193 2494 alium
2238 2439 2541 2505 nescimus,
2589 2455 2786 2495 nomen
2843 2449 2991 2494 tuum
3045 2440 3414 2496 nominanms.

1825 2528 2005 2585 Testis
2025 2544 2085 2585 es
2107 2529 2242 2600 ipse,
2261 2538 2316 2584 et
2337 2540 2651 2584 sanctorum
2681 2529 2993 2602 angelorum
3018 2530 3241 2595 militia},
3257 2542 3313 2584 et
3330 2548 3420 2585 sa-

1826 2621 2163 2676 eratissimus
2177 2629 2350 2676 caatus
2366 2619 2752 2690 apostolorum,
2766 2621 3177 2691 prophetarum,
3206 2638 3290 2675 ma
3303 2633 3413 2693 rty—

1827 2701 1945 2766 rum
1961 2719 2014 2764 et
2028 2711 2365 2782 egregiorum
2383 2709 2906 2766 PatrumJlabemus
2919 2720 3097 2766 autem
3113 2712 3164 2766 in
3179 2727 3419 2766 comme-

1827 2800 2178 2854 morationem
2203 2799 2379 2855 omnis
2409 2815 2600 2854 sensus
2626 2799 2816 2864 nostri,
2841 2808 2893 2854 et
2917 2800 2968 2854 in
2992 2801 3218 2870 gloriam
3247 2811 3418 2865 tuam,

1827 2901 1886 2947 ut
1922 2890 2267 2946 subleventur
2305 2889 2370 2946 ad
2402 2889 2823 2962 magnitudinem
2868 2903 3034 2959 tuam,
3065 2892 3289 2966 ﬁguram
3333 2895 3416 2948 di-

1825 2983 1966 3037 vime
1990 2982 2188 3046 crucis,
2211 2991 2266 3036 et
2287 2981 2650 3052 evangelicum
2675 2983 3062 3050 narrationem,
3087 2993 3142 3040 et
3162 2985 3420 3055 imagina-

1827 3074 1931 3130 lcm
1980 3075 2266 3144 picturam,
2308 3089 2518 3129 necnon
2561 3082 2615 3130 et
2644 3074 2748 3129 alia
2776 3073 2926 3146 plura
2973 3090 3098 3130 vasa
3151 3085 3361 3131 sacrata
3403 3091 3418 3130 :

1827 3178 1881 3222 et
1921 3169 2035 3224 haec
2071 3167 2392 3232 salutamus,
2419 3182 2484 3222 eo
2523 3167 2666 3238 quod
2705 3168 2757 3222 in
2801 3169 3018 3224 nomine
3066 3178 3158 3224 tuo
3199 3170 3329 3222 liant
3365 3178 3422 3222 et

1826 3269 2152 3317 statuantur.
2214 3258 2320 3316 Sed
2367 3266 2428 3312 ut
2478 3269 2758 3332 compotes
2799 3261 3210 3324 thesaurorum,
3243 3259 3422 3329 lingua

1828 3350 1969 3426 [ατη
1994 3354 2084 3424 qui
2121 3355 2455 3428 collegerunt
2475 3357 2760 3412 thesauros
2782 3351 2987 3424 lingua]
3015 3350 3255 3406 mendaci
3283 3365 3420 3403 vana

1826 3443 2098 3516 persecuti
2136 3458 2310 3503 sunt:
2359 3459 2584 3520 propter
2629 3447 2774 3518 quod
2833 3456 2889 3501 et
2939 3442 3183 3514 procedit
3233 3439 3422 3515 [perit]

1826 3539 2008 3594 Omnis
2028 3555 2214 3594 eorum
2241 3541 2552 3610 garrulitas.
2580 3539 2715 3594 Nam
2737 3535 3194 3608 quemadmodum
3218 3533 3424 3588 lumine

1828 3625 2172 3688 illucescente
2229 3634 2467 3688 tenebrae
2524 3631 2834 3702 abiguntur,
2881 3629 2953 3683 ita
2991 3627 3218 3684 veritate
3261 3640 3424 3696 appa-

1827 3733 1983 3780 rente
2009 3723 2346 3780 mendacium
2370 3723 2565 3795 lingua:
2592 3722 2831 3793 ipsorum
2867 3719 3110 3775 excisum
3135 3727 3218 3772 est
3243 3716 3426 3788 gladio

1828 3815 2070 3886 spiritus.
2099 3814 2205 3870 Sed
2239 3831 2304 3870 ex
2326 3830 2392 3870 eo
2420 3814 2562 3885 quod
2591 3813 2834 3868 excisum
2864 3822 2947 3866 est
2983 3810 3250 3890 habentes
3275 3825 3423 3879 qua:-

1827 3902 1952 3962 dam
1984 3905 2223 3972 residua,
2257 3905 2382 3962 hazc
2400 3904 2713 3977 proferunt,
2744 3903 2816 3958 ita
2847 3903 3092 3957 dicentes
3122 3917 3138 3955 :

2222 4038 2506 4113 Gregorius
2543 4039 2812 4110 episcopus
2849 4036 2973 4108 legit
3003 4049 3024 4088 :

1906 4175 1923 4209 α
1971 4157 2232 4214 Similiter
2283 4164 2338 4213 et
2379 4153 2792 4226 Amphilochius
2840 4151 3005 4206 lconii
3063 4149 3195 4204 dicit
3237 4164 3250 4202 :
3303 4145 3422 4202 Non

1835 4271 1854 4306 ι
1900 4252 2044 4307 enim
2084 4252 2137 4307 in
2185 4249 2383 4306 tabulis
2409 4263 2637 4305 carneas
2677 4261 2936 4318 personas
2975 4253 3285 4300 sanctorum
3327 4255 3428 4310 per

1835 4363 1856 4397 ε
1899 4344 2112 4401 colores
2132 4359 2276 4400 cura:
2307 4342 2462 4399 nobis
2489 4350 2572 4396 est
2605 4341 2872 4412 ﬁgurare,
2903 4336 3156 4406 quoniam
3188 4348 3292 4386 non
3337 4332 3426 4384 his

1835 4457 1854 4490 ι
1901 4453 2038 4508 opus
2058 4437 2348 4501 habemus;
2377 4432 2472 4490 sed
2499 4428 2965 4488 conversationem
2993 4439 3181 4481 eorum
3211 4421 3430 4475 virtuti-

1837 4546 1860 4580 r
1903 4527 2006 4582 bus
2041 4524 2263 4580 irnimri.
2311 4543 2333 4576 ι

2220 4649 2548 4725 Epiphanius
2577 4647 2832 4703 diaconus
2878 4644 3000 4716 legit
3025 4655 3044 4696 :

1906 4767 2298 4825 Haereticorum
2320 4781 2450 4838 ergo
2477 4761 2760 4836 proprium
2786 4770 2872 4817 est
2910 4759 3084 4816 recisa
3124 4755 3430 4827 producere

1835 4859 2165 4916 testimonia.
2189 4857 2324 4913 Nam
2353 4858 2400 4914 si
2425 4856 2550 4926 quis
2597 4855 2841 4911 studiose
2900 4858 3176 4908 scrutatus
3222 4847 3426 4912 fuerit,

1838 4950 1985 5007 nullo
2019 4951 2180 5007 modo
2205 4964 2424 5005 sensum
2450 4948 2628 5004 Patris
2649 4945 2888 5002 inveniet
2911 4943 3244 5000 inhibentem
3269 4954 3426 4995 vene

1835 5043 2085 5100 rabilium
2114 5042 2409 5114 imaginum
2459 5039 2840 5096 formationem
2869 5053 2884 5092 :
2910 5037 3006 5094 sed
3056 5033 3429 5090 fortitudinem

1835 5135 2172 5200 collaudans,
2199 5141 2256 5190 et
2285 5133 2684 5190 ﬁrmamentum
2721 5133 2916 5186 anima:
2941 5137 3252 5184 sanctorum
3299 5125 3431 5180 εσθ-

1835 5235 1980 5295 etus,
2005 5235 2062 5282 et
2101 5224 2400 5298 praeferens
2432 5226 2694 5280 virtutum
2734 5223 3020 5288 enectum,
3055 5221 3170 5276 haec
3217 5219 3434 5274 locutus

1836 5329 1923 5377 est
1948 5320 2132 5384 Pater,
2155 5327 2212 5374 et
2239 5325 2300 5374 ut
2325 5318 2394 5374 ad
2420 5317 2776 5373 imitationem
2801 5331 2901 5372 nos
2923 5315 3156 5386 erigeret
3193 5329 3426 5370 conver-

1835 5411 2066 5470 sationis
2088 5426 2300 5468 eorum.
2331 5409 2448 5466 Non
2470 5410 2617 5466 enim
2643 5410 2714 5465 ob
2739 5408 3014 5465 carnalem
3040 5423 3278 5464 amorem
3307 5406 3430 5460 illas

1835 5504 2141 5571 laudamus,
2163 5502 2618 5573 autdepingimus
2643 5542 2657 5566 ,
2690 5501 2786 5556 sed
2829 5501 2898 5556 ad
2937 5501 3292 5557 imitationem
3333 5513 3426 5550 vo-

1836 5595 2008 5653 lentes
2036 5597 2238 5653 habere
2263 5596 2520 5651 virtutem
2540 5603 2823 5659 eorum,et
2846 5594 2900 5650 in
2933 5592 3084 5648 libris
3119 5592 3256 5644 vitas
3285 5589 3434 5657 ipso-

1837 5702 1960 5742 rum
1989 5687 2376 5749 describimus,
2405 5694 2461 5742 et
2482 5686 2534 5741 in
2563 5685 2839 5757 imaginali
2867 5683 3134 5753 scriptura
3173 5679 3292 5732 illos
3335 5677 3434 5728 dc-

1837 5777 2110 5846 pingimus
2131 5794 2162 5854 .:_
2186 5775 2523 5854 comminus
2561 5776 2838 5848 indigeant
2867 5775 2969 5829 hoc
3003 5788 3031 5826 a
3077 5770 3232 5825 nobis
3259 5768 3429 5822 histo—

3423 5975 3460 5998 ο
