3916 5394
566 393 678 453 6(Ξᾶ

1774 389 2133 447 amsrasu
2176 372 2714 450 memoriaeam"

566 507 678 560 rice
706 501 1026 568 collaudari,
1056 500 1142 557 vel
1172 501 1227 557 in
1256 499 1488 571 imagine
1516 495 1863 554 lineamentis
1890 498 2106 571 depingi
2135 517 2147 553 :
2183 511 2228 569 Α
2259 502 2458 556 tionem
2488 502 2799 573 passionum
2830 494 2967 571 ejus,
3014 501 3519 575 insipientissimum
3557 511 3677 561 est:
3720 510 3818 562 sine

564 595 660 654 sed
684 594 753 649 ad
782 593 1064 649 utilitatem
1093 602 1333 648 nostram
1367 592 1489 658 hoc,
1514 591 1671 647 sicuti
1699 591 2011 662 praedictum
2044 600 2149 658 est,

554 690 814 755 .facimus.
829 687 944 742 Non
956 686 1101 743 enim
1116 694 1323 740 tantum
1342 682 1624 754 passiones
1639 689 1948 736 sanctorum
1972 695 2070 735 nos
2083 680 2151 733 ad

564 778 796 837 salutem
815 787 1056 832 nostram
1069 775 1340 837 erudiunt,
1356 773 1450 828 sed
1468 772 1581 842 ipsa
1601 770 1932 840 conseriptio
1948 771 2145 841 passio.

565 886 696 926 num
714 871 949 940 ipsorum
967 866 1131 921 etiam
1148 880 1245 934 per
1267 863 1613 934 imaginalem
1625 863 1891 932 picturam
1910 869 2148 924 ostensa,

566 961 818 1018 similiter
835 968 890 1014 et
909 956 1280 1012 anniversaria
1308 969 1497 1010 eorum
1523 955 1804 1017 memoria.
1823 952 1990 1008 Totus
2008 953 2151 1007 enim

564 1051 833 1109 sermonis
878 1047 1047 1120 stylus
1097 1048 1240 1101 hunc
1284 1059 1503 1100 sensum
1564 1044 1940 1107 commendat,
1984 1050 2055 1096 et.
2086 1042 2153 1096 ad

563 1138 971 1196 subversionem
1025 1133 1415 1190 venerabilium
1481 1132 1777 1204 imaginum
1846 1132 2153 1186 nullatenus

563 1238 651 1284 est
676 1227 731 1283 id
771 1226 913 1297 quod
938 1242 969 1280 a
996 1223 1157 1279 Patre
1185 1223 1387 1278 dictum
1413 1231 1517 1277 est.
1550 1220 1736 1291 Neque
1766 1221 1908 1276 enim
1935 1218 2152 1297 oblocu-

554 1314 767 1377 ‘tionem
798 1318 1033 1389 aliquam
1059 1317 1319 1372 adversus
1344 1314 1466 1371 illas
1496 1314 1643 1370 facit.
1668 1312 1806 1368 Nam
1830 1323 1885 1369 et
1913 1313 1959 1367 si
1990 1312 2151 1366 dicit:

562 1408 681 1467 Non
723 1408 996 1465 coloribus
1023 1407 1077 1461 in
1133 1404 1331 1461 tabulis
1376 1421 1605 1461 carneas
1658 1392 1847 1459 eorum
1895 1418 2154 1474 personas

564 1496 777 1572 [facies]
804 1512 947 1553 cura:
969 1496 1122 1551 nobis
1143 1504 1225 1551 est
1253 1493 1488 1565 figurare
1513 1512 1527 1548 :
1552 1502 1772 1565 propter
1800 1493 2152 1549 intentionem

560 1588 778 1643 virtutis
804 1587 919 1642 hac
946 1584 1014 1640 ab
1040 1599 1105 1641 eo
1149 1582 1288 1639 dicta
1327 1593 1483 1651 sunt;
1514 1582 1780 1639 subinfert
1820 1584 1966 1639 enim
2003 1601 2014 1636 :
2058 1583 2154 1638 sed

562 1674 1029 1733 conversationem
1077 1687 1262 1727 eorum
1302 1687 1398 1743 per
1443 1672 1697 1729 virtutem
1741 1672 1961 1727 imitari.
2000 1670 2154 1726 Cura:

562 1767 760 1836 quippe
787 1763 943 1821 nobis
970 1772 1056 1820 est
1082 1763 1312 1817 virtutes
1352 1761 1616 1818 honorum
1646 1763 1899 1817 virorum
1931 1757 2148 1833 eligere,

2252 591 2509 661 operibus
2538 606 2773 662 namque
2814 590 2947 647 lides
2987 581 3202 648 mortua
3230 603 3313 649 est
3354 593 3512 667 (Jac.
3560 596 3656 663 tt).
3700 595 3821 651 Dicit

2252 680 2395 735 enim
2418 681 2729 748 evangeliee
2753 681 3013 735 Dominus
3039 699 3051 734 :
3086 680 3208 736 Non
3231 683 3400 737 omnis
3421 684 3513 753 qui
3535 680 3665 736 dicit
3691 684 3816 746 mihi,

2254 769 2494 834 Domine,
2538 771 2783 839 Domine,
2830 773 3043 827 intrabit
3077 773 3388 845 in‘regnum
3433 773 3707 839 calorum,
3747 776 3818 827 sed

2251 863 2341 931 qui
2408 861 2537 931 facit
2589 862 2907 917 voluntatem
2971 860 3152 917 Patris
3197 864 3300 916 mei
3342 863 3433 934 qui
3475 864 3535 915 in‘
3585 863 3724 916 cadis
3762 876 3822 918 est

2254 949 2467 1020 (Manli.
2503 952 2621 1021 vn).
2662 952 2856 1007 Adhuc
2884 961 3065 1007 autem
3111 941 3500 1025 subjungentes
3526 954 3822 1023 propositis.

2254 1048 2310 1095 et
2328 1041 2489 1095 aliam
2519 1041 2891 1110 probationem
2935 1044 3020 1098 his
3047 1059 3168 1113 quae
3196 1043 3339 1099 dicta
3379 1052 3508 1099 sunt
3535 1043 3822 1100 reddemus.

2254 1132 2416 1188 Moris
2450 1143 2533 1209 est
2577 1135 2781 1190 sanctis
2826 1135 3078 1191 Patribus
3130 1137 3331 1192 nostris
3384 1137 3478 1207 qui
3547 1136 3825 1192 salutarem

2256 1224 2410 1279 nobis
2448 1225 2540 1280 Dei
2568 1220 2900 1283 voluntatem
2932 1226 3329 1292 disseruerunt,
3377 1226 3595 1297 prolixe
3631 1227 3828 1280 mandr

2255 1319 2429 1365 tormn
2456 1327 2555 1367 nos
2580 1313 2719 1368 dicta
2749 1314 2964 1378 docere,
2992 1316 3055 1368 et’
3067 1315 3134 1369 ad
3168 1315 3509 1379 mandatum,
3536 1313 3610 1368 de
3634 1330 3738 1385 quo
3762 1314 3828 1369 eis

2248 1398 2482 1457 intentio
2510 1410 2614 1467 est,
2646 1403 2915 1458 moderari
2947 1404 3250 1471 audientes,
3279 1406 3383 1462 hoc
3401 1406 3731 1460 annuntiare
3751 1422 3829 1462 ex-

2254 1492 2458 1548 celsum
2498 1508 2618 1549 esse
2647 1503 2702 1548 et
2742 1492 2917 1563 majus
2948 1511 2962 1548 :
3011 1503 3072 1550 ut
3101 1505 3355 1565 tanquam
3385 1496 3693 1552 anchoram
3732 1513 3830 1554 cer-

2248 1590 2366 1636 tam
2409 1583 2460 1637 id
2496 1583 2783 1650 habentes,
2827 1598 2927 1640 nec
2965 1584 3113 1640 circa
3151 1587 3356 1656 reliqua
3391 1587 3730 1660 negligentes
3769 1590 3829 1644 si-

2256 1688 2394 1727 mus.
2421 1672 2591 1728 Porro
2618 1674 2981 1743 prolixitatem
3009 1668 3260 1744 vitantes,
3304 1678 3608 1750 pluresque
3626 1664 3830 1736 isilentio

2255 1774 2666 1835 praetereuntes,
2692 1765 2966 1823 Asterium
3004 1764 3321 1825 Amasinum
3372 1770 3433 1826 in
3477 1773 3721 1827 medium
3753 1774 3832 1829 ad-

561 1865 619 1912 et
650 1866 805 1911 actus
833 1870 1020 1911 eorum
1063 1852 1288 1918 imitari,
1322 1862 1484 1923 atque
1514 1852 1985 1909 conversationem
2009 1853 2151 1921 ipso-
2187 1864 2228 1922 Β
2254 1854 2531 1910 ducamus.
2563 1855 2775 1911 Etenim
2829 1857 2883 1912 in
2934 1858 3200 1919 Lazarum
3247 1868 3305 1917 et
3347 1861 3402 1916 in
3456 1863 3688 1918 divitem
3722 1879 3833 1919 coa-

562 1962 683 2003 rum
710 1936 974 2001 aemulari.
1006 1943 1273 1999 Praeterea
1301 1943 1495 2014 templa
1518 1942 1854 2014 istisjugiter
1879 1941 2150 2006 dedicare,

565 2047 661 2092 aut
690 2039 745 2091 in
777 2035 1012 2106 imagine
1037 2033 1170 2089 istos
1196 2034 1429 2104 erigere,
1452 2033 1574 2088 illos
1602 2033 1694 2103 qui
1724 2033 1973 2087 virtutem
2007 2032 2149 2101 ipso-

560 2143 683 2183 rum
728 2133 1102 2191 contenmunt,
1165 2138 1272 2178 non
1316 2131 1401 2177 est
1446 2121 1732 2178 laudabile.
1789 2119 1958 2177 Nemo
1998 2121 2155 2194 plane

560 2220 883 2285 laudaverit,
925 2219 969 2274 si
1008 2218 1207 2277 viderit
1248 2216 1520 2272 hominem
1571 2216 1795 2291 virtutes
1844 2223 2152 2271 sanctorum

560 2311 1064 2382 parvipendentem,
1113 2309 1179 2363 de
1212 2307 1298 2362 die
1344 2307 1396 2360 in
1451 2306 1592 2361 diem
1649 2307 1842 2385 horum
1892 2294 2155 2375 imagines

561 2403 1031 2460 commendantem
1064 2400 1405 2474 [dicantem],
1449 2399 1535 2456 vel
1579 2398 1781 2471 templa
1835 2397 2005 2452 multa
2046 2388 2153 2451 eri;

562 2504 804 2568 gentem,
829 2502 920 2549 aut
953 2484 1269 2548 vasa'sacra
1316 2499 1644 2562 patrantem,
1691 2498 1747 2546 et
1793 2506 1949 2545 suum
1984 2484 2154 2560 ipsius

564 2585 821 2656 templum
882 2584 1089 2639 deificis
1143 2584 1434 2638 virtutibus
1479 2597 1585 2636 non
1648 2581 2020 2636 adornantem.
2065 2579 2156 2635 Ait

562 2664 710 2732 enim
745 2662 885 2730 Deus
912 2690 1007 2746 per
1035 2674 1227 2728 Isaiam
1268 2673 1584 2743 prophetam
1612 2672 1677 2727 ad
1703 2686 1796 2726 eos
1831 2671 1923 2743 qui
1963 2669 2151 2740 hujus-

564 2766 775 2821 cemodi
806 2776 963 2820 erant
995 2783 1008 2819 :
1042 2764 1099 2820 Si
1132 2763 1426 2819 obtuleritis
1459 2763 1590 2817 mihi
1624 2762 1876 2830 similam,
1917 2779 2110 2817 vanum
2132 2776 2151 2815 :

563 2860 684 2914 titus
706 2859 1026 2914 abominatio
1055 2859 1183 2913 mihi
1204 2868 1315 2921 est.
1349 2858 1414 2912 Et
1449 2875 1568 2913 cum
1611 2874 1802 2912 manus
1839 2868 2035 2912 vestras
2062 2873 2154 2911 cx-

563 2951 834 3005 tenderitis
862 2950 931 3004 ad
964 2967 1066 3016 me,
1102 2962 1331 3004 avertant
1362 2950 1541 3006 oculos
1574 2968 1713 3006 meos
1736 2969 1767 3005 a
1796 2952 1976 3007 vobis:
2019 2962 2066 3006 et
2105 2950 2152 3005 si

562 3030 1034 3113 multiplicaveritis
1079 3043 1498 3113 deprecationem
1548 3034 1797 3109 vestram,
1840 3032 1944 3098 non
1989 3060 2150 3099 exau-

564 3132 707 3185 diam
732 3120 845 3185 vos.
877 3130 985 3185 Sed
1006 3133 1135 3202 quid
1163 3131 1412 3186 facietis?
1439 3130 1730 3207 Lauamini,
1766 3134 1947 3188 mundi
1967 3116 2154 3201 estote,

2255 1940 2502 2002 scribens
2519 1963 2846 2015 sermonem,
2868 1951 3137 2019 quoddam
3163 1952 3387 2008 verbum
3415 1952 3487 2008 de
3510 1955 3830 2025 pauperibus

2259 2032 2608 2105 [sententiam
2653 2037 2945 2107 quamdam
2990 2039 3153 2096 latius
3194 2041 3524 2112 explicatam
3566 2045 3637 2098 de
3666 2043 3833 2115 paup]

2255 2125 2463 2182 alendis
2491 2134 2548 2182 et
2592 2138 2781 2185 contra
2833 2130 3031 2187 divites
3077 2132 3310 2200 dictatis,
3354 2126 3620 2191 admonet
3661 2136 3836 2191 divites

2255 2217 2617 2302 eleemosynm
2662 2218 2873 2276 fructus
2902 2221 3151 2289 reddere,
3195 2233 3252 2281 et
3293 2241 3404 2281 non
3433 2226 3728 2298 splendide
3761 2227 3833 2281 vel

2255 2308 2403 2367 clare
2440 2310 2693 2368 mollibus
2719 2314 3060 2371 vestimentis
3104 2317 3336 2374 amictus
3381 2334 3541 2386 esse;
3585 2329 3644 2376 et
3686 2322 3837 2375 intro-

2254 2407 2413 2464 ducit.
2461 2409 2724 2466 moralem
2778 2410 3069 2482 quemdam
3112 2404 3420 2474 sermonem
3472 2419 3543 2475 ad
3591 2408 3836 2490 quosdam

2256 2499 2639 2572 religiosiores,
2690 2503 2744 2557 in
2775 2504 2886 2559 vita
2927 2503 3147 2563 divitias
3195 2494 3736 2585 [religiosiorisvita
3768 2510 3835 2584 d.]

2256 2591 2575 2657 ambientes,
2605 2592 2898 2664 perhibetis
2919 2594 3031 2651 ita:
3079 2596 3196 2653 Noli
3234 2600 3460 2672 pingere
3484 2600 3766 2658 Christum
3791 2603 3838 2657 in

2254 2681 2612 2748 vestimentis,
2642 2683 2737 2740 sed
2764 2683 2947 2753 potius
2968 2682 3183 2743 horum
3224 2698 3482 2761 sumptus
3516 2694 3838 2764 pauperibus

2254 2776 2534 2848 eroga.Ac
2557 2776 2749 2832 deinde
2771 2776 2956 2833 volens
2976 2770 3225 2836 recidere
3247 2782 3570 2839 divitiarum
3597 2785 3841 2855 cupidus.

2256 2875 2388 2931 tem,
2425 2865 2730 2925 subinfert:
2759 2865 2967 2935 Sufﬁcit
2991 2870 3139 2925 enim
3165 2871 3215 2926 ei
3258 2887 3365 2926 una
3393 2870 3840 2943 incorporationis

2255 2958 2533 3015 humilitas
2555 2976 2570 3014 :
2596 2959 2651 3036 id
2675 2967 2782 3025 est,
2817 2974 2928 3015 non
2962 2960 3139 3031 placet
3164 2963 3382 3019 Christo
3402 2963 3522 3019 Deo
3541 2974 3737 3021 nostro
3756 2980 3842 3036 per

2253 3052 2579 3108 mundialem
2617 3050 2862 3132 favorem
2907 3060 2965 3109 et
3006 3054 3293 3111 avaritiam
3335 3057 3715 3112 demonstrari
3741 3059 3842 3111 dis-

2198 3197 2208 3205 ,
2251 3145 2585 3219 pensationis
2644 3134 2767 3213 sutef
2801 3144 3079 3216 mysteria.
3114 3144 3326 3216 ‘Neque
3366 3147 3518 3205 enim
3572 3149 3728 3219 pium
3769 3156 3841 3203 est

569 3223 773 3292 auferte
806 3223 945 3277 mala
967 3224 1031 3277 ab
1071 3224 1348 3278 animabus
1376 3225 1557 3279 vestris
1580 3227 1635 3279 in
1670 3236 1945 3295 conspectu
1970 3226 2151 3281 oculo-
2179 3222 2225 3286 C
2248 3218 2341 3292 vel
2371 3216 2662 3311 acceptum
2686 3282 2693 3311 ς
2717 3236 2770 3291 in
2802 3244 3097 3311 conspectu
3135 3237 3273 3308 ejus,
3313 3247 3543 3308 propter
3578 3216 3847 3310 evangeli-

566 3332 681 3369 runt
715 3332 949 3369 meorum
975 3331 994 3369 :
1038 3317 1287 3387 quiescite
1310 3334 1340 3370 a
1372 3316 1528 3370 malis
1571 3317 1773 3380 vestris,
1808 3317 1842 3371 ά
1866 3318 1991 3372 scite
2029 3318 2151 3373 bene

566 3409 740 3477 [acere
771 3421 790 3459 .'
818 3410 1038 3479 qutcrile
1053 3409 1346 3478 judicium,
1390 3409 1604 3464 liberate
1642 3427 1966 3481 oppressum,
2004 3411 2154 3481 judi-

566 3510 678 3553 cate
708 3499 982 3570 pupillum,
1004 3500 1299 3570 justi/Scalae
1327 3501 1535 3556 viduam
1562 3490 1698 3574 (lsn.
1730 3519 1781 3566 ι,
1809 3492 1912 3556 sec.
1956 3501 2151 3573 LXX).

566 3589 707 3662 Ergo
735 3607 856 3646 cum
894 3592 994 3646 ista
1025 3593 1448 3657 correxerimus,
1483 3603 1610 3648 tttnc
1633 3602 1689 3649 et
1731 3609 1794 3650 ea
1842 3610 1958 3665 qua:
1994 3612 2024 3649 a
2052 3611 2151 3651 no-

566 3681 650 3735 bis
674 3668 997 3749 offeruntur,
1030 3685 1170 3753 apud
1214 3683 1384 3739 Deum
1414 3678 1631 3756 accepta
1658 3696 1840 3752 erunt,
1874 3688 1987 3742 sive
2027 3704 2156 3743 san-

568 3785 653 3827 cta
690 3773 904 3843 templa,
938 3776 1050 3830 sive
1071 3785 1281 3830 sacrata
1313 3793 1465 3842 vasa,
1497 3780 1611 3833 sive
1647 3778 1983 3834 venerabiles
2014 3770 2159 3834 ima?

570 3862 724 3935 giucs
768 3866 896 3919 sint.
930 3865 1022 3920 Sic
1056 3882 1185 3939 ergo
1228 3877 1410 3937 aptum
1442 3879 1543 3933 est,
1573 3869 1640 3922 ad
1671 3869 1986 3923 memoriam
2031 3886 2155 3925 san-

568 3965 779 4010 ctormn
824 3972 929 4012 non
953 3958 1180 4012 virtutes
1210 3957 1425 4023 horum,
1468 3940 1762 4014 secundum
1799 3951 1940 4030 quod
1986 3950 2163 4030 passi;

571 4048 677 4101 bile
698 4047 882 4110 fuerit,
913 4048 1115 4102 imitari
1149 4046 1294 4120 [ατη
1335 4050 1559 4120 diligere
1597 4059 1653 4105 et
1674 4050 1920 4123 imitari].
1950 4050 2153 4122 Marty-

555 4136 690 4196 rum
749 4140 895 4220 enim
944 4139 1183 4215 laudatio
1212 4149 1344 4213 ‘est,
1390 4138 1739 4213 collectorum
1790 4143 1858 4195 ad
1899 4141 2154 4205 virtutem

571 4236 829 4301 hortatio,
880 4235 1023 4290 sicut
1070 4251 1299 4306 magnus
1345 4237 1423 4290 ait
1466 4234 1698 4291 Basilius
1751 4235 1805 4290 in
1861 4235 2157 4306 moralibus

572 4330 913 4384 sermonibus
934 4329 1046 4383 suis
1078 4331 1150 4399 (in
1180 4329 1248 4383 40
1279 4327 1468 4398 Mart.)
1492 4330 1624 4384 Cum
1656 4329 1738 4385 his
1767 4338 1971 4394 autem,
1997 4330 2155 4395 sicuti

570 4420 771 4477 dictum
794 4428 907 4480 est,
944 4420 1110 4472 etiam
1157 4418 1352 4487 templa
1392 4419 1626 4491 erigere,
1655 4428 1710 4473 et
1753 4418 2021 4490 imagines
2045 4417 2153 4473 for-

569 4528 738 4572 mare,
772 4521 827 4566 et
859 4525 1012 4565 sacra
1042 4525 1167 4563 vasa
1203 4509 1311 4564 Deo
1336 4510 1556 4576 oﬂ'erre,
1584 4510 1740 4575 laude
1766 4510 1998 4582 dignum
2027 4520 2111 4566 est
2136 4528 2151 4565 :

571 4612 783 4669 oportet
812 4602 954 4655 enim
985 4612 1040 4669 et
1068 4603 1181 4655 Iure
1222 4600 1424 4669 facere,
1459 4611 1511 4655 et
1536 4601 1629 4669 illa
1660 4616 1765 4656 non
1792 4602 2062 4665 omittere,
2094 4610 2152 4655 ut

576 4708 732 4745 verus
778 4704 1089 4745 sermones
1125 4691 1299 4744 ducet.
1331 4689 1445 4743 tht
1494 4691 1638 4744 enim
1683 4690 1805 4759 quis
1834 4691 2017 4760 utique
2041 4691 2152 4744 vir-

574 4792 740 4834 tutem
766 4780 1048 4848 acquirere
1077 4780 1295 4848 poterit,
1328 4780 1430 4833 nisi
1463 4779 1521 4843 in
1548 4780 1702 4834 atriis
1733 4778 1941 4834 Domini
1965 4776 2153 4834 assue-

574 4883 707 4933 scat,
733 4881 790 4925 et
811 4888 906 4940 per
928 4870 1218 4924 lectionem
1246 4871 1428 4923 divina
1481 4872 1693 4942 eloquia
1736 4871 1943 4935 audiat,
1971 4880 2025 4926 et
2063 4886 2161 4940 per

573 4964 837 5015 visionem
852 4962 1080 5015 ducatur
1105 4960 1170 5013 ad
1201 4964 1417 5015 sensum
1455 4970 1561 5016 tam
1583 4962 2015 5032 evangelicarttm
2031 4977 2161 5015 nar-

577 5050 842 5103 rationum
867 5058 922 5104 et
953 5048 1375 5119 disciplinarum,
1400 5060 1451 5106 et
1488 5054 1904 5122 martyricarum
1942 5052 2166 5108 relatio-‘

576 5154 705 5192 num
721 5147 884 5194 atoue
897 5140 1278 5192 certaminum-
1297 5140 1351 5186 In
1373 5142 1521 5186 nmni
1544 5152 1725 5194 autem
1743 5151 2002 5192 lenmnm_
2019 5144 2172 5198 "uim,

2254 3343 2371 3390 cam
2405 3332 2999 3396 commemorationem,
3033 3331 3314 3395 materiam
3361 3330 3845 3391 divitiarum.vthe.

2254 3421 2530 3487 saurizare
2571 3420 2640 3475 ad
2684 3422 3027 3478 excusandas
3054 3421 3436 3477 excusationes
3486 3422 3543 3476 in
3589 3422 3845 3491 peccatis,

2254 3513 2584 3584 pauperibus
2627 3515 2958 3584 contemptis
2995 3513 3364 3584 indigentibus
3410 3528 3643 3582 panum,
3694 3524 3848 3584 atque

2254 3604 2480 3675 privatis
2516 3605 2845 3671 indumentis
2872 3615 2929 3660 et
2975 3605 3319 3676 tegumentis.
3356 3603 3474 3660 Hoc
3498 3605 3657 3661 enim
3687 3606 3852 3661 avari-

2257 3696 2364 3773 tite,
2393 3704 2448 3750 et
2491 3711 2598 3773 non
2629 3696 2848 3771 pietatis
2893 3707 2979 3753 est
3005 3696 3303 3768 proprium.
3351 3695 3507 3752 Sicut
3547 3698 3707 3753 enim
3752 3713 3847 3752 non

2254 3771 2340 3845 est
2364 3771 2786 3848 communicatio
2815 3789 2953 3845 lucis
2975 3790 3359 3854 att-tenebras,
3390 3804 3575 3865 neque
3630 3791 3849 3861 partici-

2255 3878 2403 3948 patio
2443 3877 2669 3955 iustitiae
2712 3889 2769 3935 et
2812 3878 3125 3951 iniquitati:
3179 3878 3253 3933 ita
3302 3893 3482 3949 neque
3531 3880 3848 3939 divitiarum

2256 3970 2692 4039 concupiscentia
2716 3978 2774 4025 et
2809 3969 3053 4025 mollium
3095 3970 3548 4035 vestimentorum
3570 4024 3577 4031 ,
3598 3973 3848 4046 amictus,

2256 4061 2324 4115 ad
2353 4060 2719 4131 evangelicam
2742 4059 2972 4116 formam
3005 4052 3167 4131 atque
3194 4061 3502 4116 historiam.
3544 4060 3685 4118 Bac
3712 4062 3850 4117 enim

2258 4151 2679 4221 dispensationis
2733 4151 2950 4221 quidem
3000 4151 3320 4221 relationem
3377 4150 3594 4206 aifatim
3646 4155 3851 4217 edocet,

2348 4242 2585 4325 salutem
2630 4242 2876 4298 ducens:
2919 4241 3011 4297 illa
3042 4257 3175 4315 vero
3218 4243 3419 4300 misera
3470 4245 3851 4309 denuntiatur,

2259 4318 2336 4389 uti
2388 4318 2654 4389 cruciatui
2700 4332 2958 4399 obnoxia,
3002 4333 3455 4405 quemadmodum
3506 4334 3755 4393 Iacobus
3786 4338 3856 4391 ait

2259 4422 2470 4479 Domini
2496 4422 2704 4479 frater:
2741 4424 2934 4480 Divites
2962 4424 3185 4495 plomte,
3216 4423 3486 4486 ululantes
3521 4428 3581 4481 in
3630 4428 3865 4483 miseriis-

2258 4530 2376 4584 qua:
2398 4503 2669 4569 adrenient
2698 4516 2856 4570 vobis.
2877 4514 3089 4570 Diuitite
3099 4526 3283 4571 vestra:
3297 4517 3619 4587 putrefacta
3642 4533 3790 4585 unt,
3810 4532 3854 4574 et

2255 4592 2754 4660 vestimentarestra
2781 4622 2816 4660 a
2842 4605 2993 4678 tineis
3035 4617 3262 4662 comesta
3283 4616 3404 4662 sunt
3435 4622 3677 4667 {aurum
3706 4623 3755 4666 et
3776 4629 3857 4665 ar.

2255 4708 2462 4762 genum
2485 4702 2707 4747 vestrum
2726 4695 3056 4764 aeruginavit,
3071 4704 3120 4748 et
3135 4711 3314 4766 terugo
3326 4697 3381 4751 in
3394 4700 3765 4754 testimonium
3779 4717 3857 4755 ro-

2258 4783 2335 4837 bis
2371 4783 2469 4837 erit
2512 4783 2666 4854 (Jac.
2707 4782 2795 4855 ν).
2840 4784 3030 4857 Igitur,
3070 4786 3228 4842 sicuti
3267 4788 3472 4843 dictum
3519 4802 3634 4856 est,
3678 4795 3854 4847 omnia

2260 4886 2380 4942 qua!
2408 4880 2628 4942 propter
2657 4873 2942 4929 avaritiam
2989 4874 3133 4930 facta
3168 4881 3295 4931 sunt
3326 4878 3381 4932 in
3416 4881 3657 4947 mundo,
3689 4892 3858 4938 trans-

2265 4964 2435 5019 ibunt.
2476 4963 2741 5021 Possibile
2781 4966 2941 5022 nobis
2972 4978 3071 5041 est
3107 4984 3205 5039 per
3232 4971 3523 5027 modicam.
3552 4974 3854 5045 impensam

2266 5053 2467 5109 habere
2488 5053 2744 5109 alimenta
2772 5066 2828 5111 et
2856 5056 3170 5114 indumenta
3193 5068 3249 5113 et
3287 5062 3673 5130 operimenta;
3698 5077 3757 5122 et
3780 5068 3858 5122 bis

2263 5160 2383 5196 esse
2409 5154 2711 5196 contentos.
2735 5146 3008 5200 Ouidauid
3033 5152 3177 5206 enim
3197 5167 3315 5201 non
3351 5163 3586 5208 umnam-
3608 5162 3857 5214 necessi-
