3916 5776
110 439 209 497 423

798 435 1342 496 INTERI’RETATIO
1379 438 1623 496 SYNODI
1666 439 1749 495 Vll
1788 439 2189 497 GENERALIS.
2220 472 2287 483 --
2326 442 2527 500 ACTIO
2568 442 2649 500 Vl.

3234 448 3337 506 ιξδ

110 524 184 611 hii
207 556 445 611 minimis
470 556 711 625 fratribus
737 556 879 619 meis,
906 557 1031 609 mihi
1055 556 1245 625 fecistis
1275 555 1490 626 (Matth.
1508 555 1662 625 xxv).
1695 557 1743 617 Α
1768 569 1861 610 eas
1900 571 1930 610 a
1958 555 2111 611 labiis
2143 556 2325 624 ﬂuere,
2353 567 2407 614 et
2435 557 2682 615 lamentis
2706 556 2927 614 aﬂ'ectus
2961 561 3155 617 abires.
3203 564 3332 620 Vin-

108 649 170 702 Et
188 648 317 718 quia
360 648 563 702 Asterii
604 646 913 701 memoriam
953 647 1199 713 fecimus,
1242 648 1326 702 eia
1353 647 1531 702 verbis
1552 644 1667 714 ejus

106 748 340 801 utentes,
371 738 751 793 venerabilium
798 737 1089 807 imaginum
1143 736 1483 792 traditionem
1531 737 1668 791 anti-

106 844 259 898 quam
286 844 410 885 esse
457 828 842 900 legislationem
869 837 1233 884 monstremus
1260 828 1538 884 catholica:
1566 829 1670 885 Ec-

104 918 294 973 clesia.
346 920 558 974 Etenim
610 918 719 989 ipse
770 918 1162 989 contemplatus
1209 920 1495 990 imaginem
1551 934 1668 991 pas-

102 1010 262 1064 sionis
285 1010 597 1079 Euphemia:
622 1008 890 1082 martyris,
914 1008 1110 1065 talibus
1129 1018 1212 1065 est
1232 1010 1479 1066 laudibus
1500 1026 1663 1067 usus:

102 1097 285 1152 Mulier
312 1100 561 1169 quaedam
601 1098 699 1153 fuit
742 1114 897 1154 sacra
936 1098 1109 1170 virgo,
1154 1099 1517 1171 incorruptam
1557 1100 1666 1157 Deo

101 1190 411 1259 pudicitiam
438 1203 664 1255 vovens,
691 1204 850 1260 quam
880 1190 1232 1261 Euphemiam
1271 1200 1487 1247 vocant.
1530 1191 1663 1247 Cum

101 1289 270 1334 autem
303 1289 567 1350 tyrannus
595 1280 881 1349 aliquando
910 1280 1029 1351 pios
1057 1289 1494 1351 persequeretur,
1533 1282 1665 1339 satis

98 1379 340 1438 prompte
364 1368 725 1441 mortiselegit
746 1368 1065 1439 periculum.
1086 1368 1255 1424 Porro
1280 1369 1427 1425 cives
1446 1378 1501 1424 et
1524 1384 1665 1424 com-

101 1458 461 1514 municatores
493 1458 788 1529 religionis,
828 1472 926 1528 pro
966 1473 1071 1528 qua
1099 1466 1157 1512 et
1194 1467 1404 1513 mortua
1432 1466 1535 1523 est,
1560 1458 1665 1512 uti-

98 1548 256 1604 litatis
305 1551 425 1621 lege
477 1550 653 1623 [ergo]
708 1565 919 1606 sacram
977 1550 1241 1621 virginem
1300 1551 1660 1618 admirantes,

89 1637 229 1705 juxta
274 1640 579 1709 sacrarium
630 1639 874 1708 sepulcro
900 1639 1166 1703 dedicato,
1216 1648 1271 1696 et
1306 1656 1431 1695 area
1462 1640 1659 1709 posita,

97 1726 317 1781 honores
348 1726 397 1782 ei
449 1726 845 1792 concelebrant,
888 1735 941 1782 et
986 1728 1262 1783 annuatim
1295 1728 1436 1783 diem
1467 1728 1662 1783 festum

94 1814 289 1869 faciunt
336 1824 393 1869 et
437 1815 751 1881 solemnem.
803 1816 1043 1887 Denique
1101 1818 1300 1873 sacrati
1359 1818 1660 1873 divinorum

1769 644 1945 700 culum
1973 643 2113 716 [Gr.,
2138 645 2360 720 Carcer]
2399 658 2518 719 post
2561 650 2710 705 lucc:
2748 658 2801 704 et
2822 650 3013 705 iterum
3048 653 3201 723 virgo
3244 654 3336 709 de-

1768 748 1893 789 cora
1921 736 1972 789 in
2002 734 2161 790 fulvis
2190 738 2445 802 vestibus,
2476 739 2568 793 sed
2590 748 2643 792 et
2671 739 2805 804 sola,
2828 734 3121 795 extendens
3149 756 3335 796 manus

1767 822 1835 877 ad
1862 822 2077 888 coelum,
2113 823 2368 879 invocans
2384 825 2548 879 Deum
2577 834 2806 881 tutorem
2834 827 2886 882 in
2916 828 3108 897 poenis.
3134 829 3337 886 Orante

1766 917 1945 964 autem
1976 924 2060 975 ea,
2088 910 2298 966 videtur
2323 926 2484 982 super
2507 924 2667 984 caput
2694 916 2923 985 signum,
2967 918 3108 987 quod
3138 918 3221 973 lex
3251 927 3337 974 est

1766 998 2086 1056 Christianis
2128 1003 2383 1057 adorandi
2434 1012 2490 1059 et
2541 1008 2969 1076 superscribendi
3008 1028 3020 1064 :
3054 1012 3195 1081 quod
3234 1029 3336 1083 ego

1766 1088 2022 1145 indicium
2052 1106 2170 1147 esse
2198 1092 2430 1148 arbitror
2450 1096 2715 1163 passionis
2746 1112 2866 1167 quae
2893 1098 3033 1153 illam
3060 1102 3330 1160 manebat.

1766 1178 1887 1234 Mox
1926 1195 2053 1252 ergo
2076 1190 2129 1237 et
2164 1188 2284 1252 post
2309 1183 2578 1254 paululum
2608 1186 2780 1255 ignem
2810 1187 2934 1241 alibi
2962 1190 3333 1245 vehementem

1764 1270 1937 1326 uictor
1980 1273 2271 1336 succendit,
2322 1275 2485 1329 rubro
2513 1275 2691 1331 colore
2740 1278 2866 1333 hinc
2905 1288 2959 1333 et
3004 1281 3126 1335 inde
3162 1282 3336 1336 clare-

1764 1368 1950 1414 scente
1991 1358 2261 1415 ﬂammam
2301 1376 2495 1433 corpus
2522 1362 2771 1421 eﬂiciens.
2804 1366 2874 1420 At
2904 1382 3032 1422 vero
3072 1369 3127 1423 in
3158 1370 3335 1425 medio

1763 1446 1991 1503 ﬂammae
2019 1450 2206 1504 statuit
2252 1465 2371 1505 eam
2422 1453 2666 1509 manibus
2700 1456 2768 1509 ad
2803 1455 2997 1512 caelum
3054 1460 3330 1529 expansis,

1762 1538 1857 1594 sed
1886 1538 2131 1593 molestia
2158 1539 2299 1594 nulla
2328 1540 2379 1594 in
2405 1540 2543 1596 faeie
2570 1554 2859 1612 apparente
2882 1560 2896 1599 :
2920 1548 3045 1616 quin
3072 1564 3103 1603 e
3123 1550 3333 1605 diverso

1764 1628 2005 1694 hilarem,
2040 1631 2292 1699 quoniam
2328 1633 2395 1687 ad
2434 1632 2801 1704 incorpoream
2843 1646 2899 1692 et
2928 1639 3137 1694 beatam
3166 1643 3331 1697 vitam

1763 1720 2037 1790 pergebat.
2071 1721 2252 1791 Usque
2282 1723 2386 1779 ltuc
2426 1734 2482 1779 et
2521 1726 2695 1796 pictor
2731 1728 2950 1783 retinuit
2994 1745 3232 1797 manum,
3278 1743 3334 1788 et

1763 1822 1862 1877 ego
1894 1824 2218 1864 sermonem.
2251 1809 2419 1868 Porro
2453 1815 2669 1870 attende
2699 1815 2814 1881 tibi,
2844 1817 2889 1872 si
2924 1818 3157 1875 volueris
3186 1836 3331 1876 eam-

93 1904 468 1973 mysteriorum
521 1914 819 1960 assertores
860 1904 1021 1962 etiam
1073 1906 1413 1961 sermonibus
1462 1921 1662 1961 memo-
1692 1887 1737 1949 Β
1766 1898 1885 1953 dem
1931 1900 2192 1969 Ρθτηοετθ
2224 1902 2510 1972 Picum").
2562 1914 2616 1960 ει
2669 1907 2975 1964 consideres
3024 1910 3331 1982 diligenter.

92 1991 216 2044 riam
248 2006 459 2062 semper
499 1993 788 2057 honorant,
834 2002 889 2047 et
932 1992 1161 2064 qualiter
1207 1992 1491 2063 perfecerit
1536 2009 1664 2065 ago-

91 2092 203 2131 nem
253 2079 699 2148 perseverantia,
754 2079 1039 2149 diligenter
1090 2068 1385 2150 praesentes
1440 2081 1661 2151 populos

88 2168 329 2223 edocent.
362 2170 433 2223 At
459 2184 590 2225 vero
628 2170 805 2239 pictor
829 2171 915 2241 pie
939 2186 1103 2242 agens
1128 2181 1181 2227 et
1213 2174 1325 2242 ipse
1367 2188 1461 2242 per
1490 2181 1657 2227 artem

89 2262 379 2315 secundum
430 2261 574 2317 vires
625 2270 791 2317 totam
839 2262 956 2332 ejus
997 2262 1278 2323 historiam
1332 2264 1386 2318 in
1435 2264 1661 2319 sindone

90 2349 339 2420 ﬁgurans,
372 2351 518 2405 circa
565 2350 868 2421 sepulcrum
922 2352 1100 2421 posuit
1152 2352 1363 2406 titulum
1422 2351 1656 2423 [sacrum

87 2441 497 2514 spectaculum].
532 2441 706 2496 Habet
744 2451 921 2497 autem
963 2456 1022 2497 se
1064 2443 1145 2497 sic
1185 2432 1318 2499 artis
1361 2444 1655 2516 diligentia.

87 2532 340 2588 Excelsus
389 2548 554 2602 super
600 2533 852 2587 thronum
905 2532 1113 2588 locatur
1145 2533 1329 2603 iudex,
1369 2550 1552 2591 amare
1594 2552 1659 2591 ac

86 2620 278 2677 furiose
306 2622 576 2693 virginem
623 2622 856 2677 intuens.
901 2623 1157 2679 Irascitur
1181 2625 1323 2678 enim
1358 2638 1449 2680 ars
1493 2626 1655 2680 etiam

84 2711 133 2765 in
158 2714 403 2769 materiis
448 2713 783 2778 inanimatis,
827 2729 951 2769 cum
998 2714 1130 2768 vult.
1173 2713 1445 2769 Satellites
1475 2724 1653 2771 autem

83 2801 337 2872 principis
361 2811 416 2857 et
447 2801 646 2857 milites
674 2801 862 2867 multi,
904 2802 992 2857 alii
1036 2804 1250 2872 quidem
1281 2815 1655 2860 monumento-

84 2906 190 2945 rum
227 2892 619 2963 descriptores,
671 2893 905 2948 ferentes
950 2892 1115 2949 libros
1153 2904 1209 2949 et
1253 2894 1472 2964 pittacia
1512 2894 1669 2966 [Gr.,‘

82 2980 283 3053 stylos].
312 2981 561 3049 Quorum
593 2981 732 3036 alius
752 2995 1013 3052 suspensa
1041 2997 1203 3036 manu
1232 2998 1261 3036 a
1290 2998 1433 3048 cera,
1461 2984 1653 3052 aspicit

82 3076 141 3127 ad
164 3091 283 3130 eam
306 3090 428 3146 qua!
450 3075 819 3143 judicabatur,
848 3076 1022 3131 valide
1064 3084 1227 3131 totam
1271 3077 1534 3133 inclinans
1575 3077 1655 3133 fa-

81 3166 228 3231 ciem,
261 3166 419 3236 quasi
442 3166 630 3235 jussus
669 3165 878 3221 facilius
906 3166 1050 3236 loqui
1077 3165 1301 3237 [jubens
1342 3167 1538 3222 clarius
1563 3166 1646 3238 l.],

81 3266 132 3309 ut
158 3272 261 3311 non
294 3256 555 3311 laborans
578 3271 705 3328 erga
731 3257 997 3323 auditum,
1028 3256 1284 3312 mendosa
1318 3258 1651 3313 describeret

1764 1989 1867 2045 nisi
1897 1991 2121 2046 multum
2149 1992 2373 2055 inferius
2397 2010 2557 2066 quam
2583 1999 2838 2067 oportuit,
2868 2000 2934 2054 ad
2964 2003 3328 2058 narrationem

1761 2082 2108 2137 accessimus.
2163 2083 2229 2138 Et
2276 2085 2391 2140 hinc
2434 2086 2649 2155 quidem
2697 2088 2960 2146 Asterius.
3017 2092 3332 2148 Tractantes

1760 2178 1937 2225 autem
1968 2186 2087 2241 qua:
2128 2172 2178 2226 in
2220 2173 2397 2228 divina
2424 2172 2701 2246 Scriptura
2729 2178 2869 2234 dicta
2895 2189 3042 2246 sunt,
3088 2181 3328 2238 invenie-

1761 2274 1880 2313 mus
1925 2261 2171 2315 eumdem
2196 2276 2259 2316 ex
2290 2278 2351 2317 ea
2380 2263 2591 2336 legisse,
2625 2280 2744 2335 quae
2782 2269 2850 2323 ab
2892 2269 3007 2338 ipso
3034 2270 3173 2325 dicta
3210 2270 3329 2324 fue-

1759 2358 1902 2401 runt.
1935 2347 2078 2404 Deus
2102 2351 2247 2406 enim
2289 2350 2490 2408 famulo
2530 2369 2629 2409 suo
2670 2355 2835 2426 Moysi
2879 2358 2944 2412 de
2984 2360 3328 2414 tabernaculo

1758 2436 2062 2506 disponens,
2096 2448 2379 2509 postquam
2424 2442 2572 2496 varia
2606 2452 2661 2499 et
2703 2442 2910 2499 diversa
2957 2446 3011 2499 in
3056 2461 3122 2502 eo
3166 2462 3327 2517 opera

1757 2523 1870 2578 ﬂeri
1923 2527 2194 2595 prmeepit,
2225 2529 2302 2582 ait
2328 2543 2343 2582 :
2373 2528 2561 2585 Facies
2588 2533 2814 2586 cortinas
2842 2549 2905 2587 ex
2933 2518 3080 2603 bysso
3112 2546 3325 2601 retorta,

1755 2614 2057 2683 hyacintho,
2108 2626 2155 2669 et
2206 2635 2461 2688 purpura,
2510 2630 2559 2674 et
2607 2637 2758 2675 cocco
2803 2632 2993 2676 retorto
3022 2624 3324 2689 cherubim;

1756 2721 1905 2775 opere
1933 2708 2146 2761 textoris
2172 2708 2333 2777 facies
2358 2727 2443 2764 eos
2464 2709 2660 2781 (Exod.
2686 2712 2853 2783 xxvr).
2880 2712 2946 2766 Et
2972 2713 3083 2782 ipsa
3108 2715 3321 2782 quidem

1755 2795 2032 2864 dispositio
2060 2797 2215 2853 docet
2253 2814 2368 2864 nos,
2399 2808 2457 2854 ut
2477 2814 2539 2854 ea
2571 2816 2689 2870 quae
2718 2801 2827 2857 Deo
2854 2802 3027 2857 dicata
3055 2814 3200 2869 sunt,
3228 2818 3325 2859 ex—

1753 2888 1935 2959 pensis
1960 2889 2140 2945 multis
2167 2890 2559 2946 conﬁciantur:
2595 2892 2648 2946 in
2694 2891 2942 2948 humanis
2986 2902 3162 2948 autem
3212 2909 3321 2949 non

1752 2977 1848 3030 ita.
1887 2977 2096 3032 Dictum
2124 2988 2205 3034 est
2228 2981 2371 3034 enim
2405 2980 2598 3050 populo
2626 2998 2640 3034 :
2671 2979 2737 3033 Et
2759 2990 2946 3035 uestem
2970 2982 3171 3037 duobus
3200 2999 3325 3036 con-

1752 3075 1944 3120 textam
1984 3084 2047 3122 ne
2090 3069 2280 3124 induas
2328 3069 2506 3141 (Deut.
2538 3070 2694 3141 xxii).
2745 3070 3101 3127 Lucidissime
3144 3082 3324 3128 autem

1753 3156 1966 3213 divinus
1984 3158 2272 3227 Apostolus
2314 3160 2505 3215 borum
2536 3174 2752 3215 sensum
2782 3163 3142 3226 commendat,
3187 3178 3325 3232 pra:-

1752 3248 1992 3318 cipiens:
2027 3249 2272 3305 Mulieres
2318 3252 2372 3306 in
2426 3251 2603 3305 habitu
2654 3264 2838 3307 ornato
2888 3252 3156 3326 [decenti],
3206 3272 3324 3308 cum

79 3356 129 3401 et
166 3347 483 3418 imperfecta
515 3346 1026 3419 [reprehendenda].
1061 3346 1250 3402 Stabat
1293 3356 1473 3402 autem
1501 3348 1652 3419 virgo
1749 3341 2057 3395 verecundia
2098 3353 2145 3397 et
2193 3343 2750 3419 sobrietatcvornantes
2801 3362 2876 3406 se,
2925 3362 3028 3399 non
3067 3347 3121 3400 in
3173 3348 3325 3401 tortis

80 3437 126 3491 in
150 3438 292 3492 {ulva
320 3436 523 3510 [fusca]
565 3438 744 3492 tunica
772 3446 827 3493 et
868 3446 1015 3493 veste
1049 3437 1440 3507 philosophiam
1480 3438 1651 3508 signi-
1750 3431 1998 3495 crinibus,
2029 3443 2118 3485 aut
2146 3449 2297 3497 auro,
2320 3442 2410 3487 aut
2438 3435 2759 3504 margaritis,
2804 3435 2881 3488 vel
2903 3444 3035 3488 veste
3060 3438 3321 3505 pretiosa;

82 3530 268 3596 ﬁcans;
303 3539 381 3595 et,
423 3540 486 3584 ut.
512 3529 684 3584 visum
710 3537 795 3585 est
838 3528 1050 3598 pictori,
1082 3528 1230 3582 vultu
1272 3529 1477 3583 urbano
1513 3526 1652 3598 [pul-
1749 3520 1840 3574 sed
1888 3524 2027 3590 quod
2071 3522 2211 3575 decet
2244 3522 2504 3587 mulieres,
2545 3524 2898 3591 promittentes
2939 3525 3187 3593 pietatem
3230 3541 3326 3594 per

81 3622 197 3675 cbra
229 3621 392 3694 facie]
421 3640 434 3674 :
463 3630 527 3676 ut
563 3630 741 3677 autem
784 3620 915 3675 mihi
954 3629 1195 3691 apparet,
1228 3621 1463 3674 animam
1491 3619 1653 3675 deco-
1751 3626 1906 3678 ορενα
1941 3610 2075 3664 θοηα
2104 3610 2156 3682 (Ῐ
2186 3611 2319 3664 Τίηι·
2353 3612 2434 3683 ³³)·
2469 3611 2593 3667 Ητεε
2635 3613 3037 3668 consueram“
3080 3628 3197 3679 "05v
3232 3614 3325 3683 τιυὶ

80 3720 185 3764 rata
230 3710 546 3765 virtutibus.
598 3711 811 3765 Ducunt
856 3718 1034 3764 autem
1075 3724 1193 3763 eam
1241 3709 1307 3762 ad
1356 3708 1651 3778 principem
1751 3698 1861 3754 Deo
1912 3699 2011 3754 soli
2058 3700 2368 3756 servitutem
2422 3711 2658 3757 nostram
2697 3703 2749 3757 in
2789 3703 2980 3773 spiritu
3007 3711 3063 3779 et
3090 3705 3320 3759 veritate

80 3803 175 3857 duo
201 3803 432 3866 milites,
458 3817 571 3857 uno
608 3811 733 3856 aute
757 3801 972 3871 quidem
1009 3801 1275 3865 trahente,
1316 3799 1488 3854 altero
1525 3812 1652 3853 vero
1748 3789 2044 3856 offerimus.
2083 3792 2261 3846 omnia
2294 3807 2413 3862 quae
2437 3793 2612 3848 oblata
2640 3801 2697 3873 et
2725 3794 2967 3849 dedicata
3013 3803 3159 3860 sum.
3208 3795 3325 3850 sive

78 3906 190 3962 post
240 3903 456 3963 tergum
509 3901 735 3961 urgente
782 3900 1135 3960 temperatum
1173 3889 1399 3960 virginis
1448 3903 1650 3943 morem
1751 3879 1961 3936 divinus
1993 3889 2147 3952 typus
2173 3883 2423 3952 pretiosae
2453 3883 2651 3949 crucis,
2682 3883 2795 3939 sive
2818 3883 3187 3955 Evangelium,
3211 3884 3325 3939 sive

79 3983 276 4051 pudore
329 3991 490 4052 atque
535 3978 858 4035 constantia.
914 3978 1048 4033 Nam
1094 3978 1148 4033 in
1190 3986 1390 4033 terram
1437 3978 1651 4047 quidem
1750 3970 2067 4024 veneranda:
2103 3970 2387 4041 imagines,
2416 3971 2529 4027 sive
2572 3987 2697 4027 vasa
2744 3987 2899 4027 sacra
2927 3974 3053 4039 sint,
3091 3984 3145 4028 et
3184 3973 3326 4028 salu-

85 4074 340 4137 intuetur,
376 4073 702 4129 erubescens
731 4068 910 4125 vultus
948 4072 1189 4126 virorum
1222 4084 1236 4123 :
1268 4069 1445 4125 stabat
1472 4078 1651 4124 autem
1751 4066 1927 4114 tamus
1977 4070 2032 4115 ει
2093 4060 2463 4130 amplectimur
2508 4076 2571 4117 ea
2632 4061 2971 4133 [δδιιηθωυδν
3027 4062 3322 4132 θηιριθεῑα·

84 4163 463 4235 imperterrita,
502 4162 636 4217 nihil
682 4162 1011 4232 perpetiens,
1064 4160 1131 4215 ad
1160 4174 1407 4230 agonem.
1452 4160 1651 4215 verum
1754 4164 1894 4214 mur,
1930 4146 2084 4220 etc.],
2112 4149 2273 4205 veluti
2318 4164 2466 4221 spem
2493 4151 2758 4205 habentes
2788 4150 3228 4207 sanctiﬁcationis
3256 4153 3325 4204 alt

83 4271 196 4309 cum
232 4270 337 4325 ego
364 4254 500 4309 alios
543 4252 759 4307 interim
798 4251 1072 4305 laudarem
1112 4246 1506 4321 pictores,vidi
1535 4264 1652 4303 mu-

83 4344 223 4401 lieris
264 4344 410 4399 illius
436 4341 709 4399 Colchidis
736 4356 888 4411 opus,
922 4340 1065 4410 quod
1104 4340 1281 4410 gnatis
1321 4338 1553 4409 gladium
1584 4337 1659 4391 il-t

84 4434 267 4501 latura,
302 4434 675 4491 misericordia
703 4442 757 4487 et
801 4434 983 4487 furore
1022 4431 1284 4486 divideret
1314 4428 1505 4485 faciem
1544 4447 1557 4483 :
1597 4440 1654 4484 et

84 4540 183 4580 uno
219 4527 437 4597 quidem
477 4523 755 4579 oculorum
798 4523 935 4577 iram
962 4521 1293 4585 ostenderet,
1323 4520 1496 4575 altero
1524 4534 1651 4575 vero

86 4625 307 4670 matrem
336 4615 607 4669 indicaret
634 4620 942 4683 parcentem
968 4620 1023 4665 et
1051 4602 1475 4665 ltorrescentem.
1499 4608 1650 4663 Nunc

87 4715 255 4760 autem
299 4686 618 4759 miraculum
650 4703 719 4757 ab
754 4702 844 4756 illo
871 4715 1031 4755 sensu
1058 4701 1125 4755 ad
1162 4700 1303 4753 hanc
1344 4700 1541 4752 mutavi
1574 4698 1652 4766 pi-

87 4806 316 4861 cturam;
340 4806 397 4851 et
423 4794 580 4850 valde
602 4806 818 4863 quoque
841 4791 1078 4846 admiror
1097 4790 1382 4854 artilicem,
1399 4788 1650 4857 quoniam

90 4888 245 4957 magis
273 4885 617 4941 commiscuit
645 4882 885 4938 colorum
914 4895 1137 4943 morem,
1166 4878 1424 4949 pudorem
1450 4876 1653 4945 pariter

90 4985 138 5029 et
157 4975 518 5030 fortitudinem
552 4981 883 5040 temperans,
924 4967 1233 5022 aﬂ‘ectiones
1257 4965 1506 5019 videlicet
1534 4980 1652 5033 quis

93 5069 181 5122 sibi
232 5069 458 5123 invicem
514 5064 891 5118 adversantur.
942 5059 1184 5129 Cumque
1241 5056 1650 5128 progrederetur

96 5161 310 5215 anterius
352 5156 609 5220 imitatio,
640 5151 931 5208 carnifices
967 5151 1187 5220 quidam
1216 5150 1269 5204 in
1300 5147 1483 5217 parvis
1512 5147 1651 5202 tuni-

96 5251 163 5303 cis
195 5251 312 5304 nudi
350 5250 469 5319 jam
507 5246 575 5300 ad
612 5256 751 5313 Opus
790 5241 1099 5309 urgebant;
1162 5247 1219 5297 et
1272 5253 1411 5293 unus
1436 5237 1650 5307 quidem

97 5342 482 5410 apprehendens
507 5343 667 5405 caput
692 5340 754 5386 et
796 5327 1059 5387 inclinans
1105 5338 1422 5392 retrorsum,
1447 5327 1653 5395 praebe-

97 5430 168 5484 bat
197 5432 347 5487 alteri
378 5434 694 5498 apparatam
722 5419 796 5474 ad
843 5431 1052 5487 pmnam
1076 5420 1303 5491 virginis
1329 5415 1519 5471 faciem
1551 5436 1564 5470 :
1596 5427 1652 5473 at

95 5520 164 5577 ille
199 5522 459 5576 assistens
494 5507 772 5569 incidebat
800 5507 1009 5565 dentes.
1050 5511 1272 5565 Malleus
1301 5515 1356 5561 et
1394 5514 1650 5562 teretrum

91 5624 240 5677 ptenre
291 5613 648 5665 instrumenta
713 5600 993 5655 videntur.
1047 5603 1343 5671 Lacrymor
1398 5597 1542 5662 hinc,
1600 5606 1654 5653 et

92 5703 198 5755 mihi
234 5701 415 5771 passio
456 5688 779 5773 sermonem
802 5688 1014 5746 recidit.
1054 5688 1342 5761 Sanguinis
1365 5686 1505 5742 enim
1533 5696 1651 5756 gnt-

1751 4239 1829 4294 eis
1850 4240 2206 4311 percipienda:
2238 4260 2255 4295 :
2291 4250 2345 4297 et
2372 4241 2737 4297 adorationem
2784 4242 3182 4295 honoratoriam
3216 4242 3320 4296 illis

1753 4330 2125 4398 impendimus.
2152 4330 2378 4384 Adorate
2407 4331 2571 4396 enim,
2602 4330 2793 4399 inquit,
2816 4330 3097 4383 scabellum
3134 4331 3323 4399 pedum

1751 4418 2143 4489 ejus,quoniam
2164 4430 2399 4473 sanctum
2420 4419 2560 4490 [Gr.,
2575 4418 2808 4489 sanctus]
2831 4430 2905 4473 est
2924 4418 3096 4490 (Psal.
3116 4420 3321 4488 xcvm).

1752 4508 1977 4579 Propter
2022 4510 2163 4578 quod
2195 4518 2249 4564 et
2294 4508 2583 4579 Gregorius
2624 4508 2927 4577 Theologus
2979 4510 3030 4562 in
3077 4525 3325 4564 sermone

1752 4617 1851 4655 suo
1899 4601 1965 4655 de
2016 4600 2294 4654 nativitate
2322 4599 2521 4654 Christi
2556 4600 2628 4653 ait
2680 4616 2693 4651 :
2744 4598 3057 4653 Betblcltem
3097 4599 3323 4659 honora,

1752 4706 1989 4761 praesepe
2012 4692 2198 4745 adora.
2226 4691 2364 4761 Ergo
2388 4691 2539 4759 quod
2557 4690 2665 4745 Deo
2700 4690 2929 4755 dicatur,
2958 4690 3238 4760 prazsentia
3271 4700 3327 4743 et

1752 4782 2158 4851 participatione
2186 4780 2300 4850 ejus
2336 4790 2583 4837 sanetum
2610 4790 2713 4844 est,
2736 4778 3184 4848 quemadmodum
3214 4794 3330 4833 om-

1754 4870 1837 4925 nis
1862 4870 2137 4939 Scriptura
2168 4880 2397 4926 testatur
2433 4888 2445 4923 :
2490 4880 2548 4925 et
2574 4872 2625 4928 ei
2651 4868 2741 4939 qui
2770 4878 2986 4924 sanctus
3026 4877 3127 4933 est,
3159 4870 3331 4923 honor

1753 4962 2057 5017 sanctitatis
2108 4978 2213 5017 non
2263 4962 2422 5018 aliter
2472 4967 2854 5022 conservatur,
2899 4975 3059 5028 quam
3094 4975 3191 5028 per
3243 4973 3334 5011 no~

1758 5061 1927 5107 stram
1977 5052 2311 5109 aﬂ'ectualem
2360 5053 2756 5111 adorationem.
2803 5047 2907 5116 lpsi
2939 5059 3115 5104 autem
3163 5050 3339 5103 adhuc

1756 5143 2026 5212 spirantes
2060 5144 2422 5207 mendacium,
2472 5142 2653 5202 aliena
2703 5138 2947 5207 quietiam
3001 5140 3068 5195 ab
3106 5139 3342 5194 Εεειυδῖὶι

1758 5234 2023 5291 catholica
2050 5246 2401 5300 consuentes,
2437 5233 2636 5296 aiunt:

2151 5367 2431 5437 Gregorius
2466 5367 2753 5436 episwpus
2800 5356 2921 5429 legit
2949 5378 2965 5415 ,-

1756 5544 1763 5553 .
1833 5518 1849 5549 ι
1887 5499 2134 5557 Cousona
2187 5516 2311 5555 vero
2367 5495 2485 5553 istis
2537 5512 2598 5557 et
2652 5492 2971 5552 Theodotus
3022 5495 3350 5563 Ancyranns,

1763 5606 1781 5638 ι
1827 5601 2165 5647 concertator
2191 5589 2394 5659 Cyrilli,
2428 5585 2494 5639 de
2522 5592 2743 5648 eisdem
2774 5581 2934 5639 docet
2963 5584 3035 5638 ita
3076 5601 3089 5637 :
3135 5583 3354 5636 Sancto-

1760 5700 1778 5730 ι
1827 5696 1942 5734 rum
1974 5683 2152 5739 vultus
2182 5696 2284 5736 non
2317 5681 2368 5733 in
2405 5678 2750 5751 imaginibus
2775 5686 2843 5725 ex
2875 5673 3235 5728 materialibus
3269 5682 3358 5720 co-
