3980 6296
138 452 235 514 1‘29

817 411 1364 513 [mersurum
1401 407 1664 506 svnom'
1687 445 1774 502 vn
1807 444 2214 512 canamus.
2236 473 2306 484 —
2341 442 2543 501 ACTlO
2583 444 2671 500 vr.

3253 445 3355 502 ιδο

139 565 408 639 conspergi
456 572 511 622 et
562 561 754 617 mutari
801 559 1174 633 [immiscendo
1220 561 1336 616 sese
1391 575 1455 614 ac
1504 535 1702 613 immuol
1722 560 1772 619 Α
1799 555 1917 612 illos
1942 556 2030 625 qui
2062 555 2204 611 circa
2235 553 2423 609 Arium
2450 563 2576 610 sunt
2611 553 2978 624 defendentes.
3009 535 3265 616 Similiter
3303 569 3358 614 et

141 657 340 728 tando],
372 653 662 724 aliquando
683 651 900 722 quidem
928 651 1155 728 laudans
1190 665 1252 706 ea
1265 664 1392 730 quae
1425 657 1550 703 sunt
1579 645 1695 701 Arii

141 747 444 810 sentientes,
468 742 753 812 aliquando
774 756 902 797 vero
920 741 1199 796 veritatem
1220 735 1498 804 simulans,
1520 746 1698 794 osten-

145 837 292 890 datur
321 832 478 902 juxta
520 831 776 886 Jacobum
818 830 1040 885 fratrem
1095 827 1307 892 Domini
1372 826 1555 908 (laci)
1608 825 1695 879 vir

143 926 328 995 duplici
355 925 539 979 animo
563 933 620 979 et
645 907 952 978 inconstans
979 921 1030 974 iu
1053 909 1302 976 Omnibus
1328 918 1431 974 viis
1452 907 1576 974 suis
1603 934 1616 972 :
1644 925 1700 971 et

144 1009 240 1070 non
277 1014 549 1069 existimet
586 1009 727 1084 quod
767 1011 995 1081 accipiet
1039 1009 1240 1078 aliquid
1285 1021 1316 1062 a
1355 1007 1600 1062 Domino.
1640 1006 1697 1061 Si

143 1098 278 1176 enim
315 1102 483 1157 corde
509 1097 842 1156 credidisset
877 1099 943 1154 ad
983 1086 1268 1169 justitiam,
1297 1105 1352 1152 et
1370 1099 1466 1152 ore
1489 1095 1714 1176 confes-_

144 1171 230 1245 sus
264 1191 406 1245 esset
443 1188 511 1243 ‘in
549 1186 776 1262 salutem
822 1185 999 1259 (Rom.
1051 1185 1108 1254 x)
1156 1183 1340 1239 verum
1374 1171 1716 1260 sermonem,

145 1279 317 1348 utique
361 1289 464 1349 pro
514 1276 729 1347 scriptis
775 1276 890 1331 suis
938 1275 1149 1331 veniam
1193 1273 1548 1344 postulasset,
1607 1273 1701 1328 ho-

148 1368 255 1420 rum
282 1357 673 1422 cerrectionem
699 1357 932 1429 faciens,
960 1373 1013 1419 et
1034 1377 1131 1434 pro
1153 1361 1392 1430 epistolis
1428 1361 1541 1446 suis
1572 1375 1695 1431 pro-

148 1457 275 1512 fecto
294 1456 520 1511 verbum
551 1453 774 1508 rationis
793 1449 1167 1526 [defensionis]
1194 1450 1412 1505 fecisset
1441 1468 1454 1504 :
1485 1448 1576 1506 sed
1599 1449 1704 1506 hoc

150 1542 441 1602 nullatenus
465 1551 655 1614 usque
683 1543 847 1608 fecit;
880 1542 1080 1597 mansit
1103 1539 1248 1596 enim
1275 1540 1418 1595 sicut
1446 1537 1700 1609 IEthiops

149 1649 244 1690 non
271 1644 471 1690 mutata
498 1633 638 1706 p’elle
660 1649 776 1689 sua.
811 1633 1052 1704 Denique
1081 1647 1202 1687 cum
1235 1629 1702 1702 interpretaretur,

150 1725 262 1781 Dixi
289 1725 530 1791 Domino,
565 1725 701 1780 Deus
732 1741 875 1780 meus
904 1741 958 1786 es
987 1734 1043 1777 tu
1073 1721 1244 1794 (Psal.
1278 1719 1402 1791 xv),
1425 1732 1577 1776 extra
1607 1735 1700 1774 ve-

151 1802 313 1872 racem
349 1831 573 1872 sensum
615 1815 881 1872 excedens
910 1816 990 1872 sic
1033 1816 1106 1869 ait
1152 1829 1167 1868 :
1216 1814 1447 1886 Legibus
1496 1822 1702 1869 natura:

1797 645 1872 700 ad
1910 643 2332 716 Euphrasiouem
2381 646 2692 718 episcopum
2738 646 2997 713 mittens,
3049 650 3356 717 expressius

1795 734 2130 806 blasphemat
2154 751 2169 801 ;
2193 735 2347 806 cujus
2368 735 2606 808 epistolze
2630 737 2844 810 initium
2873 747 2956 794 est
2980 739 3054 793 ita
3083 753 3100 793 :
3134 741 3358 802 Domino

1797 841 1918 882 meo
1963 841 2061 896 per
2094 827 2272 902 omnia
2335 836 2514 898 grates
2550 828 2844 896 conﬁteor;
2902 830 3055 902 etin
3117 835 3350 890 exteris.
3401 815 3406 821 ”

1797 903 1914 969 Non
1959 915 2102 970 enim
2134 901 2290 970 simul
2319 931 2440 970 cum
2466 914 2627 971 Patre
2653 916 2846 973 Filium
2890 901 3058 992 fuisse
3083 918 3354 976 fatemur:

1797 1012 2165 1084 verumtamen
2189 1004 2303 1074 ipse
2327 993 2496 1060 Filius
2516 1006 2629 1070 Dei,
2653 1007 2744 1077 qui
2767 1008 2936 1079 magis
2955 1009 3136 1064 omnia
3159 1009 3362 1079 liquido

1799 1095 1969 1161 novit,
1995 1095 2159 1151 alium
2186 1110 2245 1151 se
2265 1111 2295 1150 a
2319 1095 2479 1152 Patre
2499 1103 2554 1153 et
2582 1098 2842 1154 minorem
2865 1109 3027 1170 atque
3048 1100 3360 1158 inferiorem

1799 1186 1996 1262 sciens,
2025 1185 2310 1241 admodum
2333 1187 2422 1244 die
2467 1189 2571 1244 hoc
2593 1189 2758 1245 etiam
2797 1205 2894 1246 nos
2922 1191 3098 1257 docet,
3131 1192 3314 1248 dicens
3345 1206 3360 1245 :

1802 1272 1963 1330 Pater
1986 1277 2078 1346 qui
2120 1277 2259 1330 misit
2306 1293 2407 1344 me,
2456 1279 2629 1348 major
2654 1296 2735 1334 me
2763 1290 2838 1335 est
2887 1281 3070 1350 (Joan.
3125 1281 3257 1347 xiv).
3297 1282 3366 1336 Et

1800 1373 1920 1437 post
1941 1367 2045 1422 alia
2074 1384 2091 1424 :
2120 1365 2252 1422 Nam
2295 1377 2352 1423 et
2377 1369 2488 1440 ipse
2525 1370 2736 1440 quidem
2759 1372 2929 1428 Filius
2969 1373 3110 1429 Deus
3142 1384 3246 1439 est,
3270 1376 3366 1430 sed

1802 1470 1906 1508 non
1933 1470 2092 1511 verus
2121 1456 2284 1512 Deus.
2321 1457 2403 1512 Ex
2429 1457 2516 1513 his
2540 1473 2669 1528 ergo
2694 1461 2910 1530 scriptis
2930 1462 3046 1532 ejus
3068 1464 3368 1519 ostenditur

1800 1543 1911 1598 Arii
1938 1552 1995 1598 et
2041 1546 2373 1616 comparium
2417 1544 2534 1614 ejus
2583 1547 2832 1620 dogmata
2882 1551 3194 1619 praedicare.
3227 1551 3366 1608 Cum

1804 1629 1903 1686 hac
1923 1640 2099 1686 autem
2130 1633 2428 1704 apostatica
2457 1649 2562 1714 sua
2583 1636 2770 1691 haeresi
2795 1637 3010 1694 Arianae
3035 1638 3259 1694 insania:
3288 1639 3370 1694 in“-

1802 1730 2051 1778 ventores
2068 1731 2125 1778 et
2151 1737 2310 1778 unam
2351 1734 2597 1784 naturam
2626 1727 2996 1798 dogmatizant
3019 1729 3074 1784 in
3098 1731 3364 1797 unitione,

1803 1825 1920 1880 quae
1939 1820 2022 1866 est
2045 1827 2142 1882 per
2168 1812 2592 1880 subsistentiam,
2623 1822 2674 1870 et
2693 1817 2989 1886 praedicant
3007 1832 3228 1873 carnem
3251 1819 3371 1875 sine

153 1907 312 1961 omnis
349 1905 443 1961 lilii
491 1907 669 1976 pater,
712 1905 962 1960 dominus
998 1913 1082 1958 est
1116 1903 1322 1972 .utique
1349 1901 1465 1972 ejus
1498 1921 1510 1956 :
1541 1911 1597 1987 et
1625 1895 1778 1987 id-IB
1806 1901 1987 1956 anima
2063 1903 2364 1976 suscepisse
2415 1903 2701 1962 Dominum
2759 1915 3001 1964 nostrum
3058 1909 3112 1963 in
3149 1909 3370 1965 salutari

153 2011 282 2052 circo
301 1995 563 2066 unigeniti
591 1993 710 2049 Filii
749 1994 843 2048 Dei
884 1995 996 2064 ipse
1028 1993 1118 2063 qui
1158 1987 1342 2062 genuit
1382 2007 1503 2046 eum
1544 1983 1704 2056 Deus,

154 2087 295 2142 simul
329 2071 388 2142 et.
421 2088 567 2143 Deus
608 2095 665 2142 et
711 2086 968 2158 Dominus
1007 2095 1062 2140 et
1097 2085 1262 2139 Pater
1307 2091 1405 2139 est.
1451 2069 1724 2140 Similiter.

156 2166 315 2233 autem
338 2169 400 2234 et;
416 2177 470 2232 in
496 2177 723 2249 epistola
752 2177 816 2231 ad
837 2175 1088 2232 'sauctum
1120 2175 1485 2231 Alexandrum
1508 2163 1722 2246 praue--

156 2277 343 2335 ptorem
393 2267 574 2338 magni
616 2266 892 2324 Athanasii
920 2266 1147 2329 directa,
1177 2264 1328 2335 cujus
1349 2263 1558 2318 initium
1585 2272 1702 2318 est:

157 2355 275 2410 Cum
312 2365 511 2428 quanta
545 2339 936 2420 sollicitudine,
994 2345 1082 2409 vel
1111 2369 1232 2408 cum
1261 2362 1458 2423 quanta
1483 2349 1610 2408 cura
1641 2352 1708 2406 ad

161 2445 262 2499 haec
304 2445 496 2500 litterae
551 2444 796 2500 venerint
847 2441 969 2515 [has
1016 2443 1224 2496 litteras
1275 2439 1575 2512 venerim];
1615 2456 1713 2496 ex-

161 2535 380 2604 pressius
431 2519 832 2612 blaSphemansl
863 2535 943 2590 sic
979 2533 1056 2612 ait
1080 2531 1147 2588 de
1174 2531 1304 2587 Ario
1343 2541 1396 2588 et
1420 2532 1535 2602 ejus
1565 2531 1735 2587 asse?

163 2624 290 2677 clis:
319 2623 733 2680 Calumniantur
782 2637 877 2680 eos
925 2625 1118 2679 littera:
1175 2629 1297 2688 tum,
1339 2631 1593 2695 tanquam
1632 2622 1736 2690 di-_

163 2705 346 2779 centes,
372 2717 499 2785 quia
547 2715 721 2771 Filius
749 2731 816 2771 ex
863 2718 984 2771 non
1017 2714 1372 2772 existentibus
1402 2711 1573 2768 factus
1605 2721 1708 2780 est,

165 2804 285 2858 sicut
308 2815 441 2860 unus
468 2821 540 2860 ex
567 2805 846 2872 omnibus;
878 2814 934 2862 at
955 2805 1028 2862 illi
1053 2803 1391 2877 pretuleruut
1409 2801 1708 2874 epistolam,

167 2905 306 2959 quam
333 2881 410 2947 'ad
433 2901 485 2949 te
509 2894 756 2950 fecerant
787 2911 800 2948 :
831 2895 886 2951 in
923 2905 1029 2964 Qua
1065 2893 1226 2950 tidem
1258 2887 1740 2962 suam‘exponena

1806 1991 2202 2061 dispensatione
2253 2007 2372 2056 sua,
2401 1993 2642 2064 dicentes
2672 1994 3004 2054 divinitatem
3050 1997 3372 2068 adimplesse

1807 2081 1997 2136 animas
2024 2080 2327 2156 voluntates
2355 2090 2409 2136 et
2444 2091 2640 2148 motus,
2669 2093 2738 2144 ut.
2754 2086 3080 2160 passionem,
3111 2088 3251 2143 sicut
3299 2087 3376 2144 ait

1805 2168 2096 2246 Gregorius
2127 2172 2405 2243 theologus
2445 2172 2636 2243 (Epist,
2666 2175 2692 2229 ι
2731 2176 2800 2232 ad
2855 2175 3047 2248 ϐαιῇ),
3101 2178 3372 2234 divinitati

1806 2259 2124 2336 ascribunt;
2176 2268 2227 2314 et
2259 2260 2350 2331 qui
2403 2262 2710 2331 passionem
2752 2263 3017 2320 divinitati
3081 2265 3373 2335 applicant,

1806 2335 2018 2412 constat
2043 2363 2136 2424 eos
2163 2346 2587 2420 TheOpaschitas
2613 2366 2730 2408 esse
2755 2369 2769 2418 ;
2811 2362 2866 2406 et
2894 2353 2984 2422 qui
3019 2353 3180 2424 hujus
3205 2356 3377 2411 hatre-

1807 2453 1928 2494 scos
1956 2439 2416 2518 participespsuut,
2440 2439 2702 2512 imagines
2729 2457 2832 2496 non
2862 2443 3170 2509 admittunt,
3194 2459 3378 2513 quem-

1808 2527 2092 2584 admOdum
2117 2523 2233 2585 nec
2248 2517 2456 2608 impius
2481 2529 2735 2599 Severus,
2749 2542 2803 2587 et
2829 2532 3020 2594 Petrus
3056 2531 3342 2602 Cnapheus
3359 2571 3378 2599 ,

1807 2627 1861 2672 et
1909 2617 2236 2696 Philoxenus
2264 2619 2718 2696 llierapolitanus,
2764 2629 2818 2676 et
2847 2609 3024 2684 omnis
3060 2634 3177 2689 quae
3231 2620 3378 2692 circa

1808 2722 1901 2776 eos
1945 2695 2444 2788 est-pgolyeepbalos
2475 2695 2787 2782 [multorum
2830 2710 3119 2780 capitulum
3156 2709 3378 2764 :multi-

1809 2788 2068 2880 ccps']'.et
2113 2798 2234 2880 sine
2277 2797 2455 2869 capite
2494 2799 2684 2870 hydra.
2735 2793 2905 2869 llujus
2956 2814 3085 2871 ergo
3128 2801 3381 2857 tactionis

1809 2888 1974 2941 etiam
2001 2877 2280 2970 Eusebius
2310 2887 2570 2962 existens,
2619 2888 2779 2944 sicuti
2831 2889 3254 2948 demonstratum
3294 2895 3380 2944 est

167 2990 258 3044 tes,
283 2981 407 3052 ipsis
449 2982 632 3039 verbis
657 2983 773 3038 haec
803 2982 1196 3038 conﬁtebantur
1229 2979 1428 3052 :Legis
1465 2977 1716 3034 videlicet
1814 2987 1920 3031 tam
1950 2990 2017 3032 ex
2039 2976 2301 3060 epistolis,
2345 2990 2506 3047 quam
2548 2992 2615 3033 ex
2651 2978 2923 3046 historicis
2966 2979 3082 3050 ejus
3125 2979 3370 3036 conscri-

169 3084 222 3124 ac
240 3073 638 3142 pr0phet’arum,‘
663 3081 717 3127 et
744 3072 878 3128 Ναί
907 3071 1235 3130 Testamenti
1269 3070 1437 3128 Deum
1468 3067 1726 3148 genuisse.
1813 3063 1936 3134 ptis,
1966 3067 2252 3151 imaginem
2276 3067 2475 3144 Christi
2498 3068 3198 3142 tanquamTheopassianus
3216 3070 3379 3144 [Deo-

170 3156 340 3215 Filium
366 3154 856 3240 unigenitum‘ante
899 3169 1140 3231 tempora
1173 3161 1397 3226 acterna,
1426 3173 1524 3229 per
1551 3171 1710 3229 quem
1733 3152 1784 3240 ἠ’
1813 3157 2129 3240 passianusl
2163 3157 2346 3238 abj‘icit
2373 3153 2392 3214 ἐ
2434 3167 2489 3215 et
2547 3161 2650 3228 hac
2699 3176 2796 3231 pro
2841 3177 3004 3220 causa
3050 3161 3381 3222 Constantia:

172 3255 220 3299 et
241 3252 406 3304 omnia
447 3225 502 3306 et
536 3239 729 3307 saecula
755 3249 880 3307 feclt
915 3259 930 3303 :‘
958 3251 1208 3321 genuisse
1244 3258 1425 3304 autem
1453 3255 1580 3303 eum
1607 3261 1713 3332 non
1739 3225 1784 3285 (ἶ
1819 3239 1990 3314 ιιχοι-ἰξ
2016 3225 2218 3332 Licinii;
2247 3233 2453 3330 scribit,
2499 3267 2606 3308 non
2641 3253 2944 3322 aliquando
2973 3253 3118 3324 apud
3148 3268 3211 3310 se
3241 3253 3387 3311 inve-

175 3337 482 3408 conjectura,
535 3341 631 3396 sed
659 3339 904 3406 veritate,
935 3353 1001 3396 ac
1023 3339 1314 3408 Subjeeisse
1357 3339 1587 3410 propriae
1615 3325 1742 3412 ’νο-ξ

177 3424 342 3481 luntati
371 3427 516 3500 [Gr.,
561 3429 656 3485 sed
683 3443 808 3484 vere
829 3428 883 3484 in
915 3441 1092 3484 rerum
1132 3437 1376 3484 naturam
1403 3415 1744 3500 produxisse:

177 3519 366 3586 propria
403 3518 722 3592 voluntate]
765 3505 1223 3575 inconvertibilcm
1269 3529 1323 3574 et
1370 3511 1742 3574 incommutaA

179 3603 316 3660 bilem
343 3616 644 3663 creaturam
671 3608 763 3662 Dei
793 3607 1106 3677 perfectam,
1141 3606 1232 3663 sed
1273 3621 1375 3662 non
1400 3607 1540 3662 sicut
1561 3619 1720 3660 unam

181 3707 235 3747 ex
268 3699 545 3754 creaturis.
567 3696 651 3771 Si
680 3712 806 3768 ergo
841 3697 1036 3751 litterae
1061 3697 1293 3766 ipsorum
1341 3696 1620 3750 veritatem
1644 3681 1750 3748 di?

181 3795 310 3851 cunt,
339 3787 525 3859 utique
569 3787 712 3857 apud
746 3797 798 3841 te
843 3787 1011 3842 fertur
1049 3785 1190 3858 [qum
1241 3787 1425 3854 utique
1473 3786 1610 3856 apud
1664 3789 1752 3841 te’

183 3874 323 3930 etiam
360 3875 514 3949 sunt]
539 3876 642 3932 :"iu
674 3875 870 3946 quibus
901 3873 1220 3946 confitentur
1243 3873 1434 3928 Filium
1475 3871 1567 3928 Dei
1597 3883 1723 3929 ante

189 3973 400 4035 tempora
427 3977 655 4033 aeterna,
685 3982 780 4042 per
807 3981 966 4038 quem
1007 3963 1134 4042 fecit
1158 3973 1212 4020 et
1249 3963 1464 4029 smcula,
1497 3978 1616 4018 esse
1643 3963 1752 4018 in-'

189 4056 568 4112 eonvertibilem
589 4065 642 4112 et
667 4039 972 4112 creaturam
993 4053 1088 4109 Dei
1109 4039 1422 4125 perfectam,
1449 4067 1473 4096 ι
1500 4055 1592 4109 sed
1620 4069 1726 4109 non

192 4147 477 4205 sicutunam
514 4165 583 4205 ex
624 4149 918 4223 creaturis.
961 4148 1131 4202 Porro
1156 4147 1376 4216 epistola
1409 4157 1496 4200 tua
1522 4145 1728 4201 calum-

194 4238 344 4293 niatur
368 4241 479 4307 eos,
508 4250 765 4312 tanquam
791 4241 1051 4304 dicentes,
1080 4240 1204 4309 quia
1235 4237 1401 4294 Filius
1439 4237 1611 4293 factus
1649 4245 1732 4294 est

195 4327 313 4384 sicut
344 4347 501 4387 unum
551 4332 837 4386 omnium:
869 4345 990 4386 cum
1044 4331 1146 4384 hoc
1191 4345 1293 4384 non
1343 4329 1597 4394 dixerint,
1637 4329 1732 4384 sed

197 4416 320 4473 clare
340 4420 667 4486 deﬁnierint',
695 4420 822 4489 quia
851 4421 956 4474 non
989 4419 1130 4474 sicut
1155 4411 1318 4471 unum
1345 4432 1410 4471 ex
1447 4417 1730 4498 creaturis.

1819 3331 2380 3423 niendamgimagiuem
2408 3341 2460 3394 δ.
2489 3340 2752 3412 Quoniam
2781 3341 2914 3402 etin
2937 3343 3126 3398 eadem
3158 3342 3386 3412 epistola

1739 3429 1746 3504 '_
1819 3429 1971 3512 dicit,
1995 3429 2123 3512 quia
2143 3437 2346 3508 mutata
2371 3441 2454 3486 est
2481 3429 2900 3500 incarnataejus
2920 3429 3089 3490 forma
3112 3432 3166 3488 in
3191 3432 3386 3488 divini-

1821 3505 2098 3587 tatis‘ejus
2141 3505 2413 3574 naturam.
2447 3517 2555 3590 Sed
2587 3519 2765 3574 nullus
2801 3528 3118 3594 sanctorum
3162 3520 3384 3576 Patrum

1822 3595 2126 3686 nostrorum
2149 3607 2430 3686 sicsapuit
2449 3618 2542 3682 aut
2573 3609 2756 3665 docuit
2780 3627 2796 3674 ξ
2809 3624 2994 3680 neque
3011 3611 3156 3667 enim
3179 3611 3258 3667 sic
3291 3627 3386 3667 ve-

1823 3689 1963 3751 ritas
1981 3681 2039 3752 se
2068 3679 2250 3772 habet,
2274 3679 2570 3774 Audiamus
2608 3697 2773 3768 igitur
2795 3679 2926 3768 quid
2953 3698 3390 3766 Athanasiusdc-

1824 3777 2034 3868 positor
2067 3773 2291 3868 Arianae
2331 3773 2553 3863 insania:
2581 3789 2633 3844 in
2665 3777 2892 3860 epistola
2929 3790 3236 3868 dogmatiea
3291 3803 3392 3848 sua

1825 3865 1986 3942 dicat,
2018 3863 2180 3948 quam
2223 3865 2300 3931 ad
2349 3877 2706 3947 Eupsychium
2731 3863 3104 3949 presbyterum
3145 3876 3394 3934 Cmsarim

1827 3949 2090 4036 scripsit?
2119 3963 2236 4041 pari
2265 3951 2439 4021 modo
2458 3975 2511 4020 et
2544 3964 2775 4042 Cyr-illus
2794 3967 2848 4037 in
2877 3968 3051 4036 prima
3073 3967 3308 4037 epistola.
3326 3969 3397 4022 ad
3425 4029 3432 4036 ο

1828 4041 2148 4112 Successum
2185 4043 2512 4132 episcopum
2551 4041 2928 4132 ,Dioeae’sar'iaa,
2957 4065 3014 4139 et
3037 4058 3117 4122 ,in
3145 4071 3398 4116 sermone

1829 4145 2016 4204 contra
2051 4137 2428 4204 commistores
2477 4147 2644 4204 edito.
2672 4141 2846 4216 Ambo
2881 4137 3026 4206 enim
3055 4150 3196 4220 sicut
3226 4160 3396 4208 terre-

1831 4254 1974 4300 nam,
2105 4231 2159 4293 et
2187 4238 2462 4294 caelestem
2514 4239 2974 4305 conversationem
3004 4240 3283 4307 habentes,
3316 4249 3402 4296 at-

1832 4343 1937 4398 que
1966 4323 2050 4382 ab
2077 4343 2184 4383 uno
2218 4327 2410 4397 Spiritu
2442 4327 2709 4398 inspirati,
2751 4343 2985 4395 consona
3017 4329 3244 4386 invicem
3282 4331 3402 4384 fan-

1836 4430 1948 4490 tur,
1985 4411 2546 4498 Atha‘nasiusquidem
2575 4421 2627 4474 in
2652 4423 2907 4490 praedicta
2949 4423 3016 4476 ad
3039 4421 3400 4492 Eupsychium

201 4505 312 4563 Nota
337 4525 480 4583 ergo,
515 4513 696 4594 sinon
722 4511 968 4594 protinus
1003 4510 1082 4564 eis
1112 4497 1306 4563 iterum
1340 4507 1554 4563 occasio
1575 4507 1811 4594 detur;n
1831 4503 2078 4582 epistola,
2111 4505 2273 4592 cujus
2323 4511 2540 4572 initium,
2570 4520 2654 4566 est
2685 4526 2700 4564 :
2731 4512 3012 4581 lnquibus
3064 4512 3276 4582 quidem
3317 4526 3404 4568 as-

202 4596 254 4647 ad
275 4589 753 4669 reprehendendum
789 4610 845 4655 et
863 4589 1254 4655 detrahendum
1300 4593 1544 4653 movendi
1573 4607 1733 4669 quot-

204 4695 312 4752 quot
351 4690 631 4745 volueriut.
667 4690 863 4746 lterum
893 4703 986 4745 eos
1028 4689 1316 4764 accusabas
1345 4689 1584 4754 dixisse,
1615 4689 1740 4760 quia
1757 4677 1768 4688 ”

207 4775 280 4841 qui
304 4787 399 4842 est,
431 4795 554 4834 cum
600 4779 694 4850 qui
729 4781 838 4837 non
867 4788 986 4835 erat
1032 4777 1248 4850 genuit.'
1285 4779 1447 4833 Miror
1485 4787 1664 4835 autem
1693 4769 1766 4835 si:

209 4870 352 4934 possit
379 4873 494 4942 quis
519 4873 677 4928 aliter
721 4874 901 4930 dicere
947 4891 961 4928 :
999 4875 1044 4928 si
1073 4873 1216 4929 enim
1246 4889 1384 4929 unus
1410 4881 1493 4930 est
1522 4875 1614 4944 qui
1635 4884 1738 4940 est,
1765 4861 1770 4876 ⁵

212 4960 420 5023 Ρωίεςιο
470 4978 536 5018 ex
584 4964 701 5034 ipso
734 4963 936 5019 factum
983 4972 1067 5036 est
1103 4957 1270 5020 omne
1310 4963 1451 5035 quod
1505 4975 1588 5019 est
1618 4965 1766 5019 cum'

215 5043 311 5113 ipso
335 5048 464 5121 [δι-η
508 5060 624 5121 post
661 5050 857 5124 ipsum]
891 5070 904 5106 ;
951 5053 996 5108 si
1033 5069 1162 5109 vero
1189 5069 1292 5108 non
1323 5053 1470 5108 solus
1525 5053 1636 5123 ipse
1662 5043 1769 5126 est;

219 5135 291 5201 qui
315 5149 408 5204 est,
436 5142 529 5196 sed
546 5149 602 5196 et
627 5138 793 5197 Filius
817 5152 931 5198 erat
951 5143 1042 5212 qui
1068 5151 1180 5208 est,
1210 5143 1476 5213 quomodo
1501 5159 1622 5198 eum
1653 5144 1770 5220 qui.

220 5234 315 5278 erat
341 5229 383 5284 is
423 5232 512 5300 qui
555 5239 641 5288 est
694 5233 978 5303 gignebat?
1004 5231 1206 5289 Taliter
1234 5233 1376 5289 enim
1417 5235 1602 5303 utique
1640 5234 1768 5288 duo'

223 5324 375 5371 essent
403 5321 492 5389 qui
524 5317 820 5379 existerent
859 5321 1002 5394 [Gr.,
1031 5340 1151 5394 qua:
1185 5324 1352 5397 sunt].
1405 5325 1470 5380 Et
1503 5313 1748 5395 hoc-qui-

226 5403 325 5460 dem
361 5410 612 5468 Eusebius
658 5416 724 5469 ad
762 5415 1164 5470 memorandum
1218 5413 1578 5470 Alexandrum
1608 5434 1620 5470 :
1652 5413 1778 5471 sed'

228 5503 272 5546 et
293 5498 394 5555 alia:
432 5503 666 5571 epistola:
701 5506 868 5576 ipsius
904 5507 969 5560 ad
997 5507 1242 5561 eumdem
1271 5508 1443 5561 virum
1479 5499 1778 5562 sacratum‘

231 5581 462 5657 feruntur,
512 5594 565 5648 in
586 5595 781 5664 quibus
817 5597 1162 5651 inveniuntur
1187 5598 1347 5653 varia:
1384 5597 1752 5668 blasphemia,

291 5709 314 5780 ε
342 5700 515 5780 ln_r_ns.
544 5705 774 5780 _Jolyano
811 5707 876 5761 ad
906 5710 1202 5780 marginem
1235 5693 1494 5780 scriptum
1524 5728 1536 5764 :
1569 5708 1756 5780 Fuge:

236 5769 375 5823 totum
397 5769 720 5846 blasphemia.
757 5779 822 5832 Et
847 5779 1003 5848 paulo
1028 5769 1168 5834 infra
1195 5793 1211 5833 :
1239 5778 1282 5834 0
1317 5769 1626 5849 impietatem
1643 5769 1669 5834 Γ

1755 4559 1811 4619 'D

1838 4612 2020 4656 suetus
2039 4615 2099 4655 es
2127 4616 2224 4657 nos
2251 4587 2394 4672 [Cm
2421 4601 2744 4673 existimasti
2766 4601 2907 4672 nos],
2935 4601 3401 4658 reverendissime.

1838 4693 1904 4747 Et
1931 4691 2174 4763 postalia
2220 4692 2300 4748 sic
2347 4692 2424 4746 ait
2454 4706 2469 4746 :
2507 4693 2820 4748 Communis
2856 4693 3038 4755 ovium
3065 4700 3149 4747 est
3173 4690 3402 4757 fructus,

1839 4781 1933 4837 sed
1956 4788 2010 4835 et
2036 4779 2258 4835 australi
2277 4789 2485 4846 (estate,
2511 4781 2629 4836 lana
2655 4781 2707 4836 in
2735 4796 3076 4839 communem
3105 4796 3262 4840 usum
3286 4780 3410 4835 uni-

1840 4870 2011 4925 versis
2043 4870 2346 4940 apponitur.
2380 4869 2488 4927 Sed
2527 4886 2648 4925 cum
2673 4871 2739 4926 de
2764 4873 2898 4926 mari
2935 4872 3163 4926 tinctura
3181 4870 3409 4926 assumi-

1843 4969 1948 5027 tur,
1973 4977 2208 5032 purpura
2251 4963 2468 5033 dicitur,
2499 4972 2553 5017 et
2600 4962 2759 5018 talem
2805 4962 3210 5033 appellationem
3237 4975 3412 5018 mere-

1850 5061 1936 5107 tur
1965 5067 1980 5106 :
2018 5053 2111 5109 sed
2139 5069 2262 5109 cum
2287 5053 2340 5108 in
2371 5070 2466 5108 usu
2498 5056 2764 5125 praecipue
2792 5053 3005 5124 regibus
3031 5052 3158 5107 solis
3174 5059 3410 5121 aptatur,

1847 5153 1902 5198 et
1945 5153 2028 5199 est
2071 5143 2214 5212 lana,
2241 5153 2298 5201 et
2344 5159 2452 5200 non
2486 5155 2610 5200 est:
2651 5154 2840 5199 natura
2861 5144 3078 5213 quidem
3102 5143 3228 5204 illud
3270 5143 3412 5211 quod

1849 5235 2162 5307 priuserat,
2189 5244 2300 5300 est;
2333 5251 2430 5290 usu
2450 5250 2586 5289 vero
2623 5250 2726 5288 non
2751 5221 2863 5304 jam
2890 5253 2902 5286 :
2938 5233 3071 5303 fugit
3103 5233 3246 5288 enim
3273 5232 3414 5302 quod

1850 5340 2132 5394 commune
2157 5335 2286 5402 erat.
2303 5335 2523 5398 prepter
2549 5325 3134 5396 dignitatem-utentis.
3163 5324 3252 5378 Sic
3283 5337 3412 5392 ergo

1852 5427 1905 5475 et
1935 5433 2059 5472 caro
2085 5419 2149 5473 de
2173 5411 2725 5489 communi‘suscepta
2759 5424 2968 5482 natura,
2997 5411 3418 5484 quouiamfacta

1853 5519 1935 5564 est
1965 5508 2402 5587 amictusgregjs,
2434 5508 2575 5578 quod
2603 5516 2730 5562 ante
2763 5506 2900 5572 facta
2945 5524 3051 5564 non
3081 5506 3276 5562 fuerat.
3298 5500 3430 5574 [Gr..

1855 5599 1979 5653 add.
2033 5579 2276 5656 eamdem
2299 5579 2484 5668 merita
2511 5606 2590 5651 est
2615 5595 2858 5666 gloriam,
2883 5606 3042 5665 atque
3071 5596 3116 5650 is
3143 5595 3234 5663 qui
3255 5607 3316 5646 ea
3339 5598 3422 5646 est

1928 5715 1956 5754 δ
1989 5713 2118 5780 Vide
2150 5685 2456 5780 epist-all“.
2489 5707 2665 5765 Photii
2693 5710 2760 5766 de
2783 5709 3011 5767 Eusebio
3039 5719 3092 5781 et
3117 5708 3278 5776 imag.
3365 5743 3368 5746 ~
