3916 5468
1046 330 1083 356 φ.

544 409 639 464 Mil

1660 395 2011 455 ANAS'TAr‘Il
2051 391 2584 450 BILLIUTIH‘LARH

3666 398 3760 455 ιὸὶ

521 522 698 593 usus].
731 518 805 575 Ita
837 527 889 574 et
918 515 1165 573 dominus
1190 505 1371 589 gloria:
1400 498 1638 570 dicituré
1671 494 1914 568 fortassis
1927 503 2090 567 etiam
2121 513 2164 572 Α
2197 511 2289 566 siit
2331 527 2452 566 esse
2496 496 2643 566 Vtilius
2695 510 2957 577 hominis,
3007 509 3229 580 liquebit
3266 510 3451 579 utique
3497 512 3757 573 omnibus,

527 609 817 667 secundum
861 609 1002 678 quod
1035 611 1196 664 homo
1241 617 1344 672 est,
1387 613 1578 661 natura
1610 605 1843 659 lmmana
1891 601 2094 672 passio—

527 714 651 755 nem
683 697 1021 761 admittente,
1038 705 1092 750 et
1115 696 1307 766 injuria
1340 695 1392 749 in
1422 695 1594 763 ipsum
1636 700 1968 756 transeunte,
2001 689 2093 759 qui

415 786 431 872 ξ
529 786 692 846 veluti
715 794 862 843 veste
884 803 1014 842 usus
1041 794 1125 843 est
1149 800 1330 841 carne.
1359 784 1510 839 Sicut
1539 783 1682 838 enim
1704 783 1749 837 is
1777 782 1866 852 qui
1888 790 2106 835 ostrum

516 880 708 944 Scidit,
737 878 888 948 quasi
919 877 1018 948 ipsi
1059 877 1170 947 regi
1218 874 1504 930 insidiatus
1533 873 1725 937 fuerit,
1760 870 2096 925 animadver—

415 960 428 1015 ἶ
499 970 732 1025 ‘sionem
769 965 1027 1031 sustinet;
1083 964 1336 1035 quoniam
1379 978 1470 1018 rex
1513 954 1766 1032 purpurae
1789 958 2093 1028 passionem

418 1116 428 1136 ι
529 1059 582 1114 in
626 1073 694 1114 se.
735 1055 1027 1118 transtulit,
1059 1068 1362 1124 quanquam
1397 1053 1509 1122 ipse
1556 1049 1687 1105 nihil
1717 1048 1839 1104 mali
1865 1045 2094 1118 portula-

427 1156 432 1160 '
490 1150 638 1202 irit:
693 1147 765 1199 ita
815 1155 869 1200 et
910 1145 1090 1200 carnis
1135 1145 1336 1213 passio,
1369 1149 1622 1197 manente
1665 1139 2096 1208 impassibilitate

531 1237 631 1290 Dei
649 1234 834 1299 Verbi,
858 1249 955 1304 per
975 1225 1419 1288 contumeliarum
1443 1231 1616 1300 ipsum
1639 1229 1851 1282 venisse
1879 1226 2094 1281 dicitur.

531 1325 653 1380 Ideo
687 1323 884 1376 Paulus
912 1322 1194 1376 Dominum
1217 1321 1490 1375 Christum
1515 1318 1807 1373 secundum
1837 1316 1977 1388 quod
2000 1316 2100 1369 ho-

430 1476 435 1481 _
504 1443 507 1445 -
534 1428 621 1467 mo
639 1411 966 1475 est,rFi|ium
994 1411 1084 1465 Dei
1126 1421 1244 1466 esse
1265 1410 1442 1465 tradit.
1476 1409 1541 1462 Et
1566 1417 1690 1461 ante
1715 1407 1857 1460 hunc
1880 1403 2101 1461 Gabriel

425 1531 436 1578 ί
503 1503 883 1574 1arebangelus
911 1501 1284 1556 admirabilem
1334 1511 1542 1570 partum
1579 1496 1954 1566 evangelizans
1987 1494 2099 1550 Ma-

429 1595 434 1602 “
514 1595 646 1658 ‘riae,
679 1595 800 1657 Ave,
826 1593 1021 1661 inquit,
1058 1593 1226 1661 gratia
1249 1591 1424 1660 plena,
1456 1589 1706 1641 Dominus
1738 1595 1926 1640 tecum.
1970 1585 2102 1640 Ecce

531 1695 588 1736 tu
617 1684 671 1734 in
694 1691 838 1734 utero
861 1680 1094 1744 habebis,
1117 1689 1163 1732 et
1208 1681 1380 1746 paries
1407 1677 1594 1744 ﬁliam,
1626 1684 1673 1728 et
1707 1675 1961 1728 vocabunt
1983 1689 2100 1727 cum

531 1772 733 1826 Jesum.
763 1769 864 1822 Hie
905 1770 1003 1823 erit
1032 1782 1272 1838 magnus,
1316 1777 1363 1820 et
1391 1766 1566 1820 Filius
1595 1763 1805 1818 Επειεὶ
1835 1765 2103 1818 vocabitur

2173 602 2336 671 'qaod
2382 601 2614 657 filiorum
2658 603 2959 672 adeptionis
3009 601 3232 672 gloriam
3271 602 3435 656 etiam
3479 618 3582 656 nos
3609 601 3761 672 depo-

2196 690 2486 755 suerimus,
2515 690 2667 759 quasi
2699 705 2803 744 non
2831 689 3088 744 habentes
3113 688 3250 744 ultra
3280 689 3696 760 primogenitum
3717 690 3765 744 in

2196 776 2379 832 multis
2406 777 2680 842 fratribus,
2710 779 2923 848 quando
2942 773 3122 833 factus
3153 788 3236 833 est
3272 777 3464 834 similis
3487 779 3664 833 nobis.
3709 779 3768 833 Et

2195 875 2319 944 post
2346 880 2511 934 pauca
2541 851 2670 921 dicit
2696 883 2709 920 :
2750 864 2982 920 Putasne
3007 880 3036 919 a
3067 863 3264 921 donata
3303 865 3457 921 nobis
3483 865 3654 935 gloria
3693 865 3764 919 in-

2197 964 2410 1024 sperate
2436 954 2622 1024 dilapsi
2663 956 2883 1009 sumus?
2921 969 3280 1026 nequaquam.
3321 953 3437 1010 Non
3469 955 3617 1010 enim
3646 969 3771 1023 quo-

2199 1045 2443 1099 rumdam
2475 1043 2935 1114 profanationibus
2956 1045 3408 1116 et'insipientibns
3440 1045 3768 1100 adiuventio—

2199 1138 2358 1191 nibus
2389 1137 2440 1191 in
2475 1131 2760 1207 reprobum
2789 1152 3003 1193 sensum
3033 1137 3256 1204 inducti,
3287 1139 3562 1208 sapiemus
3586 1146 3772 1208 prater

2199 1231 2341 1300 quod
2383 1239 2590 1299 oportet
2635 1245 2844 1298 sapere.
2895 1230 3154 1300 Regulam
3183 1240 3362 1284 autem
3394 1240 3563 1284 rectae
3604 1239 3660 1284 et
3698 1229 3771 1283 di-

2203 1331 2361 1374 rectre
2390 1319 2511 1375 ﬁdei
2538 1334 2746 1373 sacram
2776 1326 2830 1372 et
2853 1318 3107 1373 divinitus
3136 1318 3451 1386 inspiratam
3484 1317 3773 1386 suscipien~

2204 1417 2283 1462 tes
2315 1407 2676 1476 Scripturam,
2707 1406 2954 1472 fatemur,
2997 1407 3123 1476 quia
3171 1405 3345 1461 factus
3389 1406 3774 1476 primogenitus

2205 1503 2388 1550 noster
2418 1495 2750 1565 unigenitum
2782 1494 2872 1551 Dei
2901 1494 3133 1550 Verbum
3165 1510 3270 1549 non
3307 1495 3543 1548 cessavit
3569 1508 3777 1548 esse-ac

2205 1585 2308 1640 dici
2336 1581 2475 1639 Deus
2498 1583 2701 1653 pariter
2723 1590 2777 1638 et
2801 1597 2959 1637 verus
2983 1581 3122 1637 ﬁlius
3145 1581 3398 1637 hominis.
3446 1581 3557 1637 Sed
3599 1595 3699 1636 nec
3729 1583 3775 1634 in

2204 1685 2452 1729 naturam
2477 1673 2774 1728 divinitatis
2804 1688 3019 1728 carnem
3041 1671 3200 1742 quam
3229 1661 3714 1728 inconve'rtibiiiter
3730 1681 3776 1726 et

2206 1766 2484 1822 inconfuse
2525 1765 2628 1821 sibi
2653 1764 2843 1838 univit,
2871 1764 3111 1818 cernitur
3157 1762 3578 1818 transformasse
3618 1780 3632 1817 :
3682 1763 3778 1817 imo

533 1861 686 1948 (Luc.
724 1860 786 1930 ι).
825 1859 1009 1928 Itaque
1034 1856 1446 1912 vocatur‘Filius
1471 1854 1564 1908 Dei
1594 1852 1770 1918 Jesus,
1803 1868 1908 1907 non
1939 1853 1990 1907 in
2021 1845 2179 1910 di-B
2207 1872 2334 1912 vero
2381 1855 2547 1926 gloria
2589 1871 2686 1910 sua
2735 1854 3010 1910 illustrans
3041 1869 3184 1920 eam,
3221 1863 3275 1910 et
3317 1853 3428 1909 Deo
3467 1854 3779 1910 docibilibus

531 1943 713 2004 vvin'am
760 1956 1007 2003 naturam
1046 1961 1209 2001 carne
1251 1960 1532 2008 conversa,
1567 1944 1660 1998 sed
1687 1957 1782 2014 per
1808 1943 2104 1997 unitionem

534 2038 602 2092 ad
633 2037 1050 2108 Deumjlerbum
1069 2035 1314 2090 elfectam
1334 2075 1350 2100 ,
1379 2035 1712 2104 arquivocam
1743 2033 1822 2105 [id
1847 2044 1941 2099 est,
1966 2032 2105 2102 ejus-

535 2129 658 2183 dem
686 2126 941 2199 nominis)
985 2127 1302 2197 dignitatem
1342 2134 1607 2181 sumente.
1658 2125 1892 2196 Cyrillus
1921 2133 2098 2180 autem

532 2217 782 2273 similiter
829 2217 886 2272 in
933 2217 1187 2287 prasdicta
1219 2217 1285 2270 ad
1307 2215 1632 2270 Suecessuu
1663 2215 1912 2285 epistola,
1951 2214 2108 2284 cujus

534 2305 854 2364 initiumest
883 2322 898 2359 :
926 2304 1094 2362 Lecto
1139 2305 1550 2360 commonitorio
1582 2305 1724 2374 quod
1752 2319 1781 2359 a
1817 2303 2108 2359 sanctitate

534 2403 624 2449 tua
655 2394 1026 2449 transmissum
1051 2402 1151 2448 est.
1180 2394 1255 2447 'Et
1296 2401 1416 2462 post
1448 2392 1552 2447 alia
1575 2394 1654 2447 sic
1696 2394 1771 2446 ait
1810 2409 1824 2446 :
1853 2391 1986 2447 Post
2013 2405 2101 2448 re'~

533 2485 925 2546 surrectiouem
947 2499 1078 2540 vero
1093 2499 1290 2555 corpus
1315 2485 1456 2555 quod
1484 2501 1704 2556 passum
1729 2493 1833 2549 est,
1863 2500 1969 2539 non
1987 2483 2104 2553 'jam

535 2576 880 2632 inﬁrmitates
921 2576 1106 2632 habuit
1137 2579 1190 2632 in
1226 2593 1306 2633 se.
1338 2577 1453 2632 Non
1487 2579 1631 2633 enim
1669 2579 1810 2633 ultra
1838 2577 1997 2634 famis
2023 2579 2106 2634 vel

535 2666 734 2739 fatigii,
769 2677 864 2722 aut
889 2669 1028 2724 alius
1047 2669 1413 2738 hujuscemodi
1449 2685 1616 2740 capax
1648 2686 1768 2728 esse
1792 2671 2016 2727 dicimus
2041 2671 2104 2726 il-

535 2752 648 2817 lud,
685 2755 782 2811 sed
823 2755 936 2824 jam
964 2757 1333 2828 incorruptum
1364 2775 1376 2812 :
1405 2767 1457 2813 et
1483 2774 1590 2814 non
1624 2759 1727 2815 hoc
1754 2769 1983 2828 tantum,
2014 2761 2106 2816 sed

536 2854 593 2900 et
613 2845 933 2902 viviticans:
965 2847 1089 2900 vitae
1114 2847 1311 2916 quippe
1339 2863 1534 2917 corpus
1571 2858 1675 2914 est,
1711 2849 1761 2903 id
1807 2857 1890 2904 est
1923 2849 2108 2919 unige-

535 2935 654 2989 niti.
679 2934 1043 2990 Clariiicatum
1066 2945 1150 2990 est
1175 2946 1354 2991 autem
1383 2937 1629 2992 claritate
1665 2939 1776 2993 Deo
1795 2937 2027 3001 deeibili,
2055 2946 2108 2991 et

539 3023 858 3093 intelligitur
877 3025 972 3080 Dei
989 3040 1213 3095 corpus:
1237 3025 1390 3094 cujus
1409 3027 1481 3080 rei
1499 3029 1671 3095 gratia
1688 3037 1741 3082 et
1763 3028 1806 3081 si
1823 3028 2106 3098 quisquam

527 3113 738 3167 dixerit
769 3113 898 3168 illud
951 3115 1207 3179 divinum,
1240 3117 1381 3169 sicut
1406 3116 1532 3170 illud
1555 3116 1697 3185 quod
1725 3115 1958 3170 hominis
1999 3123 2106 3179 est,

540 3203 862 3270 humanum,
911 3219 1017 3281 non
1042 3178 1370 3262 exorbitabit
1395 3220 1426 3259 a
1452 3178 1674 3261 decente
1702 3207 1928 3263 ratione.
1957 3178 2108 3264 Unde
2135 3178 2181 3242 δ

543 3308 670 3348 reor
691 3305 750 3348 et
777 3297 1228 3364 sapientissimum
1271 3296 1493 3352 Paulum
1524 3298 1704 3353 dicere
1741 3315 1757 3352 :
1787 3295 1858 3352 Et
1893 3298 1938 3352 si
1967 3311 2113 3351 nove—

543 3397 721 3435 ramus
742 3385 1025 3438 secundum
1046 3401 1254 3439 carnem
1277 3386 1564 3451 Christum,
1589 3386 1679 3440 sed
1716 3403 1852 3441 nunc
1862 3389 1981 3457 jam
2010 3403 2112 3442 non

539 3473 774 3526 novimus
795 3470 880 3543 (II
915 3471 1037 3528 Cor.
1066 3475 1141 3545 ν).
1172 3473 1305 3530 Cum
1343 3476 1488 3530 enim
1513 3477 1628 3542 Dei,
1661 3477 1801 3532 sicut
1825 3477 1964 3544 dixi,
1987 3491 2112 3548 pro-

537 3561 716 3630 prium
750 3562 822 3617 sit
867 3578 1079 3633 corpus,
1131 3566 1463 3621 transcendit
1507 3567 1688 3622 omnia
1728 3582 1848 3637 qua:
1878 3568 2112 3624 humana

539 3659 686 3704 sunt.
713 3651 897 3708 Porro
927 3656 1401 3712 commutationem
1434 3657 1487 3710 in
1523 3656 1825 3712 divinitatis
1865 3665 2112 3710 naturam

540 3755 648 3795 non
673 3749 848 3810 potest
866 3744 1195 3814 pati-corpus
1215 3747 1357 3816 quod
1386 3749 1451 3803 de
1479 3756 1620 3803 terra
1643 3756 1756 3813 est;
1787 3747 2115 3818 impossibile

538 3830 686 3884 enim
719 3839 821 3886 est.
855 3832 990 3888 Nam
1028 3835 1382 3904 praedicamus
1421 3837 1754 3892 divinitatem
1790 3848 1850 3891 ut
1891 3825 2111 3902 factam,

539 3930 604 3974 et»
623 3935 742 3975 eam
788 3935 908 3991 quae
945 3926 1294 3994 assumpserit
1323 3926 1448 3996 quid
1493 3928 1545 3981 in
1573 3941 1652 3992 se,
1695 3928 1840 3997 quod
1876 3933 1995 3982 non'
2030 3935 2116 3983 est

539 4025 638 4080 per
663 4021 908 4068 naturam
938 4013 1106 4083 ipsius
1129 4017 1423 4086 proprium.
1447 4017 1687 4086 Aiqualis
1709 4018 1851 4072 enim
1879 4019 2115 4088 pravita-

542 4102 612 4156 tis
639 4111 723 4157 est
749 4103 946 4168 dicere,
971 4105 1095 4174 quia
1119 4114 1382 4171 mutatum
1411 4117 1493 4162 est
1521 4123 1714 4178 corpus
1737 4108 1788 4162 in
1817 4109 2113 4165 divinitatis
2139 4109 2141 4112 ⁴

540 4201 823 4259 naturam;
853 4209 1059 4250 necnon
1079 4204 1135 4250 et
1158 4195 1306 4262 illud,
1329 4197 1452 4266 quia
1482 4208 1743 4253 mutatum
1772 4208 1854 4254 est
1878 4198 2113 4255 Verbum

540 4282 805 4338 ist-carnis
834 4292 1103 4340 naturam.
1155 4286 1304 4342 Sicut
1347 4289 1488 4344 enim
1519 4290 1622 4344 hoc
1665 4290 1989 4361 impossibile
2031 4300 2114 4347 est

539 4368 988 4438 (inconvertibilis
1052 4389 1281 4444 namque
1309 4385 1365 4431 et
1408 4377 1859 4437 incommutabilis
1887 4382 1994 4453 est)
2040 4382 2112 4435 ita

537 4472 596 4517 et
617 4462 864 4520 alterum.
914 4463 1029 4521 Non
1076 4469 1219 4523 enim
1248 4468 1385 4524 valet
1435 4470 1487 4525 in
1525 4471 1819 4527 divinitatis
1863 4474 2109 4527 substan-

541 4552 693 4617 tiam,
729 4553 783 4608 id
819 4563 903 4610 est
940 4567 1186 4612 naturam
1229 4559 1506 4616 transferri
1537 4563 1661 4631 quid
1689 4573 2054 4617 creaturarum
2094 4581 2108 4618 :

538 4652 787 4698 creatura
815 4645 1011 4715 quippe
1038 4648 1198 4702 etiam
1241 4665 1365 4705 caro
1409 4660 1509 4704 est.
1559 4651 1698 4722 Ergo
1737 4653 1971 4707 divinum
1995 4654 2115 4723 qui—

540 4733 663 4791 dem
691 4743 774 4790 est
807 4751 1007 4806 corpus
1033 4737 1256 4804 ChriSti,
1285 4743 1538 4810 quoniam
1569 4741 1662 4796 Dei
1689 4759 1882 4814 corpus
1913 4755 2024 4812 est;
2061 4756 2115 4801 et

539 4823 799 4880 ineﬂ'abili
825 4826 1074 4883 claritate
1120 4830 1514 4900 prazfulgidum,
1547 4833 1965 4904 incorruptibile,
1991 4853 2110 4892 san-

541 4923 710 4981 ctum,
763 4917 1053 4972 viviﬁcum.
1107 4919 1257 4986 Quod
1282 4937 1408 4976 vero
1459 4923 1510 4976 in
1543 4932 1785 4978 naturam
1819 4927 2115 4981 divinitatis

541 5019 859 5060 conversum
890 5008 978 5071 sit,
1022 5009 1198 5063 nullus
1232 5019 1536 5064 sanctorum
1573 5011 1790 5066 Patrum
1816 5027 1908 5068 aut
1941 5017 2117 5085 Sapuit

544 5108 642 5152 aut
668 5099 824 5153 dixit.
848 5101 1034 5169 Itaque
1058 5111 1110 5156 et
1137 5117 1233 5156 nos
1259 5103 1329 5156 ita
1354 5101 1702 5173 disponimus.
1730 5089 1995 5162 Similiter
2023 5126 2118 5164 au—

547 5196 654 5240 tem
684 5195 740 5241 et
768 5187 821 5241 in
853 5204 1100 5244 sermone
1130 5207 1290 5260 quem
1321 5200 1506 5247 contra
1540 5195 1913 5250 commistores
1933 5197 2116 5278 edidit.

547 5273 702 5324 cuius
747 5277 960 5329 initium
1005 5288 1088 5326 est
1141 5299 1152 5333 :

1212 5281 1406 5334 Beatus
1467 5281 1700 5330 “nummi
1753 5284 1911 5326 mndn
1967 5289 2141 5334 lsanig‘

2205 1947 2345 2002 hanc
2379 1946 2720 2016 dignitatibus
2756 1944 2988 2015 replesse
3018 1944 3402 2000 convenienter
3424 1945 3773 2014 agnoscitur:

2205 2037 2279 2092 ita
2304 2053 2403 2107 per
2431 2044 2672 2107 tempora
2721 2035 3152 2091 manifestabitur
3190 2033 3275 2090 bis
3315 2033 3406 2104 qui
3440 2035 3497 2088 in
3538 2034 3778 2088 universa

2208 2135 2350 2182 terra
2376 2133 2526 2192 sunt,
2570 2141 2601 2182 e
2626 2125 2766 2182 caelo
2793 2125 3101 2182 adveniens.
3156 2124 3298 2195 Ergo
3321 2134 3377 2180 et
3414 2123 3640 2194 quando
3667 2139 3779 2178 cum

2207 2233 2392 2284 carne,
2419 2217 2833 2288 dispensationis
2856 2224 3228 2272 consummato
3254 2215 3407 2270 valde
3426 2215 3570 2270 bene
3592 2223 3779 2284 myste-

2207 2315 2306 2377 rio,
2349 2327 2626 2382 regressus
2653 2319 2733 2367 est
2769 2311 2821 2366 in
2854 2310 3070 2376 etclam,
3111 2308 3398 2366 confestim
3448 2306 3780 2363 consternati

2205 2405 2294 2475 qui
2331 2403 2433 2460 hoc
2456 2399 2800 2471 contemplati
2829 2406 2953 2456 sunt
2976 2417 2990 2453 :
3019 2400 3189 2456 nubes
3209 2399 3351 2454 enim
3377 2398 3618 2467 suscepit
3646 2412 3781 2460 eum,

2205 2493 2501 2549 secundum
2537 2492 2680 2561 quod
2709 2491 2966 2561 scriptum
2997 2497 3116 2545 est:
3147 2496 3258 2544 tum
3286 2488 3370 2543 his
3397 2488 3490 2557 qui
3516 2488 3781 2542 miraban-

2206 2595 2313 2648 tur,
2345 2581 2658 2638 acclamavit
2681 2580 3236 2650 quidam'sanctorum
3279 2577 3632 2647 angelorum:
3666 2573 3777 2627 Viri

2204 2671 2433 2738 Calilwi,
2473 2659 2600 2741 quid
2625 2671 2771 2724 statis
2801 2655 3113 2739 aspicientes
3152 2669 3205 2721 in
3236 2665 3464 2720 calum!
3502 2664 3607 2718 Hic
3635 2664 3782 2718 λειω

2205 2765 2294 2836 qui
2322 2769 2619 2833 assumptus
2646 2773 2716 2816 est
2749 2779 2780 2814 α
2807 2761 2949 2815 vobis
2979 2759 3034 2814 iri
3056 2757 3259 2824 cwlum,
3294 2758 3369 2812 sic
3400 2758 3565 2810 veniet
3613 2772 3783 2826 querito

2209 2853 2493 2906 admodum
2519 2852 2717 2907 vidistis
2743 2867 2860 2904 eum
2893 2862 3094 2903 euntem
3130 2849 3182 2902 in
3216 2846 3397 2902 caelum
3430 2846 3574 2917 (Act.
3607 2845 3669 2914 ι).
3712 2844 3780 2898 Ita

2205 2958 2274 3000 ne
2314 2959 2407 2999 vos
2437 2943 2503 2998 ad
2523 2951 2662 3013 'quos
2682 2941 2833 2997 nobis
2863 2954 3039 2995 sermo
3066 2950 3149 2995 est
3168 2935 3309 3010 [Gr.,
3333 2937 3387 2992 bi
3415 2936 3484 2991 ad
3512 2950 3652 3006 quos
3675 2949 3784 2988 ser-

2212 3045 2303 3086 mo
2326 3031 2499 3087 factus
2521 3028 2647 3102 est],
2685 3031 2801 3085 sine
2829 3044 2991 3085 carne
3021 3028 3267 3082 viderunt
3295 3025 3537 3082 Verbum
3571 3024 3780 3079 rediens

2212 3121 2279 3176 ad
2301 3120 2550 3186 Patrem;
2592 3121 2643 3175 id
2693 3128 2778 3176 est
2820 3110 3166 3174 similitudine
3215 3125 3397 3172 nostra
3439 3126 3686 3178 exutum,
3730 3124 3782 3166 et

2213 3226 2317 3268 non
2348 3212 2586 3267 existens
2612 3209 2664 3266 in
2692 3207 2954 3265 tractabili
2981 3215 3037 3262 et
3066 3205 3260 3262 visibili
3285 3219 3514 3275 corpore
3543 3219 3559 3257 :
3599 3219 3666 3256 an
3696 3217 3782 3270 p0-

2211 3305 2316 3360 tius
2337 3303 2688 3373 compositum
2729 3301 2795 3356 ad
2827 3288 3214 3355 intractabiiem
3251 3306 3304 3350 et
3331 3293 3654 3349 invisibilem
3695 3309 3784 3344 na.

2211 3392 2426 3449 turam?
2459 3392 2698 3460 Denique
2723 3391 2845 3461 quis
2871 3399 2956 3445 est
2983 3389 3072 3459 qui
3115 3389 3216 3443 hoc
3249 3383 3689 3466 dicere‘audeat?
3718 3383 3783 3434 At

2210 3500 2339 3542 vero
2366 3485 2412 3541 si
2441 3485 2518 3540 sic
2545 3483 2744 3546 veniet,
2774 3467 3221 3551 quemadmodum
3253 3485 3305 3532 et
3344 3476 3611 3548 ascendit,
3653 3489 3784 3541 quu-

2211 3576 2367 3629 modo
2395 3590 2500 3628 non
2529 3586 2655 3626 vere
2691 3569 3058 3638 dicatur,quia
3087 3567 3265 3622 veniet
3285 3565 3450 3619 etiam
3477 3565 3676 3616 iterum
3707 3562 3786 3613 iu-

2211 3673 2575 3734 corporatum,
2617 3671 2672 3718 et
2702 3677 2806 3716 non
2843 3659 3046 3730 nudum
3084 3667 3139 3714 et
3177 3657 3293 3712 sine
3319 3670 3486 3712 carne
3514 3651 3782 3708 Verbum?

2213 3757 2276 3812 Et
2301 3765 2419 3826 post
2443 3771 2610 3825 pauca
2637 3754 2806 3809 dicit:
2838 3751 3076 3823 lntellige
3100 3751 3280 3820 itaque
3315 3749 3438 3818 quia
3471 3745 3780 3818 descensio-

2213 3864 2332 3903 nem
2363 3848 2416 3902 in
2447 3845 2754 3902 novissimis
2791 3843 2972 3898 saeculi
3007 3842 3336 3912 temporibus
3378 3855 3409 3893 e
3449 3837 3594 3893 cmlo
3637 3837 3780 3890 futu-

2214 3953 2346 4000 ram,
2378 3945 2434 3991 et
2462 3949 2581 4006 qua;
2597 3933 2680 3992 vel
2701 3931 2878 4003 qualis
2905 3931 3030 3997 erit,
3058 3930 3162 3986 illis
3184 3925 3578 4000 praenuntians,
3604 3921 3780 3980 trans-

2213 4028 2472 4098 ﬁguratus
2522 4026 2738 4094 quidem
2781 4030 2901 4079 est:
2933 4031 2986 4077 et
3033 4018 3525 4091 transﬁguratiouis
3575 4032 3785 4088 quoque

2211 4117 2423 4174 habitus
2452 4125 2536 4172 est
2559 4115 2824 4180 factus,ut
2846 4113 3091 4183 egregius
3121 4112 3193 4165 ait
3218 4108 3546 4180 evangelista
3575 4107 3784 4180 (Matth.

2210 4211 2368 4282 xvn),
2417 4225 2522 4265 non
2571 4206 2862 4264 secundum
2913 4206 3108 4276 speciei
3154 4203 3562 4274 depositionem,
3615 4203 3666 4256 id
3707 4209 3788 4255 est

2210 4302 2430 4357 humani
2464 4302 2675 4356 habitus
2722 4297 3100 4367 abjcctioncm,
3129 4297 3223 4352 sed
3267 4295 3447 4366 potius
3494 4295 3784 4349 secmulum

2211 4391 2380 4446 solam
2411 4390 2671 4462 gloriam:
2708 4387 3033 4457 respleuduit
3059 4401 3289 4454 namque
3314 4383 3482 4439 facies
3522 4386 3658 4452 ejus,
3690 4384 3782 4437 ait.

2212 4477 2400 4548 Itaque
2429 4479 2481 4532 in
2524 4477 2926 4532 similitudinem
2955 4475 3081 4530 solis
3110 4473 3334 4544 fulgoris
3363 4474 3511 4529 dedit
3538 4475 3786 4544 splendo-

2216 4586 2351 4625 rem.
2400 4570 2464 4624 Et
2495 4577 2615 4639 post
2641 4567 2824 4622 brevia
2854 4566 3128 4636 :Scripsit
3149 4574 3350 4641 autem
3380 4565 3447 4620 de
3489 4564 3704 4620 Christo
3731 4575 3782 4618 et

2214 4658 2641 4728 sapientissimus
2676 4656 2895 4722 Paulus,
2923 4656 3049 4726 quia
3087 4654 3404 4710 reformabit
3445 4671 3650 4724 corpus
3688 4655 3786 4709 bu-

2214 4748 2459 4804 militatis
2488 4737 2705 4813 nostrai,
2734 4746 3124 4818 configuratum
3152 4745 3364 4816 corpori
3389 4746 3655 4800 claritatis
3675 4760 3784 4801 sua:

2216 4837 2383 4909 (Phil.
2410 4839 2512 4910 ιιι).
2543 4838 2748 4894 Deinde
2778 4839 2904 4908 quid
2935 4838 3001 4892 ad
3032 4839 3132 4892 hoc
3159 4837 3493 4892 asseruerint
3534 4839 3623 4906 qui
3672 4853 3785 4891 mu-

2216 4936 2382 4982 tatam
2413 4928 2597 4982 dieunt
2625 4929 2676 4982 in
2702 4927 2862 4983 Verbi
2887 4936 3131 4982 naturam
3159 4943 3375 4984 carnem
3399 4929 3549 4998 ejus?
3573 4929 3710 4999 Ergo
3728 4940 3782 4982 et

2218 5027 2524 5074 sanctorum
2548 5033 2774 5088 corpora
2806 5017 3196 5073 transferentur
3225 5019 3575 5074 conversione
3611 5020 3665 5074 in
3693 5036 3783 5074 na-

2222 5118 2396 5164 turam
2428 5111 2746 5176 divinitatis,
2773 5120 2831 5163 ut
2859 5109 3190 5180 conligurata
3217 5109 3347 5164 [iant
3381 5112 3592 5180 corpori
3630 5111 3783 5167 clari-

2224 5203 2348 5256 tatis
2374 5200 2530 5269 ejus?
2560 5211 2613 5257 et
2641 5210 2785 5256 certe
2814 5201 3080 5271 quomodo
3110 5216 3212 5255 non
3240 5201 3310 5256 sit
3336 5199 3528 5271 frigida
3563 5202 3680 5258 haec
3699 5217 3782 5255 as-

2222 5292 2405 5340 ιιιηΊίο.
2450 5300 2688 5340 extrema
2725 5292 3210 5345 iniliscinlinatione
3238 5291 3475 5346 referta?
3514 5292 3776 5346 Camers:
