3916 5542
143 510 230 572 J33

794 467 1340 567 tarsumenno
1381 506 1625 565 svsom
1669 506 1751 562 vn
1789 506 2188 564 caucasus.
2246 471 2314 550 '—
2350 509 2550 567 ACTIO
2591 507 2673 566 Vl.

3231 509 3340 568 ‘34

145 633 202 683 tia
223 637 296 684 est
314 626 564 681 divinitas
591 643 603 680 :
629 635 683 680 et
713 641 894 679 verum
923 632 1024 686 est,
1054 623 1302 692 quoniam
1330 622 1490 675 Deum
1510 634 1665 673 nemo
1697 626 1738 679 Λ
1767 618 2068 673 nullatenus
2113 635 2178 689 pa
2199 620 2277 683 si,
2330 621 2424 675 sed
2464 617 2720 674 obcaacati
2761 618 2826 672 ad
2857 617 3170 673 electionem
3203 635 3337 675 eon-

141 715 252 770 vidit
287 731 523 786 unquam
574 714 752 786 (Joan.
787 714 848 784 t).
915 712 1228 783 Expressius
1275 719 1452 764 autem
1499 711 1673 763 denuo

141 813 448 873 prosecutus,
504 818 566 857 ac
617 803 658 858 si
699 802 764 856 ad
811 802 982 872 ipsum
1036 799 1341 858 Eusebium.
1375 799 1551 852 taliter
1599 797 1675 852 ait

141 895 255 946 idem
294 893 542 962 egregius
587 891 748 946 Pater
791 891 842 943 in
897 890 1082 944 eodem
1129 903 1409 943 sermone:
1445 885 1675 940 lnfertur

140 993 290 1035 autem
324 983 542 1050 quidam
573 989 628 1034 et
650 980 786 1034 alius
813 979 882 1032 ab
913 980 1014 1042 eis,
1051 988 1109 1032 ut
1136 979 1306 1041 aiunt,
1332 977 1398 1030 de
1432 975 1514 1030 his
1563 989 1675 1028 ser-

139 1084 224 1122 mo.
253 1069 528 1138 Siquidem
557 1067 802 1138 egregius
828 1065 1027 1121 Paulus
1057 1066 1324 1120 invenitur
1353 1064 1671 1131 scripsisse:

137 1159 190 1212 Et
228 1160 268 1212 si
310 1175 620 1213 noveramus
683 1159 966 1212 secundum
1011 1173 1218 1210 carnem
1261 1154 1546 1218 Christum,
1585 1155 1674 1207 sed

133 1251 367 1319 naucjam
389 1267 492 1303 non
515 1251 746 1303 novimus
779 1247 861 1320 (11
890 1248 1011 1302 Cor.
1043 1253 1116 1317 v).
1137 1247 1275 1315 Ergo
1297 1245 1459 1300 sinon
1483 1258 1674 1298 secun-

132 1343 236 1394 dum
281 1354 503 1395 carnem
554 1340 814 1403 noscitur,
848 1339 1115 1408 inquiunt,
1144 1337 1451 1392 necessario
1476 1337 1675 1391 dicitur

136 1442 349 1486 mutasse
402 1446 624 1486 carnem
681 1430 840 1484 insui
872 1431 1034 1484 Verbi
1077 1439 1364 1492 naturam,
1424 1437 1480 1481 ut
1536 1428 1676 1482 sicut

132 1521 250 1575 Deus
275 1521 706 1590 dignosceretur.
761 1520 908 1575 Dicet
939 1519 1094 1580 forte,
1145 1528 1203 1573 ut
1247 1533 1386 1576 reor.
1421 1518 1487 1572 ad
1533 1517 1674 1572 istud

130 1611 246 1679 quis.
268 1609 402 1664 Nam
432 1625 554 1664 cum
580 1610 764 1664 statim
783 1609 927 1664 dicat
954 1610 1117 1665 etiam
1150 1609 1217 1664 de
1238 1609 1424 1664 nobis:
1455 1608 1557 1675 Qui
1582 1625 1675 1662 au.

127 1713 211 1755 tam
239 1703 289 1758 in
322 1720 480 1759 carne
509 1714 646 1766 sunt,
687 1703 793 1757 Deo
823 1703 1025 1774 placere
1049 1721 1149 1758 non
1183 1713 1437 1774 possunt:
1465 1718 1550 1757 vos
1576 1718 1672 1754 au-

126 1803 210 1846 tem
252 1810 356 1847 non
384 1795 507 1848 estis
543 1794 600 1847 in
642 1810 825 1858 carne,
851 1793 940 1848 sed
973 1795 1028 1848 in
1075 1793 1260 1863 spiritu
1299 1791 1476 1862 (Rom.
1508 1791 1626 1863 vm)
1655 1809 1668 1847 :

125 1898 207 1937 nos
240 1884 414 1937 nudos
444 1884 594 1938 novit
623 1898 784 1938 carne
811 1892 865 1938 et
904 1883 1208 1954 sanguine?
1250 1881 1485 1952 Putasne
1515 1883 1672 1952 spiri-

1772 708 2052 774 grueutiaa,
2092 710 2599 779 pereeptionemque
2637 709 2901 772 veritatis,
2929 719 2982 763 et
3009 709 3341 780 piamtradi-

1775 796 1968 850 tionem
1996 799 2322 867 probabilem
2351 798 2632 862 facientes,
2653 813 2756 853 non
2789 808 3028 854 torrente
3053 799 3340 868 voluptatis

1772 887 1944 954 potari
1978 888 2117 956 passi
2149 897 2294 952 sunt,
2325 896 2382 941 ut
2409 888 2559 942 lieret
2586 888 2638 942 in
2665 889 2745 944 eis
2775 888 2890 943 fons
2927 904 3077 958 aquae
3101 889 3342 944 salientis

1773 975 1827 1029 in
1850 977 2012 1030 vitam
2039 986 2296 1032 aeternam
2318 978 2497 1049 (Joan.
2524 978 2622 1048 tv),
2670 977 2827 1047 hujus
2855 981 3104 1035 novitatis
3141 981 3342 1051 garruli

1773 1077 2072 1123 assertores
2098 1087 2110 1121 :
2145 1069 2238 1124 sed
2259 1083 2324 1123 ex
2349 1070 2569 1126 lacubus
2594 1072 2838 1127 contritis
2863 1073 3091 1142 irrigati,
3121 1074 3340 1128 fetidam

1773 1160 1994 1229 stirpem
2027 1162 2484 1230 germinaverunt,
2514 1165 2800 1220 habentem
2831 1164 3063 1221 fructum
3091 1166 3159 1220 fel
3186 1181 3338 1220 ama-

1772 1251 2051 1316 ritudinis;
2074 1261 2129 1307 et
2147 1254 2476 1308 mendacium
2491 1270 2650 1324 super
2663 1257 2993 1312 mendacium
3006 1257 3342 1325 adjicientes,

1772 1339 2110 1408 protulerunt
2137 1360 2149 1394 :
2179 1341 2429 1396 Plurimis
2457 1344 2618 1397 etiam
2667 1345 2786 1399 aliis
2832 1345 3187 1400 existentibus
3210 1345 3343 1398 scri-

1773 1429 2071 1498 pturalibus
2102 1431 2436 1493 testimoniis,
2469 1448 2588 1501 qua:
2610 1443 2797 1503 sponte
2831 1435 3148 1489 dimisimus.
3177 1434 3348 1505 Igitur

1773 1518 1911 1573 sicut
1924 1517 2035 1586 jam
2055 1527 2328 1575 ostensum
2349 1531 2454 1586 est,
2474 1532 2734 1592 quotquot
2750 1524 3099 1592 probabilium
3122 1523 3342 1579 Patrum

1775 1608 2081 1662 testimonia
2121 1609 2188 1663 ab
2215 1609 2295 1663 eis
2329 1609 2534 1678 prolata
2566 1619 2712 1675 sunt,
2754 1627 2910 1666 suam
2941 1610 3203 1680 justitiam
3233 1620 3351 1665 sta--

1775 1705 1924 1750 tuere
1961 1707 2282 1766 quairentes,
2311 1699 2426 1753 hzec
2455 1713 2703 1769 perverse
2741 1700 3135 1756 intellexerunt.
3175 1701 3343 1766 Quot—

1773 1799 1906 1857 quot
1949 1798 2129 1843 autem
2179 1789 2614 1847 adversariorum
2658 1799 2802 1854 sunt,
2852 1806 2958 1846 non
3007 1800 3131 1846 sunt
3178 1789 3342 1845 divini

1729 1932 1732 1936 .
1775 1880 2026 1950 Spiritus.
2063 1881 2212 1936 Unde
2241 1890 2295 1936 et
2322 1881 2518 1937 alfatur
2544 1897 2637 1938 eos
2659 1883 2824 1938 melos
2853 1884 2904 1937 in
2932 1884 3119 1953 spiritu
3143 1898 3342 1937 canens

127 1973 251 2027 tibus
277 1952 1027 2044 incorporeishujuscemodi
1070 1973 1386 2043 alloquitur,
1417 1973 1542 2028 dum
1571 1987 1673 2030 nec
1708 1952 1964 2026 Bbeatns
2011 1971 2175 2025 David
2223 1987 2241 2028 :
2299 1970 2448 2026 Vana
2499 1972 2701 2026 locutus
2753 1984 2827 2028 est
2881 1952 3229 2045 unusquisque
3273 1975 3342 2026 ad

121 2062 372 2117 erubescit
402 2062 506 2117 hoc
538 2061 686 2134 [Gr.,
717 2079 895 2118 nonne
922 2063 1158 2132 ineptum
1181 2063 1406 2126 esthoc,
1430 2060 1560 2133 etc.]
1594 2062 1674 2116 in-

123 2149 342 2220 telligere
372 2153 454 2205 vel
501 2153 784 2206 asserere?
830 2152 970 2223 Ergo
1020 2152 1074 2206 in
1115 2152 1267 2206 nobis
1293 2166 1514 2207 carnem
1545 2152 1676 2208 dicit

120 2253 356 2305 procaces
405 2249 461 2294 et
506 2256 612 2294 non
658 2241 774 2294 sine
819 2240 1034 2309 querela
1083 2241 1382 2308 passiones.
1435 2239 1674 2309 Denique

120 2341 225 2380 cum
251 2328 492 2382 omnium
528 2336 772 2382 nostrum
803 2326 1049 2382 Salvator
1076 2329 1323 2383 Christus
1345 2323 1699 2382 castissimus

119 2417 180 2469 sit
201 2427 251 2472 et
289 2418 602 2487 delinquere
634 2418 837 2472 nesciat
877 2416 1070 2488 (neque
1113 2418 1254 2472 enim
1291 2425 1567 2487 peccatum
1599 2416 1675 2471 fe-

116 2509 201 2578 cit)
226 2509 331 2564 alio
357 2509 616 2562 nimirum
643 2510 798 2564 modo
832 2509 959 2564 illud
986 2510 1126 2579 quod
1154 2509 1350 2565 dicilur
1379 2511 1673 2564 secundant

116 2616 318 2655 carnem
348 2601 572 2670 intelligi
601 2601 773 2656 decet.
818 2601 932 2656 Non
965 2601 1107 2656 enim
1136 2610 1217 2657 est
1248 2601 1326 2656 vel
1361 2601 1468 2655 erit
1507 2602 1558 2655 in
1595 2601 1671 2655 in-

118 2691 454 2747 firmitatibus
483 2693 623 2747 ultra
673 2692 996 2749 carnalibus.
1041 2693 1330 2747 Evidenter
1370 2708 1497 2764 ergo
1524 2692 1676 2747 novi-

116 2797 222 2835 mus
251 2797 316 2838 ex
346 2783 606 2837 divinitus
651 2783 961 2838 sonantibus
991 2782 1258 2846 Patribus,
1305 2783 1426 2853 quia
1456 2799 1559 2838 non
1606 2798 1674 2839 ex

113 2869 341 2950 fontibus
383 2872 546 2926 Israel
593 2873 887 2927 hauserunt
928 2874 1284 2928 contentionis
1314 2874 1470 2945 hujus
1493 2884 1675 2928 auclo-

114 2975 210 3023 res,
241 2973 299 3017 ut
328 2961 480 3018 fieret
505 2963 613 3016 illis.
638 2963 690 3017 in
721 2963 886 3020 vitam
903 2973 1193 3029 teternam;
1231 2967 1322 3019 sed
1345 2981 1407 3018 ex
1440 2964 1676 3038 fontibus

113 3052 351 3125 malignis
379 3063 434 3109 et
458 3055 732 3112 sterilibus
756 3057 856 3112 sibi
892 3063 1076 3126 polum
1101 3055 1395 3115 attulerunt
1423 3076 1436 3114 :
1470 3067 1524 3115 et
1549 3059 1680 3116 alie-

112 3159 232 3199 num
267 3155 559 3214 sectantes,
591 3147 643 3202 in
673 3150 963 3220 principitia
992 3160 1048 3205 et
1086 3151 1264 3207 hiatus
1295 3151 1495 3208 inducti
1527 3164 1671 3208 sunt.

111 3231 240 3288 Cum
265 3244 539 3305 Oporteret
567 3251 682 3302 eos,
708 3238 752 3291 si
780 3237 1031 3294 Ecclesia:
1060 3248 1242 3294 essent
1283 3241 1505 3306 alumni,
1534 3241 1674 3295 Basi-

111 3413 333 3483 Amplu'l.
359 3415 490 3486 £8):
536 3415 784 3488 lmaginis
814 3418 987 3473 honor
1009 3419 1077 3474 ad
1109 3419 1404 3488 principale
1436 3422 1628 3476 transit
1655 3439 1669 3487 ;

109 3511 160 3556 et
186 3503 505 3575 Gregorium
535 3505 833 3578 Nyssenum
875 3510 1246 3579 perhibentem
1279 3529 1292 3565 :
1329 3512 1447 3566 Vidi
1487 3513 1674 3584 imagi-

110 3605 230 3645 nem
257 3594 546 3664 passionis,
591 3604 645 3651 et
693 3611 797 3651 non
825 3599 940 3652 sine
971 3599 1185 3654 tri-tilia
1211 3601 1468 3656 visionem
1503 3611 1678 3658 trans—

109 3680 204 3748 ivi,
227 3682 482 3755 liquidius
523 3695 640 3742 arte
682 3696 808 3743 ante
834 3687 1025 3744 faciem
1073 3691 1350 3746 historiam
1382 3691 1672 3760 afferente;

111 3780 271 3840 atque
300 3771 588 3841 Joannem,
630 3777 722 3845 qui
752 3779 913 3832 etiam
944 3795 1068 3834 cera
1106 3779 1376 3850 perfusam
1412 3783 1677 3852 picturam

107 3878 169 3918 se
202 3863 421 3937 diligere
445 3867 597 3932 dicit,
629 3870 826 3938 pietate
857 3863 1108 3941 repletam
1133 3890 1148 3938 ;
1179 3888 1383 3928 necnon
1413 3883 1467 3929 et
1489 3875 1677 3930 horum

109 3953 667 4015 consermOeinatorcs
705 3968 760 4014 et
796 3975 947 4030 teque
994 3962 1298 4032 magistros.
1332 3964 1532 4019 Deinde
1560 3980 1680 4034 per-

107 4057 267 4099 versa
319 4047 656 4116 problemata
729 4051 954 4104 necdum
1035 4051 1307 4122 dirigunt,
1370 4053 1680 4124 adjectioni-

111 4134 216 4190 bus
244 4136 437 4194 malum
484 4148 666 4194 autem
705 4140 978 4196 abundare
1010 4141 1287 4210 facientes,
1327 4144 1501 4201 adhuc
1534 4159 1680 4202 asse-

109 4237 300 4284 verant
328 4248 343 4283 :
451 4252 454 4254 '
838 4239 841 4243 '

534 4300 819 4372 Gregorius
849 4295 1116 4374 episcopus
1145 4302 1263 4375 legit
1296 4318 1315 4356 :

191 4425 213 4459 ι
239 4406 356 4465 [hec
393 4424 524 4482 ergo
553 4411 891 4481 scripturalia
931 4423 984 4469 et
1025 4423 1246 4485 paterna
1285 4413 1585 4470 testimonia
1625 4415 1697 4472 in.

115 4512 140 4544 ‹
187 4499 432 4564 praesenti
457 4500 774 4556 deﬁnitione
803 4509 986 4558 nostra
1015 4519 1083 4559 ex
1119 4504 1300 4559 multis
1327 4520 1496 4576 pauca
1534 4505 1682 4560 colli-

119 4604 141 4634 ι
185 4597 363 4656 gentes
416 4593 721 4661 posuimus,
772 4609 838 4650 ne
894 4595 946 4649 in
993 4596 1206 4666 longum
1253 4599 1678 4654 extenderetur:

1772 2061 2065 2130 proximum
2115 2077 2267 2116 suum
2312 2078 2330 2116 :
2375 2062 2512 2116 labia
2568 2063 2750 2117 dolosa
2780 2065 2834 2117 in
2870 2066 3038 2125 corde,
3088 2075 3136 2120 et
3189 2066 3331 2119 cordo

1775 2150 1935 2205 locuti
1984 2161 2103 2207 sunt
2152 2152 2293 2206 mala
2343 2152 2515 2216 (Psal.
2547 2153 2646 2221 χι).
2695 2154 2760 2208 Ει
2789 2154 2980 2209 iterum
3028 2155 3356 2210 liducialito.’

1776 2255 1940 2311 agens
1987 2241 2221 2311 loquitur
2251 2241 2441 2306 Isaias,
2487 2243 2671 2298 dicens
2703 2261 2718 2297 :
2752 2243 3040 2299 Consilium
3084 2244 3342 2299 malorum

1776 2333 1953 2402 iniqua
1996 2333 2305 2388 consiliatur
2332 2350 2350 2388 :
2383 2350 2482 2388 non
2513 2336 2650 2389 enim
2698 2348 2944 2392 noverunt
2974 2332 3174 2403 sapere,
3219 2339 3360 2410 quia

1775 2423 2035 2476 obscurati
2081 2435 2200 2488 sunt
2236 2425 2404 2479 videre
2444 2424 2609 2480 oculis
2635 2427 2744 2482 suis
2767 2427 2900 2496 (lsa.
2927 2430 3092 2498 xuv).
3130 2429 3370 2483 Etenim"

1775 2527 1933 2566 sanas
1985 2511 2320 2567 definitiones
2370 2521 2425 2567 et
2469 2514 2612 2584 leges
2665 2515 3121 2585 derelinquentes,
3165 2517 3342 2573 verbis

1775 2601 2030 2655 simulant
2068 2603 2344 2672 pietatem,
2389 2612 2443 2657 et
2482 2612 2693 2660 tentant
2719 2605 2960 2674 quaedam
2995 2606 3077 2674 pia
3108 2620 3345 2674 pronun-

1778 2695 1930 2758 tiare,
1984 2701 2041 2746 ut
2087 2708 2183 2763 per
2217 2709 2432 2749 sensum
2484 2694 2679 2749 bonum
2718 2695 2810 2764 qui
2844 2695 2896 2748 in
2927 2695 3012 2748 his
3051 2695 3210 2759 inest,
3245 2710 3358 2749 nec-

1775 2797 1934 2854 supcr
1959 2782 2175 2852 reliquis
2195 2782 2689 2854 incredibiles.[lide
2712 2783 3076 2854 minusdigni]
3107 2785 3342 2842 habeon-

1778 2884 1884 2938 tur,
1911 2875 2035 2928 dum
2063 2876 2213 2930 aiunt
2241 2893 2254 2930 :
2288 2874 2345 2932 In
2376 2875 2590 2929 nomine
2623 2885 2824 2930 saneta:
2847 2890 2910 2930 ac
2936 2877 3344 2944 supersubstan-

1777 2965 1914 3019 tialis
1936 2975 1990 3018 et
2017 2966 2134 3019 vita:
2162 2965 2470 3035 principalis
2501 2964 2800 3020 Trinitatis.
2828 2966 2932 3020 Sed
2961 2980 3085 3034 erga
3116 2980 3334 3021 sensum

1773 3052 1912 3110 male
1937 3054 2154 3124 operari
2180 3053 2446 3121 volentes,
2475 3068 2538 3106 ex
2564 3053 2781 3124 proprio
2805 3069 2964 3108 sensu
2997 3054 3361 3125 pronuntiant.

1772 3158 1827 3202 et
1874 3147 2408 3210 deﬁniunt,_nndam
2457 3156 2720 3217 ponentes
2771 3145 3120 3218 impietatem,
3172 3160 3346 3219 neque

1769 3237 2026 3307 judicium
2052 3238 2142 3293 Dei
2166 3239 2219 3292 in
2243 3247 2422 3293 mente
2446 3238 2792 3308 accipientes,
2821 3253 2994 3309 neque
3014 3239 3350 3294 Dominicam

111 3322 235 3378 rium
261 3324 512 3396 Magnum
540 3325 732 3382 aﬁ‘err'e
758 3329 1020 3384 dicentem
1049 3329 1146 3400 (De
1175 3329 1373 3400 Spiritu
1403 3343 1581 3386 sancto
1605 3333 1673 3387 ad
1703 3328 1745 3389 C
1776 3328 2102 3381 δειιιῦιιιίκηι
2167 3327 2490 3383 Clamaﬂlem
2558 3327 2916 3398 intelligenles
2969 3346 2983 3381 ε

3044 3329 3348 3400 Quicunque

1773 3416 2208 3470 scandalizaverit
2249 3433 2410 3471 unum
2443 3433 2507 3472 ea:
2529 3418 2758 3472 minimis
2794 3419 2907 3472 istis
2934 3420 3024 3489 qui
3049 3420 3102 3472 in
3129 3435 3208 3471 me
3238 3434 3349 3472 cre-

1773 3507 1926 3570 dunt,
1955 3507 2156 3575 expedit
2187 3505 2236 3561 ei
2256 3516 2311 3560 ut
2331 3507 2676 3577 suspendutur
2703 3505 2842 3560 mola
2875 3507 3106 3560 asinaria
3129 3508 3181 3559 in
3210 3505 3345 3560 collo

1774 3596 1910 3666 ejus,
1935 3606 1981 3649 et
2006 3596 2339 3668 demergatur
2365 3597 2418 3650 in
2449 3613 2592 3650 mare
2627 3595 2844 3666 (Matth.
2869 3610 3019 3660 xvttt,
3046 3595 3216 3649 Marc.
3241 3595 3342 3666 ιχ).

1778 3686 1974 3755 Sicque
1993 3686 2208 3740 demum
2231 3687 2684 3755 quemadmodum
2707 3686 2856 3757 porci
2883 3686 3100 3756 quidam
3133 3700 3344 3755 marga-
3371 3691 3376 3698 ‘

1776 3777 1930 3839 ritas,
1975 3775 2026 3829 id
2063 3784 2146 3832 est
2163 3772 2566 3833 ecclesiasticas
2608 3776 2922 3833 traditiones
2949 3775 3346 3840 conculcantes,

1776 3867 2038 3936 abjcctam
2068 3877 2123 3922 et
2149 3867 2564 3923 abominabilem
2593 3882 2662 3923 ex
2689 3867 3124 3924 Christianorum
3164 3865 3350 3921 Eccle-

1782 3957 1860 4011 sia
1889 3970 2102 4011 onmem
2137 3957 2421 4027 imaginem
2443 3971 2509 4010 ex
2538 3955 2754 4017 diversa
2777 3955 3001 4010 materia
3044 3954 3349 4009 tumultuati

1778 4046 2050 4112 dixerunt,
2077 4045 2334 4102 facientes
2367 4044 2672 4111 consilium,
2698 4055 2752 4100 et
2772 4060 2878 4104 non
2912 4058 3010 4114 per
3032 4044 3349 4108 Dominum;

1778 4145 1833 4190 et
1855 4135 2190 4205 sponsiones,
2236 4143 2293 4192 et
2337 4150 2443 4190 non
2479 4150 2586 4205 per
2625 4134 2875 4205 spiritum
2915 4133 3034 4203 ejus
3065 4151 3080 4187 :
3112 4141 3167 4188 et
3212 4133 3354 4188 sicut

1780 4226 1887 4297 lupi
1919 4242 2113 4298 graves
2156 4226 2210 4281 in
2259 4241 2473 4298 gregem
2516 4225 2719 4280 Christi
2757 4234 3218 4295 supervenerunt;
3254 4227 3350 4278 sed
3436 4239 3438 4241 ‘

1779 4320 2024 4377 veritatis
2046 4319 2266 4378 claritas
2289 4329 2344 4376 et
2367 4319 2501 4374 lucis
2528 4318 2694 4386 jubar
2721 4317 3048 4376 immobilem
3077 4317 3352 4371 conliden-

1782 4410 1909 4465 tiam
1940 4405 2123 4466 habet.
2153 4408 2285 4480 Quis
2313 4408 2458 4463 enim
2496 4408 2725 4472 nesciat,
2757 4407 2899 4476 quod
2931 4406 3162 4477 imagine
3190 4407 3350 4465 iulio-

1782 4511 1993 4567 norata,
2029 4500 2082 4554 in
2115 4513 2239 4554 eum
2266 4499 2507 4571 profecto
2543 4496 2697 4563 cujus
2739 4497 2913 4566 imago
2947 4504 3052 4559 est,
3081 4494 3350 4550 referatur

1783 4589 2197 4649 inhonorantia?
2224 4589 2336 4642 lloc
2354 4587 2552 4646 veritas
2579 4587 2652 4642 ita
2673 4586 2840 4650 novit,
2865 4593 2921 4643 et
2949 4594 3138 4638 natura
3164 4584 3354 4639 edocet

117 4694 138 4725 ο
189 4691 306 4732 cum
331 4680 441 4735 sint
471 4682 641 4737 etiam
673 4692 726 4739 ct
755 4683 856 4738 alia
883 4685 1133 4753 plurima,
1162 4703 1282 4757 quae
1311 4696 1500 4758 sponte
1527 4688 1678 4743 dese-

1788 4695 1988 4744 rerum,
2019 4690 2180 4751 atque
2213 4691 2336 4734 cum
2371 4676 2473 4730 hac
2508 4675 2800 4733 concinunt
2836 4682 2892 4726 et
2931 4672 3097 4732 divini
3133 4672 3354 4733 Patres;
3389 4700 3391 4703 -

119 4783 141 4814 ι
191 4765 353 4824 rimus
402 4781 625 4842 propter
675 4772 939 4828 infinitam
995 4775 1411 4832 multitudinem.
1475 4777 1554 4833 Ex
1600 4778 1686 4833 his

121 4873 144 4904 α
185 4871 308 4928 ergo
343 4861 606 4921 divinitus
655 4865 934 4934 inspiratis
972 4874 1028 4920 et
1067 4865 1243 4923 beatis
1283 4867 1582 4935 Scripturis
1621 4883 1686 4924 ac

121 4962 144 5028 ᾳ
190 4945 434 5020 Patribus
460 4949 692 5007 firmiter
709 4953 980 5020 :edilicati,
1004 4964 1059 5010 et
1080 4972 1240 5026 supra
1263 4966 1470 5028 petram
1494 4958 1687 5014 divina:

121 5051 147 5084 ι
188 5041 456 5104 servitutis
485 5057 607 5111 quae
637 5042 690 5098 in
721 5043 912 5118 spiritu
939 5054 1044 5110 est,
1073 5046 1237 5116 pedes
1265 5056 1481 5102 nostros
1507 5046 1700 5104 locari-—

123 5141 146 5173 ι
191 5134 306 5182 tes:
352 5131 404 5185 in
436 5131 656 5189 nomine
693 5141 898 5190 sancta:
931 5134 1458 5204 supersubstantialis
1479 5143 1535 5190 et
1563 5136 1692 5194 vilic

123 5228 149 5262 ο
185 5217 490 5290 principalis
517 5219 828 5287 Trinitatis,
860 5221 1018 5278 unius
1043 5225 1149 5281 voti
1178 5225 1354 5286 eli‘ecti
1378 5240 1568 5284 omnes
1591 5243 1701 5284 nos-

126 5317 148 5349 ί
186 5307 272 5374 Qui
303 5308 594 5365 sacerdotii
626 5310 888 5381 dignitate
934 5313 1346 5381 circumdamur,
1400 5330 1506 5370 una
1559 5333 1690 5377 voce

127 5408 146 5441 ι
183 5382 490 5464 deﬁnimus,
537 5399 803 5473 abjectam
856 5398 969 5456 fore
1005 5411 1062 5462 et
1105 5405 1333 5464 alienam
1364 5411 1526 5472 atque
1560 5407 1690 5464 abo-

128 5497 144 5516 ‘
182 5484 489 5534 τιῖἢείῑιίιοση
517 5504 585 5538 ex
600 5480 1026 5542 (“arietinum-nm
1061 5493 1290 5540 Ennlpgin
1323 5496 1686 5542 nlnhnmin‘n.

1788 4778 1844 4825 et
1881 4769 2098 4844 quidem
2148 4768 2207 4825 S.
2244 4767 2476 4826 Basilius
2517 4766 2704 4822 dicens
2730 4783 2744 4818 :
2770 4755 3025 4834 bnaginis
3071 4765 3243 4824 honor
3288 4765 3367 4816 ad.

1788 4864 2118 4935 primitivum
2169 4862 2425 4925 transiit;
2458 4861 2783 4934 Athanasius
2829 4873 2958 4914 vero
3010 4877 3024 4914 :
3078 4860 3181 4928 Qui
3227 4871 3384 4925 ergo.

1789 4955 1981 5013 adorat
2011 4953 2319 5026 imaginem,
2346 4954 2401 5010 in
2428 4953 2541 5022 ipsa
2569 4953 2759 5012 adorat
2783 4965 2961 5020 regem
2987 4967 3002 5016 ;
3033 4959 3091 5007 et
3117 4947 3380 5008 similiter.

1788 5045 2240 5124 Chrysostomus:
2275 5047 2460 5102 Nescis
2507 5047 2635 5116 quia
2671 5042 2888 5114 imagini
2927 5036 3087 5116 regis.
3114 5042 3365 5115 injuriain

1790 5136 2003 5199 feceris,
2037 5139 2106 5194 ad
2133 5138 2426 5209 principale
2469 5137 2752 5207 dignitatis
2775 5131 2934 5188 aﬁers
2962 5135 3211 5206 injuriam
3231 5130 3383 5194 ἳιιΕυ

1790 5228 1892 5298 ipsi
1923 5228 2139 5297 quidem
2178 5231 2367 5287 Patres
2388 5235 2636 5288 naturam
2669 5239 2847 5281 rerum
2876 5232 3065 5286 secuti;
3100 5237 3254 5293 sunt;
3284 5222 3411 5276 isti:

1791 5331 1922 5379 vero
1969 5315 2254 5391 insurgunt
2281 5315 2626 5376 etadvelzsus
2674 5310 2968 5376 Ecclesium
3015 5331 3075 5376 et
3118 5321 3379 5376 adversus

1791 5405 2075 5460 veritatem
2110 5427 2124 5462 :
2157 5408 2281 5479 quia
2322 5418 2428 5463 non
2467 5403 2642 5460 solum
2685 5399 3023 5475 blasphemia
3057 5418 3184 5465 sum
3210 5398 3376 5476 pleni.

1791 5495 1884 5536 and
1915 5502 1964 5534 nt
2012 5497 2262 5536 amantia»
2305 5509 2366 5530 an
2407 5488 2910 5538 im‘isninlinatinnic
2951 5496 3378 5534 αιιηω-ηιιῑιηιωι·
