3916 5854
534 357 642 413 455

1673 363 1806 418 ΑΝΑ
1816 360 2030 418 STASII
2093 356 2637 416 BlBLlOTllECARll
3698 371 3778 427 ‘36

537 471 681 526 tiohe
703 457 1081 542 Ap‘o'stolorum
1119 481 1172 527 et
1193 471 1414 528 Patrum
1446 475 1617 528 tenuit
1644 484 1695 531 et
1727 455 1970 531 confessa
1993 485 2108 538 est;
2140 479 2192 537 Α
2219 481 2428 528 tensam
2469 471 2731 528 habentes
2770 473 3136 544 impietatem,
3176 490 3282 532 non
3333 477 3508 534 solum
3565 479 3779 551 linguam

533 570 588 617 et
620 576 728 616 non
748 563 1043 619 novitatem
1074 573 1128 619 et
1155 565 1595 634 interceptionem
1621 565 1797 621 facere
1827 565 2121 622 consuetu-

535 652 696 717 dinis,
723 666 842 722 quae
861 653 946 722 pie
975 653 1026 707 in
1055 655 1211 709 nobis
1237 663 1446 710 retenta
1467 664 1570 710 est.
1599 654 1728 722 Qua:
1754 656 1897 711 enim
1924 656 2122 710 tradita

537 749 664 796 sunt
706 741 760 795 in
791 731 1056 809 eathplica
1085 741 1324 800 Ecclesia
1357 759 1532 813 neque
1557 754 1919 814 augmentum,
1947 759 2123 814 neque

536 831 920 888 detrimentum
968 833 1278 889 admittunt.
1315 835 1545 890 Maxima
1579 837 1723 891 enim
1763 844 2120 907 apponentem

535 928 590 976 et
634 922 963 978 adimentem
995 923 1162 980 vincit
1198 937 1360 996 pmua
1395 945 1408 979 :
1448 926 1762 981 Maledictus
1810 927 1975 992 enim,
2026 927 2119 990 ait,

532 1012 625 1081 qui
655 1011 904 1082 transfert
952 1014 1200 1070 terminos
1229 1025 1436 1085 patrum
1469 1023 1684 1070 suorum
1715 1016 1894 1088 (Deut.
1925 1017 2121 1088 xxv").

537 1099 646 1153 Sed
677 1115 798 1156 non
851 1102 1151 1158 habuerunt
1200 1105 1533 1175 propositum
1578 1106 1645 1160 ad
1697 1108 2122 1177 cognoscendam

537 1189 854 1263 veritatem.
876 1193 1019 1264 Ergo
1051 1195 1268 1251 audient
1308 1198 1473 1252 verba
1520 1198 1608 1252 illa
1641 1197 1932 1269 Sapientia:
1965 1217 1978 1254 :
2020 1197 2125 1264 Qui

536 1271 784 1348 operatur
806 1282 1081 1339 thesauros
1105 1284 1287 1356 lingua
1317 1289 1577 1354 mendaci,
1617 1291 1752 1344 vana
1777 1291 2121 1360 persequitur,

534 1379 581 1422 et
609 1371 771 1426 veniet
800 1373 856 1427 in
882 1371 1126 1445 laqueum
1156 1377 1338 1431 mortis
1377 1376 1560 1449 (Prov.
1583 1379 1720 1449 XXI).

1049 1503 1284 1564 TOMUS
1323 1506 1614 1564 SEXTUS.

929 1587 1260 1689 Epiphanius
1285 1620 1540 1676 diaconus
1566 1620 1685 1693 legit
1718 1636 1735 1674 :

578 1724 826 1781 'Utinam
873 1727 928 1782 in
984 1736 1220 1784 mentem
1257 1732 1675 1801 assumpsissent
1721 1747 1930 1800 vocem,
1961 1748 2124 1804 quam

537 1814 800 1868 Dominus
842 1814 978 1870 dixit
1017 1814 1252 1888 Principi
1299 1820 1664 1889 apostolorum
1715 1822 1876 1877 Petro
1908 1841 1921 1876 :
1954 1823 2033 1877 Tu
2067 1839 2121 1879 es
2151 1827 2198 1889 Β
2227 1845 2478 1894 vasorum
2518 1838 2917 1896 demolitionem

537 1899 756 1966 Petrus,
793 1913 842 1956 et
882 1921 1039 1973 super
1071 1903 1221 1960 hanc
1268 1918 1470 1977 petram
1514 1910 1788 1979 mdiﬁcabo
1831 1911 2121 1969 Ecclesium

534 2010 730 2061 meum,
759 2006 806 2051 et
829 2007 996 2066 porta:
1025 1999 1182 2068 inferi
1217 2017 1321 2054 non
1346 2002 1695 2071 prwvalebunt
1722 2007 1976 2061 adversus
2007 2023 2123 2062 eam

537 2080 757 2150 (Matth.
805 2085 938 2157 xvi).
1001 2086 1108 2142 Sed
1167 2088 1344 2144 ell'ecti
1398 2091 1696 2148 harmoniae
1749 2093 1906 2164 hujus
1957 2096 2121 2152 alieni

535 2176 624 2240 ac;
655 2174 1058 2244 ludiﬁcationis,
1124 2179 1238 2236 risu
1297 2181 1457 2254 digna
1514 2183 1747 2240 delirant
1803 2186 2123 2245 deﬁnientes

535 2261 842 2334 huiusmodi
873 2285 886 2320 :

930 2373 1215 2448 Gregorius
1247 2381 1518 2452 episcopus
1559 2381 1680 2453 legit
1710 2400 1729 2438 :

610 2503 630 2536 ι
673 2484 792 2540 Non
831 2487 1031 2545 audere
1059 2484 1332 2547 hominem
1363 2509 1689 2564 quemquam
1719 2495 1859 2551 ultra
1902 2498 2121 2556 studere

539 2595 558 2628 σ
609 2586 718 2632 tam
748 2578 1036 2636 scelestum
1065 2591 1120 2636 et
1141 2579 1360 2653 impium
1393 2574 1650 2640 studium.
1677 2588 1779 2656 Qui
1812 2604 1938 2644 vero
1959 2605 2124 2648 ausus

537 2685 556 2718 ι
608 2667 768 2724 fuerit
799 2671 992 2726 amodo
1037 2683 1355 2731 construere
1404 2677 1711 2747 imaginem,
1749 2681 1831 2735 vel
1873 2683 2119 2750 adorare,

537 2773 557 2808 ι
603 2765 699 2812 aut
723 2767 961 2814 statuere
997 2761 1050 2815 in
1083 2761 1312 2819 ceclesia
1346 2766 1428 2821 vel
1468 2767 1522 2821 in
1557 2769 1768 2839 privata
1813 2766 1994 2839 domo,
2024 2788 2118 2829 seu

536 2863 558 2898 ι
605 2847 877 2904 occultare
910 2867 922 2903 :
960 2851 1225 2922 siquidem
1253 2854 1556 2926 episcopus,
1586 2864 1679 2913 aut
1703 2863 2006 2934 presbyter,
2029 2873 2123 2921 aut

540 2955 558 2988 ι
603 2937 866 2996 diaconus
893 2940 1071 3006 fuerit,
1102 2944 1403 3014 deponatur
1433 2967 1447 3002 :
1481 2951 1524 3004 si
1551 2965 1678 3005 vero
1703 2954 2005 3010 monachus
2027 2963 2120 3010 aut

539 3044 560 3078 ι
605 3027 826 3094 laicus,
862 3033 1369 3104 auathematizetur,
1424 3048 1479 3095 et
1526 3041 1885 3113 imperialium
1942 3043 2118 3116 legum

540 3134 559 3168 ι
602 3115 870 3174 obnoxius
919 3121 1008 3185 sit,
1061 3131 1317 3194 tanquam
1367 3131 1672 3187 contrarius
1722 3115 2115 3204 praeceptorum

539 3225 560 3259 ι
593 3205 723 3278 Dei,
758 3219 812 3267 et
838 3211 1092 3271 inimicus
1112 3216 1423 3290 dogmatum
1450 3230 1820 3292 paternorum.
1857 3245 1878 3278 ι

926 3347 1254 3421 Epiphanius
1281 3354 1536 3413 diaconus
1563 3357 1729 3428 legit:

603 3451 900 3512 Ecclesiam
925 3460 1229 3516 universam
1252 3462 1590 3534 accusantes,
1607 3473 1668 3523 et
1690 3469 1744 3525 in
1775 3470 1878 3527 hoc
1901 3472 2121 3530 minime

533 3545 796 3611 contenti,
843 3561 1022 3619 neque
1060 3552 1402 3610 saturitatem
1439 3555 1732 3626 impietatis
1771 3563 2117 3635 accipientes,

533 3634 712 3693 adhuc
737 3639 854 3695 sine
879 3639 997 3712 lege
1018 3648 1073 3697 et
1096 3644 1214 3700 sine
1233 3644 1356 3714 jure
1395 3647 1658 3706 deﬁniunt
1686 3655 1790 3732 non
1818 3634 2117 3711 faciendam

536 3724 850 3796 imaginem.
885 3729 991 3786 Sed
1021 3734 1161 3802 quis,
1215 3751 1364 3807 rogo,
1411 3753 1596 3795 eorum
1624 3742 1714 3811 qui
1741 3724 1832 3813 pie
1858 3745 2043 3800 vivunt
2064 3756 2120 3800 et

535 3818 798 3884 sentiunt,
829 3821 948 3877 istis
969 3825 1224 3880 obediat?
1259 3829 1407 3886 Adeo
1433 3847 1666 3902 namque
1687 3837 2005 3893 conﬁrmata
2038 3849 2120 3896 est

536 3911 933 3966 vener'abilium
959 3914 1016 3968 in
1042 3916 1287 3973 ecclesiis
1333 3920 1627 3993 imaginum
1653 3925 1935 3994 exltibitio,
1966 3938 2025 3984 ut
2054 3947 2120 3986 ex

537 4013 646 4066 quo
684 3999 1060 4058 denuntiatum
1105 4017 1188 4060 est
1229 4006 1578 4082 Evangelium
1623 4030 1794 4086 usque
1842 4034 2019 4086 nunc,
2066 4021 2121 4078 in

538 4088 649 4144 illis
683 4089 1041 4149 manifestata:
1089 4098 1387 4154 consistant
1427 4105 1445 4155 ':
1490 4111 1545 4158 et
1583 4118 1744 4162 omne
1793 4111 1933 4179 quod
1973 4113 2119 4167 auti-

537 4180 743 4249 quitate
779 4183 1025 4252 excellit,
1075 4183 1428 4247 reterendum
1459 4201 1561 4250 es‘t.
1613 4195 1751 4265 Quid
1785 4201 1928 4257 enim
1978 4204 2121 4260 aliud

530 4269 687 4339 jubet
717 4273 932 4332 divinus
968 4278 1256 4348 Apostolus
1309 4283 1602 4344 Corinthiis
1639 4288 2119 4363 [Thcssaloniccns

539 4363 732 4438 sibusj'
760 4369 1008 4426 scribens
1054 4387 1070 4428 :
1121 4372 1307 4431 Tenete
1371 4380 1678 4437 traditiones
1720 4398 1850 4456 quas
1915 4391 2121 4461 accepi-

536 4457 767 4550 πίε-(Η
815 4459 994 4517 Thess.
1054 4464 1158 4535 tt)?
1209 4473 1265 4523 et
1317 4483 1506 4527 rursus
1561 4471 1841 4532 Timotheo
1889 4457 2118 4550 Titoqhe

537 4547 794 4616 profanas
861 4565 1055 4608 vocum
1144 4557 1411 4616 novitates
1485 4554 1807 4635 praecipiens
1879 4547 2117 4627 devitarc
2148 4552 2196 4611 ί)

538 4637 594 4733 (Αἵ
828 4658 910 4708 vr,
961 4643 1025 4698 ΙΙ
1073 4645 1206 4702 Tim.
1269 4666 1341 4716 ιι,
1395 4651 1498 4708 Tit.
1562 4655 1693 4726 tu)?
1737 4651 1938 4716 Omnes
1987 4675 2115 4733 ergo

539 4727 833 4787 Christiani
897 4743 1152 4806 tauquam
1210 4739 1264 4794 in
1324 4751 1510 4799 sancta
1569 4747 1832 4805 catholica
1875 4727 2114 4810 Ecclesia

542 4822 742 4890 geniti,
781 4825 1100 4882 traditiones
1135 4843 1270 4898 quas
1308 4834 1635 4904 accepimus,
1681 4846 1944 4910 tenemus,
1977 4848 2110 4902 etin

541 4915 648 4970 illis
674 4915 1003 4982 stabilimur,‘
1049 4924 1104 4972 et
1149 4917 1420 4974 novitates
1453 4934 1648 4975 vocum
1678 4923 1998 4994 devitamus,
2038 4942 2124 4984 sc-

538 5007 766 5070 qneu‘les‘
789 5007 1026 5060 divinum
1055 5003 1393 5077 Apostolum.
1418 5009 1484 5064 Et
1506 5017 1771 5082 quotqdot
1789 5015 1887 5084 per
1911 5018 2122 5088 singula

541 5099 786 5161 tempora
816 5095 1086 5152 nobilibus
1124 5097 1378 5155 Patribus
1419 5102 1620 5158 nostris
1661 5105 1932 5162 visa'sunt
1960 5125 2121 5180 supra

541 5179 952 5236 fundamentum
994 5186 1360 5253 apostolorum
1408 5198 1465 5244 ct
1503 5193 1889 5261 prophetarum
1937 5179 2122 5268 super-

542 5263 878 5369 aediﬁcanda,
903 5274 1190 5366 recipimus
1213 5298 1226 5333 :
1250 5289 1314 5336 ea
1337 5298 1468 5343 vero
1491 5276 2110 5369 quaealiterse'babent,

545 5365 606 5409 ut
641 5357 866 5414 inimica
895 5371 950 5416 et
989 5360 1353 5440 impugnantis
1390 5357 1783 5450 exsecramur,
1816 5391 1996 5445 Omnia
2028 5357 2108 5448 vi:

546 5446 1002 5543 delicet"t1tt:e'a'
1037 5463 1282 5525 pessimis
1329 5466 1391 5521 et
1427 5471 1606 5543 impiis
1635 5463 1949 5536 1lueresibus
1984 5500 2120 5540 vane

547 5534 864 5630 deprompta
896 5554 1063 5598 sunt:
1105 5563 1225 5604 cum
1261 5557 1454 5624 quibus
1505 5534 1560 5618 et
1617 5567 1832 5624 noviter
1885 5534 2118 5630 fabrefa-

547 5633 688 5732 ctam
725 5628 1066 5690 Christianos
1100 5639 1468 5702 accusantium
1497 5641 1900 5723 garrulitatem,
1933 5628 2117 5732 utpote

549 5713 661 5774 Deo
709 5721 960 5780 odibil‘em
1000 5729 1344 5790 exsecramur
1382 5741 1772 5804 abominantes.
1808 5747 1977 5820 Porro
1995 5713 2116 5813 rex-

2225 570 2437 617 acutam
2479 563 2784 620 habuerunt
2820 565 2887 619 ad
2924 567 3212 636 quamdam
3255 569 3499 650 fraudem
3534 569 3645 642 [ad
3675 588 3780 643 pec-

2221 652 2453 707 candum
2502 653 2846 727 loquendo],
2900 658 2994 712 sed
3043 667 3098 713 et
3147 674 3367 714 manum
3419 661 3783 731 imperantium

2224 741 2540 798 calumniari
2567 753 2623 798 et
2645 755 2928 815 percutere
2956 735 3255 802 docuerunt
3274 789 3289 814 ,
3316 750 3567 825 dicentes
3592 768 3606 806 :
3634 751 3784 824 lmpe-

2225 834 2440 888 rialium
2476 835 2652 905 legum
2691 837 2959 892 obnoxius
2996 839 3260 894 habeatur
3294 841 3385 910 qui
3425 857 3537 896 non
3575 843 3678 898 illis
3711 861 3785 913 pa-

2225 923 2415 978 ruerit.
2458 924 2538 978 Ex
2587 925 2690 980 hac
2736 925 2902 996 igitur
2946 943 3079 1008 voce
3125 928 3291 984 multa
3342 939 3398 986 et
3451 924 3665 1016 diversa
3709 949 3788 1003 per

2223 1015 2412 1072 orbem
2448 1017 2854 1074 fundebantur:
2909 1019 3202 1098 crudelitas
3256 1015 3658 1090 indeliciente'r,
3702 1027 3787 1084 hoc

2213 1101 2462 1161 'studium
2491 1116 2612 1163 erat
2640 1109 3030 1181 imperantibus
3057 1109 3471 1186 et‘principibus
3500 1104 3625 1185 ejus
3649 1126 3787 1186 atque

2225 1197 2419 1254 alienis
2455 1199 2723 1271 episcopis
2760 1200 2923 1273 [ατη
2953 1203 3186 1275 princip.
3221 1206 3442 1278 et‘ipsis
3477 1207 3790 1262 adversariis

2213 1289 2556 1363 episcopis].
2587 1291 2653 1346 Et
2679 1307 2800 1362 quae
2828 1292 3012 1373 lingua
3043 1304 3222 1369 potest
3260 1287 3375 1354 haec
3406 1300 3633 1377 tragicis
3665 1285 3790 1354 licti-

2222 1379 2326 1436 bus
2364 1384 2665 1438 enarrare?
2706 1371 2862 1440 Unde
2899 1395 3076 1443 autem
3101 1427 3117 1452 ,
3157 1381 3239 1443 vel
3266 1383 3515 1458 qualiter
3552 1375 3788 1462 incipiam

2226 1472 2557 1543 singularum
2583 1475 2760 1530 rerum
2783 1477 2906 1550 hinc
2926 1463 3199 1548 gestarum
3223 1479 3425 1536 referre
3448 1483 3791 1547 turbationes,

2229 1561 2450 1619 timores
2469 1563 2486 1630 ,
2517 1566 2926 1636 persecutiones
2943 1608 2956 1632 ,
2971 1555 2974 1560 ’
2987 1571 3260 1642 custodias
3289 1571 3697 1648 monachorum
3713 1587 3794 1644 per

2228 1653 2480 1710 civitates
2504 1695 2518 1720 ,
2543 1663 2714 1733 atque
2744 1645 2952 1729 ﬂagella
2975 1699 2990 1723 ,
3023 1658 3235 1715 vincula
3264 1648 3452 1717 eorum
3484 1677 3590 1733 per
3619 1646 3794 1718 multos

2227 1747 2448 1814 ‘an‘ms,’
2480 1731 3209 1808 catenas'circumdatorum
3255 1755 3486 1825 pedum,
3533 1771 3792 1832 sacrorum

2941 1882 2956 1908 ,
2981 1837 3230 1910 codicum
3259 1847 3529 1923 ustionem
3549 1887 3574 1926 ,.
3594 1858 3794 1902 sancto-

2226 1944 2346 1985 rum
2393 1929 2715 2001 templorum
2759 1924 3203 2004 profanationcs',
3231 1924 3648 2006 uenerabilium
3695 1955 3793 1994 nio-

2225 2020 2586 2076 nasteriorum
2610 2012 2844 2092 pollutas
2869 2025 3248 2104 translationes
3273 2027 3328 2084 in
3354 2022 3638 2110 saecularia
3665 2047 3798 2086 rete

2224 2104 2436 2182 ptacula
2456 2131 2469 2167 :
2489 2111 2562 2169 ita
2589 2123 2649 2170 ut
2677 2114 3038 2172 inhabitantes
3067 2117 3119 2173 in
3142 2118 3224 2174 eis
3253 2104 3552 2200 reverendi
3567 2122 3674 2192 viri
3693 2132 3798 2194 post

2226 2203 2469 2273 rapinam
2508 2204 2774 2261 bonorum
2805 2199 3043 2262 suorum
3086 2209 3154 2263 ad
3197 2209 3515 2282 barbaricas
3560 2214 3800 2284 regiones

2224 2303 2546 2365 pergerent,
2595 2304 2651 2351 et
2697 2309 2849 2353 more
2897 2299 3195 2368 apostolico
3231 2299 3516 2368 meliorem
3551 2303 3800 2359 ducerent

2225 2383 2423 2450 vitam,
2460 2385 2722 2454 eligentes
2758 2387 2936 2457 potius
2973 2389 3116 2446 inter
3149 2400 3336 2461 gentes
3399 2392 3599 2468 degere
3649 2410 3798 2465 quam

2222 2488 2346 2529 cum
2375 2475 2768 2534 contribulibus
2793 2480 3258 2537 conversationem
3284 2479 3605 2540 Obseoenam
3651 2478 3802 2540 duce-

2224 2575 2326 2631 re;
2375 2567 2558 2622 divino
2604 2567 2919 2625 obedientes
2963 2570 3221 2642 Apostolo
3266 2574 3643 2644 prtecipienti,
3691 2592 3800 2629 cum

2224 2654 2592 2725 hujuscemodi
2622 2674 2724 2714 nec
2751 2659 2928 2716 cibum
2960 2677 3174 2737 sumere
3200 2664 3422 2736 (l'Co'r.
3448 2682 3483 2721 v
3503 2667 3547 2736 ).
3575 2667 3648 2726 Et
3671 2670 3802 2738 quod

2222 2757 2306 2803 est
2334 2749 2524 2804 horum
2553 2751 2793 2806 onmium
2821 2743 3256 2824 atrocissimum,
3289 2757 3417 2828 quia
3437 2759 3613 2837 etiam
3644 2775 3802 2830 usque

2221 2839 2277 2893 iu
2305 2853 2544 2908 ριάξεθηε
2580 2841 2695 2898 lucc
2717 2841 2967 2923 impietas
2991 2845 3388 2922 profanatiouis
3420 2848 3802 2928 venerabilium

2221 2929 2676 3008 monasteriorum
2725 2933 2866 3004 apud
2903 2935 3165 3004 quosdam
3200 2929 3652 3008 praevaricatorie
3686 2954 3801 3008 per-

2220 3003 2404 3075 manet
2430 3038 2444 3076 :
2484 3030 2539 3076 et
2563 3035 2662 3092 pro
2691 3013 3106 3100 sacrisqbymuis
3142 3003 3368 3099 et'voce
3394 3021 3770 3084 exsultationis
3789 3067 3804 3092 ,

2221 3126 2342 3182 quae
2371 3113 2426 3168 in
2464 3101 2828 3173 tabernaculis
2859 3117 3132 3188 iustorum
3162 3113 3340 3190 .liun‘t,
3371 3111 3592 3178 cantica
3633 3113 3802 3178 merc-

2143 3194 2192 3260 C
2225 3206 2382 3262 tricia
2410 3213 2466 3262 et
2493 3210 2748 3266 satanica:
2777 3211 3212 3288 modulationes:
3240 3223 3300 3280 et
3325 3229 3425 3284 pro
3462 3214 3806 3271 creberrimis

2133 3325 2140 3348 ς
2223 3296 2725 3368 genuﬂexiouibus,
2756 3301 3051 3358 saltator-ia:
3087 3305 3487 3389 disputationes
3528 3305 3808 3389 [indesin-

2223 3386 2382 3460 nes].
2417 3387 2553 3446 Cum
2580 3389 2667 3472 his
2696 3401 2876 3448 autem
2907 3393 3148 3465 pericula
3169 3436 3184 3463 ,
3216 3383 3505 3474 tumultum
3524 3437 3541 3464 ,
3573 3383 3809 3455 eamaio-

2223 3480 2451 3548 tionem,
2473 3469 2724 3548 verbera,
2746 3498 2960 3554 pmnas,
2979 3485 3292 3544 orbationes
3313 3471 3606 3556 ~Oculorum
3625 3530 3640 3556 ,
3667 3491 3810 3546 exci-

2224 3573 2408 3629 siones
2437 3574 2648 3628 narium
2667 3615 2684 3641 ,
2715 3572 3086 3634 mutilationes
3114 3569 3415 3652 linguarum
3438 3621 3457 3649 ,
3487 3581 3809 3659 ignominio-

2223 3679 2312 3722 sas
2338 3664 2508 3738 fugas,
2532 3667 2586 3721 id
2612 3671 2697 3722 est
2719 3668 2909 3727 exsilia
2937 3661 3356 3727 reverendorum
3379 3671 3662 3740 virorum,
3688 3674 3808 3743 quia

2155 3805 2164 3812 .
2223 3771 2321 3827 per
2347 3757 2660 3832 universum
2692 3771 2881 3815 ornem
2909 3759 3142 3834 dispersi
3180 3765 3343 3841 sunt;
3375 3772 3696 3839 sanctarum
3729 3755 3811 3818 la-

2223 3843 2428 3900 cierum
2455 3841 2795 3903 adustionem
2813 3889 2830 3915 ,
2854 3849 3209 3907 barbarorum
3238 3852 3511 3932 incendia,
3536 3855 3808 3925 virginum

2221 3941 2346 4005 post
2365 3933 2553 4002 foedus
2581 3937 2797 3993 Christo
2822 3940 3180 4009 promissum,
3220 3942 3468 4014 iniquum
3503 3953 3562 4000 et
3598 3946 3807 4017 violen-

2224 4036 2338 4079 tum
2366 4025 2676 4109 coniugium
2705 4041 2720 4082 :
2753 4037 2808 4084 et
2835 4029 2979 4100 quod
3003 4031 3092 4113 his
3113 4034 3377 4101 omnibus
3409 4045 3496 4114 est
3537 4029 3810 4107 trucva

2225 4111 2333 4171 tius
2357 4106 2383 4182 ,’
2420 4103 2732 4173 homicidia.
2781 4119 2849 4174 Hi
2884 4105 3012 4177 sunt
3046 4113 3254 4180 fructus
3291 4103 3483 4183 contra
3517 4105 3807 4202 veritatem

2223 4207 2584 4278 pervicaciter
2608 4212 3092 4287 contendentium:
3126 4215 3240 4273 haec
3268 4228 3354 4274 est
3379 4221 3603 4275 vesania
3631 4224 3806 4276 niani-

2221 4298 2394 4366 l‘esta,
2431 4309 2488 4356 et
2522 4317 2628 4358 non
2662 4303 2924 4375 judicium
2951 4320 3140 4384 verum
3169 4325 3182 4362 :
3223 4324 3344 4380 quae
3379 4309 3515 4382 vidit
3549 4311 3812 4384 ρευδμξι

2223 4393 2311 4449 bis
2362 4395 2616 4476 omnibus
2670 4397 2940 4454 continuis
2992 4382 3148 4481 malis
3203 4401 3455 4476 liberavit
3492 4382 3810 4480 ,Eeclesiatn

2222 4473 2399 4562 suam.
2429 4488 2496 4544 Et
2523 4489 2690 4561 gloria
2720 4491 2843 4561 ipsi.
2875 4492 3070 4549 Amen.
3099 4475 3178 4550 De
3202 4473 3432 4568 nequam
3463 4506 3650 4555 autem
3677 4475 3812 4572 cou-

2221 4579 2344 4635 silio
2378 4595 2476 4636 suo
2512 4582 2839 4652 contempti,
2875 4597 2909 4636 a
2945 4583 3176 4639 veritate
3211 4595 3532 4657 arguuntur,
3563 4587 3699 4646 dum
3726 4599 3808 4644 ta—

2222 4672 2344 4729 liter
2380 4673 2530 4730 aiunt
2554 4692 2567 4728 :

2623 4785 2905 4860 Gregorius
2931 4793 3201 4866 episcopus
3229 4794 3392 4867 legit:

2299 4914 2319 4948 ι
2351 4895 2644 4952 Deﬁnimus
2680 4907 2859 4952 autem
2897 4910 2953 4956 et
2989 4901 3122 4968 hoc,
3145 4886 3270 4959 non
3299 4886 3501 4964 audere
3528 4910 3804 4985 hominem

2229 5005 2248 5040 ι
2278 4989 2602 5057 quemlibet,
2632 4991 2722 5058 qui
2754 4991 3006 5048 Ecclesia:
3043 4993 3139 5050 Dei
3175 5007 3269 5052 aut
3297 5002 3590 5058 venerabili
3617 4987 3807 5062 domui

2231 5095 2251 5130 ι
2279 5079 2508 5149 praeest,
2541 5083 2647 5137 sub
2671 5083 2894 5139 obtentu
2919 5085 3308 5148 ‘d'iminutionis
3344 5092 3466 5149 talis
3503 5095 3806 5166 imaginum

2228 5189 2247 5222 ί
2275 5173 2479 5228 erroris
2525 5165 2741 5230 mittere
2791 5189 2981 5232 manus
3025 5175 3154 5236 suas
3201 5180 3254 5236 in
3288 5195 3474 5239 sancta
3513 5165 3640 5242 vasa
3680 5205 3806 5262 quae

2228 5277 2248 5312 ι
2275 5273 2400 5317 sunt
2447 5264 2555 5320 Deo
2603 5266 2888 5335 deputata,
2927 5285 3093 5325 causa
3135 5267 3493 5331 transferendi
3530 5295 3594 5334 ea
3627 5280 3686 5335 in
3731 5284 3808 5337 si-

2226 5367 2246 5400 t
2275 5351 2510 5408 mulacra
2544 5353 2697 5424 [ανδ
2731 5356 2784 5412 in
2813 5357 2943 5414 alios
2970 5373 3121 5444 usus,
3149 5365 3292 5433 quod
3319 5363 3620 5442 simulacris
3647 5370 3807 5444 depi-

2226 5456 2244 5490 ι
2272 5450 2355 5496 cta
2381 5443 2489 5498 sint
2512 5443 2553 5516 ].
2586 5455 2606 5498 ν
2970 5443 2974 5446 ’
3015 5443 3019 5448 ’
3261 5457 3267 5463 ‘
3657 5453 3663 5456 ’

2599 5561 2928 5634 Epiphanius
2957 5567 3214 5622 diaconus
3242 5569 3405 5640 legit:

2289 5670 2415 5728 llaec
2462 5689 2556 5730 ora
2602 5691 2709 5732 non
2759 5680 3064 5737 timentium
3114 5684 3396 5740 Dominum
3444 5697 3793 5742 eructarunt.

2219 5760 2346 5820 Oltis
2371 5767 2514 5821 enim
2541 5783 2726 5822 eorum
2755 5773 2845 5824 uni
2872 5774 3070 5830 habent
3096 5779 3276 5830 divino
3303 5781 3495 5831 timore
3520 5771 3798 5836 ron-lixam
