3916 5572
148 406 240 462 437

873 410 1424 501 lNTEliPRETATlO
1461 411 1709 469 SYNODI
1747 410 1838 467 VII
1873 409 2279 469 GENERALIS.
2319 441 2390 454 —
2422 409 2626 467 ACTIO
2663 409 2750 464 VI.

3279 407 3386 462 εδδ

150 526 413 583 mentem,
468 535 532 573 ea
579 537 694 590 qttze
734 521 845 576 Deo
883 533 1008 576 sunt
1045 525 1326 594 deputata,
1367 509 1714 594 phrsumerct
1744 530 1789 588 Α
1817 539 1924 588 ras,
1955 531 2033 580 sic
2072 524 2213 597 [σω
2245 528 2586 599 ipsiqudque
2613 525 2714 598 sic]
2744 523 2949 594 operati
2977 532 3120 587 sunt,
3152 523 3205 577 in
3239 535 3387 578 com-

151 608 411 663 idolorum
447 611 704 666 vocabulo
733 628 1076 682 nuncupare,
1108 614 1232 667 licet
1268 613 1492 667 nimium
1530 613 1610 666 sit
1637 613 1716 666 in-
1746 626 1757 635 ’

147 701 329 755 doctus
377 717 448 756 ac
491 703 966 774 'indisciplinatus?
1000 706 1102 760 nisi
1143 705 1281 761 forte
1318 706 1518 762 oblitus
1556 706 1720 763 fuerit

149 791 320 860 magni
370 799 427 845 et
472 792 724 848 salutaris
770 795 1048 865 mysterii,
1099 795 1243 864 quod
1290 795 1434 850 Deus
1483 794 1716 850 Verbum

147 896 302 936 carne
340 882 640 938 adveniens
674 885 726 938 in
767 885 923 940 nobis
949 891 1203 955 operatus
1232 896 1347 951 est,
1387 900 1583 941 erueus
1619 900 1718 941 nos

145 974 205 1024 ab
233 970 504 1027 idolorum
537 989 743 1029 errore.
776 974 908 1029 Nam
934 975 1222 1031 simulacra
1251 989 1446 1030 vocare
1487 976 1578 1031 Dei
1605 975 1719 1031 cul-

148 1065 353 1119 toribus
387 1066 560 1122 moris
596 1074 679 1122 est
713 1067 994 1138 gentilium
1025 1067 1186 1122 idola.
1217 1068 1356 1123 Vere
1385 1068 1500 1124 lucc
1529 1081 1717 1123 eorum

143 1163 292 1218 sunt,
339 1155 431 1224 qui
479 1171 548 1210 ex
595 1165 739 1211 terra
781 1157 1127 1228 garrulitates
1171 1167 1504 1228 provocant,
1550 1166 1607 1212 et
1650 1156 1716 1210 de

142 1254 324 1299 ventre
358 1261 550 1300 eorum
591 1247 1060 1316 pronuntiationes
1095 1248 1358 1313 eliciunt,
1392 1247 1483 1317 qni
1514 1246 1715 1301 saturi-

138 1336 336 1391 tatibus
362 1336 749 1393 stercoralibns
773 1339 1046 1410 conceptis
1062 1380 1078 1404 ,
1103 1339 1350 1410 putridas
1375 1338 1716 1408 evaporatio-

140 1443 230 1481 nes
285 1429 488 1483 mentis
527 1429 822 1495 emittens,
874 1443 1105 1486 vesanus
1137 1434 1193 1484 et
1231 1429 1482 1500 phrenesi
1531 1436 1716 1498 captos

137 1521 334 1577 discit.
367 1521 526 1578 Unde
549 1531 606 1577 et
635 1521 913 1577 inferunt:

525 1628 812 1704 Gregorius
850 1632 1122 1703 cpiscopus
1160 1630 1326 1698 legit:

207 1761 231 1794 α
259 1741 366 1797 Sed
398 1757 499 1798 nec
527 1743 583 1798 in
618 1756 827 1808 vestes,
861 1753 953 1799 aut
986 1744 1090 1798 alia
1117 1743 1231 1800 vela
1253 1785 1270 1808 ,
1302 1743 1382 1798 vel
1412 1742 1556 1798 aliud
1587 1741 1717 1811 quid

141 1853 159 1885 ι
189 1844 572 1889 consecratum
600 1837 652 1890 in
677 1851 892 1892 sacrum
924 1833 1285 1892 ministerium
1307 1875 1323 1897 ,
1356 1849 1424 1890 ne
1451 1833 1715 1888 iuutilitas

145 1941 163 1973 ι
206 1924 264 1978 in
294 1923 382 1978 illa
410 1924 692 1980 eﬁiciatur.
733 1942 753 1975 ι

512 2031 838 2103 Epiphanius
873 2036 1130 2090 diaconus
1169 2000 1334 2104 legite

203 2144 570 2200 Detrahentes
607 2154 662 2199 et
702 2146 1081 2207 deliberantes.
1127 2145 1270 2215 quod
1315 2143 1456 2199 male
1495 2141 1720 2211 recipiat

139 2236 460 2308 imaginales
504 2237 744 2305 picturas
776 2237 1018 2294 Ecclesia
1070 2245 1400 2301 sanctorum,
1441 2235 1616 2304 turpia
1663 2241 1720 2289 et

136 2325 276 2381 idola
335 2336 392 2383 et
442 2327 733 2382 simulacra
786 2329 886 2384 has
933 2327 1308 2398 appellantes;
1381 2341 1523 2381 nunc
1573 2324 1722 2380 velut

84 2431 91 2437 '
134 2418 282 2472 obliti
317 2433 431 2473 sua:
471 2418 718 2474 scelesta:
759 2418 1058 2481 sementim,
1110 2418 1221 2472 base
1251 2420 1510 2472 manenda
1540 2416 1593 2472 in
1623 2415 1722 2470 Ec-

137 2503 301 2557 clesia
338 2512 614 2571 tamquam
644 2504 754 2559 Deo
783 2512 1097 2560 consecrata
1135 2503 1395 2573 iudicant.
1417 2503 1503 2557 'Et
1531 2504 1574 2558 si
1605 2504 1715 2558 Deo

133 2599 560 2656 consecrantur,
592 2592 862 2660 quomodo
917 2592 1092 2663 turpia
1140 2602 1286 2658 sunt,
1337 2599 1395 2648 et
1439 2591 1715 2648 diabolica:

134 2678 594 2736 adinventiones?
650 2682 758 2736 Sed
805 2689 1012 2737 certum
1060 2683 1330 2751 estquod
1376 2682 1593 2753 Caiphae
1644 2683 1714 2738 sit

133 2771 408 2827 sententia
435 2770 627 2843 (Joan.
647 2789 704 2827 ιι
721 2775 760 2841 ).
785 2773 877 2829 Ille
907 2773 1051 2828 enim
1075 2773 1280 2828 malitia
1305 2774 1519 2844 quidem
1565 2773 1716 2829 Chri-

129 2870 279 2916 stum
312 2864 540 2928 occidit,
568 2864 865 2933 ignorantia
895 2879 1024 2920 vero
1045 2870 1174 2920 vera
1201 2865 1405 2931 dicens,
1434 2865 1577 2920 hunc
1601 2864 1716 2919 Sal-

134 2961 377 3008 vatoretn
402 2949 624 3008 humani
647 2954 856 3024 generis
876 2956 1250 3011 conﬁtebatur.
1273 2955 1348 3010 lta
1371 2964 1427 3011 et
1447 2955 1544 3026 ipsi
1567 2955 1716 3010 simi-

133 3045 211 3100 les
233 3046 286 3100 ei
321 3044 488 3112 lacti,
519 3045 721 3100 malitia
759 3047 977 3116 quidem
1002 3062 1243 3103 errorem
1262 3088 1278 3113 ,
1308 3057 1364 3102 et
1393 3047 1675 3103 simulacra
1695 3087 1712 3112 ,

128 3145 186 3188 et
236 3136 454 3206 turpia,
501 3145 559 3191 et
601 3136 850 3191 diabolici
901 3137 1202 3207 argumenti
1246 3136 1712 3202 adinventionem,

1817 631 2008 671 mttnes
2033 617 2219 672 domos
2253 627 2308 673 et
2331 617 2519 673 balnea
2547 625 2707 686 atque
2734 616 2943 670 theatra
2967 614 3083 669 haec
3112 622 3383 668 transnm-
3474 637 3476 639 ν

1817 714 1993 762 tantes
2023 724 2037 773 ;
2066 717 2121 762 et
2147 707 2418 777 quondam
2465 717 2650 764 sancta
2691 703 2888 763 horum
2935 703 3138 774 judicio
3182 702 3384 774 polluta

1815 806 1973 863 sunt,
2009 807 2063 854 et
2089 797 2380 870 gloriantes
2407 796 2556 852 aium
2583 814 2600 852 :
2630 819 2639 833 ι

2200 909 2478 984 Gregorius
2515 912 2780 982 episcopus
2825 911 2943 982 legit
2977 924 2996 960 :

1825 997 1912 1070 ’γε
1947 1016 2052 1080 llis,
2085 1029 2263 1075 autem
2307 1021 2444 1077 bene
2499 1019 2736 1087 habitis,
2783 1031 2943 1092 atque
2988 1005 3160 1088 gratia
3208 1016 3384 1094 divina

1821 1130 1840 1161 ι
1877 1108 2137 1177 ﬁrmatis,
2179 1111 2385 1180 justum
2429 1111 2785 1184 indicavimus
2809 1152 2827 1177 ,
2880 1111 2983 1165 hoc
3023 1101 3289 1164 eatltolico
3324 1121 3386 1194 ac

1822 1219 1841 1252 ι
1879 1199 1988 1258 Deo
2008 1201 2253 1271 placente
2272 1203 2474 1272 scripto
2498 1215 2684 1261 nostro
2705 1197 3041 1257 deﬁuitiOnes
3066 1197 3294 1270 capitula
3305 1214 3389 1252 res

1823 1310 1841 1344 ε
1879 1309 2148 1363 exponere
2191 1312 2205 1348 :
2246 1295 2502 1364 quoniam
2547 1305 2623 1354 et,
2651 1311 2748 1350 nos
2797 1283 3388 1370 putamns‘apostolice

1823 1404 1842 1437 ι
1877 1386 2058 1441 dicere
2102 1385 2151 1457 (Ι
2175 1384 2299 1441 Cor.
2325 1386 2422 1457 vn)
2451 1404 2464 1439 :
2494 1385 2586 1442 sed
2615 1395 2670 1441 et
2693 1377 2962 1441 credimus
3005 1398 3101 1438 nos
3129 1375 3386 1452 Spiritum

1823 1495 1841 1529 ι
1879 1476 2079 1534 Christi
2112 1478 2346 1541 habere;
2394 1487 2450 1533 et
2495 1478 2636 1533 sicut
2675 1487 3043 1556 antecessores
3089 1472 3256 1556 nostri
3297 1471 3387 1540 qui

1821 1584 1842 1618 ι
1878 1565 1932 1622 in
1964 1567 2138 1638 ipsum
2159 1567 2536 1632 crediderunt,
2570 1565 2814 1637 quadam
2853 1553 3103 1636 synodico
3133 1553 3390 1638 deﬁnien-

1822 1675 1841 1710 ι
1881 1667 1961 1714 tes
1997 1658 2160 1713 locuti
2211 1667 2374 1724 sunt,
2422 1666 2479 1713 et
2505 1657 2618 1712 nos
2642 1655 2912 1712 credimus
2942 1654 2994 1708 in
3028 1653 3242 1722 ipsum,
3295 1665 3390 1719 per

1822 1763 1842 1798 ι
1878 1760 2039 1817 quem
2085 1740 2354 1815 loquimur
2392 1741 2638 1818 [propter
2671 1740 2812 1816 quod
2840 1737 3020 1798 etiam
3058 1739 3189 1812 loq.]
3224 1755 3238 1792 :
3271 1737 3391 1808 post

1822 1851 1842 1886 ε
1877 1834 2134 1904 quasdam
2163 1849 2281 1904 ane
2327 1828 2609 1904 praeoptat
2635 1843 2793 1896 sunt,
2836 1833 3039 1904 patrias
3087 1829 3227 1904 [(3r.,
3255 1847 3390 1910 pr.:_-

1737 1903 1786 1964 Β
1818 1943 1836 1978 t
1870 1903 2150 1980 mittentur
2177 1903 2315 1997 βίης]
2365 1903 2724 1990 deﬁnitiones,
2754 1903 3146 1996 consequenter
3179 1931 3231 1976 et
3259 1903 3389 1976 con-

1818 2035 1838 2070 ι
1874 2018 2111 2074 corditcr
2136 2033 2257 2088 qua:
2287 2015 2442 2073 nobis
2473 2011 2748 2096 videntur,
2778 2013 3172 2071 deﬁnientes}

2193 2149 2520 2222 Epiphanius
2553 2152 2806 2206 diaconus
2834 2151 2953 2221 legit
2984 2167 3004 2205 :

1884 2257 2067 2316 Multis
2111 2267 2162 2315 et
2213 2257 2383 2317 variis
2437 2259 3020 2332 superius'deliratis,
3067 2259 3392 2329 pravitatem

1810 2351 1969 2405 suam
1994 2361 2248 2420 expresse
2273 2351 2702 2422 pronuntiantes,
2723 2358 2786 2408 .et
2817 2351 2870 2405 in
2911 2349 3078 2404 multa
3103 2349 3247 2404 hanc
3275 2347 3388 2402 dis-

1813 2441 2130 2510 pertientes,
2159 2439 2476 2510 semetipsos
2522 2439 2795 2510 magistris
2827 2439 3080 2520 Ecclesia:
3106 2440 3390 2520 cumquare

1815 2531 2092 2596 nituntur,
2139 2540 2195 2586 et
2241 2546 2365 2588 cum
2412 2531 2586 2588 sacris
2627 2543 2814 2586 eorum
2851 2513 3098 2585 a'ﬁ‘atibus
3135 2514 3392 2584 scelestas

1814 2621 2156 2678 deﬁnitiones
2176 2637 2304 2678 suas
2323 2630 2638 2694 arroganter
2657 2630 3033 2688 annumeraut,
3054 2621 3392 2677 mendacium

1815 2709 2031 2766 veritati
2060 2711 2414 2766 commiscere
2439 2710 2702 2777 volentes,
2739 2719 2793 2766 et
2818 2697 3211 2780 quodammodo
3237 2708 3393 2764 melle

1817 2801 2039 2856 haustus
2069 2801 2354 2870 pestiferos
2387 2809 2770 2872 temperantes.
2813 2799 2920 2856 Sed
2946 2800 3038 2871 qui
3063 2799 3266 2870 Spiritu
3297 2799 3391 2853 Dei

1817 2897 2068 2960 aguntur,
2113 2891 2256 2960 quod
2298 2890 2491 2946 melius
2519 2899 2606 2945 est
2645 2905 2678 2945 a
2720 2888 2902 2962 peiore
2936 2891 3290 2956 discernunt,
3337 2899 3392 2944 et

1815 2975 2150 3058 quaecunque
2181 2979 2266 3050 pie
2293 2989 2546 3051 tanquam
2569 2994 2599 3034 a
2627 2980 2830 3035 sanctis
2847 2979 3099 3035 Patribus
3121 2987 3245 3034 ante
3267 2989 3392 3034 sunt

1816 3069 2035 3124 deﬁnita
2065 3111 2080 3136 ,
2130 3071 2396 3142 recipiunt
2431 3090 2444 3125 :
2476 3085 2809 3142 quacunque
2854 3086 2981 3125 vero
3023 3062 3277 3140 perverse
3325 3067 3394 3122 ab

1816 3159 1904 3216 his
1925 3161 2066 3216 dicta
2091 3169 2232 3223 sunt,
2261 3160 2450 3216 oﬁ'ensi
2482 3161 2796 3215 retundunt.
2825 3159 2927 3232 lpsi
2955 3161 3097 3215 enim
3126 3158 3394 3231 falsiloqui

129 3224 432 3296 imaginum
463 3225 692 3298 eﬁigiem
724 3226 946 3283 dicunt:
988 3227 1232 3284 nolentes
1267 3236 1451 3284 autem
1481 3237 1537 3284 et
1563 3244 1594 3284 a
1623 3243 1715 3285 ve-

1822 3251 2146 3306 couﬁtentur
2187 3251 2402 3322 quidem
2447 3265 2505 3306 se
2537 3265 2697 3306 nosse
2729 3224 2898 3304 Deum
2923 3291 2936 3314 ,
2981 3251 3080 3306 sed
3127 3266 3157 3305 a
3201 3250 3393 3306 semita

131 3318 297 3374 ritate
338 3320 612 3383 convicti,
645 3334 798 3375 sacra
848 3320 964 3376 haec
993 3329 1050 3376 et
1096 3321 1205 3377 Deo
1249 3321 1425 3378 dicata
1467 3320 1713 3376 conﬁteri

127 3419 425 3480 cogantur,
455 3419 515 3464 et
562 3411 616 3465 in
665 3411 886 3480 laqueos
923 3413 1260 3482 propriarum
1308 3412 1714 3467 contentionum

126 3499 398 3556 incidunt.
433 3500 592 3557 Unde
613 3502 720 3558 eos
749 3501 841 3572 qui
882 3509 1181 3572 sequuntur
1222 3501 1342 3557 illos
1379 3501 1712 3567 deridentes,

127 3588 488 3662 ailoquuntur
502 3609 527 3646 -:

548 3697 832 3774 Gregorius
860 3704 1130 3774 episcOpus
1158 3703 1321 3775 legit:

199 3833 221 3867 ι
258 3814 317 3870 Si
362 3829 499 3870 vero
542 3814 665 3885 quis
707 3829 737 3869 a
782 3815 892 3871 Deo
931 3824 1149 3888 accepta
1190 3813 1446 3888 virtute,
1486 3813 1717 3869 voluerit

127 3924 146 3956 ι
181 3905 489 3960 transferre
515 3905 704 3960 eadem
733 3920 856 3960 vasa
891 3905 975 3960 vel
1004 3905 1202 3976 pallas,
1233 3919 1339 3958 non
1367 3904 1566 3958 audere
1593 3920 1714 3959 eum

127 4015 146 4048 ι
181 3998 397 4065 absque
423 3997 652 4051 consilio
679 4005 736 4051 et
764 3997 955 4052 notitia
987 3996 1315 4051 sanctissimi
1343 4005 1398 4051 ct
1423 3995 1714 4050 beatissimi

129 4103 146 4134 ι
183 4085 519 4140 universalis
547 4085 872 4154 patriarcha:
899 4126 913 4150 ,
947 4101 1009 4140 ac
1051 4087 1410 4156 praeceptione
1448 4087 1716 4154 piissimo-

126 4193 145 4224 ι
184 4189 313 4228 mm
344 4183 402 4228 et
429 4175 728 4228 amicorum
761 4173 959 4229 Christi
991 4174 1375 4244 imperatorum
1408 4183 1712 4228 nostrorum

125 4285 144 4316 ι
180 4266 294 4320 hoc
318 4280 500 4336 agere,
526 4280 592 4320 ne
620 4266 719 4320 bac
745 4267 1029 4322 occasione
1058 4265 1300 4320 diabolus
1322 4265 1593 4321 Ecclesias
1619 4265 1715 4320 Dei

125 4373 143 4404 α
177 4354 440 4410 bumiliet
473 4372 486 4408 :
515 4356 608 4410 sed
638 4371 740 4410 nec
765 4371 1090 4424 quemquam
1121 4355 1455 4425 principum,
1495 4355 1580 4410 vel
1618 4370 1712 4410 eo-

124 4465 144 4495 ‹
181 4460 312 4499 rum
343 4447 436 4516 qui
481 4446 610 4516 ipsis
641 4441 900 4510 subsunt,
933 4446 984 4499 id
1010 4454 1095 4501 est
1120 4445 1323 4500 laicalis
1347 4445 1584 4510 ordinis,
1613 4444 1713 4499 hu-

125 4554 143 4586 c
173 4536 423 4605 jusmodi
451 4537 733 4591 occasione
761 4536 1050 4590 immittere
1075 4549 1293 4589 manum
1313 4536 1367 4590 in
1391 4535 1568 4589 divina
1586 4543 1711 4588 tem—

125 4646 144 4677 ι
184 4628 281 4699 pla
303 4669 317 4693 ,
350 4637 407 4682 et
437 4629 550 4682 haec
579 4629 895 4698 captivare;
929 4626 1380 4696 quemadmodum
1421 4641 1451 4692 a
1493 4625 1711 4696 quibus-

124 4737 143 4766 ι
180 4719 317 4771 dam
360 4718 451 4786 qui
496 4719 798 4774 inordinate
845 4716 1226 4782 ambulabant,
1268 4718 1392 4770 ante
1429 4715 1540 4784 jam
1585 4714 1712 4768 talia

126 4823 145 4855 ι
183 4805 338 4860 facta
374 4815 517 4862 sunt.
557 4827 576 4860 ι

525 4913 852 4986 Epiphanius
882 4915 1134 4970 diaconus
1159 4914 1279 4986 legit
1310 4929 1329 4966 :

187 5027 343 5094 Quis
371 5042 476 5082 non
501 5028 739 5084 derideat
765 5067 783 5094 ,
821 5027 930 5084 imo
955 5028 1280 5084 lamentetur
1307 5037 1468 5099 super
1496 5031 1597 5086 hac
1635 5033 1712 5088 le-

117 5119 452 5191 gislatione?
483 5119 701 5192 Propter
718 5121 846 5175 huic
877 5121 1023 5175 enim
1051 5121 1339 5189 vaniloqua
1367 5122 1528 5176 verba
1560 5124 1714 5179 multi

121 5219 345 5265 temere
372 5218 828 5282 praesumpserant
863 5217 1054 5277 graves
1089 5209 1228 5282 [Cr.,
1259 5209 1487 5283 Briarei]
1526 5221 1714 5270 manus

121 5298 431 5354 immittere
455 5299 504 5353 in
537 5311 750 5360 sacrata
779 5315 928 5363 vasa,
959 5301 1028 5354 ab
1055 5302 1182 5371 ipsis
1216 5301 1464 5358 videlicet
1490 5315 1713 5361 munem-

121 5398 213 5444 tes
267 5390 628 5449 excusationes
679 5409 694 5447 :
752 5390 915 5445 facile
956 5405 1185 5460 namque
1235 5391 1437 5447 malitia
1491 5395 1711 5452 labitur.

1815 3356 1936 3412 qua:
1968 3342 2114 3398 ducit
2144 3341 2209 3396 ad
2237 3341 2442 3412 regiam
2485 3341 2631 3396 ‘viam
2661 3341 2985 3405 exorbitant,
3017 3340 3241 3396 silicem:
3272 3340 3395 3394 ﬁdei

1817 3438 2018 3484 nostrai
2050 3429 2463 3484 verbamalitia:
2501 3441 2710 3485 veneno
2744 3429 3066 3494 inﬁcientes,
3097 3437 3151 3484 et
3177 3444 3286 3484 suae
3314 3431 3395 3483 in-

1815 3520 2057 3576 scientia:
2082 3518 2268 3576 aﬁines
2297 3520 2557 3575 habentes
2596 3519 3007 3576 haeresiarchas.
3044 3517 3176 3573 Nam
3206 3527 3263 3574 et
3292 3519 3392 3588 ipsi

1814 3609 1967 3679 plura
1992 3609 2245 3664 Ecclesia:
2273 3608 2549 3666 catholica:
2576 3623 2812 3665 consona
2838 3615 3130 3688 sapnerunt
3161 3625 3173 3661 :
3207 3622 3394 3663 verum

1816 3703 1870 3759 in
1900 3719 2008 3759 uno
2031 3704 2114 3758 vel
2143 3704 2351 3760 duobus
2379 3702 2839 3772 ,pravaricantes,
2878 3701 3237 3757 anathematis
3275 3713 3392 3770 pm;-

1816 3807 1942 3848 nam
1981 3793 2156 3848 sortiti
2189 3800 2333 3848 sunt.
2360 3793 2493 3849 Cum
2530 3792 2726 3862 quibus
2766 3791 3070 3861 portionem
3116 3788 3392 3853 consecuti

1815 3891 1943 3940 sunt
1967 3883 2023 3940 bi
2048 3884 2141 3955 qui
2166 3883 2291 3938 talia
2319 3883 2522 3938 lantur.

2223 4013 2506 4087 Gregorius
2533 4005 2799 4086 episcopus
2826 4013 2946 4083 legit
2973 4030 2992 4068 :

1890 4146 1908 4179 ι
1943 4126 2001 4182 Si
2033 4126 2154 4196 quis
2195 4140 2301 4181 non
2339 4126 2626 4182 conﬁtetur
2663 4112 2955 4182 secundum
2991 4123 3314 4193 apostolicas
3339 4134 3394 4178 et

1821 4235 1842 4270 ι
1879 4226 2135 4288 paternas
2161 4218 2501 4286 traditiones,
2541 4219 2595 4273 in
2637 4217 2800 4274 Patre
2841 4226 2898 4274 et
2942 4217 3080 4273 Filio
3105 4225 3162 4272 et
3187 4215 3393 4284 Spiritu

1820 4326 1841 4360 ‹
1877 4317 2064 4363 sancto
2083 4323 2244 4362 unam
2268 4308 2544 4371 deitatem,
2567 4315 2813 4361 naturam
2835 4315 2996 4376 atque
3013 4305 3390 4368 substantiam,

1820 4413 1841 4447 ‹
1880 4396 2209 4450 voluntatem
2239 4404 2295 4450 et
2321 4395 2723 4467 operationem,
2765 4393 3015 4447 virtutem
3054 4403 3109 4447 et
3144 4392 3390 4447 domina-

1821 4503 1842 4538 ι
1881 4487 2102 4550 tionem,
2131 4499 2352 4555 regnum
2381 4493 2434 4540 et
2463 4490 2786 4552 potestatem
2815 4481 2870 4537 in
2901 4481 3070 4537 tribus
3094 4480 3393 4537 subsisten‘.

1743 4587 1790 4648 ι)
1821 4595 1840 4629 ι
1879 4577 1990 4641 tiis,
2015 4577 2069 4632 id
2094 4585 2177 4631 est
2211 4575 2456 4645 personis
2480 4573 3150 4646 gloriﬁcatis,’anathema.
3184 4571 3238 4625 Si
3269 4572 3392 4641 quis

1821 4686 1840 4718 ι
1879 4671 1984 4720 non
2013 4665 2302 4721 conﬁtetur
2337 4680 2502 4719 unum
2537 4664 2612 4719 'de
2646 4671 2834 4718 sancta
2877 4661 3146 4718 Trinitate
3169 4701 3185 4726 ,
3230 4662 3286 4716 id
3308 4671 3393 4716 est

1822 4775 1843 4810 ι
1877 4755 2071 4812 Filium
2101 4755 2333 4810 Verbum
2367 4755 2460 4810 Dei
2500 4763 2557 4810 et
2596 4751 2795 4816 Patris,
2832 4752 3114 4808 Dominum
3143 4749 3394 4806 videlicet

1823 4866 1844 4902 ι
1876 4851 2120 4904 nostrum
2150 4845 2334 4904 .l‘cs'u’tn
2361 4847 2661 4912 Christum,
2693 4853 2818 4901 ante
2841 4845 3034 4902 saacula
3061 4842 3277 4915 quidem
3303 4859 3394 4913 ge-

1818 4956 1842 4995 t
1877 4941 2048 4996 nilum
2081 4940 2372 4998 secundum
2401 4939 2762 5002 divinitatem,
2795 4936 2849 4990 in
2880 4937 3190 4993 novissimis
3215 4939 3392 4988 autem

1823 5050 1842 5084 ι
1878 5031 2065 5089 diebus
2093 5033 2339 5090 eumdem
2376 5041 2600 5102 propter
2641 5029 2867 5086 salutem
2906 5034 3146 5088 nolstram
3175 5029 3398 5083 desectu-

1821 5139 1840 5174 ι
1877 5120 2023 5179 diSse
2050 5125 2117 5180 de
2145 5123 2321 5186 ctelis,
2348 5130 2404 5175 et
2432 5119 2769 5178 incarnatum
2802 5131 2870 5172 ex
2899 5117 3104 5190 Spiritu
3134 5126 3322 5174 sancto
3346 5125 3403 5169 ct

1823 5231 1840 5264 ι
1877 5210 2042 5269 Maria
2072 5228 2287 5285 semper
2311 5211 2558 5281 Virgine,
2584 5219 2640 5267 et
2663 5222 2728 5264 ex
2772 5220 2838 5261 ea
2867 5220 3056 5268 natum
3087 5217 3247 5281 super
3281 5221 3398 5261 om-

1821 5317 1840 5352 t
1879 5315 2004 5356 nem
2057 5311 2248 5360 sensus
2276 5301 2499 5358 humani
2548 5294 2938 5368 capacitatem,
2977 5296 3294 5357 anathema!
3344 5294 3400 5346 Si

1820 5409 1839 5442 ι
1873 5393 1996 5460 quis
2019 5402 2129 5449 non
2159 5392 2445 5449 conﬁtetur.
2467 5389 2637 5447 Deum
2659 5393 2778 5442 'esse
2800 5391 3100 5449 'secundum
3125 5389 3402 5446 veritatem

3099 5499 3108 5508 ι
3163 5483 3403 5516 antu-lam
