3980 6296
577 354 684 410 459

1755 364 2109 423 ANASTASII
2149 366 2686 424 BlBLlOTllECAllll
2731 417 2733 420 x

3707 365 3808 421 διο

554 482 601 512 ει
642 463 816 527 Verbo
845 465 986 533 quod
1013 474 1096 521 est
1123 483 1188 540 ex
1234 469 1344 524 Deo
1380 469 1541 525 Patre
1568 510 1582 537 ,
1625 481 1787 542 atque
1827 491 1990 530 unum
2019 491 2138 532 esse
2164 483 2212 540 Α
2242 489 2300 533 ut
2318 480 2644 537 exclamaret
2669 482 3037 538 characterem
3060 478 3371 536 substantia:
3392 477 3568 532 Patris
3587 477 3800 532 Filium.

580 579 601 605 ι
637 551 911 612 Christum
943 569 1066 612 cum
1092 573 1254 614 carne
1281 574 1406 634 sua,
1449 561 1696 618 eumdem
1734 565 1938 620 scilicet
1967 567 2140 636 ipsum

557 663 600 696 .1
635 643 804 716 Deum
841 646 998 714 simul
1025 657 1079 703 et
1107 649 1750 717 hominem,xanathema!
1799 655 1858 711 Si
1883 657 2005 727 quis
2033 673 2138 713 non

580 751 602 783 ι
640 734 926 790 conﬁtetur
950 737 1156 792 Domini
1186 754 1408 798 carnem
1436 741 1702 798 vi‘vilicam
1746 758 1894 810 esse,
1937 755 1991 801 et
2016 761 2136 816 pro-

579 842 598 875 s
637 826 808 894 priam
853 827 1090 904 ejusdem
1138 828 1300 886 Verbi
1346 832 1488 900 quod
1535 844 1620 890 est
1656 849 1722 890 ex
1749 835 1930 903 Patre,
1959 837 2052 893 sed
2081 847 2140 893 ut

559 933 597 988 ~c
635 913 858 971 alterius
877 918 1149 999 cujusdam
1177 929 1372 988 praeter
1392 935 1451 976 se
1473 923 1574 976 sibi
1596 925 1816 993 quidem.
1834 925 2020 982 sociati
2043 941 2140 996 per

552 1020 597 1078 ps
637 1004 971 1083 dignitatem,
1003 1006 1171 1083 idest
1195 1015 1254 1064 ut
1280 1009 1449 1064 solam
1485 1011 1721 1068 divinam
1749 1014 2136 1070 habitationem

577 1113 596 1146 ο
633 1095 878 1153 habentis
903 1138 920 1165 ,
967 1109 1024 1154 et
1065 1115 1172 1155 non
1217 1102 1396 1171 potius
1440 1101 1602 1158 etiam
1645 1103 2002 1160 vivitieantem
2027 1145 2044 1172 ,
2077 1114 2138 1159 ut

575 1203 594 1235 ι
618 1185 887 1264 diximus,
917 1189 1040 1258 quia
1075 1188 1577 1264 factaestlpropria
1606 1192 1764 1248 Verbi
1792 1195 1972 1249 omnia
2003 1195 2137 1250 vivi»
2227 1233 2229 1236 ι

576 1292 596 1325 ι
632 1274 798 1332 lic'are
822 1278 1069 1344 valentis,
1100 1281 1414 1336 anathema!
1471 1282 1527 1338 Si
1559 1283 1679 1353 quis
1713 1300 1818 1339 non
1848 1288 2136 1342 conlltetur

574 1387 593 1418 ι
629 1367 684 1422 ἰη
711 1383 819 1424 uno
847 1369 1062 1442 Christo
1089 1386 1217 1426 vero
1259 1373 1370 1444 Deo
1410 1359 1593 1429 nostro
1631 1374 1764 1430 duas
1808 1384 2051 1443 naturas,
2079 1387 2135 1433 et

571 1475 591 1508 ι
627 1457 762 1514 duas
785 1461 1058 1517 naturales
1083 1461 1404 1530 voluntates,
1432 1473 1499 1520 et‘
1519 1466 1651 1520 duas
1689 1457 1964 1526 naturales
2007 1465 2134 1538 ope-

545 1566 589 1620 _¢
630 1549 865 1606 rationes
895 1555 1434 1624 eommunicabiliter,
1460 1557 1911 1628 inseparabiliter,
1947 1541 2134 1614 incon-

569 1658 588 1690 ι
625 1641 958 1706 vertibiliter,
987 1643 1216 1700 indivise
1257 1654 1311 1700 et
1341 1646 1623 1702 inconl'u’se
1665 1648 1956 1702 secundum
2005 1663 2134 1703 san-

567 1747 587 1780 t
620 1738 829 1786 ctorum
871 1731 1084 1787 Patrum
1126 1735 1515 1806 magisterium,
1552 1737 1868 1792 anathema!
1924 1736 1982 1791 Si
2009 1738 2128 1807 quis

567 1838 588 1872 ι
623 1837 731 1877 non
756 1824 1042 1881 conﬁtetur
1062 1826 1344 1882 Dominum
1369 1837 1612 1884 nostrum
1640 1827 1823 1885 Iesum
1852 1828 2124 1886 Christum

567 1927 587 1963 ι
620 1926 742 1967 cum
773 1917 1160 1987 assumptione,
1188 1918 1242 1973 id
1267 1928 1350 1974 est
1375 1918 1612 1974 animata
1637 1934 1801 1976 carne
1823 1934 1919 1976 sua
1946 1920 2123 1974 anima

542 2015 585 2084 γι
622 2001 924 2060 rationabili
962 2016 1123 2076 atque
1151 2007 1516 2076 intellectuali,
1551 2010 1662 2064 Deo
1689 2015 1744 2064 et
1774 2007 1921 2063 Patri
1950 2008 2128 2064 consi-

563 2109 585 2144 ι
619 2092 782 2162 dere,
811 2095 1000 2166 sicque
1025 2098 1244 2154 demum
1274 2109 1559 2154 venturum
1599 2115 1724 2166 cum
1766 2109 1986 2170 paterna
2017 2099 2126 2155 cla-

561 2198 584 2233 e
620 2181 781 2241 ritate
805 2201 902 2241 sua
925 2185 1171 2255 judicare
1207 2189 1360 2245 vivos
1386 2199 1441 2246 et
1483 2199 1744 2256 mortuos,
1775 2206 1883 2245 non
1907 2191 2123 2260 quidem

548 2288 582 2329 ,ι
611 2270 724 2342 jam
752 2289 968 2330 carnem
991 2317 1006 2342 ,
1051 2278 1145 2333 sed
1187 2292 1288 2332 nec
1330 2277 1699 2348 incorporeum
1725 2318 1740 2345 ,
1787 2279 1981 2349 quibus
2012 2278 2124 2349 ipse

559 2381 580 2415 s
613 2364 765 2420 novit
785 2367 1087 2423 rationibus
1105 2369 1216 2424 Deo
1241 2367 1549 2440 specillcato
1573 2383 1797 2439 corpore
1827 2369 1969 2442 [Gr.,
1998 2370 2122 2426 Dei-

560 2471 582 2504 ι
617 2451 778 2510 lormi
809 2457 1056 2531 θοι-νοτε]
1081 2497 1096 2523 ,
1143 2473 1252 2528 quo
1274 2466 1329 2514 et
1359 2467 1618 2530 appareat
1649 2459 1732 2515 his
1758 2459 1848 2529 qui
1877 2474 2000 2514 eum
2027 2474 2122 2529 pu-

558 2561 578 2594 ι
611 2555 913 2616 pugerunt,
959 2555 1014 2602 et
1059 2557 1273 2603 maneat
1319 2548 1460 2604 Deus
1501 2549 1703 2619 absque
1745 2549 2117 2616 crassitudine,

555 2655 577 2686 ι
611 2637 926 2693 anathema!
964 2660 983 2692 ι

713 2752 1040 2837 Epiphanius
1076 2768 1327 2825 diaconus
1361 2780 1408 2825 et
1437 2770 1760 2827 cubuelesius
1793 2772 1959 2844 legit:

623 2874 804 2947 Usque
832 2877 898 2932 ad
931 2878 1044 2934 haec
1066 2879 1204 2936 bene
1237 2882 1512 2948 sentiunt,
1532 2897 1654 2938 cum
1683 2892 1992 2940 sanctorum
2021 2885 2120 2940 Pa-

547 2975 692 3022 trum
736 2969 1065 3027 editionibus
1109 2973 1456 3029 concinentes
1490 2990 1507 3048 γε
1543 2975 1651 3030 imo
1695 2990 1824 3032 vero
1869 2961 2118 3047 dogmata

546 3071 730 3113 eorum
759 3071 1102 3132 usurpantes,
1134 3064 1235 3119 sibi
1263 3064 1488 3135 gloriam
1520 3064 1818 3122 conferunt.
1859 3065 2031 3122 Porro
2060 3067 2114 3122 in

545 3153 756 3210 caeteris
780 3170 964 3212 amara
988 3156 1266 3213 virulenta!
1306 3158 1497 3230 linguae
1541 3175 1652 3214 sua:
1693 3169 1747 3215 et
1784 3161 2001 3233 viperea
2029 3157 2116 3220 ve-
2145 3163 2189 3226 C

543 3260 684 3304 neno
708 3248 988 3305 mortifero
1014 3249 1172 3322 plena
1199 3249 1448 3322 dogmata
1473 3261 1747 3321 evomunt.

943 3382 1228 3456 Gregorius
1247 3385 1514 3454 episcopus
1534 3385 1660 3456 legit
1684 3398 1705 3438 :

618 3515 638 3551 ι
675 3497 733 3554 Si
767 3498 889 3569 quis
927 3473 1167 3578 divinum
1214 3473 1502 3555 DciiVerbi
1532 3497 1902 3554 characterem
1929 3513 2117 3555 secun-

547 3607 567 3642 ε
604 3589 730 3644 dum
771 3590 1194 3646 incarnationem
1221 3605 1320 3660 per
1365 3589 1672 3645 materiales
1701 3590 1908 3647 colores
1938 3589 2114 3646 consi-

545 3695 567 3730 s
604 3678 796 3734 derare
824 3679 1110 3744 studuerit,
1132 3688 1187 3734 et
1213 3695 1317 3734 non
1351 3695 1416 3734 ex
1441 3687 1552 3734 toto
1579 3695 1701 3736 eum
1732 3677 1894 3735 corde
1921 3681 2114 3735 adora-

546 3785 566 3819 ι
600 3766 740 3821 verit
775 3767 944 3822 oculis
985 3767 1424 3838 intelligibilibus,
1456 3784 1619 3839 super
1645 3767 1945 3824 claritatem
1984 3770 2113 3825 solis

544 3873 566 3907 s
597 3869 628 3909 a
656 3855 860 3910 dextris
890 3854 984 3910 Dci
1013 3857 1065 3911 in
1095 3857 1324 3912 excelsis
1355 3871 1518 3928 super
1546 3858 1796 3913 thronum
1824 3858 2005 3928 gloria:
2031 3875 2113 3915 se-

545 3961 566 3997 ι
601 3944 848 4011 dentem,
879 3945 1197 4015 anathema!
1239 3963 1259 3999 ι

917 4053 1247 4125 Epiphanius
1286 4056 1540 4112 diaconus
1581 4057 1702 4128 legit
1733 4071 1754 4110 :

607 4144 876 4233 153mm;
915 4162 1134 4232 quidam
1165 4163 1485 4236 allegoristaa
1529 4179 1694 4236 super
1737 4165 1841 4222 hac
1881 4166 2110 4236 phanta-

536 4253 674 4311 stica
731 4269 826 4308 sua
891 4255 1156 4311 sententia
1209 4256 1673 4314 demonstrantur.
1724 4257 2108 4319 Characterem

533 4344 681 4401 enim
731 4342 829 4400 Dei
875 4352 932 4400 et
995 4345 1172 4401 Patris
1227 4345 1422 4402 Filium
1471 4347 1727 4417 Apostolo
1783 4351 2109 4421 praedicante

534 4432 726 4505 (Hebr.
752 4433 818 4506 ι),
853 4443 1075 4504 propter
1099 4435 1644 4493 indissimilitudinem
1671 4447 1726 4494 et
1752 4439 2107 4498 incommuta-

532 4521 795 4578 bilitatem
830 4521 1167 4590 substantiae,
1198 4524 1298 4595 ipsi
1328 4524 1558 4580 alterum
1601 4524 1886 4595 facientes,
1914 4529 2108 4585 chara-

532 4619 737 4668 cterem
767 4612 823 4668 in
853 4624 1130 4684 assumpta
1157 4629 1186 4669 a
1223 4615 1334 4671 Deo
1371 4614 1548 4672 Verbo
1573 4631 1736 4674 carne
1761 4632 1928 4688 prave
1953 4620 2108 4676 intel-

532 4699 739 4774 ligunt,
769 4712 827 4758 et
859 4718 925 4758 ex
953 4702 1202 4760 sensibus
1229 4705 1520 4761 insensatis
1563 4716 1847 4774 eructant,
1889 4709 2104 4766 inanem

533 4792 821 4860 quamdam
850 4793 1174 4848 sententiam
1203 4795 1548 4864 perhibentes
1575 4810 1592 4850 :
1627 4795 1685 4852 Si
1713 4799 1836 4868 quis
1863 4799 2103 4854 divinum

537 4883 696 4940 Verbi
723 4883 820 4940 Dei
847 4885 1216 4940 characterem
1245 4887 1536 4942 secundum
1563 4886 1984 4945 incarnationem
2010 4905 2107 4960 per

531 4978 841 5034 materiales
863 4977 1074 5035 colores
1101 4979 1450 5036 considerare
1482 4981 1768 5036 studuerit.
1806 4980 1942 5049 Quia
1971 4982 2105 5038 alte-

532 5065 647 5120 rius
673 5069 888 5136 quidem
912 5068 1230 5125 substantise
1256 5075 1340 5125 est
1362 5083 1492 5125 caro
1517 5085 1678 5140 quam
1712 5074 2023 5142 assumpsit,
2049 5082 2106 5131 et

537 5157 634 5212 Dei
663 5157 820 5214 Verbi
856 5172 1067 5227 natura,
1096 5161 1272 5217 cuncti
1303 5162 1573 5228 novimus,
1607 5171 1716 5218 tam
1756 5178 1824 5218 ex
1853 5165 2103 5235 veritate,

529 5263 693 5318 quam
717 5263 785 5304 ex
813 5251 1142 5320 principibus
1167 5251 1666 5319 Ecclesiae'sanctis,
1698 5254 1948 5312 videlicet
1973 5271 2103 5328 apo-

529 5338 703 5406 stolis,
737 5347 794 5395 et
837 5341 1066 5411 egregiis
1108 5343 1357 5399 Patribus
1402 5343 1604 5400 nostris
1645 5344 1842 5401 edocti.
1887 5346 2099 5403 Etenim

527 5444 853 5487 arcanorum
892 5431 1163 5501 inspector
1190 5431 1386 5490 Paulus
1418 5436 1630 5492 divinus
1665 5436 1938 5507 apostolus
1961 5477 1976 5504 ,
2021 5453 2102 5495 εθ-

528 5524 766 5579 cundum
787 5525 930 5594 quod
959 5523 1156 5579 dicitur
1184 5523 1322 5597 [Gr.,
1371 5525 1570 5583 dictum
1608 5527 1732 5601 est],
1783 5531 2099 5587 homousion

527 5614 716 5670 volens
757 5614 1054 5684 praedicare
1095 5615 1158 5670 ad
1203 5615 1368 5671 Deum
1411 5626 1468 5673 et
1502 5618 1718 5676 Patrem
1751 5619 1877 5675 Filii
1912 5629 1968 5676 et
2003 5620 2100 5676 Dei

529 5702 718 5772 Verbi,
740 5704 870 5760 nihil
896 5704 1168 5776 proprium
1190 5712 1245 5762 et
1269 5708 1592 5764 conveniens
1619 5709 1916 5778 adinvenit,
1937 5726 2098 5782 quam

2242 570 2333 624 lsti
2399 581 2576 626 autem
2621 573 2904 628 veritatem
2977 571 3031 626 in
3089 569 3425 625 mendacium
3494 575 3804 620 convertere

2243 670 2537 729 tentantes,
2565 664 2910 719 introducunt
2946 661 3368 732 vituperationes
3404 668 3564 727 atque
3591 671 3805 726 quassa-

2242 759 2322 806 tas
2349 767 2507 808 voces
2546 754 2672 820 has,
2697 753 3098 808 ’venerabilium
3149 752 3441 821 imaginum
3479 747 3602 802 odio
3643 745 3804 800 conti-

2239 852 2428 912 gentes
2473 843 2610 915 [Cr.,
2651 843 2840 915 aliixi].
2895 841 3045 898 Unde
3101 841 3342 896 incidunt
3399 838 3454 892 in
3502 835 3803 890 intellectus

2229 933 2625 1006 blasphemiam
2671 936 3152 1001 commendantes,
3200 941 3364 1003 atque
3411 931 3467 985 in
3521 927 3805 999 reprohum

2236 1043 2454 1085 sensum
2483 1029 2685 1095 traditi,
2719 1029 2891 1084 adhuc
2919 1028 3169 1097 inquiunt
3197 1043 3216 1082 τ

2629 1160 2909 1232 Gregorius
2936 1138 3203 1231 episcopus
3231 1159 3352 1229 legit
3375 1171 3394 1208 :

2308 1316 2328 1348 ‹
2366 1298 2424 1352 Si
2469 1296 2590 1366 quis
2625 1293 3140 1364 incircumscriptam
3175 1291 3271 1347 Dei
3313 1288 3476 1345 Verbi
3514 1284 3803 1343 essentiam

2238 1405 2257 1440 ι
2299 1395 2459 1457 atque
2485 1386 2918 1451 subsistentiam,
2951 1399 3050 1454 pro
3082 1398 3148 1445 eo
3173 1381 3314 1452 quod
3343 1381 3678 1436 incarnatum
3711 1376 3798 1440 sit,

2238 1497 2256 1531 ι
2297 1478 2561 1533 studuerit
2617 1492 2716 1548 per
2761 1474 3064 1531 materiales
3109 1473 3316 1529 colores
3370 1470 3424 1525 in
3479 1466 3801 1538 imaginibus

2237 1588 2256 1622 ι
2301 1571 2534 1624 humana
2592 1567 2764 1624 forma
2828 1565 3307 1629 circumscribere,
3359 1572 3414 1618 et
3463 1576 3570 1617 non
3629 1559 3801 1630 potius

2237 1679 2256 1711 ι
2303 1659 2470 1715 Deum
2507 1660 2792 1729 przedicat,
2837 1657 2965 1712 illud
2996 1655 3342 1710 nihilominus
3381 1651 3542 1708 etiam
3577 1657 3701 1719 post
3725 1647 3801 1700 in-

2236 1767 2255 1801 s
2297 1747 2664 1806 carnationem
2691 1744 3208 1814 incircumscriptum
3237 1754 3380 1806 esse,
3403 1734 3731 1792 anathema!
3774 1751 3793 1785 ι

2613 1877 2937 1951 Epiphanius
2970 1877 3220 1931 diaconus
3254 1873 3418 1944 legit:

2297 2013 2575 2083 Tanquam
2622 2012 2766 2066 circa
2809 2017 3137 2081 opportunas
3185 2000 3579 2074 ecclesiasticas
3635 1998 3798 2053 tradi-

2225 2102 2399 2159 tiones
2433 2099 2804 2157 insanabiliter
2828 2095 3108 2161 infirmati,
3149 2103 3204 2150 et
3244 2089 3518 2164 pestilenti
3542 2089 3800 2159 languore

2223 2209 2442 2251 sensum
2464 2203 2778 2262 corruptum
2806 2189 3093 2252 habentes,
3130 2186 3246 2242 haec
3273 2188 3552 2246 asserunt,
3582 2187 3641 2234 et
3665 2191 3798 2232 con—

2225 2282 2426 2352 tagium
2455 2279 2784 2346 deceptionis
2811 2286 2961 2334 recto
2983 2274 3216 2332 sermoni
3247 2271 3548 2344 applicant;
3574 2277 3634 2324 et
3659 2266 3801 2322 deci.

2222 2371 2443 2441 piuntur
2487 2382 2702 2434 mente,
2757 2364 3275 2434 incircumscriptam
3332 2370 3584 2415 naturam
3630 2355 3794 2412 divini

2223 2459 2418 2526 Verbi,
2467 2467 2523 2515 et
2572 2456 3034 2526 circumscriptam
3083 2462 3137 2510 et
3178 2453 3248 2508 ab
3297 2451 3417 2521 ipso
3461 2456 3795 2516 assumptam

2219 2565 2442 2608 carnem
2485 2549 2920 2616 confundentes;
2951 2547 3052 2602 hoc
3101 2545 3246 2601 enim
3294 2553 3550 2613 expresse
3598 2537 3796 2593 indicat

2220 2644 2364 2714 quod
2401 2643 2470 2698 ab
2512 2642 2646 2712 ipsis
2689 2650 2774 2698 est
2813 2641 3052 2697 dictum:
3091 2635 3447 2693 Nihilominus
3471 2632 3644 2688 etiam
3677 2638 3796 2701 post

2221 2731 2646 2789 incarnationem
2672 2729 3192 2798 incircumscriptum
3216 2739 3355 2781 esse.
3381 2723 3482 2780 Ubi
3510 2721 3796 2792 aliquando

2220 2826 2361 2882 hanc
2426 2823 2599 2878 levem
2661 2813 3018 2877 assertionem
3079 2819 3468 2873 adinvenerunt
3524 2811 3794 2883 sapientes

2217 2914 2366 2972 circa
2418 2912 2634 2968 inania?
2669 2909 2802 2966 Nam
2840 2908 3040 2980 plenus.
3069 2903 3420 2976 blasphemiae
3457 2915 3656 2958 sensus
3692 2907 3792 2961 est,

2219 3004 2743 3075 incircumscriptum
2763 3010 2884 3072 post
2908 2997 3334 3071 incarnationem
3363 3005 3612 3050 asserere
3637 3003 3795 3060 super

2219 3101 2401 3156 omnia
2442 3097 2728 3154 Dominum
2763 3095 2945 3151 Jesum
2981 3091 3255 3148 Christum
3279 3100 3466 3144 verum
3497 3085 3674 3140 Deum
3702 3095 3794 3136 no-

2219 3199 2414 3256 strum,
2441 3197 2495 3244 et
2525 3187 2756 3242 maxime
2794 3185 2910 3255 ipso
2935 3179 3214 3252 discipulis
3241 3176 3558 3249 perhibente
3583 3190 3600 3228 :
3625 3170 3791 3226 Laza-

2217 3297 2308 3335 rus
2337 3279 2538 3334 amicus
2565 3287 2741 3331 noster
2768 3273 2994 3338 dormit;
3016 3279 3066 3326 et
3086 3269 3286 3341 gaudeo
3310 3276 3519 3338 propter
3539 3279 3651 3328 vos,
3669 3259 3791 3331 quis

2212 3385 2319 3426 non
2340 3384 2483 3423 eram
2503 3367 2573 3420 ibi
2601 3365 2779 3437 (Joan.
2806 3361 2904 3432 ιι).
2934 3361 3098 3430 Ergo,
3126 3373 3234 3414 non
3261 3370 3410 3412 eram
3437 3352 3534 3418 ibi,
3560 3351 3792 3406 circnm-

2215 3457 2526 3530 scriptionis
2571 3463 2655 3511 est
2691 3451 3000 3525 proprium?
3032 3450 3217 3524 etiam,
3265 3453 3323 3503 et
3361 3443 3562 3514 oppido
3604 3441 3790 3530 etiam.

2216 3529 2343 3605 Sed,
2370 3557 2430 3603 ut
2463 3561 2526 3602 ea
2566 3559 2684 3615 qua:
2729 3551 2854 3598 ante
2895 3540 3202 3612 passionem
3237 3536 3304 3592 de
3339 3535 3444 3596 hoc
3480 3529 3791 3602 evangelice

2214 3638 2357 3695 dicta
2383 3644 2528 3702 sunt,
2550 3634 2886 3698 omittamus,
2907 3645 3025 3701 quae
3043 3637 3166 3700 post
3190 3623 3646 3682 resurrectionem
3669 3629 3788 3674 aeta

2212 3736 2338 3785 sunt
2377 3727 2573 3782 dicam.
2617 3723 2929 3779 Mulieribus
2979 3733 3247 3791 apparens
3290 3713 3794 3782 incircumscriptus

2212 3818 2520 3874 nullatenus
2564 3823 2724 3871 erat:
2781 3811 3130 3884 semetipsum
3185 3807 3533 3863 manilestare
3583 3803 3788 3858 duobus

2209 3907 2523 3978 discipulis,
2565 3901 3081 3971 circumscriptionis
3127 3907 3210 3954 est
3255 3895 3556 3967 proprium.
3601 3890 3788 3948 Januis

2209 3995 2406 4051 clausis
2433 3995 2657 4058 intrare,
2681 3999 2738 4046 et
2764 4007 2794 4045 a
2821 3989 3026 4045 Thoma
3057 3986 3261 4059 palpari
3286 3985 3416 4055 quid
3445 3982 3594 4038 aliud
3623 3995 3784 4052 quam

2209 4072 2645 4154 Circumscriptio
2673 4081 2789 4138 est?
2827 4079 2894 4136 Et
2922 4077 3197 4149 discipulis
3224 4077 3279 4132 in
3301 4074 3580 4131 Galilaeam
3612 4071 3783 4129 eunti-

2207 4176 2330 4242 bus,
2376 4175 2485 4231 illic
2528 4173 2597 4229 ab
2629 4172 2708 4228 eis
2744 4170 2912 4226 videri
2953 4177 3009 4224 et
3051 4166 3286 4232 adorari,
3333 4166 3439 4222 hoc
3485 4163 3665 4234 ipsum
3701 4167 3784 4216 est

2207 4265 2376 4340 (Luc.
2417 4281 2586 4332 ,xxtv,
2639 4262 2802 4317 Joan.
2853 4261 2981 4334 xx).
3034 4258 3458 4328 Videntihusque
3506 4254 3780 4325 discipulis

2207 4357 2499 4413 ascendere
2529 4357 2583 4411 in
2622 4355 2852 4420 caelum,
2890 4361 2945 4409 et
2980 4350 3170 4424 angelo
3211 4363 3373 4420 super
3399 4348 3532 4404 istos
3573 4355 3784 4403 astante

2209 4457 2368 4518 atque
2393 4447 2637 4502 dicente:
2681 4443 2822 4508 Viri,
2858 4443 2982 4514 quid
3011 4441 3160 4498 statis
3198 4440 3450 4495 intuentes
3473 4438 3528 4492 in
3563 4435 3781 4492 calum?

2209 4538 2311 4593 Hic
2330 4538 2485 4592 Iesus
2513 4537 2602 4607 qui
2631 4543 2927 4605 assumptus
2955 4541 3029 4586 est
3053 4549 3086 4586 a
3112 4531 3251 4586 vobis
3276 4529 3331 4583 in
3365 4527 3570 4593 calum,
3600 4526 3676 4580 sic
3701 4541 3782 4579 ee-

2207 4627 2311 4682 niet
2355 4625 2792 4697 quentadmodum
2838 4621 3040 4678 uidistis
3100 4634 3220 4674 eum
3251 4625 3454 4672 euntem
3494 4617 3551 4670 in
3597 4614 3779 4669 calum

2207 4717 2345 4790 (Act.
2399 4716 2462 4789 ι).
2511 4715 2678 4771 Putas
2727 4729 2833 4768 non
2884 4721 3010 4768 sunt
3056 4712 3175 4767 haec
3222 4705 3780 4777 circumscriptionis?

2204 4810 2370 4866 etiam
2396 4807 2573 4863 valde.
2600 4790 2693 4862 Sic
2718 4805 2862 4876 enim
2891 4813 2948 4860 et
2970 4797 3160 4859 omnes
3179 4799 3365 4858 deiferi
3391 4800 3582 4856 Patres
3608 4797 3778 4853 nostri

2206 4898 2432 4962 docent;
2481 4905 2536 4953 et
2571 4894 2919 4951 manifestum
2960 4901 3046 4949 est
3084 4893 3171 4948 his
3217 4892 3308 4962 qui
3350 4891 3490 4946 bene
3540 4889 3777 4960 sapiunt,

2205 4990 2348 5061 quod
2375 4989 2668 5045 secundum
2695 4989 2747 5044 id
2769 4987 2982 5059 quidem
3009 4986 3154 5056 quod
3181 4985 3322 5041 Deus
3339 4992 3396 5039 et
3416 4981 3656 5038 Verbum
3685 4980 3778 5036 Dei

2203 5087 2260 5134 et
2295 5078 2502 5144 Patris,
2535 5086 2621 5134 est
2661 5076 2978 5142 invisibilis,
3017 5075 3544 5143 incircumscriptus,
3573 5073 3779 5128 incom-

2201 5167 2604 5240 prehensibilis,
2633 5177 2689 5224 et
2713 5169 2770 5222 in
2794 5168 2942 5224 omni
2974 5166 3092 5222 loco
3120 5166 3193 5221 sit
3218 5163 3606 5220 dominationis
3633 5178 3774 5218 sua:

2205 5259 2502 5316 secundum
2532 5257 2586 5313 id
2615 5267 2796 5314 autem
2827 5257 2970 5328 quod
2998 5257 3290 5314 humanam
3319 5262 3570 5309 naturam
3596 5267 3777 5308 susce-

2202 5348 2316 5418 pit,
2354 5357 2412 5404 et
2444 5347 2670 5403 visibilis
2694 5356 2750 5402 et
2786 5345 3255 5415 circumscriptus,
3293 5342 3448 5412 juxta
3487 5341 3634 5411 quod
3665 5345 3777 5410 Ipse

2200 5436 2479 5507 discipulis
2504 5436 2602 5500 ait,
2637 5451 2743 5491 non
2775 5435 2884 5492 illic
2909 5450 2968 5494 se
2992 5434 3162 5491 fuisse
3190 5452 3204 5488 :
3236 5443 3291 5490 et
3319 5431 3776 5503 comprehensibi-

2199 5524 2266 5581 lis
2291 5531 2396 5591 est,
2427 5532 2487 5580 ut
2513 5524 2749 5580 Thomas
2776 5538 2874 5580 nos
2893 5532 3069 5580 certos
3090 5523 3324 5578 reddidit
3345 5521 3526 5593 (Joan.
3557 5537 3636 5584 xi,
3659 5521 3767 5586 xx).

2197 5620 2255 5676 In
2285 5619 2482 5676 multas
2505 5634 2633 5690 ergo
2653 5617 2886 5674 malitias
2913 5633 3009 5688 per
3023 5632 3184 5672 unam
3205 5613 3594 5684 blasphemiam
3619 5625 3766 5666 suam

2201 5711 2490 5766 concinunt
2516 5708 2836 5780 deceptoriae
2863 5707 3198 5764 Christianos
3222 5703 3592 5762 accusantium
3619 5715 3764 5755 vesa-
