  <div class='ocr_page' id='page_1' title='image "/cluster/home/n/w/nwhite01/storage/ocr_20150623/129/hvd.32044015471709/226.png"; bbox 0 0 3916 5728; ppageno 0'>
   <div class='ocr_carea' id='block_1_1' title="bbox 149 393 243 448">
    <p class='ocr_par' dir='ltr' id='par_1_1' title="bbox 149 393 243 448">
     <span class='ocr_line' id='line_1_1' title="bbox 149 393 243 448; baseline 0 0"><span class='ocrx_word' id='word_1_1' title='bbox 149 393 243 448; x_wconf 73' lang='grc' dir='ltr'><strong>ιιι</strong></span> 
     </span>
    </p>
   </div>
   <div class='ocr_carea' id='block_1_2' title="bbox 841 390 2704 457">
    <p class='ocr_par' dir='ltr' id='par_1_2' title="bbox 841 390 2704 457">
     <span class='ocr_line' id='line_1_2' title="bbox 841 390 2704 457; baseline 0.005 -11"><span class='ocrx_word' id='word_1_2' title='bbox 841 390 1387 448; x_wconf 74' lang='lat' dir='ltr'><strong>INTERPRETATIO</strong></span> <span class='ocrx_word' id='word_1_3' title='bbox 1427 391 1674 448; x_wconf 72' lang='lat' dir='ltr'><strong>SYNODI</strong></span> <span class='ocrx_word' id='word_1_4' title='bbox 1715 393 1797 448; x_wconf 75' lang='lat' dir='ltr'><strong>\‘ll</strong></span> <span class='ocrx_word' id='word_1_5' title='bbox 1836 395 2242 454; x_wconf 75' lang='lat' dir='ltr'><strong>GENEllALIS.</strong></span> <span class='ocrx_word' id='word_1_6' title='bbox 2282 431 2347 439; x_wconf 98' lang='lat'><strong>—</strong></span> <span class='ocrx_word' id='word_1_7' title='bbox 2381 398 2583 457; x_wconf 83' lang='lat' dir='ltr'><strong>ACTIO</strong></span> <span class='ocrx_word' id='word_1_8' title='bbox 2621 399 2704 457; x_wconf 76' lang='lat' dir='ltr'><strong>Vl.</strong></span> 
     </span>
    </p>
   </div>
   <div class='ocr_carea' id='block_1_3' title="bbox 3282 401 3387 458">
    <p class='ocr_par' dir='ltr' id='par_1_3' title="bbox 3282 401 3387 458">
     <span class='ocr_line' id='line_1_3' title="bbox 3282 401 3387 458; baseline 0.019 -2"><span class='ocrx_word' id='word_1_9' title='bbox 3282 401 3387 458; x_wconf 70' lang='grc' dir='ltr'><strong>ΗΞ</strong></span> 
     </span>
    </p>
   </div>
   <div class='ocr_carea' id='block_1_4' title="bbox 150 501 3390 575">
    <p class='ocr_par' dir='ltr' id='par_1_4' title="bbox 150 501 3390 575">
     <span class='ocr_line' id='line_1_4' title="bbox 150 501 3390 575; baseline 0.002 -15"><span class='ocrx_word' id='word_1_10' title='bbox 150 523 249 560; x_wconf 77' lang='lat' dir='ltr'><strong>tua:</strong></span> <span class='ocrx_word' id='word_1_11' title='bbox 273 517 636 575; x_wconf 69' lang='lat' dir='ltr'><strong>prazceptores</strong></span> <span class='ocrx_word' id='word_1_12' title='bbox 657 520 672 568; x_wconf 90' lang='lat'><strong>;</strong></span> <span class='ocrx_word' id='word_1_13' title='bbox 697 519 879 558; x_wconf 86' lang='lat' dir='ltr'><strong>rursus</strong></span> <span class='ocrx_word' id='word_1_14' title='bbox 907 503 1049 557; x_wconf 86' lang='lat' dir='ltr'><strong>enim</strong></span> <span class='ocrx_word' id='word_1_15' title='bbox 1076 503 1462 558; x_wconf 76' lang='lat' dir='ltr'><strong>calumniantes</strong></span> <span class='ocrx_word' id='word_1_16' title='bbox 1485 517 1717 572; x_wconf 86' lang='lat' dir='ltr'><strong>pronun—</strong></span> <span class='ocrx_word' id='word_1_17' title='bbox 1744 507 1792 562; x_wconf 75' lang='grc' dir='ltr'>Α</span> <span class='ocrx_word' id='word_1_18' title='bbox 1825 521 1843 553; x_wconf 75' lang='grc' dir='ltr'>ι</span> <span class='ocrx_word' id='word_1_19' title='bbox 1891 501 2124 574; x_wconf 82' lang='lat' dir='ltr'><strong>Virginis</strong></span> <span class='ocrx_word' id='word_1_20' title='bbox 2151 505 2359 568; x_wconf 67' lang='lat' dir='ltr'><strong>Mariae,</strong></span> <span class='ocrx_word' id='word_1_21' title='bbox 2389 517 2442 562; x_wconf 90' lang='lat' dir='ltr'><strong>et</strong></span> <span class='ocrx_word' id='word_1_22' title='bbox 2473 524 2577 562; x_wconf 90' lang='lat' dir='ltr'><strong>non</strong></span> <span class='ocrx_word' id='word_1_23' title='bbox 2607 523 2768 561; x_wconf 90' lang='lat' dir='ltr'><strong>unum</strong></span> <span class='ocrx_word' id='word_1_24' title='bbox 2793 523 2856 562; x_wconf 89' lang='lat' dir='ltr'><strong>ac</strong></span> <span class='ocrx_word' id='word_1_25' title='bbox 2884 509 3153 574; x_wconf 83' lang='lat' dir='ltr'><strong>cunnlcm,</strong></span> <span class='ocrx_word' id='word_1_26' title='bbox 3187 511 3280 565; x_wconf 89' lang='lat' dir='ltr'><strong>sed</strong></span> <span class='ocrx_word' id='word_1_27' title='bbox 3309 511 3390 563; x_wconf 64' lang='lat' dir='ltr'><strong>ah-</strong></span> 
     </span>
    </p>
   </div>
   <div class='ocr_carea' id='block_1_5' title="bbox 151 599 324 652">
    <p class='ocr_par' dir='ltr' id='par_1_5' title="bbox 151 599 324 652">
     <span class='ocr_line' id='line_1_5' title="bbox 151 599 324 652; baseline 0 0"><span class='ocrx_word' id='word_1_28' title='bbox 151 599 324 652; x_wconf 71' lang='lat' dir='ltr'><strong>dant:</strong></span> 
     </span>
    </p>
   </div>
   <div class='ocr_carea' id='block_1_6' title="bbox 555 682 1319 754">
    <p class='ocr_par' dir='ltr' id='par_1_6' title="bbox 555 682 1319 754">
     <span class='ocr_line' id='line_1_6' title="bbox 555 682 1319 754; baseline 0.001 -17"><span class='ocrx_word' id='word_1_29' title='bbox 555 682 832 754; x_wconf 80' lang='lat' dir='ltr'><strong>Gregorius</strong></span> <span class='ocrx_word' id='word_1_30' title='bbox 862 684 1128 754; x_wconf 80' lang='lat' dir='ltr'><strong>cpiswpus</strong></span> <span class='ocrx_word' id='word_1_31' title='bbox 1156 683 1275 754; x_wconf 87' lang='lat' dir='ltr'><strong>legit</strong></span> <span class='ocrx_word' id='word_1_32' title='bbox 1302 699 1319 738; x_wconf 88' lang='lat'><strong><em>:</em></strong></span> 
     </span>
    </p>
   </div>
   <div class='ocr_carea' id='block_1_7' title="bbox 277 793 1720 866">
    <p class='ocr_par' dir='ltr' id='par_1_7' title="bbox 277 793 1720 866">
     <span class='ocr_line' id='line_1_7' title="bbox 277 793 1720 866; baseline -0.001 -17"><span class='ocrx_word' id='word_1_33' title='bbox 277 795 333 849; x_wconf 86' lang='lat' dir='ltr'><strong>Si</strong></span> <span class='ocrx_word' id='word_1_34' title='bbox 362 795 487 866; x_wconf 84' lang='lat' dir='ltr'><strong>quis</strong></span> <span class='ocrx_word' id='word_1_35' title='bbox 515 795 606 850; x_wconf 88' lang='lat' dir='ltr'><strong>Dei</strong></span> <span class='ocrx_word' id='word_1_36' title='bbox 651 793 806 850; x_wconf 83' lang='lat' dir='ltr'><strong>Verbi</strong></span> <span class='ocrx_word' id='word_1_37' title='bbox 847 804 1053 849; x_wconf 67' lang='lat' dir='ltr'><strong>naturae</strong></span> <span class='ocrx_word' id='word_1_38' title='bbox 1087 804 1138 850; x_wconf 89' lang='lat' dir='ltr'><strong>et</strong></span> <span class='ocrx_word' id='word_1_39' title='bbox 1177 796 1357 850; x_wconf 89' lang='lat' dir='ltr'><strong>carnis</strong></span> <span class='ocrx_word' id='word_1_40' title='bbox 1394 795 1720 866; x_wconf 55' lang='lat' dir='ltr'><strong>inseparabi-</strong></span> 
     </span>
    </p>
   </div>
   <div class='ocr_carea' id='block_1_8' title="bbox 150 884 1723 954">
    <p class='ocr_par' dir='ltr' id='par_1_8' title="bbox 150 884 1723 954">
     <span class='ocr_line' id='line_1_8' title="bbox 150 884 1723 954; baseline 0.001 -18"><span class='ocrx_word' id='word_1_41' title='bbox 150 903 167 935; x_wconf 77' lang='grc' dir='ltr'>σ</span> <span class='ocrx_word' id='word_1_42' title='bbox 211 884 313 938; x_wconf 87' lang='lat' dir='ltr'><strong>lem</strong></span> <span class='ocrx_word' id='word_1_43' title='bbox 345 899 444 954; x_wconf 92' lang='lat' dir='ltr'><strong>per</strong></span> <span class='ocrx_word' id='word_1_44' title='bbox 485 884 887 940; x_wconf 86' lang='lat' dir='ltr'><strong>subsistentiam</strong></span> <span class='ocrx_word' id='word_1_45' title='bbox 937 884 1134 938; x_wconf 81' lang='lat' dir='ltr'><strong>factam</strong></span> <span class='ocrx_word' id='word_1_46' title='bbox 1182 885 1509 949; x_wconf 87' lang='lat' dir='ltr'><strong>unitionem,</strong></span> <span class='ocrx_word' id='word_1_47' title='bbox 1549 885 1600 938; x_wconf 89' lang='lat' dir='ltr'><strong>id</strong></span> <span class='ocrx_word' id='word_1_48' title='bbox 1639 893 1723 938; x_wconf 92' lang='lat' dir='ltr'><strong>est</strong></span> 
     </span>
    </p>
   </div>
   <div class='ocr_carea' id='block_1_9' title="bbox 154 973 1722 1044">
    <p class='ocr_par' dir='ltr' id='par_1_9' title="bbox 154 973 1722 1044">
     <span class='ocr_line' id='line_1_9' title="bbox 154 973 1722 1044; baseline 0.003 -22"><span class='ocrx_word' id='word_1_49' title='bbox 154 993 172 1022; x_wconf 78' lang='grc' dir='ltr'>ι</span> <span class='ocrx_word' id='word_1_50' title='bbox 217 975 576 1043; x_wconf 81' lang='lat' dir='ltr'><strong>patrationem</strong></span> <span class='ocrx_word' id='word_1_51' title='bbox 607 990 726 1044; x_wconf 76' lang='lat' dir='ltr'><strong>qua:</strong></span> <span class='ocrx_word' id='word_1_52' title='bbox 753 990 817 1028; x_wconf 77' lang='lat' dir='ltr'><strong>cx</strong></span> <span class='ocrx_word' id='word_1_53' title='bbox 847 983 1074 1044; x_wconf 90' lang='lat' dir='ltr'><strong>utroque</strong></span> <span class='ocrx_word' id='word_1_54' title='bbox 1111 975 1390 1029; x_wconf 78' lang='lat' dir='ltr'><strong>inconfusa</strong></span> <span class='ocrx_word' id='word_1_55' title='bbox 1419 983 1475 1028; x_wconf 90' lang='lat' dir='ltr'><strong>et</strong></span> <span class='ocrx_word' id='word_1_56' title='bbox 1512 973 1722 1044; x_wconf 85' lang='lat' dir='ltr'><strong>insepa-</strong></span> 
     </span>
    </p>
   </div>
   <div class='ocr_carea' id='block_1_10' title="bbox 153 1065 1722 1136">
    <p class='ocr_par' dir='ltr' id='par_1_10' title="bbox 153 1065 1722 1136">
     <span class='ocr_line' id='line_1_10' title="bbox 153 1065 1722 1136; baseline 0.003 -21"><span class='ocrx_word' id='word_1_57' title='bbox 153 1085 170 1115; x_wconf 76' lang='grc' dir='ltr'>ι</span> <span class='ocrx_word' id='word_1_58' title='bbox 215 1066 400 1120; x_wconf 74' lang='lat' dir='ltr'><strong>rabilis</strong></span> <span class='ocrx_word' id='word_1_59' title='bbox 428 1074 512 1119; x_wconf 83' lang='lat' dir='ltr'><strong>est</strong></span> <span class='ocrx_word' id='word_1_60' title='bbox 543 1066 698 1130; x_wconf 80' lang='lat' dir='ltr'><strong>facta,</strong></span> <span class='ocrx_word' id='word_1_61' title='bbox 735 1065 788 1119; x_wconf 91' lang='lat' dir='ltr'><strong>in</strong></span> <span class='ocrx_word' id='word_1_62' title='bbox 825 1067 1056 1135; x_wconf 91' lang='lat' dir='ltr'><strong>imagine</strong></span> <span class='ocrx_word' id='word_1_63' title='bbox 1085 1066 1304 1136; x_wconf 76' lang='lat' dir='ltr'><strong>pingere</strong></span> <span class='ocrx_word' id='word_1_64' title='bbox 1333 1074 1522 1130; x_wconf 85' lang='lat' dir='ltr'><strong>tentat,</strong></span> <span class='ocrx_word' id='word_1_65' title='bbox 1551 1065 1722 1120; x_wconf 82' lang='lat' dir='ltr'><strong>nunti-</strong></span> 
     </span>
    </p>
   </div>
   <div class='ocr_carea' id='block_1_11' title="bbox 147 1247 1719 1318">
    <p class='ocr_par' dir='ltr' id='par_1_11' title="bbox 147 1247 1719 1318">
     <span class='ocr_line' id='line_1_11' title="bbox 147 1247 1719 1318; baseline 0.002 -22"><span class='ocrx_word' id='word_1_66' title='bbox 147 1265 163 1296; x_wconf 76' lang='grc' dir='ltr'>ι</span> <span class='ocrx_word' id='word_1_67' title='bbox 206 1257 258 1300; x_wconf 86' lang='lat' dir='ltr'><strong>et</strong></span> <span class='ocrx_word' id='word_1_68' title='bbox 295 1247 574 1302; x_wconf 86' lang='lat' dir='ltr'><strong>hominem</strong></span> <span class='ocrx_word' id='word_1_69' title='bbox 616 1247 910 1317; x_wconf 81' lang='lat' dir='ltr'><strong>signiﬁcat;</strong></span> <span class='ocrx_word' id='word_1_70' title='bbox 959 1262 1024 1302; x_wconf 91' lang='lat' dir='ltr'><strong>ac</strong></span> <span class='ocrx_word' id='word_1_71' title='bbox 1068 1262 1164 1318; x_wconf 89' lang='lat' dir='ltr'><strong>per</strong></span> <span class='ocrx_word' id='word_1_72' title='bbox 1204 1249 1305 1302; x_wconf 85' lang='lat' dir='ltr'><strong>hoc</strong></span> <span class='ocrx_word' id='word_1_73' title='bbox 1347 1247 1719 1302; x_wconf 87' lang='lat' dir='ltr'><strong>conlusionem</strong></span> 
     </span>
    </p>
   </div>
   <div class='ocr_carea' id='block_1_12' title="bbox 146 1337 1723 1408">
    <p class='ocr_par' dir='ltr' id='par_1_12' title="bbox 146 1337 1723 1408">
     <span class='ocr_line' id='line_1_12' title="bbox 146 1337 1723 1408; baseline 0.001 -22"><span class='ocrx_word' id='word_1_74' title='bbox 146 1358 162 1386; x_wconf 75' lang='grc' dir='ltr'>ι</span> <span class='ocrx_word' id='word_1_75' title='bbox 203 1338 432 1390; x_wconf 83' lang='lat' dir='ltr'><strong>duarum</strong></span> <span class='ocrx_word' id='word_1_76' title='bbox 504 1347 822 1392; x_wconf 73' lang='lat' dir='ltr'><strong>naturarum</strong></span> <span class='ocrx_word' id='word_1_77' title='bbox 887 1346 1234 1408; x_wconf 90' lang='lat' dir='ltr'><strong>portentuose</strong></span> <span class='ocrx_word' id='word_1_78' title='bbox 1286 1337 1531 1408; x_wconf 80' lang='lat' dir='ltr'><strong>ﬁngens,</strong></span> <span class='ocrx_word' id='word_1_79' title='bbox 1592 1351 1723 1390; x_wconf 82' lang='lat' dir='ltr'><strong>ana-</strong></span> 
     </span>
    </p>
   </div>
   <div class='ocr_carea' id='block_1_13' title="bbox 146 1429 490 1482">
    <p class='ocr_par' dir='ltr' id='par_1_13' title="bbox 146 1429 490 1482">
     <span class='ocr_line' id='line_1_13' title="bbox 146 1429 490 1482; baseline 0.009 -4"><span class='ocrx_word' id='word_1_80' title='bbox 146 1448 162 1478; x_wconf 76' lang='grc' dir='ltr'><strong><em>ι</em></strong></span> <span class='ocrx_word' id='word_1_81' title='bbox 207 1429 385 1482; x_wconf 81' lang='lat' dir='ltr'><strong>thema</strong></span> <span class='ocrx_word' id='word_1_82' title='bbox 403 1430 417 1481; x_wconf 70' lang='grc' dir='ltr'>Ξ</span> <span class='ocrx_word' id='word_1_83' title='bbox 467 1447 490 1481; x_wconf 85' lang='grc'>›</span> 
     </span>
    </p>
   </div>
   <div class='ocr_carea' id='block_1_14' title="bbox 539 1517 1339 1598">
    <p class='ocr_par' dir='ltr' id='par_1_14' title="bbox 539 1517 1339 1598">
     <span class='ocr_line' id='line_1_14' title="bbox 539 1517 1339 1598; baseline 0.001 -27"><span class='ocrx_word' id='word_1_84' title='bbox 539 1517 867 1588; x_wconf 76' lang='lat' dir='ltr'><strong>Epiphanius</strong></span> <span class='ocrx_word' id='word_1_85' title='bbox 895 1521 1148 1598; x_wconf 84' lang='lat' dir='ltr'><strong>diaconus</strong></span> <span class='ocrx_word' id='word_1_86' title='bbox 1176 1520 1339 1592; x_wconf 81' lang='lat' dir='ltr'><strong>legit:</strong></span> 
     </span>
    </p>
   </div>
   <div class='ocr_carea' id='block_1_15' title="bbox 206 1629 1722 1686">
    <p class='ocr_par' dir='ltr' id='par_1_15' title="bbox 206 1629 1722 1686">
     <span class='ocr_line' id='line_1_15' title="bbox 206 1629 1722 1686; baseline 0.001 -3"><span class='ocrx_word' id='word_1_87' title='bbox 206 1629 362 1684; x_wconf 72' lang='lat' dir='ltr'><strong>Novit</strong></span> <span class='ocrx_word' id='word_1_88' title='bbox 408 1639 880 1684; x_wconf 76' lang='lat' dir='ltr'><strong>exsecramcntum</strong></span> <span class='ocrx_word' id='word_1_89' title='bbox 920 1631 1122 1686; x_wconf 87' lang='lat' dir='ltr'><strong>erroris</strong></span> <span class='ocrx_word' id='word_1_90' title='bbox 1158 1639 1310 1686; x_wconf 89' lang='lat' dir='ltr'><strong>recto</strong></span> <span class='ocrx_word' id='word_1_91' title='bbox 1338 1630 1503 1684; x_wconf 84' lang='lat' dir='ltr'><strong>verbo</strong></span> <span class='ocrx_word' id='word_1_92' title='bbox 1544 1629 1722 1684; x_wconf 63' lang='lat' dir='ltr'><strong>adhae-</strong></span> 
     </span>
    </p>
   </div>
   <div class='ocr_carea' id='block_1_16' title="bbox 140 1719 1719 1791">
    <p class='ocr_par' dir='ltr' id='par_1_16' title="bbox 140 1719 1719 1791">
     <span class='ocr_line' id='line_1_16' title="bbox 140 1719 1719 1791; baseline -0.001 -15"><span class='ocrx_word' id='word_1_93' title='bbox 140 1739 276 1778; x_wconf 85' lang='lat' dir='ltr'><strong>rere.</strong></span> <span class='ocrx_word' id='word_1_94' title='bbox 309 1723 524 1776; x_wconf 79' lang='lat' dir='ltr'><strong>Etenim</strong></span> <span class='ocrx_word' id='word_1_95' title='bbox 556 1722 648 1776; x_wconf 84' lang='lat' dir='ltr'><strong>isti</strong></span> <span class='ocrx_word' id='word_1_96' title='bbox 687 1721 1026 1791; x_wconf 88' lang='lat' dir='ltr'><strong>inseparabili</strong></span> <span class='ocrx_word' id='word_1_97' title='bbox 1069 1733 1121 1775; x_wconf 92' lang='lat' dir='ltr'><strong>et</strong></span> <span class='ocrx_word' id='word_1_98' title='bbox 1165 1721 1458 1777; x_wconf 77' lang='lat' dir='ltr'><strong>inconfusac</strong></span> <span class='ocrx_word' id='word_1_99' title='bbox 1493 1719 1719 1774; x_wconf 89' lang='lat' dir='ltr'><strong>unitioni</strong></span> 
     </span>
    </p>
   </div>
   <div class='ocr_carea' id='block_1_17' title="bbox 137 1804 1750 1884">
    <p class='ocr_par' dir='ltr' id='par_1_17' title="bbox 137 1804 1750 1884">
     <span class='ocr_line' id='line_1_17' title="bbox 137 1804 1750 1884; baseline 0.002 -20"><span class='ocrx_word' id='word_1_100' title='bbox 137 1829 255 1883; x_wconf 67' lang='lat' dir='ltr'><strong>qua:</strong></span> <span class='ocrx_word' id='word_1_101' title='bbox 297 1814 351 1868; x_wconf 91' lang='lat' dir='ltr'><strong>in</strong></span> <span class='ocrx_word' id='word_1_102' title='bbox 401 1813 622 1868; x_wconf 86' lang='lat' dir='ltr'><strong>Christo</strong></span> <span class='ocrx_word' id='word_1_103' title='bbox 669 1823 754 1868; x_wconf 92' lang='lat' dir='ltr'><strong>est</strong></span> <span class='ocrx_word' id='word_1_104' title='bbox 793 1828 890 1884; x_wconf 91' lang='lat' dir='ltr'><strong>per</strong></span> <span class='ocrx_word' id='word_1_105' title='bbox 915 1804 1336 1870; x_wconf 59' lang='lat' dir='ltr'><strong>snbsistentiar&#39;n</strong></span> <span class='ocrx_word' id='word_1_106' title='bbox 1362 1853 1377 1878; x_wconf 94' lang='lat'><strong>,</strong></span> <span class='ocrx_word' id='word_1_107' title='bbox 1425 1804 1750 1883; x_wconf 34' lang='lat' dir='ltr'><strong>imaginum&#39;</strong></span> 
     </span>
    </p>
   </div>
   <div class='ocr_carea' id='block_1_18' title="bbox 138 1905 1722 1969">
    <p class='ocr_par' dir='ltr' id='par_1_18' title="bbox 138 1905 1722 1969">
     <span class='ocr_line' id='line_1_18' title="bbox 138 1905 1722 1969; baseline 0.001 -12"><span class='ocrx_word' id='word_1_108' title='bbox 138 1905 401 1959; x_wconf 79' lang='lat' dir='ltr'><strong>iacturam</strong></span> <span class='ocrx_word' id='word_1_109' title='bbox 432 1906 740 1969; x_wconf 78' lang='lat' dir='ltr'><strong>adversam,</strong></span> <span class='ocrx_word' id='word_1_110' title='bbox 771 1913 824 1960; x_wconf 88' lang='lat' dir='ltr'><strong>et</strong></span> <span class='ocrx_word' id='word_1_111' title='bbox 850 1906 1220 1962; x_wconf 77' lang='lat' dir='ltr'><strong>confusionem</strong></span> <span class='ocrx_word' id='word_1_112' title='bbox 1246 1906 1472 1960; x_wconf 87' lang='lat' dir='ltr'><strong>duarum</strong></span> <span class='ocrx_word' id='word_1_113' title='bbox 1503 1913 1722 1959; x_wconf 82' lang='lat' dir='ltr'><strong>natura-</strong></span> 
     </span>
    </p>
   </div>
   <div class='ocr_carea' id='block_1_19' title="bbox 139 1994 1716 2066">
    <p class='ocr_par' dir='ltr' id='par_1_19' title="bbox 139 1994 1716 2066">
     <span class='ocr_line' id='line_1_19' title="bbox 139 1994 1716 2066; baseline -0.002 -15"><span class='ocrx_word' id='word_1_114' title='bbox 139 2013 252 2051; x_wconf 91' lang='lat' dir='ltr'><strong>rum</strong></span> <span class='ocrx_word' id='word_1_115' title='bbox 281 1994 598 2050; x_wconf 76' lang='lat' dir='ltr'><strong>offerentem</strong></span> <span class='ocrx_word' id='word_1_116' title='bbox 620 2036 635 2055; x_wconf 87' lang='lat'><strong>,</strong></span> <span class='ocrx_word' id='word_1_117' title='bbox 671 1996 1004 2051; x_wconf 83' lang='lat' dir='ltr'><strong>mendaciter</strong></span> <span class='ocrx_word' id='word_1_118' title='bbox 1032 2005 1088 2051; x_wconf 91' lang='lat' dir='ltr'><strong>et</strong></span> <span class='ocrx_word' id='word_1_119' title='bbox 1117 1996 1368 2066; x_wconf 87' lang='lat' dir='ltr'><strong>nequiter</strong></span> <span class='ocrx_word' id='word_1_120' title='bbox 1394 2002 1716 2049; x_wconf 89' lang='lat' dir='ltr'><strong>autumant:</strong></span> 
     </span>
    </p>
   </div>
   <div class='ocr_carea' id='block_1_20' title="bbox 137 2087 1724 2156">
    <p class='ocr_par' dir='ltr' id='par_1_20' title="bbox 137 2087 1724 2156">
     <span class='ocr_line' id='line_1_20' title="bbox 137 2087 1724 2156; baseline 0 -14"><span class='ocrx_word' id='word_1_121' title='bbox 137 2090 226 2142; x_wconf 88' lang='lat' dir='ltr'><strong>sed</strong></span> <span class='ocrx_word' id='word_1_122' title='bbox 251 2089 455 2143; x_wconf 87' lang='lat' dir='ltr'><strong>veritas</strong></span> <span class='ocrx_word' id='word_1_123' title='bbox 503 2087 600 2142; x_wconf 86' lang='lat' dir='ltr'><strong>Dei</strong></span> <span class='ocrx_word' id='word_1_124' title='bbox 633 2102 738 2143; x_wconf 86' lang='lat' dir='ltr'><strong>non</strong></span> <span class='ocrx_word' id='word_1_125' title='bbox 773 2095 858 2144; x_wconf 88' lang='lat' dir='ltr'><strong>est</strong></span> <span class='ocrx_word' id='word_1_126' title='bbox 896 2088 1132 2156; x_wconf 86' lang='lat' dir='ltr'><strong>alligata.</strong></span> <span class='ocrx_word' id='word_1_127' title='bbox 1182 2087 1314 2142; x_wconf 85' lang='lat' dir='ltr'><strong>Nam</strong></span> <span class='ocrx_word' id='word_1_128' title='bbox 1346 2087 1593 2143; x_wconf 86' lang='lat' dir='ltr'><strong>Christus</strong></span> <span class='ocrx_word' id='word_1_129' title='bbox 1630 2101 1724 2142; x_wconf 83' lang='lat' dir='ltr'><strong>no-</strong></span> 
     </span>
    </p>
   </div>
   <div class='ocr_carea' id='block_1_21' title="bbox 139 2178 1721 2243">
    <p class='ocr_par' dir='ltr' id='par_1_21' title="bbox 139 2178 1721 2243">
     <span class='ocr_line' id='line_1_21' title="bbox 139 2178 1721 2243; baseline 0.003 -12"><span class='ocrx_word' id='word_1_130' title='bbox 139 2193 256 2231; x_wconf 86' lang='lat' dir='ltr'><strong>men</strong></span> <span class='ocrx_word' id='word_1_131' title='bbox 279 2187 365 2232; x_wconf 86' lang='lat' dir='ltr'><strong>est</strong></span> <span class='ocrx_word' id='word_1_132' title='bbox 387 2180 618 2233; x_wconf 87' lang='lat' dir='ltr'><strong>duarum</strong></span> <span class='ocrx_word' id='word_1_133' title='bbox 648 2187 986 2243; x_wconf 89' lang='lat' dir='ltr'><strong>naturarum,</strong></span> <span class='ocrx_word' id='word_1_134' title='bbox 1011 2178 1240 2235; x_wconf 80' lang='lat' dir='ltr'><strong>visibilis</strong></span> <span class='ocrx_word' id='word_1_135' title='bbox 1267 2179 1475 2235; x_wconf 74' lang='lat' dir='ltr'><strong>scilicet</strong></span> <span class='ocrx_word' id='word_1_136' title='bbox 1504 2189 1558 2235; x_wconf 89' lang='lat' dir='ltr'><strong>et</strong></span> <span class='ocrx_word' id='word_1_137' title='bbox 1583 2179 1721 2235; x_wconf 82' lang='lat' dir='ltr'><strong>invi-</strong></span> 
     </span>
    </p>
   </div>
   <div class='ocr_carea' id='block_1_22' title="bbox 136 2268 1720 2338">
    <p class='ocr_par' dir='ltr' id='par_1_22' title="bbox 136 2268 1720 2338">
     <span class='ocr_line' id='line_1_22' title="bbox 136 2268 1720 2338; baseline 0.002 -17"><span class='ocrx_word' id='word_1_138' title='bbox 136 2268 350 2331; x_wconf 76' lang='lat' dir='ltr'><strong>sibilis,</strong></span> <span class='ocrx_word' id='word_1_139' title='bbox 406 2268 606 2323; x_wconf 80' lang='lat' dir='ltr'><strong>index:</strong></span> <span class='ocrx_word' id='word_1_140' title='bbox 662 2269 776 2338; x_wconf 89' lang='lat' dir='ltr'><strong>ipse</strong></span> <span class='ocrx_word' id='word_1_141' title='bbox 834 2284 962 2324; x_wconf 92' lang='lat' dir='ltr'><strong>vero</strong></span> <span class='ocrx_word' id='word_1_142' title='bbox 1023 2270 1271 2327; x_wconf 84' lang='lat' dir='ltr'><strong>Christus</strong></span> <span class='ocrx_word' id='word_1_143' title='bbox 1339 2271 1488 2326; x_wconf 89' lang='lat' dir='ltr'><strong>visus</strong></span> <span class='ocrx_word' id='word_1_144' title='bbox 1543 2271 1720 2326; x_wconf 90' lang='lat' dir='ltr'><strong>homi-</strong></span> 
     </span>
    </p>
   </div>
   <div class='ocr_carea' id='block_1_23' title="bbox 136 2359 1720 2437">
    <p class='ocr_par' dir='ltr' id='par_1_23' title="bbox 136 2359 1720 2437">
     <span class='ocr_line' id='line_1_23' title="bbox 136 2359 1720 2437; baseline 0.001 -23"><span class='ocrx_word' id='word_1_145' title='bbox 136 2363 294 2414; x_wconf 80' lang='lat' dir='ltr'><strong>nibus</strong></span> <span class='ocrx_word' id='word_1_146' title='bbox 327 2375 424 2430; x_wconf 87' lang='lat' dir='ltr'><strong>per</strong></span> <span class='ocrx_word' id='word_1_147' title='bbox 449 2359 626 2414; x_wconf 84' lang='lat' dir='ltr'><strong>velum</strong></span> <span class='ocrx_word' id='word_1_148' title='bbox 651 2401 668 2426; x_wconf 95' lang='lat'><strong>,</strong></span> <span class='ocrx_word' id='word_1_149' title='bbox 707 2361 758 2414; x_wconf 91' lang='lat' dir='ltr'><strong>id</strong></span> <span class='ocrx_word' id='word_1_150' title='bbox 793 2371 877 2417; x_wconf 89' lang='lat' dir='ltr'><strong>est</strong></span> <span class='ocrx_word' id='word_1_151' title='bbox 904 2377 1128 2418; x_wconf 84' lang='lat' dir='ltr'><strong>carnem</strong></span> <span class='ocrx_word' id='word_1_152' title='bbox 1157 2378 1337 2427; x_wconf 90' lang='lat' dir='ltr'><strong>suam,</strong></span> <span class='ocrx_word' id='word_1_153' title='bbox 1383 2362 1720 2437; x_wconf 28' lang='lat' dir='ltr'><strong>licettdivina</strong></span> 
     </span>
    </p>
   </div>
   <div class='ocr_carea' id='block_1_24' title="bbox 135 2450 1715 2522">
    <p class='ocr_par' dir='ltr' id='par_1_24' title="bbox 135 2450 1715 2522">
     <span class='ocr_line' id='line_1_24' title="bbox 135 2450 1715 2522; baseline 0.001 -20"><span class='ocrx_word' id='word_1_154' title='bbox 135 2459 328 2503; x_wconf 82' lang='lat' dir='ltr'><strong>natura</strong></span> <span class='ocrx_word' id='word_1_155' title='bbox 373 2450 766 2517; x_wconf 86' lang='lat' dir='ltr'><strong>occultaretur,</strong></span> <span class='ocrx_word' id='word_1_156' title='bbox 806 2467 905 2522; x_wconf 90' lang='lat' dir='ltr'><strong>per</strong></span> <span class='ocrx_word' id='word_1_157' title='bbox 950 2453 1101 2521; x_wconf 85' lang='lat' dir='ltr'><strong>signa</strong></span> <span class='ocrx_word' id='word_1_158' title='bbox 1142 2454 1282 2508; x_wconf 88' lang='lat' dir='ltr'><strong>hanc</strong></span> <span class='ocrx_word' id='word_1_159' title='bbox 1319 2452 1715 2508; x_wconf 77' lang='lat' dir='ltr'><strong>manifestabat.</strong></span> 
     </span>
    </p>
   </div>
   <div class='ocr_carea' id='block_1_25' title="bbox 135 2537 1722 2619">
    <p class='ocr_par' dir='ltr' id='par_1_25' title="bbox 135 2537 1722 2619">
     <span class='ocr_line' id='line_1_25' title="bbox 135 2537 1722 2619; baseline 0.003 -27"><span class='ocrx_word' id='word_1_160' title='bbox 135 2537 340 2592; x_wconf 80' lang='lat' dir='ltr'><strong>Idcirco</strong></span> <span class='ocrx_word' id='word_1_161' title='bbox 391 2550 580 2595; x_wconf 86' lang='lat' dir='ltr'><strong>sancta</strong></span> <span class='ocrx_word' id='word_1_162' title='bbox 637 2540 726 2594; x_wconf 88' lang='lat' dir='ltr'><strong>Dei</strong></span> <span class='ocrx_word' id='word_1_163' title='bbox 784 2541 1047 2619; x_wconf 81' lang='lat' dir='ltr'><strong>Ecclesia,</strong></span> <span class='ocrx_word' id='word_1_164' title='bbox 1092 2552 1152 2597; x_wconf 89' lang='lat' dir='ltr'><strong>ut</strong></span> <span class='ocrx_word' id='word_1_165' title='bbox 1196 2544 1404 2613; x_wconf 86' lang='lat' dir='ltr'><strong>accepit</strong></span> <span class='ocrx_word' id='word_1_166' title='bbox 1452 2559 1480 2597; x_wconf 91' lang='lat' dir='ltr'><strong>a</strong></span> <span class='ocrx_word' id='word_1_167' title='bbox 1520 2542 1722 2597; x_wconf 84' lang='lat' dir='ltr'><strong>sanctis</strong></span> 
     </span>
    </p>
   </div>
   <div class='ocr_carea' id='block_1_26' title="bbox 135 2627 1724 2704">
    <p class='ocr_par' dir='ltr' id='par_1_26' title="bbox 135 2627 1724 2704">
     <span class='ocr_line' id='line_1_26' title="bbox 135 2627 1724 2704; baseline 0.005 -24"><span class='ocrx_word' id='word_1_168' title='bbox 135 2627 406 2696; x_wconf 77' lang='lat' dir='ltr'><strong>Apostolis</strong></span> <span class='ocrx_word' id='word_1_169' title='bbox 443 2638 500 2684; x_wconf 89' lang='lat' dir='ltr'><strong>et</strong></span> <span class='ocrx_word' id='word_1_170' title='bbox 543 2629 817 2695; x_wconf 85' lang='lat' dir='ltr'><strong>Patribns,</strong></span> <span class='ocrx_word' id='word_1_171' title='bbox 863 2632 1032 2701; x_wconf 84' lang='lat' dir='ltr'><strong>ipsam</strong></span> <span class='ocrx_word' id='word_1_172' title='bbox 1067 2634 1298 2703; x_wconf 84' lang='lat' dir='ltr'><strong>speciem</strong></span> <span class='ocrx_word' id='word_1_173' title='bbox 1327 2649 1447 2704; x_wconf 69' lang='lat' dir='ltr'><strong>qua!</strong></span> <span class='ocrx_word' id='word_1_174' title='bbox 1488 2634 1600 2689; x_wconf 87' lang='lat' dir='ltr'><strong>visa</strong></span> <span class='ocrx_word' id='word_1_175' title='bbox 1638 2642 1724 2688; x_wconf 88' lang='lat' dir='ltr'><strong>est</strong></span> 
     </span>
    </p>
   </div>
   <div class='ocr_carea' id='block_1_27' title="bbox 135 2717 1722 2786">
    <p class='ocr_par' dir='ltr' id='par_1_27' title="bbox 135 2717 1722 2786">
     <span class='ocr_line' id='line_1_27' title="bbox 135 2717 1722 2786; baseline 0.003 -15"><span class='ocrx_word' id='word_1_176' title='bbox 135 2717 466 2782; x_wconf 81' lang='lat' dir='ltr'><strong>hominibus,</strong></span> <span class='ocrx_word' id='word_1_177' title='bbox 507 2719 788 2786; x_wconf 85' lang='lat' dir='ltr'><strong>describit,</strong></span> <span class='ocrx_word' id='word_1_178' title='bbox 817 2729 873 2775; x_wconf 91' lang='lat' dir='ltr'><strong>et</strong></span> <span class='ocrx_word' id='word_1_179' title='bbox 898 2737 1003 2775; x_wconf 92' lang='lat' dir='ltr'><strong>non</strong></span> <span class='ocrx_word' id='word_1_180' title='bbox 1028 2723 1214 2776; x_wconf 77' lang='lat' dir='ltr'><strong>dividit</strong></span> <span class='ocrx_word' id='word_1_181' title='bbox 1235 2722 1504 2776; x_wconf 89' lang='lat' dir='ltr'><strong>Christum</strong></span> <span class='ocrx_word' id='word_1_182' title='bbox 1530 2738 1722 2776; x_wconf 86' lang='lat' dir='ltr'><strong>secun-</strong></span> 
     </span>
    </p>
   </div>
   <div class='ocr_carea' id='block_1_28' title="bbox 136 2812 1722 2884">
    <p class='ocr_par' dir='ltr' id='par_1_28' title="bbox 136 2812 1722 2884">
     <span class='ocr_line' id='line_1_28' title="bbox 136 2812 1722 2884; baseline 0.001 -18"><span class='ocrx_word' id='word_1_183' title='bbox 136 2813 257 2866; x_wconf 89' lang='lat' dir='ltr'><strong>dum</strong></span> <span class='ocrx_word' id='word_1_184' title='bbox 274 2827 466 2867; x_wconf 89' lang='lat' dir='ltr'><strong>eorum</strong></span> <span class='ocrx_word' id='word_1_185' title='bbox 483 2812 706 2867; x_wconf 90' lang='lat' dir='ltr'><strong>deliram</strong></span> <span class='ocrx_word' id='word_1_186' title='bbox 726 2814 1144 2868; x_wconf 89' lang='lat' dir='ltr'><strong>accusationem.</strong></span> <span class='ocrx_word' id='word_1_187' title='bbox 1172 2814 1352 2884; x_wconf 87' lang='lat' dir='ltr'><strong>Imago</strong></span> <span class='ocrx_word' id='word_1_188' title='bbox 1372 2814 1515 2868; x_wconf 86' lang='lat' dir='ltr'><strong>enim</strong></span> <span class='ocrx_word' id='word_1_189' title='bbox 1537 2829 1722 2868; x_wconf 82' lang='lat' dir='ltr'><strong>secun-</strong></span> 
     </span>
    </p>
   </div>
   <div class='ocr_carea' id='block_1_29' title="bbox 133 2901 1718 2969">
    <p class='ocr_par' dir='ltr' id='par_1_29' title="bbox 133 2901 1718 2969">
     <span class='ocr_line' id='line_1_29' title="bbox 133 2901 1718 2969; baseline 0 -13"><span class='ocrx_word' id='word_1_190' title='bbox 133 2901 257 2957; x_wconf 91' lang='lat' dir='ltr'><strong>dum</strong></span> <span class='ocrx_word' id='word_1_191' title='bbox 299 2917 502 2957; x_wconf 88' lang='lat' dir='ltr'><strong>nomen</strong></span> <span class='ocrx_word' id='word_1_192' title='bbox 535 2911 775 2969; x_wconf 88' lang='lat' dir='ltr'><strong>tantum,</strong></span> <span class='ocrx_word' id='word_1_193' title='bbox 806 2913 859 2959; x_wconf 91' lang='lat' dir='ltr'><strong>et</strong></span> <span class='ocrx_word' id='word_1_194' title='bbox 894 2919 1000 2958; x_wconf 90' lang='lat' dir='ltr'><strong>non</strong></span> <span class='ocrx_word' id='word_1_195' title='bbox 1031 2907 1324 2958; x_wconf 90' lang='lat' dir='ltr'><strong>secundum</strong></span> <span class='ocrx_word' id='word_1_196' title='bbox 1354 2903 1718 2958; x_wconf 78' lang='lat' dir='ltr'><strong>definitionem</strong></span> 
     </span>
    </p>
   </div>
   <div class='ocr_carea' id='block_1_30' title="bbox 133 2993 1719 3064">
    <p class='ocr_par' dir='ltr' id='par_1_30' title="bbox 133 2993 1719 3064">
     <span class='ocr_line' id='line_1_30' title="bbox 133 2993 1719 3064; baseline -0.001 -16"><span class='ocrx_word' id='word_1_197' title='bbox 133 2994 506 3048; x_wconf 87' lang='lat' dir='ltr'><strong>communicat</strong></span> <span class='ocrx_word' id='word_1_198' title='bbox 528 2994 825 3062; x_wconf 90' lang='lat' dir='ltr'><strong>primitivo,</strong></span> <span class='ocrx_word' id='word_1_199' title='bbox 854 3003 913 3048; x_wconf 89' lang='lat' dir='ltr'><strong>nt</strong></span> <span class='ocrx_word' id='word_1_200' title='bbox 935 2995 1203 3064; x_wconf 67' lang='lat' dir='ltr'><strong>smpeiam</strong></span> <span class='ocrx_word' id='word_1_201' title='bbox 1225 2995 1484 3058; x_wconf 80' lang='lat' dir='ltr'><strong>diximus;</strong></span> <span class='ocrx_word' id='word_1_202' title='bbox 1514 2993 1637 3061; x_wconf 89' lang='lat' dir='ltr'><strong>quia</strong></span> <span class='ocrx_word' id='word_1_203' title='bbox 1666 3000 1719 3047; x_wconf 87' lang='lat' dir='ltr'><strong>et</strong></span> 
     </span>
    </p>
   </div>
   <div class='ocr_carea' id='block_1_31' title="bbox 134 3081 1722 3154">
    <p class='ocr_par' dir='ltr' id='par_1_31' title="bbox 134 3081 1722 3154">
     <span class='ocr_line' id='line_1_31' title="bbox 134 3081 1722 3154; baseline -0.001 -17"><span class='ocrx_word' id='word_1_204' title='bbox 134 3084 310 3137; x_wconf 85' lang='lat' dir='ltr'><strong>anima</strong></span> <span class='ocrx_word' id='word_1_205' title='bbox 338 3092 513 3147; x_wconf 88' lang='lat' dir='ltr'><strong>caret,</strong></span> <span class='ocrx_word' id='word_1_206' title='bbox 543 3099 704 3153; x_wconf 89' lang='lat' dir='ltr'><strong>quam</strong></span> <span class='ocrx_word' id='word_1_207' title='bbox 735 3084 1068 3154; x_wconf 86' lang='lat' dir='ltr'><strong>impossibile</strong></span> <span class='ocrx_word' id='word_1_208' title='bbox 1091 3091 1172 3138; x_wconf 81' lang='lat' dir='ltr'><strong>est</strong></span> <span class='ocrx_word' id='word_1_209' title='bbox 1205 3083 1576 3138; x_wconf 86' lang='lat' dir='ltr'><strong>circumscribi</strong></span> <span class='ocrx_word' id='word_1_210' title='bbox 1607 3081 1722 3154; x_wconf 85' lang='lat' dir='ltr'><strong>[de-</strong></span> 
     </span>
    </p>
   </div>
   <div class='ocr_carea' id='block_1_32' title="bbox 1827 593 3392 665">
    <p class='ocr_par' dir='ltr' id='par_1_32' title="bbox 1827 593 3392 665">
     <span class='ocr_line' id='line_1_32' title="bbox 1827 593 3392 665; baseline 0.007 -21"><span class='ocrx_word' id='word_1_211' title='bbox 1827 610 1847 644; x_wconf 70' lang='grc' dir='ltr'><strong>ε</strong></span> <span class='ocrx_word' id='word_1_212' title='bbox 1892 593 2174 648; x_wconf 87' lang='lat' dir='ltr'><strong>l&#39;cctualem</strong></span> <span class='ocrx_word' id='word_1_213' title='bbox 2206 597 2498 652; x_wconf 89' lang='lat' dir='ltr'><strong>unitionem</strong></span> <span class='ocrx_word' id='word_1_214' title='bbox 2537 599 2616 653; x_wconf 91' lang='lat' dir='ltr'><strong>eis</strong></span> <span class='ocrx_word' id='word_1_215' title='bbox 2642 599 2834 653; x_wconf 82' lang='lat' dir='ltr'><strong>factam</strong></span> <span class='ocrx_word' id='word_1_216' title='bbox 2868 598 3035 654; x_wconf 80' lang='lat' dir='ltr'><strong>fuisse</strong></span> <span class='ocrx_word' id='word_1_217' title='bbox 3079 598 3308 665; x_wconf 79' lang='lat' dir='ltr'><strong>fatetur;</strong></span> <span class='ocrx_word' id='word_1_218' title='bbox 3338 611 3392 655; x_wconf 88' lang='lat' dir='ltr'><strong>et</strong></span> 
     </span>
    </p>
   </div>
   <div class='ocr_carea' id='block_1_33' title="bbox 1827 685 3393 758">
    <p class='ocr_par' dir='ltr' id='par_1_33' title="bbox 1827 685 3393 758">
     <span class='ocr_line' id='line_1_33' title="bbox 1827 685 3393 758; baseline 0.006 -23"><span class='ocrx_word' id='word_1_219' title='bbox 1827 703 1845 735; x_wconf 73' lang='grc' dir='ltr'><strong><em>ι</em></strong></span> <span class='ocrx_word' id='word_1_220' title='bbox 1890 685 2013 738; x_wconf 90' lang='lat' dir='ltr'><strong>hinc</strong></span> <span class='ocrx_word' id='word_1_221' title='bbox 2031 700 2151 739; x_wconf 88' lang='lat' dir='ltr'><strong>eum</strong></span> <span class='ocrx_word' id='word_1_222' title='bbox 2177 686 2228 740; x_wconf 92' lang='lat' dir='ltr'><strong>in</strong></span> <span class='ocrx_word' id='word_1_223' title='bbox 2251 687 2667 758; x_wconf 87' lang='lat' dir='ltr'><strong>imagine,quasi</strong></span> <span class='ocrx_word' id='word_1_224' title='bbox 2693 690 2912 758; x_wconf 81' lang='lat' dir='ltr'><strong>privatae</strong></span> <span class='ocrx_word' id='word_1_225' title='bbox 2937 691 3298 746; x_wconf 73' lang='lat' dir='ltr'><strong>subsistentia:</strong></span> <span class='ocrx_word' id='word_1_226' title='bbox 3323 691 3393 746; x_wconf 91' lang='lat' dir='ltr'><strong>sit</strong></span> 
     </span>
    </p>
   </div>
   <div class='ocr_carea' id='block_1_34' title="bbox 1829 773 2856 846">
    <p class='ocr_par' dir='ltr' id='par_1_34' title="bbox 1829 773 2856 846">
     <span class='ocr_line' id='line_1_34' title="bbox 1829 773 2856 846; baseline 0.007 -20"><span class='ocrx_word' id='word_1_227' title='bbox 1829 792 1848 826; x_wconf 85' lang='grc' dir='ltr'>ι</span> <span class='ocrx_word' id='word_1_228' title='bbox 1891 790 1955 831; x_wconf 81' lang='lat' dir='ltr'><strong>ex</strong></span> <span class='ocrx_word' id='word_1_229' title='bbox 1981 773 2218 845; x_wconf 78' lang='lat' dir='ltr'><strong>Virgine,</strong></span> <span class='ocrx_word' id='word_1_230' title='bbox 2249 777 2440 846; x_wconf 81' lang='lat' dir='ltr'><strong>pingit,</strong></span> <span class='ocrx_word' id='word_1_231' title='bbox 2472 780 2790 833; x_wconf 84' lang='lat' dir='ltr'><strong>anathema!</strong></span> <span class='ocrx_word' id='word_1_232' title='bbox 2838 798 2856 832; x_wconf 74' lang='grc' dir='ltr'><strong><em>ι</em></strong></span> 
     </span>
    </p>
   </div>
   <div class='ocr_carea' id='block_1_35' title="bbox 2207 883 3011 962">
    <p class='ocr_par' dir='ltr' id='par_1_35' title="bbox 2207 883 3011 962">
     <span class='ocr_line' id='line_1_35' title="bbox 2207 883 3011 962; baseline 0.006 -23"><span class='ocrx_word' id='word_1_233' title='bbox 2207 883 2530 957; x_wconf 80' lang='lat' dir='ltr'><strong>Epiphanius</strong></span> <span class='ocrx_word' id='word_1_234' title='bbox 2560 889 2812 944; x_wconf 75' lang='lat' dir='ltr'><strong>diaconus</strong></span> <span class='ocrx_word' id='word_1_235' title='bbox 2849 890 3011 962; x_wconf 89' lang='lat' dir='ltr'><strong>legit:</strong></span> 
     </span>
    </p>
   </div>
   <div class='ocr_carea' id='block_1_36' title="bbox 1892 995 3396 1068">
    <p class='ocr_par' dir='ltr' id='par_1_36' title="bbox 1892 995 3396 1068">
     <span class='ocr_line' id='line_1_36' title="bbox 1892 995 3396 1068; baseline 0.003 -19"><span class='ocrx_word' id='word_1_236' title='bbox 1892 995 2061 1049; x_wconf 88' lang='lat' dir='ltr'><strong>Tanta</strong></span> <span class='ocrx_word' id='word_1_237' title='bbox 2099 996 2394 1066; x_wconf 87' lang='lat' dir='ltr'><strong>eademque</strong></span> <span class='ocrx_word' id='word_1_238' title='bbox 2432 997 2498 1052; x_wconf 88' lang='lat' dir='ltr'><strong>de</strong></span> <span class='ocrx_word' id='word_1_239' title='bbox 2522 999 2824 1068; x_wconf 89' lang='lat' dir='ltr'><strong>semetipsis</strong></span> <span class='ocrx_word' id='word_1_240' title='bbox 2849 999 2903 1053; x_wconf 92' lang='lat' dir='ltr'><strong>in</strong></span> <span class='ocrx_word' id='word_1_241' title='bbox 2935 1000 3162 1054; x_wconf 73' lang='lat' dir='ltr'><strong>circuitu:</strong></span> <span class='ocrx_word' id='word_1_242' title='bbox 3204 1002 3396 1055; x_wconf 82' lang='lat' dir='ltr'><strong>ambu-</strong></span> 
     </span>
    </p>
   </div>
   <div class='ocr_carea' id='block_1_37' title="bbox 1795 1085 3392 1158">
    <p class='ocr_par' dir='ltr' id='par_1_37' title="bbox 1795 1085 3392 1158">
     <span class='ocr_line' id='line_1_37' title="bbox 1795 1085 3392 1158; baseline 0.002 -20"><span class='ocrx_word' id='word_1_243' title='bbox 1795 1085 1996 1144; x_wconf 67' lang='lat' dir='ltr'><strong>,lantes</strong></span> <span class='ocrx_word' id='word_1_244' title='bbox 2022 1087 2373 1156; x_wconf 91' lang='lat' dir='ltr'><strong>pronuntiant</strong></span> <span class='ocrx_word' id='word_1_245' title='bbox 2404 1087 2548 1158; x_wconf 86' lang='lat' dir='ltr'><strong>[tam</strong></span> <span class='ocrx_word' id='word_1_246' title='bbox 2573 1088 2738 1142; x_wconf 89' lang='lat' dir='ltr'><strong>multa</strong></span> <span class='ocrx_word' id='word_1_247' title='bbox 2760 1089 2826 1144; x_wconf 89' lang='lat' dir='ltr'><strong>de</strong></span> <span class='ocrx_word' id='word_1_248' title='bbox 2853 1089 3053 1144; x_wconf 90' lang='lat' dir='ltr'><strong>eisdem</strong></span> <span class='ocrx_word' id='word_1_249' title='bbox 3079 1089 3392 1144; x_wconf 74' lang='lat' dir='ltr'><strong>inculcanda</strong></span> 
     </span>
    </p>
   </div>
   <div class='ocr_carea' id='block_1_38' title="bbox 147 1156 1796 1222">
    <p class='ocr_par' dir='ltr' id='par_1_38' title="bbox 147 1156 1796 1222">
     <span class='ocr_line' id='line_1_38' title="bbox 147 1156 1796 1222; baseline 0.002 -15"><span class='ocrx_word' id='word_1_250' title='bbox 147 1176 165 1206; x_wconf 74' lang='grc' dir='ltr'>ι</span> <span class='ocrx_word' id='word_1_251' title='bbox 219 1173 354 1210; x_wconf 88' lang='lat' dir='ltr'><strong>nans</strong></span> <span class='ocrx_word' id='word_1_252' title='bbox 383 1171 510 1210; x_wconf 90' lang='lat' dir='ltr'><strong>eum</strong></span> <span class='ocrx_word' id='word_1_253' title='bbox 547 1157 851 1222; x_wconf 81' lang='lat' dir='ltr'><strong>Christum;</strong></span> <span class='ocrx_word' id='word_1_254' title='bbox 879 1156 1080 1212; x_wconf 89' lang='lat' dir='ltr'><strong>Christi</strong></span> <span class='ocrx_word' id='word_1_255' title='bbox 1119 1167 1300 1212; x_wconf 90' lang='lat' dir='ltr'><strong>autem</strong></span> <span class='ocrx_word' id='word_1_256' title='bbox 1329 1171 1522 1212; x_wconf 88' lang='lat' dir='ltr'><strong>nomen</strong></span> <span class='ocrx_word' id='word_1_257' title='bbox 1554 1156 1720 1210; x_wconf 91' lang='lat' dir='ltr'><strong>Deum</strong></span> <span class='ocrx_word' id='word_1_258' title='bbox 1794 1158 1796 1160; x_wconf 72' lang='grc'>’</span> 
     </span>
    </p>
   </div>
   <div class='ocr_carea' id='block_1_39' title="bbox 1823 1175 3394 1248">
    <p class='ocr_par' dir='ltr' id='par_1_39' title="bbox 1823 1175 3394 1248">
     <span class='ocr_line' id='line_1_39' title="bbox 1823 1175 3394 1248; baseline 0.003 -21"><span class='ocrx_word' id='word_1_259' title='bbox 1823 1175 2024 1246; x_wconf 89' lang='lat' dir='ltr'><strong>pron.],</strong></span> <span class='ocrx_word' id='word_1_260' title='bbox 2055 1185 2112 1228; x_wconf 91' lang='lat' dir='ltr'><strong>ut</strong></span> <span class='ocrx_word' id='word_1_261' title='bbox 2143 1192 2278 1246; x_wconf 89' lang='lat' dir='ltr'><strong>pene</strong></span> <span class='ocrx_word' id='word_1_262' title='bbox 2305 1192 2403 1230; x_wconf 87' lang='lat' dir='ltr'><strong>nec</strong></span> <span class='ocrx_word' id='word_1_263' title='bbox 2432 1191 2654 1232; x_wconf 92' lang='lat' dir='ltr'><strong>numero</strong></span> <span class='ocrx_word' id='word_1_264' title='bbox 2675 1177 3045 1246; x_wconf 89' lang='lat' dir='ltr'><strong>subiiciantur,</strong></span> <span class='ocrx_word' id='word_1_265' title='bbox 3082 1194 3202 1248; x_wconf 71' lang='lat' dir='ltr'><strong>quae</strong></span> <span class='ocrx_word' id='word_1_266' title='bbox 3226 1179 3293 1232; x_wconf 85' lang='lat' dir='ltr'><strong>ab</strong></span> <span class='ocrx_word' id='word_1_267' title='bbox 3315 1179 3394 1234; x_wconf 88' lang='lat' dir='ltr'><strong>eis</strong></span> 
     </span>
    </p>
   </div>
   <div class='ocr_carea' id='block_1_40' title="bbox 1823 1263 3395 1333">
    <p class='ocr_par' dir='ltr' id='par_1_40' title="bbox 1823 1263 3395 1333">
     <span class='ocr_line' id='line_1_40' title="bbox 1823 1263 3395 1333; baseline 0.004 -16"><span class='ocrx_word' id='word_1_268' title='bbox 1823 1278 2039 1318; x_wconf 91' lang='lat' dir='ltr'><strong>rumore</strong></span> <span class='ocrx_word' id='word_1_269' title='bbox 2065 1263 2308 1333; x_wconf 89' lang='lat' dir='ltr'><strong>improbo</strong></span> <span class='ocrx_word' id='word_1_270' title='bbox 2334 1275 2667 1322; x_wconf 85' lang='lat' dir='ltr'><strong>asseruntur.</strong></span> <span class='ocrx_word' id='word_1_271' title='bbox 2695 1268 3112 1322; x_wconf 86' lang='lat' dir='ltr'><strong>Adinvcuicntes</strong></span> <span class='ocrx_word' id='word_1_272' title='bbox 3132 1269 3272 1323; x_wconf 90' lang='lat' dir='ltr'><strong>enim</strong></span> <span class='ocrx_word' id='word_1_273' title='bbox 3295 1268 3395 1324; x_wconf 84' lang='lat' dir='ltr'><strong>Ne-</strong></span> 
     </span>
    </p>
   </div>
   <div class='ocr_carea' id='block_1_41' title="bbox 1823 1352 3394 1425">
    <p class='ocr_par' dir='ltr' id='par_1_41' title="bbox 1823 1352 3394 1425">
     <span class='ocr_line' id='line_1_41' title="bbox 1823 1352 3394 1425; baseline 0.005 -19"><span class='ocrx_word' id='word_1_274' title='bbox 1823 1352 1976 1406; x_wconf 89' lang='lat' dir='ltr'><strong>storii</strong></span> <span class='ocrx_word' id='word_1_275' title='bbox 2008 1353 2224 1422; x_wconf 89' lang='lat' dir='ltr'><strong>impiam</strong></span> <span class='ocrx_word' id='word_1_276' title='bbox 2251 1355 2579 1423; x_wconf 88' lang='lat' dir='ltr'><strong>opinionem,</strong></span> <span class='ocrx_word' id='word_1_277' title='bbox 2603 1356 2889 1425; x_wconf 86' lang='lat' dir='ltr'><strong>imaginem</strong></span> <span class='ocrx_word' id='word_1_278' title='bbox 2920 1357 3226 1412; x_wconf 84' lang='lat' dir='ltr'><strong>lormationi</strong></span> <span class='ocrx_word' id='word_1_279' title='bbox 3253 1360 3394 1414; x_wconf 87' lang='lat' dir='ltr'><strong>hanc</strong></span> 
     </span>
    </p>
   </div>
   <div class='ocr_carea' id='block_1_42' title="bbox 1823 1443 3387 1514">
    <p class='ocr_par' dir='ltr' id='par_1_42' title="bbox 1823 1443 3387 1514">
     <span class='ocr_line' id='line_1_42' title="bbox 1823 1443 3387 1514; baseline 0.003 -18"><span class='ocrx_word' id='word_1_280' title='bbox 1823 1443 2110 1514; x_wconf 87' lang='lat' dir='ltr'><strong>applicant,</strong></span> <span class='ocrx_word' id='word_1_281' title='bbox 2141 1445 2356 1514; x_wconf 90' lang='lat' dir='ltr'><strong>inopina</strong></span> <span class='ocrx_word' id='word_1_282' title='bbox 2386 1445 2629 1514; x_wconf 65' lang='lat' dir='ltr'><strong>quaedam</strong></span> <span class='ocrx_word' id='word_1_283' title='bbox 2651 1454 2703 1500; x_wconf 91' lang='lat' dir='ltr'><strong>et</strong></span> <span class='ocrx_word' id='word_1_284' title='bbox 2723 1447 2951 1502; x_wconf 85' lang='lat' dir='ltr'><strong>absurda</strong></span> <span class='ocrx_word' id='word_1_285' title='bbox 2979 1448 3387 1502; x_wconf 87' lang='lat' dir='ltr'><strong>resarcinantes.</strong></span> 
     </span>
    </p>
   </div>
   <div class='ocr_carea' id='block_1_43' title="bbox 1823 1531 3396 1604">
    <p class='ocr_par' dir='ltr' id='par_1_43' title="bbox 1823 1531 3396 1604">
     <span class='ocr_line' id='line_1_43' title="bbox 1823 1531 3396 1604; baseline 0.003 -19"><span class='ocrx_word' id='word_1_286' title='bbox 1823 1531 2138 1600; x_wconf 87' lang='lat' dir='ltr'><strong>Huiusmodi</strong></span> <span class='ocrx_word' id='word_1_287' title='bbox 2167 1547 2295 1604; x_wconf 86' lang='lat' dir='ltr'><strong>ergo</strong></span> <span class='ocrx_word' id='word_1_288' title='bbox 2335 1534 2755 1589; x_wconf 86' lang='lat' dir='ltr'><strong>ratiuncularnm</strong></span> <span class='ocrx_word' id='word_1_289' title='bbox 2787 1535 2974 1591; x_wconf 90' lang='lat' dir='ltr'><strong>crebra</strong></span> <span class='ocrx_word' id='word_1_290' title='bbox 3008 1536 3146 1590; x_wconf 73' lang='lat' dir='ltr'><strong>facta</strong></span> <span class='ocrx_word' id='word_1_291' title='bbox 3181 1537 3396 1591; x_wconf 83' lang='lat' dir='ltr'><strong>destru-</strong></span> 
     </span>
    </p>
   </div>
   <div class='ocr_carea' id='block_1_44' title="bbox 1823 1620 3396 1694">
    <p class='ocr_par' dir='ltr' id='par_1_44' title="bbox 1823 1620 3396 1694">
     <span class='ocr_line' id='line_1_44' title="bbox 1823 1620 3396 1694; baseline 0.003 -18"><span class='ocrx_word' id='word_1_292' title='bbox 1823 1620 2022 1684; x_wconf 87' lang='lat' dir='ltr'><strong>ctione,</strong></span> <span class='ocrx_word' id='word_1_293' title='bbox 2051 1637 2196 1675; x_wconf 81' lang='lat' dir='ltr'><strong>nunc</strong></span> <span class='ocrx_word' id='word_1_294' title='bbox 2220 1622 2432 1676; x_wconf 90' lang='lat' dir='ltr'><strong>silentio</strong></span> <span class='ocrx_word' id='word_1_295' title='bbox 2464 1625 2560 1678; x_wconf 90' lang='lat' dir='ltr'><strong>has</strong></span> <span class='ocrx_word' id='word_1_296' title='bbox 2594 1625 2805 1680; x_wconf 87' lang='lat' dir='ltr'><strong>tradere</strong></span> <span class='ocrx_word' id='word_1_297' title='bbox 2849 1627 3212 1681; x_wconf 89' lang='lat' dir='ltr'><strong>necessarium</strong></span> <span class='ocrx_word' id='word_1_298' title='bbox 3251 1625 3396 1694; x_wconf 86' lang='lat' dir='ltr'><strong>iudi-</strong></span> 
     </span>
    </p>
   </div>
   <div class='ocr_carea' id='block_1_45' title="bbox 1822 1705 2891 1765">
    <p class='ocr_par' dir='ltr' id='par_1_45' title="bbox 1822 1705 2891 1765">
     <span class='ocr_line' id='line_1_45' title="bbox 1822 1705 2891 1765; baseline 0.007 -7"><span class='ocrx_word' id='word_1_299' title='bbox 1822 1718 2026 1760; x_wconf 89' lang='lat' dir='ltr'><strong>camus.</strong></span> <span class='ocrx_word' id='word_1_300' title='bbox 2061 1705 2320 1761; x_wconf 86' lang='lat' dir='ltr'><strong>Eructant</strong></span> <span class='ocrx_word' id='word_1_301' title='bbox 2341 1717 2521 1763; x_wconf 87' lang='lat' dir='ltr'><strong>autem</strong></span> <span class='ocrx_word' id='word_1_302' title='bbox 2553 1724 2738 1764; x_wconf 91' lang='lat' dir='ltr'><strong>rursus</strong></span> <span class='ocrx_word' id='word_1_303' title='bbox 2758 1709 2891 1765; x_wconf 80' lang='lat' dir='ltr'><strong>lucc.</strong></span> 
     </span>
    </p>
   </div>
   <div class='ocr_carea' id='block_1_46' title="bbox 2218 1836 3000 1911">
    <p class='ocr_par' dir='ltr' id='par_1_46' title="bbox 2218 1836 3000 1911">
     <span class='ocr_line' id='line_1_46' title="bbox 2218 1836 3000 1911; baseline 0.003 -19"><span class='ocrx_word' id='word_1_304' title='bbox 2218 1836 2500 1910; x_wconf 83' lang='lat' dir='ltr'><strong>Gregorius</strong></span> <span class='ocrx_word' id='word_1_305' title='bbox 2529 1841 2798 1911; x_wconf 80' lang='lat' dir='ltr'><strong>cpiscopus</strong></span> <span class='ocrx_word' id='word_1_306' title='bbox 2831 1839 2951 1911; x_wconf 84' lang='lat' dir='ltr'><strong>legit</strong></span> <span class='ocrx_word' id='word_1_307' title='bbox 2978 1857 3000 1894; x_wconf 86' lang='lat'><strong><em>:</em></strong></span> 
     </span>
    </p>
   </div>
   <div class='ocr_carea' id='block_1_47' title="bbox 1899 1949 3394 2022">
    <p class='ocr_par' dir='ltr' id='par_1_47' title="bbox 1899 1949 3394 2022">
     <span class='ocr_line' id='line_1_47' title="bbox 1899 1949 3394 2022; baseline -0.001 -17"><span class='ocrx_word' id='word_1_308' title='bbox 1899 1969 1917 2004; x_wconf 74' lang='grc' dir='ltr'>ι</span> <span class='ocrx_word' id='word_1_309' title='bbox 1964 1949 2018 2006; x_wconf 91' lang='lat' dir='ltr'><strong>Si</strong></span> <span class='ocrx_word' id='word_1_310' title='bbox 2048 1951 2169 2022; x_wconf 88' lang='lat' dir='ltr'><strong>quis</strong></span> <span class='ocrx_word' id='word_1_311' title='bbox 2193 1966 2410 2006; x_wconf 89' lang='lat' dir='ltr'><strong>carnem</strong></span> <span class='ocrx_word' id='word_1_312' title='bbox 2434 1966 2538 2022; x_wconf 88' lang='lat' dir='ltr'><strong>qua</strong></span> <span class='ocrx_word' id='word_1_313' title='bbox 2566 1951 2810 2006; x_wconf 89' lang='lat' dir='ltr'><strong>deilicata</strong></span> <span class='ocrx_word' id='word_1_314' title='bbox 2833 1961 2916 2006; x_wconf 90' lang='lat' dir='ltr'><strong>est</strong></span> <span class='ocrx_word' id='word_1_315' title='bbox 2945 1966 3008 2006; x_wconf 82' lang='lat' dir='ltr'><strong>ex</strong></span> <span class='ocrx_word' id='word_1_316' title='bbox 3032 1951 3274 2007; x_wconf 90' lang='lat' dir='ltr'><strong>unitione</strong></span> <span class='ocrx_word' id='word_1_317' title='bbox 3297 1966 3394 2006; x_wconf 87' lang='lat' dir='ltr'><strong>sua</strong></span> 
     </span>
    </p>
   </div>
   <div class='ocr_carea' id='block_1_48' title="bbox 1827 2041 3397 2112">
    <p class='ocr_par' dir='ltr' id='par_1_48' title="bbox 1827 2041 3397 2112">
     <span class='ocr_line' id='line_1_48' title="bbox 1827 2041 3397 2112; baseline 0.004 -18"><span class='ocrx_word' id='word_1_318' title='bbox 1827 2060 1845 2094; x_wconf 76' lang='grc' dir='ltr'>ι</span> <span class='ocrx_word' id='word_1_319' title='bbox 1891 2057 2012 2112; x_wconf 66' lang='lat' dir='ltr'><strong>quae</strong></span> <span class='ocrx_word' id='word_1_320' title='bbox 2053 2042 2119 2096; x_wconf 94' lang='lat' dir='ltr'><strong>ad</strong></span> <span class='ocrx_word' id='word_1_321' title='bbox 2148 2042 2385 2097; x_wconf 82' lang='lat' dir='ltr'><strong>divinum</strong></span> <span class='ocrx_word' id='word_1_322' title='bbox 2409 2041 2644 2096; x_wconf 84' lang='lat' dir='ltr'><strong>Verbum</strong></span> <span class='ocrx_word' id='word_1_323' title='bbox 2685 2042 2872 2097; x_wconf 84' lang='lat' dir='ltr'><strong>ell&#39;ecta</strong></span> <span class='ocrx_word' id='word_1_324' title='bbox 2914 2051 3015 2108; x_wconf 70' lang='lat' dir='ltr'><strong>est,</strong></span> <span class='ocrx_word' id='word_1_325' title='bbox 3065 2044 3118 2097; x_wconf 91' lang='lat' dir='ltr'><strong>in</strong></span> <span class='ocrx_word' id='word_1_326' title='bbox 3164 2044 3397 2112; x_wconf 81' lang='lat' dir='ltr'><strong>imagine</strong></span> 
     </span>
    </p>
   </div>
   <div class='ocr_carea' id='block_1_49' title="bbox 1827 2133 3398 2204">
    <p class='ocr_par' dir='ltr' id='par_1_49' title="bbox 1827 2133 3398 2204">
     <span class='ocr_line' id='line_1_49' title="bbox 1827 2133 3398 2204; baseline 0.001 -17"><span class='ocrx_word' id='word_1_327' title='bbox 1827 2151 1846 2187; x_wconf 73' lang='grc' dir='ltr'>ι</span> <span class='ocrx_word' id='word_1_328' title='bbox 1890 2133 2146 2204; x_wconf 73' lang='lat' dir='ltr'><strong>pinscrit,</strong></span> <span class='ocrx_word' id='word_1_329' title='bbox 2175 2133 2334 2190; x_wconf 81' lang='lat' dir='ltr'><strong>veluti</strong></span> <span class='ocrx_word' id='word_1_330' title='bbox 2371 2148 2626 2204; x_wconf 76' lang='lat' dir='ltr'><strong>separans</strong></span> <span class='ocrx_word' id='word_1_331' title='bbox 2651 2149 2768 2190; x_wconf 89' lang='lat' dir='ltr'><strong>eam</strong></span> <span class='ocrx_word' id='word_1_332' title='bbox 2798 2149 2863 2189; x_wconf 80' lang='lat' dir='ltr'><strong>ex</strong></span> <span class='ocrx_word' id='word_1_333' title='bbox 2903 2141 3209 2189; x_wconf 89' lang='lat' dir='ltr'><strong>assumente</strong></span> <span class='ocrx_word' id='word_1_334' title='bbox 3233 2145 3398 2202; x_wconf 87' lang='lat' dir='ltr'><strong>atque</strong></span> 
     </span>
    </p>
   </div>
   <div class='ocr_carea' id='block_1_50' title="bbox 1826 2223 3396 2297">
    <p class='ocr_par' dir='ltr' id='par_1_50' title="bbox 1826 2223 3396 2297">
     <span class='ocr_line' id='line_1_50' title="bbox 1826 2223 3396 2297; baseline -0.002 -17"><span class='ocrx_word' id='word_1_335' title='bbox 1826 2245 1846 2280; x_wconf 72' lang='grc' dir='ltr'>ι</span> <span class='ocrx_word' id='word_1_336' title='bbox 1889 2228 2171 2284; x_wconf 87' lang='lat' dir='ltr'><strong>deilicante</strong></span> <span class='ocrx_word' id='word_1_337' title='bbox 2200 2227 2342 2282; x_wconf 85' lang='lat' dir='ltr'><strong>illam</strong></span> <span class='ocrx_word' id='word_1_338' title='bbox 2369 2227 2686 2293; x_wconf 85' lang='lat' dir='ltr'><strong>divinitate,</strong></span> <span class='ocrx_word' id='word_1_339' title='bbox 2717 2235 2772 2281; x_wconf 90' lang='lat' dir='ltr'><strong>et</strong></span> <span class='ocrx_word' id='word_1_340' title='bbox 2799 2227 2914 2281; x_wconf 91' lang='lat' dir='ltr'><strong>sine</strong></span> <span class='ocrx_word' id='word_1_341' title='bbox 2940 2227 3050 2282; x_wconf 84' lang='lat' dir='ltr'><strong>Deo</strong></span> <span class='ocrx_word' id='word_1_342' title='bbox 3081 2228 3218 2282; x_wconf 90' lang='lat' dir='ltr'><strong>hanc</strong></span> <span class='ocrx_word' id='word_1_343' title='bbox 3254 2223 3396 2297; x_wconf 83' lang='lat' dir='ltr'><strong>[Gr.,</strong></span> 
     </span>
    </p>
   </div>
   <div class='ocr_carea' id='block_1_51' title="bbox 1827 2316 3396 2390">
    <p class='ocr_par' dir='ltr' id='par_1_51' title="bbox 1827 2316 3396 2390">
     <span class='ocr_line' id='line_1_51' title="bbox 1827 2316 3396 2390; baseline -0.001 -18"><span class='ocrx_word' id='word_1_344' title='bbox 1827 2337 1846 2372; x_wconf 73' lang='grc' dir='ltr'>ι</span> <span class='ocrx_word' id='word_1_345' title='bbox 1892 2320 2111 2374; x_wconf 80' lang='lat' dir='ltr'><strong>minime</strong></span> <span class='ocrx_word' id='word_1_346' title='bbox 2140 2319 2442 2374; x_wconf 85' lang='lat' dir='ltr'><strong>deiﬁcatam</strong></span> <span class='ocrx_word' id='word_1_347' title='bbox 2473 2317 2634 2390; x_wconf 87' lang='lat' dir='ltr'><strong>hanc]</strong></span> <span class='ocrx_word' id='word_1_348' title='bbox 2662 2333 2758 2388; x_wconf 92' lang='lat' dir='ltr'><strong>per</strong></span> <span class='ocrx_word' id='word_1_349' title='bbox 2789 2318 2888 2372; x_wconf 91' lang='lat' dir='ltr'><strong>hoc</strong></span> <span class='ocrx_word' id='word_1_350' title='bbox 2917 2316 3228 2383; x_wconf 80' lang='lat' dir='ltr'><strong>conﬁciens,</strong></span> <span class='ocrx_word' id='word_1_351' title='bbox 3261 2332 3396 2371; x_wconf 87' lang='lat' dir='ltr'><strong>ana-</strong></span> 
     </span>
    </p>
   </div>
   <div class='ocr_carea' id='block_1_52' title="bbox 1829 2409 2162 2464">
    <p class='ocr_par' dir='ltr' id='par_1_52' title="bbox 1829 2409 2162 2464">
     <span class='ocr_line' id='line_1_52' title="bbox 1829 2409 2162 2464; baseline 0.006 -4"><span class='ocrx_word' id='word_1_352' title='bbox 1829 2427 1848 2460; x_wconf 73' lang='grc' dir='ltr'>ι</span> <span class='ocrx_word' id='word_1_353' title='bbox 1896 2411 2073 2464; x_wconf 88' lang='lat' dir='ltr'><strong>thema</strong></span> <span class='ocrx_word' id='word_1_354' title='bbox 2093 2409 2106 2463; x_wconf 89' lang='lat'><strong>!</strong></span> <span class='ocrx_word' id='word_1_355' title='bbox 2142 2428 2162 2462; x_wconf 76' lang='grc' dir='ltr'><strong><em>ι</em></strong></span> 
     </span>
    </p>
   </div>
   <div class='ocr_carea' id='block_1_53' title="bbox 2200 2516 3007 2588">
    <p class='ocr_par' dir='ltr' id='par_1_53' title="bbox 2200 2516 3007 2588">
     <span class='ocr_line' id='line_1_53' title="bbox 2200 2516 3007 2588; baseline 0 -17"><span class='ocrx_word' id='word_1_356' title='bbox 2200 2518 2529 2588; x_wconf 83' lang='lat' dir='ltr'><strong>Epiphanius</strong></span> <span class='ocrx_word' id='word_1_357' title='bbox 2556 2518 2811 2572; x_wconf 84' lang='lat' dir='ltr'><strong>diaconus</strong></span> <span class='ocrx_word' id='word_1_358' title='bbox 2840 2516 2962 2588; x_wconf 83' lang='lat' dir='ltr'><strong>legit</strong></span> <span class='ocrx_word' id='word_1_359' title='bbox 2988 2533 3007 2571; x_wconf 90' lang='lat'><strong><em>:</em></strong></span> 
     </span>
    </p>
   </div>
   <div class='ocr_carea' id='block_1_54' title="bbox 1891 2627 3394 2700">
    <p class='ocr_par' dir='ltr' id='par_1_54' title="bbox 1891 2627 3394 2700">
     <span class='ocr_line' id='line_1_54' title="bbox 1891 2627 3394 2700; baseline -0.005 -13"><span class='ocrx_word' id='word_1_360' title='bbox 1891 2631 2168 2687; x_wconf 85' lang='lat' dir='ltr'><strong>Catholica</strong></span> <span class='ocrx_word' id='word_1_361' title='bbox 2197 2631 2436 2686; x_wconf 87' lang='lat' dir='ltr'><strong>Ecclesia</strong></span> <span class='ocrx_word' id='word_1_362' title='bbox 2459 2631 2559 2686; x_wconf 90' lang='lat' dir='ltr'><strong>etsi</strong></span> <span class='ocrx_word' id='word_1_363' title='bbox 2584 2629 2753 2700; x_wconf 84' lang='lat' dir='ltr'><strong>pingit</strong></span> <span class='ocrx_word' id='word_1_364' title='bbox 2775 2629 3052 2684; x_wconf 89' lang='lat' dir='ltr'><strong>Christum</strong></span> <span class='ocrx_word' id='word_1_365' title='bbox 3077 2627 3130 2682; x_wconf 90' lang='lat' dir='ltr'><strong>in</strong></span> <span class='ocrx_word' id='word_1_366' title='bbox 3159 2628 3394 2682; x_wconf 88' lang='lat' dir='ltr'><strong>humana</strong></span> 
     </span>
    </p>
   </div>
   <div class='ocr_carea' id='block_1_55' title="bbox 1823 2719 3393 2792">
    <p class='ocr_par' dir='ltr' id='par_1_55' title="bbox 1823 2719 3393 2792">
     <span class='ocr_line' id='line_1_55' title="bbox 1823 2719 3393 2792; baseline -0.003 -16"><span class='ocrx_word' id='word_1_367' title='bbox 1823 2723 2017 2788; x_wconf 79' lang='lat' dir='ltr'><strong>forma,</strong></span> <span class='ocrx_word' id='word_1_368' title='bbox 2049 2723 2141 2778; x_wconf 88' lang='lat' dir='ltr'><strong>sed</strong></span> <span class='ocrx_word' id='word_1_369' title='bbox 2174 2739 2278 2778; x_wconf 90' lang='lat' dir='ltr'><strong>non</strong></span> <span class='ocrx_word' id='word_1_370' title='bbox 2306 2731 2521 2792; x_wconf 79' lang='lat' dir='ltr'><strong>separat</strong></span> <span class='ocrx_word' id='word_1_371' title='bbox 2547 2722 2685 2776; x_wconf 89' lang='lat' dir='ltr'><strong>hanc</strong></span> <span class='ocrx_word' id='word_1_372' title='bbox 2703 2736 2769 2776; x_wconf 82' lang='lat' dir='ltr'><strong>ex</strong></span> <span class='ocrx_word' id='word_1_373' title='bbox 2795 2720 2942 2775; x_wconf 90' lang='lat' dir='ltr'><strong>unita</strong></span> <span class='ocrx_word' id='word_1_374' title='bbox 2969 2719 3070 2776; x_wconf 90' lang='lat' dir='ltr'><strong>sibi</strong></span> <span class='ocrx_word' id='word_1_375' title='bbox 3094 2719 3393 2773; x_wconf 90' lang='lat' dir='ltr'><strong>divinitate.</strong></span> 
     </span>
    </p>
   </div>
   <div class='ocr_carea' id='block_1_56' title="bbox 1822 2811 3398 2888">
    <p class='ocr_par' dir='ltr' id='par_1_56' title="bbox 1822 2811 3398 2888">
     <span class='ocr_line' id='line_1_56' title="bbox 1822 2811 3398 2888; baseline -0.006 -14"><span class='ocrx_word' id='word_1_376' title='bbox 1822 2819 2132 2874; x_wconf 85' lang='lat' dir='ltr'><strong>Deiﬁcatam</strong></span> <span class='ocrx_word' id='word_1_377' title='bbox 2174 2828 2352 2873; x_wconf 88' lang='lat' dir='ltr'><strong>autem</strong></span> <span class='ocrx_word' id='word_1_378' title='bbox 2383 2817 2561 2888; x_wconf 88' lang='lat' dir='ltr'><strong>potius</strong></span> <span class='ocrx_word' id='word_1_379' title='bbox 2602 2815 2793 2880; x_wconf 90' lang='lat' dir='ltr'><strong>credit,</strong></span> <span class='ocrx_word' id='word_1_380' title='bbox 2825 2823 2880 2870; x_wconf 89' lang='lat' dir='ltr'><strong>et</strong></span> <span class='ocrx_word' id='word_1_381' title='bbox 2908 2829 3068 2869; x_wconf 91' lang='lat' dir='ltr'><strong>unam</strong></span> <span class='ocrx_word' id='word_1_382' title='bbox 3112 2827 3234 2867; x_wconf 91' lang='lat' dir='ltr'><strong>cum</strong></span> <span class='ocrx_word' id='word_1_383' title='bbox 3288 2811 3398 2866; x_wconf 88' lang='lat' dir='ltr'><strong>Deo</strong></span> 
     </span>
    </p>
   </div>
   <div class='ocr_carea' id='block_1_57' title="bbox 1824 2901 3395 2978">
    <p class='ocr_par' dir='ltr' id='par_1_57' title="bbox 1824 2901 3395 2978">
     <span class='ocr_line' id='line_1_57' title="bbox 1824 2901 3395 2978; baseline -0.006 -14"><span class='ocrx_word' id='word_1_384' title='bbox 1824 2911 1889 2964; x_wconf 87' lang='lat' dir='ltr'><strong>ha</strong></span> <span class='ocrx_word' id='word_1_385' title='bbox 1897 2909 2290 2978; x_wconf 75' lang='lat' dir='ltr'><strong>nc_conlitetur,</strong></span> <span class='ocrx_word' id='word_1_386' title='bbox 2315 2908 2607 2963; x_wconf 89' lang='lat' dir='ltr'><strong>secundum</strong></span> <span class='ocrx_word' id='word_1_387' title='bbox 2621 2922 2872 2978; x_wconf 84' lang='lat' dir='ltr'><strong>magnum</strong></span> <span class='ocrx_word' id='word_1_388' title='bbox 2885 2904 2927 2960; x_wconf 90' lang='lat' dir='ltr'><strong>G</strong></span> <span class='ocrx_word' id='word_1_389' title='bbox 2937 2905 3202 2976; x_wconf 84' lang='lat' dir='ltr'><strong>regorium</strong></span> <span class='ocrx_word' id='word_1_390' title='bbox 3219 2901 3395 2971; x_wconf 86' lang='lat' dir='ltr'><strong>(Orat.</strong></span> 
     </span>
    </p>
   </div>
   <div class='ocr_carea' id='block_1_58' title="bbox 1824 2972 3399 3076">
    <p class='ocr_par' dir='ltr' id='par_1_58' title="bbox 1824 2972 3399 3076">
     <span class='ocr_line' id='line_1_58' title="bbox 1824 2972 3399 3076; baseline -0.005 -22"><span class='ocrx_word' id='word_1_391' title='bbox 1824 3000 1860 3054; x_wconf 73' lang='lat'><strong>2</strong></span> <span class='ocrx_word' id='word_1_392' title='bbox 1882 2972 2197 3076; x_wconf 55' lang='lat' dir='ltr'><strong>in&#39;Pascha)</strong></span> <span class='ocrx_word' id='word_1_393' title='bbox 2224 2972 2284 3054; x_wconf 86' lang='lat' dir='ltr'><strong>et</strong></span> <span class='ocrx_word' id='word_1_394' title='bbox 2307 2999 2589 3055; x_wconf 84' lang='lat' dir='ltr'><strong>veritatem</strong></span> <span class='ocrx_word' id='word_1_395' title='bbox 2619 3017 2631 3053; x_wconf 91' lang='lat'><strong>:</strong></span> <span class='ocrx_word' id='word_1_396' title='bbox 2665 2972 2770 3052; x_wconf 75' lang='lat' dir='ltr'><strong>non</strong></span> <span class='ocrx_word' id='word_1_397' title='bbox 2795 2997 2935 3052; x_wconf 91' lang='lat' dir='ltr'><strong>sicut</strong></span> <span class='ocrx_word' id='word_1_398' title='bbox 2966 2972 3063 3066; x_wconf 79' lang='lat' dir='ltr'><strong>ipsi</strong></span> <span class='ocrx_word' id='word_1_399' title='bbox 3091 2995 3304 3049; x_wconf 89' lang='lat' dir='ltr'><strong>indocte</strong></span> <span class='ocrx_word' id='word_1_400' title='bbox 3335 3009 3399 3047; x_wconf 92' lang='lat' dir='ltr'><strong>ac</strong></span> 
     </span>
    </p>
   </div>
   <div class='ocr_carea' id='block_1_59' title="bbox 1823 3084 3400 3151">
    <p class='ocr_par' dir='ltr' id='par_1_59' title="bbox 1823 3084 3400 3151">
     <span class='ocr_line' id='line_1_59' title="bbox 1823 3084 3400 3151; baseline -0.004 -6"><span class='ocrx_word' id='word_1_401' title='bbox 1823 3090 2091 3145; x_wconf 88' lang='lat' dir='ltr'><strong>inerudite</strong></span> <span class='ocrx_word' id='word_1_402' title='bbox 2135 3089 2538 3145; x_wconf 82' lang='lat' dir='ltr'><strong>barbarizantes</strong></span> <span class='ocrx_word' id='word_1_403' title='bbox 2581 3087 2853 3151; x_wconf 82' lang='lat' dir='ltr'><strong>dixerunt,</strong></span> <span class='ocrx_word' id='word_1_404' title='bbox 2901 3086 3018 3139; x_wconf 88' lang='lat' dir='ltr'><strong>sine</strong></span> <span class='ocrx_word' id='word_1_405' title='bbox 3055 3085 3164 3138; x_wconf 91' lang='lat' dir='ltr'><strong>Deo</strong></span> <span class='ocrx_word' id='word_1_406' title='bbox 3192 3098 3257 3139; x_wconf 85' lang='lat' dir='ltr'><strong>ex</strong></span> <span class='ocrx_word' id='word_1_407' title='bbox 3296 3084 3400 3138; x_wconf 91' lang='lat' dir='ltr'><strong>hoc</strong></span> 
     </span>
    </p>
   </div>
   <div class='ocr_carea' id='block_1_60' title="bbox 134 3173 3398 3264">
    <p class='ocr_par' dir='ltr' id='par_1_60' title="bbox 134 3173 3398 3264">
     <span class='ocr_line' id='line_1_60' title="bbox 134 3173 3398 3264; baseline 0 -36"><span class='ocrx_word' id='word_1_408' title='bbox 134 3174 344 3246; x_wconf 84' lang='lat' dir='ltr'><strong>scribi],</strong></span> <span class='ocrx_word' id='word_1_409' title='bbox 375 3175 503 3244; x_wconf 90' lang='lat' dir='ltr'><strong>quia</strong></span> <span class='ocrx_word' id='word_1_410' title='bbox 535 3175 816 3230; x_wconf 88' lang='lat' dir='ltr'><strong>invisibilis</strong></span> <span class='ocrx_word' id='word_1_411' title='bbox 837 3183 940 3230; x_wconf 89' lang='lat' dir='ltr'><strong>est.</strong></span> <span class='ocrx_word' id='word_1_412' title='bbox 968 3176 1034 3230; x_wconf 86' lang='lat' dir='ltr'><strong>Et</strong></span> <span class='ocrx_word' id='word_1_413' title='bbox 1059 3177 1102 3230; x_wconf 90' lang='lat' dir='ltr'><strong>si</strong></span> <span class='ocrx_word' id='word_1_414' title='bbox 1129 3175 1388 3240; x_wconf 86' lang='lat' dir='ltr'><strong>animam,</strong></span> <span class='ocrx_word' id='word_1_415' title='bbox 1420 3175 1716 3244; x_wconf 69' lang='lat' dir='ltr'><strong>prazsertim</strong></span> <span class='ocrx_word' id='word_1_416' title='bbox 1747 3204 1791 3264; x_wconf 64' lang='grc' dir='ltr'><em>ε</em></span> <span class='ocrx_word' id='word_1_417' title='bbox 1824 3193 2041 3235; x_wconf 83' lang='lat' dir='ltr'><strong>carnem</strong></span> <span class='ocrx_word' id='word_1_418' title='bbox 2068 3179 2276 3233; x_wconf 79' lang='lat' dir='ltr'><strong>Domini</strong></span> <span class='ocrx_word' id='word_1_419' title='bbox 2321 3178 2537 3234; x_wconf 81' lang='lat' dir='ltr'><strong>conﬁci.</strong></span> <span class='ocrx_word' id='word_1_420' title='bbox 2571 3176 2722 3232; x_wconf 85' lang='lat' dir='ltr'><strong>Sicut</strong></span> <span class='ocrx_word' id='word_1_421' title='bbox 2769 3176 2913 3230; x_wconf 90' lang='lat' dir='ltr'><strong>enim</strong></span> <span class='ocrx_word' id='word_1_422' title='bbox 2959 3174 3082 3244; x_wconf 90' lang='lat' dir='ltr'><strong>quis</strong></span> <span class='ocrx_word' id='word_1_423' title='bbox 3125 3173 3398 3228; x_wconf 89' lang='lat' dir='ltr'><strong>hominem</strong></span> 
     </span>
    </p>
   </div>
   <div class='ocr_carea' id='block_1_61' title="bbox 134 3261 3400 3340">
    <p class='ocr_par' dir='ltr' id='par_1_61' title="bbox 134 3261 3400 3340">
     <span class='ocr_line' id='line_1_61' title="bbox 134 3261 3400 3340; baseline -0.001 -23"><span class='ocrx_word' id='word_1_424' title='bbox 134 3278 253 3318; x_wconf 87' lang='lat' dir='ltr'><strong>cum</strong></span> <span class='ocrx_word' id='word_1_425' title='bbox 287 3264 358 3318; x_wconf 93' lang='lat' dir='ltr'><strong>sit</strong></span> <span class='ocrx_word' id='word_1_426' title='bbox 397 3272 614 3329; x_wconf 88' lang='lat' dir='ltr'><strong>creata,</strong></span> <span class='ocrx_word' id='word_1_427' title='bbox 658 3265 990 3333; x_wconf 90' lang='lat' dir='ltr'><strong>impossibile</strong></span> <span class='ocrx_word' id='word_1_428' title='bbox 1027 3273 1109 3319; x_wconf 91' lang='lat' dir='ltr'><strong>est</strong></span> <span class='ocrx_word' id='word_1_429' title='bbox 1149 3265 1436 3334; x_wconf 86' lang='lat' dir='ltr'><strong>depingere</strong></span> <span class='ocrx_word' id='word_1_430' title='bbox 1461 3303 1476 3328; x_wconf 90' lang='lat'><strong>,</strong></span> <span class='ocrx_word' id='word_1_431' title='bbox 1518 3273 1720 3333; x_wconf 78' lang='lat' dir='ltr'><strong>quanto</strong></span> <span class='ocrx_word' id='word_1_432' title='bbox 1761 3261 1788 3264; x_wconf 58' lang='grc'>⁷</span> <span class='ocrx_word' id='word_1_433' title='bbox 1822 3271 2136 3340; x_wconf 86' lang='lat' dir='ltr'><strong>depingens,</strong></span> <span class='ocrx_word' id='word_1_434' title='bbox 2175 3271 2292 3325; x_wconf 89' lang='lat' dir='ltr'><strong>sine</strong></span> <span class='ocrx_word' id='word_1_435' title='bbox 2318 3269 2496 3323; x_wconf 89' lang='lat' dir='ltr'><strong>anima</strong></span> <span class='ocrx_word' id='word_1_436' title='bbox 2525 3283 2632 3323; x_wconf 90' lang='lat' dir='ltr'><strong>non</strong></span> <span class='ocrx_word' id='word_1_437' title='bbox 2661 3266 2790 3322; x_wconf 76' lang='lat' dir='ltr'><strong>facit</strong></span> <span class='ocrx_word' id='word_1_438' title='bbox 2831 3265 3126 3328; x_wconf 90' lang='lat' dir='ltr'><strong>hominem,</strong></span> <span class='ocrx_word' id='word_1_439' title='bbox 3162 3263 3256 3318; x_wconf 90' lang='lat' dir='ltr'><strong>sed</strong></span> <span class='ocrx_word' id='word_1_440' title='bbox 3310 3261 3400 3315; x_wconf 89' lang='lat' dir='ltr'><strong>ille</strong></span> 
     </span>
    </p>
   </div>
   <div class='ocr_carea' id='block_1_62' title="bbox 134 3355 1718 3426">
    <p class='ocr_par' dir='ltr' id='par_1_62' title="bbox 134 3355 1718 3426">
     <span class='ocr_line' id='line_1_62' title="bbox 134 3355 1718 3426; baseline 0.001 -17"><span class='ocrx_word' id='word_1_441' title='bbox 134 3355 308 3426; x_wconf 82' lang='lat' dir='ltr'><strong>magis</strong></span> <span class='ocrx_word' id='word_1_442' title='bbox 334 3355 933 3426; x_wconf 84' lang='lat' dir='ltr'><strong>incomprehensibilem</strong></span> <span class='ocrx_word' id='word_1_443' title='bbox 964 3364 1019 3412; x_wconf 90' lang='lat' dir='ltr'><strong>et</strong></span> <span class='ocrx_word' id='word_1_444' title='bbox 1053 3356 1486 3426; x_wconf 76' lang='lat' dir='ltr'><strong>investigabilem</strong></span> <span class='ocrx_word' id='word_1_445' title='bbox 1531 3355 1718 3426; x_wconf 78' lang='lat' dir='ltr'><strong>unige-</strong></span> 
     </span>
    </p>
   </div>
   <div class='ocr_carea' id='block_1_63' title="bbox 133 3445 1721 3518">
    <p class='ocr_par' dir='ltr' id='par_1_63' title="bbox 133 3445 1721 3518">
     <span class='ocr_line' id='line_1_63' title="bbox 133 3445 1721 3518; baseline 0 -18"><span class='ocrx_word' id='word_1_446' title='bbox 133 3447 229 3500; x_wconf 87' lang='lat' dir='ltr'><strong>uiti</strong></span> <span class='ocrx_word' id='word_1_447' title='bbox 286 3445 412 3501; x_wconf 86' lang='lat' dir='ltr'><strong>Filii</strong></span> <span class='ocrx_word' id='word_1_448' title='bbox 464 3446 800 3502; x_wconf 76' lang='lat' dir='ltr'><strong>divinitatem</strong></span> <span class='ocrx_word' id='word_1_449' title='bbox 857 3447 1143 3518; x_wconf 83' lang='lat' dir='ltr'><strong>imaginari</strong></span> <span class='ocrx_word' id='word_1_450' title='bbox 1218 3447 1339 3516; x_wconf 89' lang='lat' dir='ltr'><strong>quis</strong></span> <span class='ocrx_word' id='word_1_451' title='bbox 1390 3447 1721 3502; x_wconf 88' lang='lat' dir='ltr'><strong>sensibiliter</strong></span> 
     </span>
    </p>
   </div>
   <div class='ocr_carea' id='block_1_64' title="bbox 131 3536 1717 3605">
    <p class='ocr_par' dir='ltr' id='par_1_64' title="bbox 131 3536 1717 3605">
     <span class='ocr_line' id='line_1_64' title="bbox 131 3536 1717 3605; baseline 0.002 -16"><span class='ocrx_word' id='word_1_452' title='bbox 131 3536 509 3605; x_wconf 79' lang='lat' dir='ltr'><strong>excogitaret,</strong></span> <span class='ocrx_word' id='word_1_453' title='bbox 556 3536 678 3592; x_wconf 89' lang='lat' dir='ltr'><strong>licet</strong></span> <span class='ocrx_word' id='word_1_454' title='bbox 717 3537 880 3593; x_wconf 92' lang='lat' dir='ltr'><strong>nimis</strong></span> <span class='ocrx_word' id='word_1_455' title='bbox 913 3547 1066 3592; x_wconf 77' lang='lat' dir='ltr'><strong>extra</strong></span> <span class='ocrx_word' id='word_1_456' title='bbox 1096 3552 1290 3592; x_wconf 89' lang='lat' dir='ltr'><strong>sensus</strong></span> <span class='ocrx_word' id='word_1_457' title='bbox 1317 3538 1547 3594; x_wconf 77' lang='lat' dir='ltr'><strong>existat?</strong></span> <span class='ocrx_word' id='word_1_458' title='bbox 1573 3536 1717 3592; x_wconf 85' lang='lat' dir='ltr'><strong>Con—</strong></span> 
     </span>
    </p>
   </div>
   <div class='ocr_carea' id='block_1_65' title="bbox 132 3626 1714 3697">
    <p class='ocr_par' dir='ltr' id='par_1_65' title="bbox 132 3626 1714 3697">
     <span class='ocr_line' id='line_1_65' title="bbox 132 3626 1714 3697; baseline 0.001 -20"><span class='ocrx_word' id='word_1_459' title='bbox 132 3641 323 3681; x_wconf 78' lang='lat' dir='ltr'><strong>versus</strong></span> <span class='ocrx_word' id='word_1_460' title='bbox 363 3635 449 3681; x_wconf 88' lang='lat' dir='ltr'><strong>est</strong></span> <span class='ocrx_word' id='word_1_461' title='bbox 516 3641 647 3697; x_wconf 86' lang='lat' dir='ltr'><strong>ergo</strong></span> <span class='ocrx_word' id='word_1_462' title='bbox 695 3626 849 3682; x_wconf 90' lang='lat' dir='ltr'><strong>dolor</strong></span> <span class='ocrx_word' id='word_1_463' title='bbox 893 3643 1078 3683; x_wconf 89' lang='lat' dir='ltr'><strong>eorum</strong></span> <span class='ocrx_word' id='word_1_464' title='bbox 1124 3627 1179 3682; x_wconf 91' lang='lat' dir='ltr'><strong>in</strong></span> <span class='ocrx_word' id='word_1_465' title='bbox 1237 3627 1414 3696; x_wconf 87' lang='lat' dir='ltr'><strong>capita</strong></span> <span class='ocrx_word' id='word_1_466' title='bbox 1452 3627 1714 3695; x_wconf 88' lang='lat' dir='ltr'><strong>ipsorum.</strong></span> 
     </span>
    </p>
   </div>
   <div class='ocr_carea' id='block_1_66' title="bbox 132 3716 1715 3792">
    <p class='ocr_par' dir='ltr' id='par_1_66' title="bbox 132 3716 1715 3792">
     <span class='ocr_line' id='line_1_66' title="bbox 132 3716 1715 3792; baseline 0.001 -22"><span class='ocrx_word' id='word_1_467' title='bbox 132 3717 434 3773; x_wconf 82' lang='lat' dir='ltr'><strong>Anathema</strong></span> <span class='ocrx_word' id='word_1_468' title='bbox 454 3719 598 3772; x_wconf 89' lang='lat' dir='ltr'><strong>enim</strong></span> <span class='ocrx_word' id='word_1_469' title='bbox 626 3719 766 3788; x_wconf 92' lang='lat' dir='ltr'><strong>quod</strong></span> <span class='ocrx_word' id='word_1_470' title='bbox 795 3719 895 3788; x_wconf 85' lang='lat' dir='ltr'><strong>ipsi</strong></span> <span class='ocrx_word' id='word_1_471' title='bbox 923 3719 1099 3774; x_wconf 86' lang='lat' dir='ltr'><strong>sortiti</strong></span> <span class='ocrx_word' id='word_1_472' title='bbox 1139 3716 1280 3791; x_wconf 87' lang='lat' dir='ltr'><strong>[Gr.,</strong></span> <span class='ocrx_word' id='word_1_473' title='bbox 1318 3719 1523 3792; x_wconf 83' lang='lat' dir='ltr'><strong>nugati]</strong></span> <span class='ocrx_word' id='word_1_474' title='bbox 1572 3725 1715 3784; x_wconf 89' lang='lat' dir='ltr'><strong>sunt,</strong></span> 
     </span>
    </p>
   </div>
   <div class='ocr_carea' id='block_1_67' title="bbox 135 3804 1691 3878">
    <p class='ocr_par' dir='ltr' id='par_1_67' title="bbox 135 3804 1691 3878">
     <span class='ocr_line' id='line_1_67' title="bbox 135 3804 1691 3878; baseline 0.004 -20"><span class='ocrx_word' id='word_1_475' title='bbox 135 3804 188 3859; x_wconf 85' lang='lat' dir='ltr'><strong>in</strong></span> <span class='ocrx_word' id='word_1_476' title='bbox 216 3806 348 3877; x_wconf 89' lang='lat' dir='ltr'><strong>ipsis</strong></span> <span class='ocrx_word' id='word_1_477' title='bbox 376 3815 562 3860; x_wconf 89' lang='lat' dir='ltr'><strong>manet</strong></span> <span class='ocrx_word' id='word_1_478' title='bbox 590 3807 643 3860; x_wconf 93' lang='lat' dir='ltr'><strong>in</strong></span> <span class='ocrx_word' id='word_1_479' title='bbox 674 3807 960 3874; x_wconf 62' lang='lat' dir='ltr'><strong>saeculum;</strong></span> <span class='ocrx_word' id='word_1_480' title='bbox 984 3823 1149 3878; x_wconf 90' lang='lat' dir='ltr'><strong>porro</strong></span> <span class='ocrx_word' id='word_1_481' title='bbox 1174 3808 1368 3863; x_wconf 89' lang='lat' dir='ltr'><strong>iterum</strong></span> <span class='ocrx_word' id='word_1_482' title='bbox 1397 3808 1551 3864; x_wconf 90' lang='lat' dir='ltr'><strong>aiunt</strong></span> <span class='ocrx_word' id='word_1_483' title='bbox 1576 3827 1590 3865; x_wconf 91' lang='lat'><strong>:</strong></span> <span class='ocrx_word' id='word_1_484' title='bbox 1687 3823 1691 3830; x_wconf 80' lang='lat'><strong><em>‘</em></strong></span> 
     </span>
    </p>
   </div>
   <div class='ocr_carea' id='block_1_68' title="bbox 547 3913 1314 3989">
    <p class='ocr_par' dir='ltr' id='par_1_68' title="bbox 547 3913 1314 3989">
     <span class='ocr_line' id='line_1_68' title="bbox 547 3913 1314 3989; baseline 0.005 -19"><span class='ocrx_word' id='word_1_485' title='bbox 547 3913 829 3988; x_wconf 83' lang='lat' dir='ltr'><strong>Gregorius</strong></span> <span class='ocrx_word' id='word_1_486' title='bbox 858 3918 1123 3989; x_wconf 85' lang='lat' dir='ltr'><strong>episcopus</strong></span> <span class='ocrx_word' id='word_1_487' title='bbox 1151 3917 1272 3989; x_wconf 88' lang='lat' dir='ltr'><strong>legit</strong></span> <span class='ocrx_word' id='word_1_488' title='bbox 1295 3934 1314 3974; x_wconf 93' lang='lat'><strong><em>:</em></strong></span> 
     </span>
    </p>
   </div>
   <div class='ocr_carea' id='block_1_69' title="bbox 213 4025 1720 4098">
    <p class='ocr_par' dir='ltr' id='par_1_69' title="bbox 213 4025 1720 4098">
     <span class='ocr_line' id='line_1_69' title="bbox 213 4025 1720 4098; baseline 0.003 -18"><span class='ocrx_word' id='word_1_489' title='bbox 213 4044 236 4080; x_wconf 72' lang='grc' dir='ltr'>ς</span> <span class='ocrx_word' id='word_1_490' title='bbox 276 4025 334 4081; x_wconf 90' lang='lat' dir='ltr'><strong>Si</strong></span> <span class='ocrx_word' id='word_1_491' title='bbox 376 4027 499 4098; x_wconf 88' lang='lat' dir='ltr'><strong>quis</strong></span> <span class='ocrx_word' id='word_1_492' title='bbox 541 4027 730 4084; x_wconf 88' lang='lat' dir='ltr'><strong>dividit</strong></span> <span class='ocrx_word' id='word_1_493' title='bbox 770 4028 976 4082; x_wconf 91' lang='lat' dir='ltr'><strong>unitam</strong></span> <span class='ocrx_word' id='word_1_494' title='bbox 1025 4028 1121 4084; x_wconf 90' lang='lat' dir='ltr'><strong>Del</strong></span> <span class='ocrx_word' id='word_1_495' title='bbox 1160 4028 1310 4084; x_wconf 86' lang='lat' dir='ltr'><strong>verbi</strong></span> <span class='ocrx_word' id='word_1_496' title='bbox 1359 4029 1720 4084; x_wconf 63' lang='lat' dir='ltr'><strong>subsistentia</strong></span> 
     </span>
    </p>
   </div>
   <div class='ocr_carea' id='block_1_70' title="bbox 140 4117 1720 4192">
    <p class='ocr_par' dir='ltr' id='par_1_70' title="bbox 140 4117 1720 4192">
     <span class='ocr_line' id='line_1_70' title="bbox 140 4117 1720 4192; baseline 0.006 -25"><span class='ocrx_word' id='word_1_497' title='bbox 140 4131 161 4165; x_wconf 73' lang='grc' dir='ltr'>ι</span> <span class='ocrx_word' id='word_1_498' title='bbox 204 4130 458 4181; x_wconf 89' lang='lat' dir='ltr'><strong>carnem,</strong></span> <span class='ocrx_word' id='word_1_499' title='bbox 492 4117 546 4170; x_wconf 92' lang='lat' dir='ltr'><strong>in</strong></span> <span class='ocrx_word' id='word_1_500' title='bbox 590 4133 752 4173; x_wconf 89' lang='lat' dir='ltr'><strong>sensu</strong></span> <span class='ocrx_word' id='word_1_501' title='bbox 779 4133 967 4188; x_wconf 91' lang='lat' dir='ltr'><strong>puram</strong></span> <span class='ocrx_word' id='word_1_502' title='bbox 996 4133 1116 4172; x_wconf 87' lang='lat' dir='ltr'><strong>eam</strong></span> <span class='ocrx_word' id='word_1_503' title='bbox 1145 4117 1380 4184; x_wconf 87' lang='lat' dir='ltr'><strong>habens,</strong></span> <span class='ocrx_word' id='word_1_504' title='bbox 1421 4128 1475 4174; x_wconf 92' lang='lat' dir='ltr'><strong>et</strong></span> <span class='ocrx_word' id='word_1_505' title='bbox 1501 4134 1586 4192; x_wconf 1' lang='lat' dir='ltr'><strong>ex;</strong></span> <span class='ocrx_word' id='word_1_506' title='bbox 1615 4121 1720 4177; x_wconf 88' lang='lat' dir='ltr'><strong>hoc</strong></span> 
     </span>
    </p>
   </div>
   <div class='ocr_carea' id='block_1_71' title="bbox 140 4208 1643 4282">
    <p class='ocr_par' dir='ltr' id='par_1_71' title="bbox 140 4208 1643 4282">
     <span class='ocr_line' id='line_1_71' title="bbox 140 4208 1643 4282; baseline 0.004 -23"><span class='ocrx_word' id='word_1_507' title='bbox 140 4224 162 4259; x_wconf 77' lang='grc' dir='ltr'>ι</span> <span class='ocrx_word' id='word_1_508' title='bbox 205 4208 424 4280; x_wconf 85' lang='lat' dir='ltr'><strong>pingere</strong></span> <span class='ocrx_word' id='word_1_509' title='bbox 455 4208 602 4263; x_wconf 87' lang='lat' dir='ltr'><strong>illam</strong></span> <span class='ocrx_word' id='word_1_510' title='bbox 634 4211 688 4264; x_wconf 91' lang='lat' dir='ltr'><strong>in</strong></span> <span class='ocrx_word' id='word_1_511' title='bbox 720 4209 953 4282; x_wconf 88' lang='lat' dir='ltr'><strong>imagine</strong></span> <span class='ocrx_word' id='word_1_512' title='bbox 987 4211 1223 4277; x_wconf 90' lang='lat' dir='ltr'><strong>studens,</strong></span> <span class='ocrx_word' id='word_1_513' title='bbox 1259 4212 1572 4269; x_wconf 89' lang='lat' dir='ltr'><strong>anathema!</strong></span> <span class='ocrx_word' id='word_1_514' title='bbox 1623 4232 1643 4265; x_wconf 74' lang='grc' dir='ltr'>ι</span> 
     </span>
    </p>
   </div>
   <div class='ocr_carea' id='block_1_72' title="bbox 523 4318 1332 4394">
    <p class='ocr_par' dir='ltr' id='par_1_72' title="bbox 523 4318 1332 4394">
     <span class='ocr_line' id='line_1_72' title="bbox 523 4318 1332 4394; baseline 0.006 -22"><span class='ocrx_word' id='word_1_515' title='bbox 523 4318 849 4390; x_wconf 84' lang='lat' dir='ltr'><strong>Epiphanius</strong></span> <span class='ocrx_word' id='word_1_516' title='bbox 874 4321 1127 4376; x_wconf 87' lang='lat' dir='ltr'><strong>diaconus</strong></span> <span class='ocrx_word' id='word_1_517' title='bbox 1167 4321 1288 4394; x_wconf 87' lang='lat' dir='ltr'><strong>legit</strong></span> <span class='ocrx_word' id='word_1_518' title='bbox 1312 4338 1332 4377; x_wconf 88' lang='lat'><strong><em>:</em></strong></span> 
     </span>
    </p>
   </div>
   <div class='ocr_carea' id='block_1_73' title="bbox 205 4429 1717 4511">
    <p class='ocr_par' dir='ltr' id='par_1_73' title="bbox 205 4429 1717 4511">
     <span class='ocr_line' id='line_1_73' title="bbox 205 4429 1717 4511; baseline 0.006 -26"><span class='ocrx_word' id='word_1_519' title='bbox 205 4429 266 4485; x_wconf 86' lang='lat' dir='ltr'><strong>S.</strong></span> <span class='ocrx_word' id='word_1_520' title='bbox 283 4429 575 4500; x_wconf 84' lang='lat' dir='ltr'><strong>Gregorius</strong></span> <span class='ocrx_word' id='word_1_521' title='bbox 593 4443 952 4504; x_wconf 89' lang='lat' dir='ltr'><strong>cognomento</strong></span> <span class='ocrx_word' id='word_1_522' title='bbox 968 4435 1270 4509; x_wconf 87' lang='lat' dir='ltr'><strong>Theologus</strong></span> <span class='ocrx_word' id='word_1_523' title='bbox 1294 4437 1368 4492; x_wconf 88' lang='lat' dir='ltr'><strong>ita</strong></span> <span class='ocrx_word' id='word_1_524' title='bbox 1398 4438 1524 4495; x_wconf 91' lang='lat' dir='ltr'><strong>dicit</strong></span> <span class='ocrx_word' id='word_1_525' title='bbox 1541 4439 1717 4511; x_wconf 87' lang='lat' dir='ltr'><strong>(Orat.</strong></span> 
     </span>
    </p>
   </div>
   <div class='ocr_carea' id='block_1_74' title="bbox 143 4518 1796 4603">
    <p class='ocr_par' dir='ltr' id='par_1_74' title="bbox 143 4518 1796 4603">
     <span class='ocr_line' id='line_1_74' title="bbox 143 4518 1796 4603; baseline 0.006 -30"><span class='ocrx_word' id='word_1_526' title='bbox 143 4520 180 4574; x_wconf 72' lang='grc' dir='ltr'><strong>Ξ</strong></span> <span class='ocrx_word' id='word_1_527' title='bbox 209 4521 272 4574; x_wconf 77' lang='lat' dir='ltr'><strong>de</strong></span> <span class='ocrx_word' id='word_1_528' title='bbox 308 4518 474 4591; x_wconf 85' lang='lat' dir='ltr'><strong>Filio)</strong></span> <span class='ocrx_word' id='word_1_529' title='bbox 501 4539 514 4575; x_wconf 91' lang='lat'>:</span> <span class='ocrx_word' id='word_1_530' title='bbox 545 4523 772 4590; x_wconf 89' lang='lat' dir='ltr'><strong>Quando</strong></span> <span class='ocrx_word' id='word_1_531' title='bbox 801 4533 1008 4579; x_wconf 70' lang='lat' dir='ltr'><strong>natura:</strong></span> <span class='ocrx_word' id='word_1_532' title='bbox 1041 4525 1245 4581; x_wconf 90' lang='lat' dir='ltr'><strong>distant</strong></span> <span class='ocrx_word' id='word_1_533' title='bbox 1273 4527 1326 4582; x_wconf 90' lang='lat' dir='ltr'><strong>in</strong></span> <span class='ocrx_word' id='word_1_534' title='bbox 1355 4541 1540 4593; x_wconf 84' lang='lat' dir='ltr'><strong>sensu,</strong></span> <span class='ocrx_word' id='word_1_535' title='bbox 1571 4543 1717 4599; x_wconf 87' lang='lat' dir='ltr'><strong>sepa-</strong></span> <span class='ocrx_word' id='word_1_536' title='bbox 1749 4545 1796 4603; x_wconf 81' lang='grc' dir='ltr'><strong>ι)</strong></span> 
     </span>
    </p>
   </div>
   <div class='ocr_carea' id='block_1_75' title="bbox 137 4612 1720 4680">
    <p class='ocr_par' dir='ltr' id='par_1_75' title="bbox 137 4612 1720 4680">
     <span class='ocr_line' id='line_1_75' title="bbox 137 4612 1720 4680; baseline 0.007 -17"><span class='ocrx_word' id='word_1_537' title='bbox 137 4619 324 4665; x_wconf 86' lang='lat' dir='ltr'><strong>rantur</strong></span> <span class='ocrx_word' id='word_1_538' title='bbox 359 4612 518 4666; x_wconf 89' lang='lat' dir='ltr'><strong>simul</strong></span> <span class='ocrx_word' id='word_1_539' title='bbox 559 4622 614 4667; x_wconf 90' lang='lat' dir='ltr'><strong>et</strong></span> <span class='ocrx_word' id='word_1_540' title='bbox 660 4613 906 4680; x_wconf 90' lang='lat' dir='ltr'><strong>nomina;</strong></span> <span class='ocrx_word' id='word_1_541' title='bbox 947 4615 1039 4670; x_wconf 88' lang='lat' dir='ltr'><strong>sed</strong></span> <span class='ocrx_word' id='word_1_542' title='bbox 1072 4624 1128 4670; x_wconf 89' lang='lat' dir='ltr'><strong>et</strong></span> <span class='ocrx_word' id='word_1_543' title='bbox 1169 4617 1324 4672; x_wconf 90' lang='lat' dir='ltr'><strong>multi</strong></span> <span class='ocrx_word' id='word_1_544' title='bbox 1361 4633 1428 4674; x_wconf 79' lang='lat' dir='ltr'><strong>ex</strong></span> <span class='ocrx_word' id='word_1_545' title='bbox 1471 4618 1720 4674; x_wconf 87' lang='lat' dir='ltr'><strong>Patribus</strong></span> 
     </span>
    </p>
   </div>
   <div class='ocr_carea' id='block_1_76' title="bbox 138 4699 1717 4777">
    <p class='ocr_par' dir='ltr' id='par_1_76' title="bbox 138 4699 1717 4777">
     <span class='ocr_line' id='line_1_76' title="bbox 138 4699 1717 4777; baseline 0.006 -24"><span class='ocrx_word' id='word_1_546' title='bbox 138 4699 240 4754; x_wconf 84' lang='lat' dir='ltr'><strong>hoc</strong></span> <span class='ocrx_word' id='word_1_547' title='bbox 265 4701 346 4756; x_wconf 92' lang='lat' dir='ltr'><strong>usi</strong></span> <span class='ocrx_word' id='word_1_548' title='bbox 398 4713 554 4757; x_wconf 91' lang='lat' dir='ltr'><strong>sunt:</strong></span> <span class='ocrx_word' id='word_1_549' title='bbox 581 4705 779 4760; x_wconf 91' lang='lat' dir='ltr'><strong>etenim</strong></span> <span class='ocrx_word' id='word_1_550' title='bbox 807 4705 1020 4760; x_wconf 90' lang='lat' dir='ltr'><strong>veritati</strong></span> <span class='ocrx_word' id='word_1_551' title='bbox 1049 4706 1121 4761; x_wconf 90' lang='lat' dir='ltr'><strong>ita</strong></span> <span class='ocrx_word' id='word_1_552' title='bbox 1152 4706 1381 4764; x_wconf 89' lang='lat' dir='ltr'><strong>videtur.</strong></span> <span class='ocrx_word' id='word_1_553' title='bbox 1409 4709 1511 4777; x_wconf 93' lang='lat' dir='ltr'><strong>Ipsi</strong></span> <span class='ocrx_word' id='word_1_554' title='bbox 1537 4717 1717 4763; x_wconf 88' lang='lat' dir='ltr'><strong>autem</strong></span> 
     </span>
    </p>
   </div>
   <div class='ocr_carea' id='block_1_77' title="bbox 139 4793 1714 4865">
    <p class='ocr_par' dir='ltr' id='par_1_77' title="bbox 139 4793 1714 4865">
     <span class='ocr_line' id='line_1_77' title="bbox 139 4793 1714 4865; baseline 0.007 -21"><span class='ocrx_word' id='word_1_555' title='bbox 139 4800 193 4844; x_wconf 81' lang='lat' dir='ltr'><strong>et</strong></span> <span class='ocrx_word' id='word_1_556' title='bbox 219 4807 279 4846; x_wconf 90' lang='lat' dir='ltr'><strong>ea</strong></span> <span class='ocrx_word' id='word_1_557' title='bbox 320 4793 517 4861; x_wconf 89' lang='lat' dir='ltr'><strong>privati</strong></span> <span class='ocrx_word' id='word_1_558' title='bbox 550 4803 603 4848; x_wconf 90' lang='lat' dir='ltr'><strong>et</strong></span> <span class='ocrx_word' id='word_1_559' title='bbox 644 4795 883 4865; x_wconf 86' lang='lat' dir='ltr'><strong>paternis</strong></span> <span class='ocrx_word' id='word_1_560' title='bbox 927 4795 1356 4864; x_wconf 80' lang='lat' dir='ltr'><strong>deﬁnitionibus,</strong></span> <span class='ocrx_word' id='word_1_561' title='bbox 1401 4798 1626 4854; x_wconf 90' lang='lat' dir='ltr'><strong>dicunt:</strong></span> <span class='ocrx_word' id='word_1_562' title='bbox 1658 4799 1714 4855; x_wconf 93' lang='lat' dir='ltr'><strong>Si</strong></span> 
     </span>
    </p>
   </div>
   <div class='ocr_carea' id='block_1_78' title="bbox 140 4882 1722 4950">
    <p class='ocr_par' dir='ltr' id='par_1_78' title="bbox 140 4882 1722 4950">
     <span class='ocr_line' id='line_1_78' title="bbox 140 4882 1722 4950; baseline 0.006 -16"><span class='ocrx_word' id='word_1_563' title='bbox 140 4882 257 4950; x_wconf 89' lang='lat' dir='ltr'><strong>quis</strong></span> <span class='ocrx_word' id='word_1_564' title='bbox 283 4883 476 4937; x_wconf 80' lang='lat' dir='ltr'><strong>dividit</strong></span> <span class='ocrx_word' id='word_1_565' title='bbox 509 4885 707 4938; x_wconf 90' lang='lat' dir='ltr'><strong>unitam</strong></span> <span class='ocrx_word' id='word_1_566' title='bbox 741 4885 834 4938; x_wconf 91' lang='lat' dir='ltr'><strong>Dei</strong></span> <span class='ocrx_word' id='word_1_567' title='bbox 877 4885 1036 4940; x_wconf 69' lang='lat' dir='ltr'><strong>Verbi</strong></span> <span class='ocrx_word' id='word_1_568' title='bbox 1089 4888 1450 4942; x_wconf 69' lang='lat' dir='ltr'><strong>subsistentite</strong></span> <span class='ocrx_word' id='word_1_569' title='bbox 1495 4903 1722 4944; x_wconf 88' lang='lat' dir='ltr'><strong>carnem-</strong></span> 
     </span>
    </p>
   </div>
   <div class='ocr_carea' id='block_1_79' title="bbox 142 4971 1715 5044">
    <p class='ocr_par' dir='ltr' id='par_1_79' title="bbox 142 4971 1715 5044">
     <span class='ocr_line' id='line_1_79' title="bbox 142 4971 1715 5044; baseline 0.006 -19"><span class='ocrx_word' id='word_1_570' title='bbox 142 4971 195 5025; x_wconf 91' lang='lat' dir='ltr'><strong>in</strong></span> <span class='ocrx_word' id='word_1_571' title='bbox 220 4987 400 5027; x_wconf 86' lang='lat' dir='ltr'><strong>sensu.</strong></span> <span class='ocrx_word' id='word_1_572' title='bbox 436 4973 796 5042; x_wconf 81' lang='lat' dir='ltr'><strong>Reperiuntur</strong></span> <span class='ocrx_word' id='word_1_573' title='bbox 821 4989 950 5044; x_wconf 86' lang='lat' dir='ltr'><strong>ergo</strong></span> <span class='ocrx_word' id='word_1_574' title='bbox 977 4991 1076 5030; x_wconf 90' lang='lat' dir='ltr'><strong>nec</strong></span> <span class='ocrx_word' id='word_1_575' title='bbox 1117 4975 1169 5030; x_wconf 91' lang='lat' dir='ltr'><strong>in</strong></span> <span class='ocrx_word' id='word_1_576' title='bbox 1215 4977 1320 5031; x_wconf 89' lang='lat' dir='ltr'><strong>isto</strong></span> <span class='ocrx_word' id='word_1_577' title='bbox 1358 4988 1715 5034; x_wconf 90' lang='lat' dir='ltr'><strong>consonantes</strong></span> 
     </span>
    </p>
   </div>
   <div class='ocr_carea' id='block_1_80' title="bbox 141 5063 1712 5136">
    <p class='ocr_par' dir='ltr' id='par_1_80' title="bbox 141 5063 1712 5136">
     <span class='ocr_line' id='line_1_80' title="bbox 141 5063 1712 5136; baseline 0.005 -20"><span class='ocrx_word' id='word_1_578' title='bbox 141 5073 256 5117; x_wconf 86' lang='lat' dir='ltr'><strong>cum</strong></span> <span class='ocrx_word' id='word_1_579' title='bbox 291 5063 515 5118; x_wconf 87' lang='lat' dir='ltr'><strong>Patrum</strong></span> <span class='ocrx_word' id='word_1_580' title='bbox 549 5066 883 5136; x_wconf 83' lang='lat' dir='ltr'><strong>expositione</strong></span> <span class='ocrx_word' id='word_1_581' title='bbox 911 5077 1225 5122; x_wconf 89' lang='lat' dir='ltr'><strong>sanctorum</strong></span> <span class='ocrx_word' id='word_1_582' title='bbox 1255 5086 1268 5122; x_wconf 91' lang='lat'>:</span> <span class='ocrx_word' id='word_1_583' title='bbox 1306 5069 1401 5124; x_wconf 90' lang='lat' dir='ltr'><strong>sed</strong></span> <span class='ocrx_word' id='word_1_584' title='bbox 1431 5069 1712 5126; x_wconf 82' lang='lat' dir='ltr'><strong>veritatem</strong></span> 
     </span>
    </p>
   </div>
   <div class='ocr_carea' id='block_1_81' title="bbox 142 5151 1712 5230">
    <p class='ocr_par' dir='ltr' id='par_1_81' title="bbox 142 5151 1712 5230">
     <span class='ocr_line' id='line_1_81' title="bbox 142 5151 1712 5230; baseline 0.008 -29"><span class='ocrx_word' id='word_1_585' title='bbox 142 5151 416 5207; x_wconf 81' lang='lat' dir='ltr'><strong>evidenter</strong></span> <span class='ocrx_word' id='word_1_586' title='bbox 464 5152 806 5226; x_wconf 82' lang='lat' dir='ltr'><strong>impngnant,</strong></span> <span class='ocrx_word' id='word_1_587' title='bbox 835 5155 1023 5211; x_wconf 88' lang='lat' dir='ltr'><strong>eadem</strong></span> <span class='ocrx_word' id='word_1_588' title='bbox 1065 5156 1132 5213; x_wconf 90' lang='lat' dir='ltr'><strong>de</strong></span> <span class='ocrx_word' id='word_1_589' title='bbox 1173 5157 1302 5228; x_wconf 90' lang='lat' dir='ltr'><strong>ipsis</strong></span> <span class='ocrx_word' id='word_1_590' title='bbox 1329 5156 1468 5228; x_wconf 85' lang='lat' dir='ltr'><strong>[Gr.,</strong></span> <span class='ocrx_word' id='word_1_591' title='bbox 1502 5157 1712 5230; x_wconf 79' lang='lat' dir='ltr'><strong>iisdem]</strong></span> 
     </span>
    </p>
   </div>
   <div class='ocr_carea' id='block_1_82' title="bbox 143 5241 1714 5310">
    <p class='ocr_par' dir='ltr' id='par_1_82' title="bbox 143 5241 1714 5310">
     <span class='ocr_line' id='line_1_82' title="bbox 143 5241 1714 5310; baseline 0.006 -14"><span class='ocrx_word' id='word_1_592' title='bbox 143 5241 317 5310; x_wconf 80' lang='lat' dir='ltr'><strong>aﬂ&#39;ati;</strong></span> <span class='ocrx_word' id='word_1_593' title='bbox 373 5252 432 5298; x_wconf 91' lang='lat' dir='ltr'><strong>et</strong></span> <span class='ocrx_word' id='word_1_594' title='bbox 475 5246 798 5302; x_wconf 89' lang='lat' dir='ltr'><strong>catholicam</strong></span> <span class='ocrx_word' id='word_1_595' title='bbox 846 5245 1140 5304; x_wconf 89' lang='lat' dir='ltr'><strong>Ecclesiam</strong></span> <span class='ocrx_word' id='word_1_596' title='bbox 1203 5251 1399 5305; x_wconf 89' lang='lat' dir='ltr'><strong>similia</strong></span> <span class='ocrx_word' id='word_1_597' title='bbox 1464 5247 1714 5306; x_wconf 76' lang='lat' dir='ltr'><strong>Nestor-io</strong></span> 
     </span>
    </p>
   </div>
   <div class='ocr_carea' id='block_1_83' title="bbox 143 5335 1712 5412">
    <p class='ocr_par' dir='ltr' id='par_1_83' title="bbox 143 5335 1712 5412">
     <span class='ocr_line' id='line_1_83' title="bbox 143 5335 1712 5412; baseline 0.007 -24"><span class='ocrx_word' id='word_1_598' title='bbox 143 5336 432 5404; x_wconf 64' lang='lat' dir='ltr'><strong>praedicare</strong></span> <span class='ocrx_word' id='word_1_599' title='bbox 453 5335 866 5396; x_wconf 85' lang='lat' dir='ltr'><strong>calumniantur.</strong></span> <span class='ocrx_word' id='word_1_600' title='bbox 888 5337 1054 5395; x_wconf 86' lang='lat' dir='ltr'><strong>Porro</strong></span> <span class='ocrx_word' id='word_1_601' title='bbox 1073 5342 1174 5397; x_wconf 91' lang='lat' dir='ltr'><strong>sibi</strong></span> <span class='ocrx_word' id='word_1_602' title='bbox 1196 5357 1427 5412; x_wconf 84' lang='lat' dir='ltr'><strong>congrua</strong></span> <span class='ocrx_word' id='word_1_603' title='bbox 1447 5341 1712 5409; x_wconf 75' lang='lat' dir='ltr'><strong>dicentes,</strong></span> 
     </span>
    </p>
   </div>
   <div class='ocr_carea' id='block_1_84' title="bbox 147 5420 422 5481">
    <p class='ocr_par' dir='ltr' id='par_1_84' title="bbox 147 5420 422 5481">
     <span class='ocr_line' id='line_1_84' title="bbox 147 5420 422 5481; baseline 0.007 -3"><span class='ocrx_word' id='word_1_604' title='bbox 147 5420 380 5481; x_wconf 80' lang='lat' dir='ltr'><strong>inierunt</strong></span> <span class='ocrx_word' id='word_1_605' title='bbox 404 5440 422 5480; x_wconf 91' lang='lat'><strong>:</strong></span> 
     </span>
    </p>
   </div>
   <div class='ocr_carea' id='block_1_85' title="bbox 538 5540 1305 5614">
    <p class='ocr_par' dir='ltr' id='par_1_85' title="bbox 538 5540 1305 5614">
     <span class='ocr_line' id='line_1_85' title="bbox 538 5540 1305 5614; baseline -0.005 -18"><span class='ocrx_word' id='word_1_606' title='bbox 538 5540 824 5614; x_wconf 83' lang='lat' dir='ltr'><strong>Gregorius</strong></span> <span class='ocrx_word' id='word_1_607' title='bbox 850 5540 1112 5612; x_wconf 80' lang='lat' dir='ltr'><strong>episwpus</strong></span> <span class='ocrx_word' id='word_1_608' title='bbox 1135 5543 1256 5613; x_wconf 87' lang='lat' dir='ltr'><strong>legit</strong></span> <span class='ocrx_word' id='word_1_609' title='bbox 1287 5555 1305 5592; x_wconf 92' lang='lat'><strong><em>:</em></strong></span> 
     </span>
    </p>
   </div>
   <div class='ocr_carea' id='block_1_86' title="bbox 215 5649 1713 5708">
    <p class='ocr_par' dir='ltr' id='par_1_86' title="bbox 215 5649 1713 5708">
     <span class='ocr_line' id='line_1_86' title="bbox 215 5649 1713 5708; baseline 0.005 -7"><span class='ocrx_word' id='word_1_610' title='bbox 215 5668 232 5701; x_wconf 74' lang='grc' dir='ltr'>ι</span> <span class='ocrx_word' id='word_1_611' title='bbox 279 5649 339 5705; x_wconf 89' lang='lat' dir='ltr'><strong>Si</strong></span> <span class='ocrx_word' id='word_1_612' title='bbox 378 5649 500 5700; x_wconf 70' lang='lat' dir='ltr'><strong>anis</strong></span> <span class='ocrx_word' id='word_1_613' title='bbox 527 5668 682 5692; x_wconf 73' lang='lat' dir='ltr'><strong>unum</strong></span> <span class='ocrx_word' id='word_1_614' title='bbox 716 5651 997 5706; x_wconf 64' lang='lat' dir='ltr'><strong>Christum</strong></span> <span class='ocrx_word' id='word_1_615' title='bbox 1026 5653 1214 5708; x_wconf 87' lang='lat' dir='ltr'><strong>dividit</strong></span> <span class='ocrx_word' id='word_1_616' title='bbox 1240 5655 1292 5708; x_wconf 92' lang='lat' dir='ltr'><strong>in</strong></span> <span class='ocrx_word' id='word_1_617' title='bbox 1335 5651 1713 5708; x_wconf 80' lang='lat' dir='ltr'><strong>subsistentias</strong></span> 
     </span>
    </p>
   </div>
   <div class='ocr_carea' id='block_1_87' title="bbox 1819 3355 3397 3430">
    <p class='ocr_par' dir='ltr' id='par_1_87' title="bbox 1819 3355 3397 3430">
     <span class='ocr_line' id='line_1_87' title="bbox 1819 3355 3397 3430; baseline -0.005 -14"><span class='ocrx_word' id='word_1_618' title='bbox 1819 3376 1940 3416; x_wconf 89' lang='lat' dir='ltr'><strong>cum</strong></span> <span class='ocrx_word' id='word_1_619' title='bbox 1963 3361 2143 3414; x_wconf 90' lang='lat' dir='ltr'><strong>anima</strong></span> <span class='ocrx_word' id='word_1_620' title='bbox 2166 3368 2476 3430; x_wconf 90' lang='lat' dir='ltr'><strong>permanet,</strong></span> <span class='ocrx_word' id='word_1_621' title='bbox 2501 3368 2556 3415; x_wconf 91' lang='lat' dir='ltr'><strong>et</strong></span> <span class='ocrx_word' id='word_1_622' title='bbox 2579 3360 2758 3428; x_wconf 86' lang='lat' dir='ltr'><strong>imago</strong></span> <span class='ocrx_word' id='word_1_623' title='bbox 2777 3359 2894 3428; x_wconf 90' lang='lat' dir='ltr'><strong>eius</strong></span> <span class='ocrx_word' id='word_1_624' title='bbox 2922 3357 3142 3420; x_wconf 91' lang='lat' dir='ltr'><strong>dicitur,</strong></span> <span class='ocrx_word' id='word_1_625' title='bbox 3166 3355 3397 3424; x_wconf 84' lang='lat' dir='ltr'><strong>eo~qnod</strong></span> 
     </span>
    </p>
   </div>
   <div class='ocr_carea' id='block_1_88' title="bbox 1819 3442 3400 3520">
    <p class='ocr_par' dir='ltr' id='par_1_88' title="bbox 1819 3442 3400 3520">
     <span class='ocr_line' id='line_1_88' title="bbox 1819 3442 3400 3520; baseline -0.006 -14"><span class='ocrx_word' id='word_1_626' title='bbox 1819 3450 2010 3506; x_wconf 89' lang='lat' dir='ltr'><strong>similis</strong></span> <span class='ocrx_word' id='word_1_627' title='bbox 2035 3450 2085 3505; x_wconf 92' lang='lat' dir='ltr'><strong>ei</strong></span> <span class='ocrx_word' id='word_1_628' title='bbox 2113 3459 2370 3520; x_wconf 88' lang='lat' dir='ltr'><strong>appareat</strong></span> <span class='ocrx_word' id='word_1_629' title='bbox 2401 3468 2414 3504; x_wconf 91' lang='lat'><strong>:</strong></span> <span class='ocrx_word' id='word_1_630' title='bbox 2454 3451 2525 3504; x_wconf 85' lang='lat' dir='ltr'><strong>ita</strong></span> <span class='ocrx_word' id='word_1_631' title='bbox 2556 3457 2612 3504; x_wconf 90' lang='lat' dir='ltr'><strong>et</strong></span> <span class='ocrx_word' id='word_1_632' title='bbox 2639 3463 2737 3503; x_wconf 91' lang='lat' dir='ltr'><strong>nos</strong></span> <span class='ocrx_word' id='word_1_633' title='bbox 2765 3446 3052 3516; x_wconf 90' lang='lat' dir='ltr'><strong>imaginem</strong></span> <span class='ocrx_word' id='word_1_634' title='bbox 3079 3443 3288 3498; x_wconf 91' lang='lat' dir='ltr'><strong>Domini</strong></span> <span class='ocrx_word' id='word_1_635' title='bbox 3319 3442 3400 3497; x_wconf 78' lang='lat' dir='ltr'><strong>fa-</strong></span> 
     </span>
    </p>
   </div>
   <div class='ocr_carea' id='block_1_89' title="bbox 1817 3533 3400 3598">
    <p class='ocr_par' dir='ltr' id='par_1_89' title="bbox 1817 3533 3400 3598">
     <span class='ocr_line' id='line_1_89' title="bbox 1817 3533 3400 3598; baseline -0.008 -2"><span class='ocrx_word' id='word_1_636' title='bbox 1817 3541 2043 3598; x_wconf 83' lang='lat' dir='ltr'><strong>cientes.</strong></span> <span class='ocrx_word' id='word_1_637' title='bbox 2081 3538 2382 3595; x_wconf 84' lang='lat' dir='ltr'><strong>deiticatam</strong></span> <span class='ocrx_word' id='word_1_638' title='bbox 2429 3552 2646 3593; x_wconf 90' lang='lat' dir='ltr'><strong>carnem</strong></span> <span class='ocrx_word' id='word_1_639' title='bbox 2685 3535 2896 3590; x_wconf 91' lang='lat' dir='ltr'><strong>Domini</strong></span> <span class='ocrx_word' id='word_1_640' title='bbox 2933 3533 3273 3592; x_wconf 75' lang='lat' dir='ltr'><strong>confitemur,</strong></span> <span class='ocrx_word' id='word_1_641' title='bbox 3344 3539 3400 3584; x_wconf 91' lang='lat' dir='ltr'><strong>et</strong></span> 
     </span>
    </p>
   </div>
   <div class='ocr_carea' id='block_1_90' title="bbox 1818 3624 3399 3700">
    <p class='ocr_par' dir='ltr' id='par_1_90' title="bbox 1818 3624 3399 3700">
     <span class='ocr_line' id='line_1_90' title="bbox 1818 3624 3399 3700; baseline -0.005 -14"><span class='ocrx_word' id='word_1_642' title='bbox 1818 3631 1949 3686; x_wconf 89' lang='lat' dir='ltr'><strong>nihil</strong></span> <span class='ocrx_word' id='word_1_643' title='bbox 1978 3630 2261 3700; x_wconf 88' lang='lat' dir='ltr'><strong>imaginem</strong></span> <span class='ocrx_word' id='word_1_644' title='bbox 2293 3629 2435 3683; x_wconf 90' lang='lat' dir='ltr'><strong>aliud</strong></span> <span class='ocrx_word' id='word_1_645' title='bbox 2477 3628 2702 3693; x_wconf 90' lang='lat' dir='ltr'><strong>scimus,</strong></span> <span class='ocrx_word' id='word_1_646' title='bbox 2743 3642 2904 3698; x_wconf 90' lang='lat' dir='ltr'><strong>quam</strong></span> <span class='ocrx_word' id='word_1_647' title='bbox 2942 3625 3232 3692; x_wconf 79' lang='lat' dir='ltr'><strong>imaginem</strong></span> <span class='ocrx_word' id='word_1_648' title='bbox 3263 3624 3399 3678; x_wconf 85' lang='lat' dir='ltr'><strong>indi-</strong></span> 
     </span>
    </p>
   </div>
   <div class='ocr_carea' id='block_1_91' title="bbox 1816 3712 3398 3791">
    <p class='ocr_par' dir='ltr' id='par_1_91' title="bbox 1816 3712 3398 3791">
     <span class='ocr_line' id='line_1_91' title="bbox 1816 3712 3398 3791; baseline -0.004 -15"><span class='ocrx_word' id='word_1_649' title='bbox 1816 3730 2028 3776; x_wconf 88' lang='lat' dir='ltr'><strong>cantem</strong></span> <span class='ocrx_word' id='word_1_650' title='bbox 2055 3720 2367 3791; x_wconf 88' lang='lat' dir='ltr'><strong>principalis</strong></span> <span class='ocrx_word' id='word_1_651' title='bbox 2402 3719 2780 3775; x_wconf 88' lang='lat' dir='ltr'><strong>imitationem.</strong></span> <span class='ocrx_word' id='word_1_652' title='bbox 2806 3717 2942 3772; x_wconf 89' lang='lat' dir='ltr'><strong>llinc</strong></span> <span class='ocrx_word' id='word_1_653' title='bbox 2973 3724 3028 3771; x_wconf 92' lang='lat' dir='ltr'><strong>et</strong></span> <span class='ocrx_word' id='word_1_654' title='bbox 3055 3730 3252 3770; x_wconf 92' lang='lat' dir='ltr'><strong>nomen</strong></span> <span class='ocrx_word' id='word_1_655' title='bbox 3279 3712 3398 3782; x_wconf 87' lang='lat' dir='ltr'><strong>eius</strong></span> 
     </span>
    </p>
   </div>
   <div class='ocr_carea' id='block_1_92' title="bbox 1816 3807 3394 3879">
    <p class='ocr_par' dir='ltr' id='par_1_92' title="bbox 1816 3807 3394 3879">
     <span class='ocr_line' id='line_1_92' title="bbox 1816 3807 3394 3879; baseline -0.007 -9"><span class='ocrx_word' id='word_1_656' title='bbox 1816 3815 2004 3870; x_wconf 88' lang='lat' dir='ltr'><strong>sortita</strong></span> <span class='ocrx_word' id='word_1_657' title='bbox 2036 3823 2140 3879; x_wconf 86' lang='lat' dir='ltr'><strong>est,</strong></span> <span class='ocrx_word' id='word_1_658' title='bbox 2165 3822 2220 3868; x_wconf 88' lang='lat' dir='ltr'><strong>et</strong></span> <span class='ocrx_word' id='word_1_659' title='bbox 2257 3815 2548 3869; x_wconf 88' lang='lat' dir='ltr'><strong>secundum</strong></span> <span class='ocrx_word' id='word_1_660' title='bbox 2577 3811 2626 3866; x_wconf 90' lang='lat' dir='ltr'><strong>id</strong></span> <span class='ocrx_word' id='word_1_661' title='bbox 2655 3819 2862 3865; x_wconf 89' lang='lat' dir='ltr'><strong>tantum</strong></span> <span class='ocrx_word' id='word_1_662' title='bbox 2892 3809 2940 3864; x_wconf 90' lang='lat' dir='ltr'><strong>ei</strong></span> <span class='ocrx_word' id='word_1_663' title='bbox 2974 3807 3339 3863; x_wconf 82' lang='lat' dir='ltr'><strong>communicat</strong></span> <span class='ocrx_word' id='word_1_664' title='bbox 3381 3822 3394 3858; x_wconf 92' lang='lat'><strong>:</strong></span> 
     </span>
    </p>
   </div>
   <div class='ocr_carea' id='block_1_93' title="bbox 1816 3895 3398 3961">
    <p class='ocr_par' dir='ltr' id='par_1_93' title="bbox 1816 3895 3398 3961">
     <span class='ocr_line' id='line_1_93' title="bbox 1816 3895 3398 3961; baseline -0.007 -1"><span class='ocrx_word' id='word_1_665' title='bbox 1816 3913 1872 3960; x_wconf 90' lang='lat' dir='ltr'><strong>et</strong></span> <span class='ocrx_word' id='word_1_666' title='bbox 1901 3905 2021 3961; x_wconf 90' lang='lat' dir='ltr'><strong>ideo</strong></span> <span class='ocrx_word' id='word_1_667' title='bbox 2045 3903 2368 3959; x_wconf 88' lang='lat' dir='ltr'><strong>venerabilis</strong></span> <span class='ocrx_word' id='word_1_668' title='bbox 2397 3910 2549 3958; x_wconf 90' lang='lat' dir='ltr'><strong>estet</strong></span> <span class='ocrx_word' id='word_1_669' title='bbox 2573 3909 2780 3958; x_wconf 89' lang='lat' dir='ltr'><strong>sancta.</strong></span> <span class='ocrx_word' id='word_1_670' title='bbox 2813 3898 2869 3955; x_wconf 92' lang='lat' dir='ltr'><strong>Si</strong></span> <span class='ocrx_word' id='word_1_671' title='bbox 2901 3913 3032 3954; x_wconf 83' lang='lat' dir='ltr'><strong>vero</strong></span> <span class='ocrx_word' id='word_1_672' title='bbox 3051 3897 3265 3953; x_wconf 84' lang='lat' dir='ltr'><strong>scelesti</strong></span> <span class='ocrx_word' id='word_1_673' title='bbox 3294 3895 3398 3949; x_wconf 89' lang='lat' dir='ltr'><strong>viri</strong></span> 
     </span>
    </p>
   </div>
   <div class='ocr_carea' id='block_1_94' title="bbox 1815 3989 3396 4064">
    <p class='ocr_par' dir='ltr' id='par_1_94' title="bbox 1815 3989 3396 4064">
     <span class='ocr_line' id='line_1_94' title="bbox 1815 3989 3396 4064; baseline -0.006 -16"><span class='ocrx_word' id='word_1_674' title='bbox 1815 3993 1898 4050; x_wconf 83' lang='lat' dir='ltr'><strong>vel</strong></span> <span class='ocrx_word' id='word_1_675' title='bbox 1925 3993 2184 4049; x_wconf 70' lang='lat' dir='ltr'><strong>da&#39;monis</strong></span> <span class='ocrx_word' id='word_1_676' title='bbox 2207 4002 2292 4047; x_wconf 91' lang='lat' dir='ltr'><strong>est</strong></span> <span class='ocrx_word' id='word_1_677' title='bbox 2325 3993 2523 4064; x_wconf 83' lang='lat' dir='ltr'><strong>imago,</strong></span> <span class='ocrx_word' id='word_1_678' title='bbox 2568 3991 2771 4063; x_wconf 90' lang='lat' dir='ltr'><strong>polluta</strong></span> <span class='ocrx_word' id='word_1_679' title='bbox 2807 3999 2863 4046; x_wconf 88' lang='lat' dir='ltr'><strong>et</strong></span> <span class='ocrx_word' id='word_1_680' title='bbox 2899 3989 3262 4046; x_wconf 88' lang='lat' dir='ltr'><strong>contaminata</strong></span> <span class='ocrx_word' id='word_1_681' title='bbox 3291 3993 3396 4050; x_wconf 86' lang='lat' dir='ltr'><strong>est,</strong></span> 
     </span>
    </p>
   </div>
   <div class='ocr_carea' id='block_1_95' title="bbox 1815 4078 3398 4154">
    <p class='ocr_par' dir='ltr' id='par_1_95' title="bbox 1815 4078 3398 4154">
     <span class='ocr_line' id='line_1_95' title="bbox 1815 4078 3398 4154; baseline -0.005 -18"><span class='ocrx_word' id='word_1_682' title='bbox 1815 4085 1943 4154; x_wconf 91' lang='lat' dir='ltr'><strong>quia</strong></span> <span class='ocrx_word' id='word_1_683' title='bbox 1986 4092 2044 4138; x_wconf 91' lang='lat' dir='ltr'><strong>et</strong></span> <span class='ocrx_word' id='word_1_684' title='bbox 2086 4083 2383 4153; x_wconf 87' lang='lat' dir='ltr'><strong>principale</strong></span> <span class='ocrx_word' id='word_1_685' title='bbox 2423 4082 2538 4150; x_wconf 89' lang='lat' dir='ltr'><strong>eius</strong></span> <span class='ocrx_word' id='word_1_686' title='bbox 2583 4081 2870 4151; x_wconf 81' lang='lat' dir='ltr'><strong>profanum</strong></span> <span class='ocrx_word' id='word_1_687' title='bbox 2894 4089 2948 4135; x_wconf 92' lang='lat' dir='ltr'><strong>et</strong></span> <span class='ocrx_word' id='word_1_688' title='bbox 2975 4078 3398 4134; x_wconf 79' lang='lat' dir='ltr'><strong>contaminatum</strong></span> 
     </span>
    </p>
   </div>
   <div class='ocr_carea' id='block_1_96' title="bbox 1815 4165 3397 4246">
    <p class='ocr_par' dir='ltr' id='par_1_96' title="bbox 1815 4165 3397 4246">
     <span class='ocr_line' id='line_1_96' title="bbox 1815 4165 3397 4246; baseline -0.008 -15"><span class='ocrx_word' id='word_1_689' title='bbox 1815 4176 2019 4232; x_wconf 86' lang='lat' dir='ltr'><strong>existit.</strong></span> <span class='ocrx_word' id='word_1_690' title='bbox 2043 4176 2184 4246; x_wconf 90' lang='lat' dir='ltr'><strong>Ergo</strong></span> <span class='ocrx_word' id='word_1_691' title='bbox 2214 4174 2522 4231; x_wconf 86' lang='lat' dir='ltr'><strong>laborantes</strong></span> <span class='ocrx_word' id='word_1_692' title='bbox 2542 4173 2596 4228; x_wconf 93' lang='lat' dir='ltr'><strong>in</strong></span> <span class='ocrx_word' id='word_1_693' title='bbox 2619 4188 2839 4237; x_wconf 88' lang='lat' dir='ltr'><strong>vanum,</strong></span> <span class='ocrx_word' id='word_1_694' title='bbox 2863 4171 3124 4241; x_wconf 89' lang='lat' dir='ltr'><strong>colligunt</strong></span> <span class='ocrx_word' id='word_1_695' title='bbox 3148 4165 3397 4223; x_wconf 88' lang='lat' dir='ltr'><strong>manibus</strong></span> 
     </span>
    </p>
   </div>
   <div class='ocr_carea' id='block_1_97' title="bbox 1817 4262 3397 4334">
    <p class='ocr_par' dir='ltr' id='par_1_97' title="bbox 1817 4262 3397 4334">
     <span class='ocr_line' id='line_1_97' title="bbox 1817 4262 3397 4334; baseline -0.008 -12"><span class='ocrx_word' id='word_1_696' title='bbox 1817 4267 2182 4332; x_wconf 88' lang='lat' dir='ltr'><strong>sterilitatem,</strong></span> <span class='ocrx_word' id='word_1_697' title='bbox 2217 4275 2273 4321; x_wconf 89' lang='lat' dir='ltr'><strong>et</strong></span> <span class='ocrx_word' id='word_1_698' title='bbox 2310 4265 2576 4334; x_wconf 88' lang='lat' dir='ltr'><strong>recipiunt</strong></span> <span class='ocrx_word' id='word_1_699' title='bbox 2598 4280 2628 4319; x_wconf 89' lang='lat' dir='ltr'><strong>a</strong></span> <span class='ocrx_word' id='word_1_700' title='bbox 2653 4265 2882 4320; x_wconf 87' lang='lat' dir='ltr'><strong>veritate</strong></span> <span class='ocrx_word' id='word_1_701' title='bbox 2921 4262 3206 4317; x_wconf 87' lang='lat' dir='ltr'><strong>anathema</strong></span> <span class='ocrx_word' id='word_1_702' title='bbox 3243 4274 3258 4312; x_wconf 91' lang='lat'><strong>:</strong></span> <span class='ocrx_word' id='word_1_703' title='bbox 3289 4272 3397 4328; x_wconf 88' lang='lat' dir='ltr'><strong>quo</strong></span> 
     </span>
    </p>
   </div>
   <div class='ocr_carea' id='block_1_98' title="bbox 1817 4353 2852 4425">
    <p class='ocr_par' dir='ltr' id='par_1_98' title="bbox 1817 4353 2852 4425">
     <span class='ocr_line' id='line_1_98' title="bbox 1817 4353 2852 4425; baseline -0.006 -12"><span class='ocrx_word' id='word_1_704' title='bbox 1817 4371 1924 4414; x_wconf 91' lang='lat' dir='ltr'><strong>non</strong></span> <span class='ocrx_word' id='word_1_705' title='bbox 1946 4356 2206 4414; x_wconf 88' lang='lat' dir='ltr'><strong>carebunt</strong></span> <span class='ocrx_word' id='word_1_706' title='bbox 2234 4356 2473 4412; x_wconf 90' lang='lat' dir='ltr'><strong>dicentes</strong></span> <span class='ocrx_word' id='word_1_707' title='bbox 2504 4353 2807 4425; x_wconf 83' lang='lat' dir='ltr'><strong>huiusmodi</strong></span> <span class='ocrx_word' id='word_1_708' title='bbox 2837 4367 2852 4407; x_wconf 89' lang='lat'><strong>:</strong></span> 
     </span>
    </p>
   </div>
   <div class='ocr_carea' id='block_1_99' title="bbox 2226 4483 3235 4558">
    <p class='ocr_par' dir='ltr' id='par_1_99' title="bbox 2226 4483 3235 4558">
     <span class='ocr_line' id='line_1_99' title="bbox 2226 4483 3235 4558; baseline -0.002 -17"><span class='ocrx_word' id='word_1_709' title='bbox 2226 4484 2510 4558; x_wconf 84' lang='lat' dir='ltr'><strong>Gregorius</strong></span> <span class='ocrx_word' id='word_1_710' title='bbox 2529 4486 2797 4555; x_wconf 83' lang='lat' dir='ltr'><strong>cpiscopus</strong></span> <span class='ocrx_word' id='word_1_711' title='bbox 2823 4483 2946 4554; x_wconf 87' lang='lat' dir='ltr'><strong>legit</strong></span> <span class='ocrx_word' id='word_1_712' title='bbox 2972 4499 2993 4539; x_wconf 88' lang='lat'><strong><em>:</em></strong></span> <span class='ocrx_word' id='word_1_713' title='bbox 3233 4556 3235 4558; x_wconf 20' lang='grc' dir='ltr'><strong>η</strong></span> 
     </span>
    </p>
   </div>
   <div class='ocr_carea' id='block_1_100' title="bbox 1896 4591 3393 4670">
    <p class='ocr_par' dir='ltr' id='par_1_100' title="bbox 1896 4591 3393 4670">
     <span class='ocr_line' id='line_1_100' title="bbox 1896 4591 3393 4670; baseline -0.004 -18"><span class='ocrx_word' id='word_1_714' title='bbox 1896 4619 1915 4652; x_wconf 72' lang='grc' dir='ltr'><strong><em>ι</em></strong></span> <span class='ocrx_word' id='word_1_715' title='bbox 1958 4599 2016 4656; x_wconf 91' lang='lat' dir='ltr'><strong>Si</strong></span> <span class='ocrx_word' id='word_1_716' title='bbox 2053 4599 2176 4670; x_wconf 87' lang='lat' dir='ltr'><strong>quis</strong></span> <span class='ocrx_word' id='word_1_717' title='bbox 2216 4598 2387 4655; x_wconf 91' lang='lat' dir='ltr'><strong>Deum</strong></span> <span class='ocrx_word' id='word_1_718' title='bbox 2433 4597 2668 4652; x_wconf 76' lang='lat' dir='ltr'><strong>Verbum</strong></span> <span class='ocrx_word' id='word_1_719' title='bbox 2708 4594 2799 4666; x_wconf 89' lang='lat' dir='ltr'><strong>qui</strong></span> <span class='ocrx_word' id='word_1_720' title='bbox 2843 4595 2894 4648; x_wconf 92' lang='lat' dir='ltr'><strong>in</strong></span> <span class='ocrx_word' id='word_1_721' title='bbox 2937 4594 3110 4648; x_wconf 79' lang='lat' dir='ltr'><strong>forma</strong></span> <span class='ocrx_word' id='word_1_722' title='bbox 3152 4591 3246 4646; x_wconf 91' lang='lat' dir='ltr'><strong>Dei</strong></span> <span class='ocrx_word' id='word_1_723' title='bbox 3289 4599 3393 4659; x_wconf 89' lang='lat' dir='ltr'><strong>est,</strong></span> 
     </span>
    </p>
   </div>
   <div class='ocr_carea' id='block_1_101' title="bbox 1827 4680 3394 4759">
    <p class='ocr_par' dir='ltr' id='par_1_101' title="bbox 1827 4680 3394 4759">
     <span class='ocr_line' id='line_1_101' title="bbox 1827 4680 3394 4759; baseline -0.003 -18"><span class='ocrx_word' id='word_1_724' title='bbox 1827 4705 1847 4741; x_wconf 69' lang='grc' dir='ltr'>ι</span> <span class='ocrx_word' id='word_1_725' title='bbox 1890 4689 2090 4759; x_wconf 90' lang='lat' dir='ltr'><strong>quique</strong></span> <span class='ocrx_word' id='word_1_726' title='bbox 2118 4685 2348 4742; x_wconf 80' lang='lat' dir='ltr'><strong>formam</strong></span> <span class='ocrx_word' id='word_1_727' title='bbox 2375 4686 2517 4741; x_wconf 89' lang='lat' dir='ltr'><strong>servi</strong></span> <span class='ocrx_word' id='word_1_728' title='bbox 2562 4687 2616 4742; x_wconf 82' lang='lat' dir='ltr'><strong>in</strong></span> <span class='ocrx_word' id='word_1_729' title='bbox 2665 4699 2762 4740; x_wconf 88' lang='lat' dir='ltr'><strong>sua</strong></span> <span class='ocrx_word' id='word_1_730' title='bbox 2803 4683 3151 4739; x_wconf 89' lang='lat' dir='ltr'><strong>subsistentia</strong></span> <span class='ocrx_word' id='word_1_731' title='bbox 3179 4680 3394 4751; x_wconf 86' lang='lat' dir='ltr'><strong>recipit,</strong></span> 
     </span>
    </p>
   </div>
   <div class='ocr_carea' id='block_1_102' title="bbox 1825 4776 3394 4850">
    <p class='ocr_par' dir='ltr' id='par_1_102' title="bbox 1825 4776 3394 4850">
     <span class='ocr_line' id='line_1_102' title="bbox 1825 4776 3394 4850; baseline -0.003 -18"><span class='ocrx_word' id='word_1_732' title='bbox 1825 4799 1844 4832; x_wconf 74' lang='grc' dir='ltr'>ι</span> <span class='ocrx_word' id='word_1_733' title='bbox 1884 4788 1939 4836; x_wconf 91' lang='lat' dir='ltr'><strong>et</strong></span> <span class='ocrx_word' id='word_1_734' title='bbox 1967 4795 2063 4850; x_wconf 89' lang='lat' dir='ltr'><strong>per</strong></span> <span class='ocrx_word' id='word_1_735' title='bbox 2090 4781 2270 4836; x_wconf 90' lang='lat' dir='ltr'><strong>omnia</strong></span> <span class='ocrx_word' id='word_1_736' title='bbox 2301 4779 2492 4836; x_wconf 91' lang='lat' dir='ltr'><strong>similis</strong></span> <span class='ocrx_word' id='word_1_737' title='bbox 2533 4778 2688 4835; x_wconf 89' lang='lat' dir='ltr'><strong>nobis</strong></span> <span class='ocrx_word' id='word_1_738' title='bbox 2715 4776 2890 4832; x_wconf 80' lang='lat' dir='ltr'><strong>factus</strong></span> <span class='ocrx_word' id='word_1_739' title='bbox 2921 4787 3006 4832; x_wconf 91' lang='lat' dir='ltr'><strong>est</strong></span> <span class='ocrx_word' id='word_1_740' title='bbox 3035 4777 3239 4845; x_wconf 89' lang='lat' dir='ltr'><strong>absque</strong></span> <span class='ocrx_word' id='word_1_741' title='bbox 3266 4789 3394 4844; x_wconf 86' lang='lat' dir='ltr'><strong>pec-</strong></span> 
     </span>
    </p>
   </div>
   <div class='ocr_carea' id='block_1_103' title="bbox 1822 4863 3394 4942">
    <p class='ocr_par' dir='ltr' id='par_1_103' title="bbox 1822 4863 3394 4942">
     <span class='ocr_line' id='line_1_103' title="bbox 1822 4863 3394 4942; baseline -0.004 -17"><span class='ocrx_word' id='word_1_742' title='bbox 1822 4890 1840 4925; x_wconf 77' lang='grc' dir='ltr'>σ</span> <span class='ocrx_word' id='word_1_743' title='bbox 1884 4878 2028 4936; x_wconf 88' lang='lat' dir='ltr'><strong>cato,</strong></span> <span class='ocrx_word' id='word_1_744' title='bbox 2059 4878 2230 4926; x_wconf 90' lang='lat' dir='ltr'><strong>tentat</strong></span> <span class='ocrx_word' id='word_1_745' title='bbox 2255 4885 2352 4942; x_wconf 91' lang='lat' dir='ltr'><strong>per</strong></span> <span class='ocrx_word' id='word_1_746' title='bbox 2383 4869 2687 4925; x_wconf 48' lang='lat' dir='ltr'><strong>ma‘teriales</strong></span> <span class='ocrx_word' id='word_1_747' title='bbox 2713 4866 2919 4923; x_wconf 91' lang='lat' dir='ltr'><strong>colores</strong></span> <span class='ocrx_word' id='word_1_748' title='bbox 2943 4865 3176 4921; x_wconf 83' lang='lat' dir='ltr'><strong>formare</strong></span> <span class='ocrx_word' id='word_1_749' title='bbox 3195 4906 3210 4930; x_wconf 93' lang='lat'><strong>,</strong></span> <span class='ocrx_word' id='word_1_750' title='bbox 3241 4863 3394 4934; x_wconf 88' lang='lat' dir='ltr'><strong>quasi</strong></span> 
     </span>
    </p>
   </div>
   <div class='ocr_carea' id='block_1_104' title="bbox 1823 4956 3398 5032">
    <p class='ocr_par' dir='ltr' id='par_1_104' title="bbox 1823 4956 3398 5032">
     <span class='ocr_line' id='line_1_104' title="bbox 1823 4956 3398 5032; baseline 0.001 -21"><span class='ocrx_word' id='word_1_751' title='bbox 1823 4979 1844 5011; x_wconf 73' lang='grc' dir='ltr'><strong><em>ι</em></strong></span> <span class='ocrx_word' id='word_1_752' title='bbox 1889 4976 2084 5030; x_wconf 92' lang='lat' dir='ltr'><strong>purum</strong></span> <span class='ocrx_word' id='word_1_753' title='bbox 2121 4963 2389 5018; x_wconf 89' lang='lat' dir='ltr'><strong>hominem</strong></span> <span class='ocrx_word' id='word_1_754' title='bbox 2408 4999 2422 5023; x_wconf 92' lang='lat'><strong>,</strong></span> <span class='ocrx_word' id='word_1_755' title='bbox 2445 4969 2500 5014; x_wconf 90' lang='lat' dir='ltr'><strong>et</strong></span> <span class='ocrx_word' id='word_1_756' title='bbox 2520 4973 2774 5032; x_wconf 86' lang='lat' dir='ltr'><strong>separare</strong></span> <span class='ocrx_word' id='word_1_757' title='bbox 2802 4957 2950 5012; x_wconf 90' lang='lat' dir='ltr'><strong>illum</strong></span> <span class='ocrx_word' id='word_1_758' title='bbox 2967 4960 3035 5014; x_wconf 89' lang='lat' dir='ltr'><strong>ab</strong></span> <span class='ocrx_word' id='word_1_759' title='bbox 3057 4956 3398 5026; x_wconf 82' lang='lat' dir='ltr'><strong>inseparabili</strong></span> 
     </span>
    </p>
   </div>
   <div class='ocr_carea' id='block_1_105' title="bbox 1825 5049 3397 5121">
    <p class='ocr_par' dir='ltr' id='par_1_105' title="bbox 1825 5049 3397 5121">
     <span class='ocr_line' id='line_1_105' title="bbox 1825 5049 3397 5121; baseline -0.001 -18"><span class='ocrx_word' id='word_1_760' title='bbox 1825 5071 1843 5103; x_wconf 72' lang='grc' dir='ltr'>ι</span> <span class='ocrx_word' id='word_1_761' title='bbox 1887 5059 1941 5106; x_wconf 94' lang='lat' dir='ltr'><strong>et</strong></span> <span class='ocrx_word' id='word_1_762' title='bbox 1971 5052 2391 5110; x_wconf 85' lang='lat' dir='ltr'><strong>incommutabili</strong></span> <span class='ocrx_word' id='word_1_763' title='bbox 2415 5051 2718 5114; x_wconf 90' lang='lat' dir='ltr'><strong>divinitate,</strong></span> <span class='ocrx_word' id='word_1_764' title='bbox 2741 5057 2798 5102; x_wconf 91' lang='lat' dir='ltr'><strong>ut</strong></span> <span class='ocrx_word' id='word_1_765' title='bbox 2829 5064 2895 5102; x_wconf 76' lang='lat' dir='ltr'><strong>ex</strong></span> <span class='ocrx_word' id='word_1_766' title='bbox 2931 5050 3036 5106; x_wconf 91' lang='lat' dir='ltr'><strong>hoc</strong></span> <span class='ocrx_word' id='word_1_767' title='bbox 3063 5049 3397 5121; x_wconf 86' lang='lat' dir='ltr'><strong>quaternita-</strong></span> 
     </span>
    </p>
   </div>
   <div class='ocr_carea' id='block_1_106' title="bbox 1823 5140 3402 5221">
    <p class='ocr_par' dir='ltr' id='par_1_106' title="bbox 1823 5140 3402 5221">
     <span class='ocr_line' id='line_1_106' title="bbox 1823 5140 3402 5221; baseline 0 -23"><span class='ocrx_word' id='word_1_768' title='bbox 1823 5166 1843 5198; x_wconf 72' lang='grc' dir='ltr'><strong><em>ι</em></strong></span> <span class='ocrx_word' id='word_1_769' title='bbox 1889 5154 1999 5202; x_wconf 92' lang='lat' dir='ltr'><strong>tem</strong></span> <span class='ocrx_word' id='word_1_770' title='bbox 2031 5149 2250 5207; x_wconf 90' lang='lat' dir='ltr'><strong>inducat</strong></span> <span class='ocrx_word' id='word_1_771' title='bbox 2289 5144 2430 5221; x_wconf 90' lang='lat' dir='ltr'><strong>[Gr.,</strong></span> <span class='ocrx_word' id='word_1_772' title='bbox 2471 5140 2759 5214; x_wconf 73' lang='lat' dir='ltr'><strong>inducens]</strong></span> <span class='ocrx_word' id='word_1_773' title='bbox 2790 5141 2844 5197; x_wconf 91' lang='lat' dir='ltr'><strong>in</strong></span> <span class='ocrx_word' id='word_1_774' title='bbox 2871 5154 3118 5202; x_wconf 88' lang='lat' dir='ltr'><strong>sanctam</strong></span> <span class='ocrx_word' id='word_1_775' title='bbox 3145 5153 3201 5201; x_wconf 89' lang='lat' dir='ltr'><strong>et</strong></span> <span class='ocrx_word' id='word_1_776' title='bbox 3227 5142 3402 5199; x_wconf 77' lang='lat' dir='ltr'><strong>viviﬁ-</strong></span> 
     </span>
    </p>
   </div>
   <div class='ocr_carea' id='block_1_107' title="bbox 1822 5231 2790 5300">
    <p class='ocr_par' dir='ltr' id='par_1_107' title="bbox 1822 5231 2790 5300">
     <span class='ocr_line' id='line_1_107' title="bbox 1822 5231 2790 5300; baseline -0.011 -6"><span class='ocrx_word' id='word_1_777' title='bbox 1822 5255 1843 5289; x_wconf 75' lang='grc' dir='ltr'><strong><em>ι</em></strong></span> <span class='ocrx_word' id='word_1_778' title='bbox 1887 5252 2008 5294; x_wconf 87' lang='lat' dir='ltr'><strong>eam</strong></span> <span class='ocrx_word' id='word_1_779' title='bbox 2033 5241 2377 5300; x_wconf 88' lang='lat' dir='ltr'><strong>Trinitatem,</strong></span> <span class='ocrx_word' id='word_1_780' title='bbox 2411 5231 2734 5292; x_wconf 86' lang='lat' dir='ltr'><strong>anathema!</strong></span> <span class='ocrx_word' id='word_1_781' title='bbox 2770 5250 2790 5284; x_wconf 72' lang='grc' dir='ltr'><strong><em>ι</em></strong></span> 
     </span>
    </p>
   </div>
   <div class='ocr_carea' id='block_1_108' title="bbox 2207 5357 3014 5436">
    <p class='ocr_par' dir='ltr' id='par_1_108' title="bbox 2207 5357 3014 5436">
     <span class='ocr_line' id='line_1_108' title="bbox 2207 5357 3014 5436; baseline -0.026 -9"><span class='ocrx_word' id='word_1_782' title='bbox 2207 5359 2538 5436; x_wconf 70' lang='lat' dir='ltr'><strong>Epiphanius</strong></span> <span class='ocrx_word' id='word_1_783' title='bbox 2566 5362 2817 5415; x_wconf 85' lang='lat' dir='ltr'><strong>diaconus</strong></span> <span class='ocrx_word' id='word_1_784' title='bbox 2842 5357 2962 5429; x_wconf 79' lang='lat' dir='ltr'><strong>legit</strong></span> <span class='ocrx_word' id='word_1_785' title='bbox 2995 5377 3014 5416; x_wconf 75' lang='lat'><strong>,-</strong></span> 
     </span>
    </p>
   </div>
   <div class='ocr_carea' id='block_1_109' title="bbox 1884 5463 3401 5544">
    <p class='ocr_par' dir='ltr' id='par_1_109' title="bbox 1884 5463 3401 5544">
     <span class='ocr_line' id='line_1_109' title="bbox 1884 5463 3401 5544; baseline -0.011 -14"><span class='ocrx_word' id='word_1_786' title='bbox 1884 5471 2245 5534; x_wconf 88' lang='lat' dir='ltr'><strong>Oamentiam</strong></span> <span class='ocrx_word' id='word_1_787' title='bbox 2289 5476 2530 5544; x_wconf 87' lang='lat' dir='ltr'><strong>ipsorum</strong></span> <span class='ocrx_word' id='word_1_788' title='bbox 2582 5480 2638 5527; x_wconf 90' lang='lat' dir='ltr'><strong>et</strong></span> <span class='ocrx_word' id='word_1_789' title='bbox 2691 5463 2998 5524; x_wconf 79' lang='lat' dir='ltr'><strong>vecordiam</strong></span> <span class='ocrx_word' id='word_1_790' title='bbox 3042 5472 3055 5525; x_wconf 87' lang='lat'>!</span> <span class='ocrx_word' id='word_1_791' title='bbox 3099 5482 3204 5523; x_wconf 91' lang='lat' dir='ltr'><strong>non</strong></span> <span class='ocrx_word' id='word_1_792' title='bbox 3256 5463 3401 5516; x_wconf 88' lang='lat' dir='ltr'><strong>enim</strong></span> 
     </span>
    </p>
   </div>
   <div class='ocr_carea' id='block_1_110' title="bbox 1815 5549 3401 5632">
    <p class='ocr_par' dir='ltr' id='par_1_110' title="bbox 1815 5549 3401 5632">
     <span class='ocr_line' id='line_1_110' title="bbox 1815 5549 3401 5632; baseline -0.013 -12"><span class='ocrx_word' id='word_1_793' title='bbox 1815 5575 2142 5622; x_wconf 87' lang='lat' dir='ltr'><strong>reverentur</strong></span> <span class='ocrx_word' id='word_1_794' title='bbox 2186 5564 2436 5632; x_wconf 79' lang='lat' dir='ltr'><strong>colligere</strong></span> <span class='ocrx_word' id='word_1_795' title='bbox 2485 5554 2809 5616; x_wconf 54' lang='lat' dir='ltr'><strong>anathema;</strong></span> <span class='ocrx_word' id='word_1_796' title='bbox 2858 5557 2968 5613; x_wconf 90' lang='lat' dir='ltr'><strong>Sed</strong></span> <span class='ocrx_word' id='word_1_797' title='bbox 3015 5568 3070 5611; x_wconf 91' lang='lat' dir='ltr'><strong>ut</strong></span> <span class='ocrx_word' id='word_1_798' title='bbox 3112 5565 3319 5609; x_wconf 89' lang='lat' dir='ltr'><strong>vermes</strong></span> <span class='ocrx_word' id='word_1_799' title='bbox 3349 5549 3401 5600; x_wconf 89' lang='lat' dir='ltr'><strong>in</strong></span> 
     </span>
    </p>
   </div>
   <div class='ocr_carea' id='block_1_111' title="bbox 1814 5635 3400 5715">
    <p class='ocr_par' dir='ltr' id='par_1_111' title="bbox 1814 5635 3400 5715">
     <span class='ocr_line' id='line_1_111' title="bbox 1814 5635 3400 5715; baseline -0.007 -9"><span class='ocrx_word' id='word_1_800' title='bbox 1814 5667 1976 5709; x_wconf 86' lang='lat' dir='ltr'><strong>coeno</strong></span> <span class='ocrx_word' id='word_1_801' title='bbox 2010 5658 2235 5712; x_wconf 88' lang='lat' dir='ltr'><strong>volutati</strong></span> <span class='ocrx_word' id='word_1_802' title='bbox 2266 5647 2601 5715; x_wconf 89' lang='lat' dir='ltr'><strong>nutriuntur,</strong></span> <span class='ocrx_word' id='word_1_803' title='bbox 2637 5649 2710 5704; x_wconf 87' lang='lat' dir='ltr'><strong>ita</strong></span> <span class='ocrx_word' id='word_1_804' title='bbox 2741 5654 2793 5700; x_wconf 89' lang='lat' dir='ltr'><strong>et</strong></span> <span class='ocrx_word' id='word_1_805' title='bbox 2820 5646 2904 5699; x_wconf 90' lang='lat' dir='ltr'><strong>isti</strong></span> <span class='ocrx_word' id='word_1_806' title='bbox 2934 5647 3059 5700; x_wconf 88' lang='lat' dir='ltr'><strong>huic</strong></span> <span class='ocrx_word' id='word_1_807' title='bbox 3081 5639 3194 5696; x_wconf 90' lang='lat' dir='ltr'><strong>voci</strong></span> <span class='ocrx_word' id='word_1_808' title='bbox 3228 5635 3400 5695; x_wconf 68' lang='lat' dir='ltr'><strong>inlisi.</strong></span> 
     </span>
    </p>
   </div>
  </div>
