3916 5560
587 394 690 448 4λό

1751 380 2109 437 ANAS'l'ASll
2147 377 2689 436 BIBLIOTHECAIHI

3707 381 3792 438 ltiti

583 509 676 564 Dei
706 508 956 563 Ecelesia:
983 507 1305 562 maledicere
1330 512 1606 570 conantes,
1628 519 1750 559 cum
1778 506 1890 559 sint
1913 502 2017 572 ipsi
2041 517 2151 556 ma-
2185 501 2228 560 Λ
2257 503 2404 558 Alius
2435 514 2483 559 te
2512 503 2687 560 laudet
2705 550 2718 571 ,
2754 516 2800 560 et
2831 522 2931 560 non
2960 523 3015 560 os
3043 516 3188 560 tuum
3212 518 3228 555 :
3269 511 3578 569 extraneas,
3626 512 3670 555 et
3709 518 3792 554 non

580 599 864 656 ledictione
896 599 1213 668 dignissimi.
1244 599 1307 653 Hi
1345 613 1576 666 namque
1605 596 1705 666 .qui
1735 597 2057 652 benedicunt
2081 593 2151 657 ei,

579 698 639 742 ut
662 689 739 743 ait
776 689 1074 757 Scriptura,
1121 688 1506 744 benedicentur
1546 685 1694 758 [sunt
1733 683 2023 756 benedicti]
2057 708 2068 737 ;
2099 693 2154 738 et

575 779 667 848 qui
696 777 1018 833 maledicunt
1043 780 1114 841 ei,
1143 778 1407 834 maledicti
1434 786 1561 833 sunt
1583 776 1736 846 (Gen.
1769 775 1961 848 xxvn).
1983 775 2153 830 Porro

573 885 764 940 purum
789 870 1060 924 hominem
1081 869 1197 925 illos
1209 869 1470 937 conjicere
1501 868 1834 924 Salvatorem
1853 866 2148 932 Christum,

573 967 627 1012 et
667 974 919 1028 separare
950 959 1095 1014 illum
1125 975 1152 1014 a
1197 960 1498 1024 divinitate,
1529 961 1713 1029 sicque
1737 959 2150 1029 quaternitatem

543 1063 548 1068 ‘
573 1049 827 1106 inducere
855 1067 950 1121 per
976 1053 1264 1120 picturam,
1295 1051 1415 1120 quis
1447 1061 1605 1122 putas
1624 1092 1639 1117 ,
1672 1066 1778 1105 non
1803 1049 2066 1114 derideat,
2095 1056 2152 1102 et

571 1141 737 1195 risum
775 1142 940 1196 latum
967 1151 1129 1212 super
1168 1157 1356 1198 eorum
1386 1142 1690 1213 insipientia
1717 1157 1823 1196 non
1855 1139 2145 1206 dill‘undat,

575 1234 682 1289 imo
722 1249 852 1288 vero
880 1235 1264 1304 blasphemiam
1291 1235 1504 1306 lugeat?
1537 1235 1654 1290 Non
1682 1233 2147 1290 enim'secundum

570 1327 712 1393 quod
739 1328 794 1380 in‘
817 1328 1048 1396 imagine
1073 1325 1334 1396 ﬁguratur
1356 1326 1602 1382 Christus
1625 1327 1677 1380 in
1697 1327 1926 1381 humana
1952 1323 2147 1389 forma,

567 1416 983 1485 quaternitatem
1010 1416 1181 1470 credit
1210 1416 1254 1470 is
1275 1416 1364 1484 qui
1396 1417 1496 1470 hoc
1525 1414 1654 1470 facit
1681 1455 1695 1479 ,
1717 1414 1830 1468 .sed
1857 1412 2148 1467 conﬁtetur

547 1508 733 1561 'Deum
783 1508 1014 1562 Verbum
1072 1507 1409 1562 incarnatum
1467 1522 1589 1562 esse
1635 1506 1865 1560 veritate
1917 1513 2142 1560 etnon

565 1596 870 1665 phantasia.
911 1597 1170 1665 Denique
1219 1597 1497 1651 Nestorius
1559 1597 1650 1667 qui
1712 1597 1853 1652 liBSlS
1899 1594 2145 1649 sensibus

561 1687 693 1741 duas
742 1686 1114 1742 subsistentias
1167 1688 1306 1742 sicut
1362 1687 1494 1742 duas
1551 1696 1771 1742 naturas
1832 1687 2144 1756 blaspheme

561 1775 943 1844 dogmatizavit
971 1775 1021 1828 in
1045 1775 1278 1838 Christo,
1311 1775 1398 1829 ille
1419 1775 1841 1844 quaternitatem
1866 1774 2141 1836 induxisse

2254 592 2392 648 labia
2421 607 2510 650 tua
2539 596 2722 670 (Prov.
2755 597 2940 664 xxvn).
2986 595 3076 651 [sti
3122 605 3300 650 autem
3347 609 3377 648 a
3421 606 3688 663 quoquam
3718 607 3794 644 ne-

2252 702 2357 756 que
2383 687 2601 752 eruditi,
2651 701 2824 756 neque
2863 685 3082 749 laudati,
3127 685 3341 741 sibimet
3368 682 3581 737 laudem
3611 680 3794 750 excogi-

2254 784 2401 840 tant,
2433 785 2490 830 et
2524 776 2708 830 vocari
2740 776 2927 830 volunt
2955 776 3021 830 ab
3047 775 3352 830 hominibus
3379 773 3552 827 Rabbi
3574 812 3589 835 ,
3632 769 3793 825 Patres

2250 877 2372 919 esse
2398 865 2691 934 gestientes
2719 865 2994 920 catholica:
3026 865 3296 920 Ecclesia.
3329 861 3478 918 lianc
3516 871 3695 916 autem
3723 877 3784 916 ca-

2250 950 2580 1007 lumniantur
2617 953 2890 1008 Christum
2933 954 3100 1008 Deum
3144 961 3386 1008 nostrum
3423 952 3791 1020 derelinquere,

2249 1053 2302 1100 et
2335 1044 2652 1100 idololatria:
2680 1046 2986 1112 adhaerere;
3019 1061 3140 1100 cum
3182 1046 3295 1116 ipse
3334 1045 3478 1099 dicat
3507 1060 3606 1115 per
3629 1043 3793 1098 lsaiam

2247 1136 2565 1206 prophetam
2604 1135 2670 1190 ad
2705 1136 2850 1190 illam
2879 1153 2893 1190 :
2929 1135 3130 1190 Ponant
3162 1145 3209 1190 te
3239 1135 3644 1190 exsultationem
3671 1146 3795 1190 teter-

2249 1245 2391 1293 nam,
2422 1226 2660 1282 ltt’titiam
2687 1229 3076 1299 generaliomtm
3101 1227 3516 1299 generationibus
3556 1227 3689 1299 (Isti.
3724 1244 3792 1290 ts.

2247 1336 2350 1375 sec.
2373 1317 2522 1372 LXX
2525 1320 2662 1389 ).-‘Et
2685 1320 2789 1390 per”
2805 1318 3145 1375 Salomonem
3177 1336 3192 1374 :
3223 1318 3352 1373 Tota
3384 1320 3518 1374 bona
3543 1337 3618 1385 es,
3646 1322 3796 1388 prosi-

2242 1429 2331 1465 ma
2363 1427 2499 1477 utea,
2526 1420 2574 1466 et
2601 1411 2810 1466 macula
2836 1429 2940 1466 non
2965 1423 3039 1466 est
3066 1413 3121 1466 in
3152 1421 3200 1466 te
3226 1410 3402 1484 (Cant.
3437 1413 3534 1480 tv).
3567 1413 3796 1480 Inspicia-

2183 1493 2190 1499 ’
2248 1517 2365 1555 mns
2396 1516 2526 1571 ergo
2564 1501 2923 1571 insipientiam
2963 1503 3198 1571 ipsorum
3228 1519 3242 1555 :
3268 1502 3392 1570 quia
3421 1513 3589 1571 quam
3618 1500 3794 1555 calum-

2246 1594 2466 1648 niantur
2495 1593 2829 1660 idololatriae,
2860 1591 3022 1663 huius
3057 1609 3116 1650 se
3159 1592 3460 1664 gloriantur
3490 1607 3612 1647 esse
3647 1594 3794 1663 magi-

2245 1684 2464 1740 stri.:Et
2493 1684 2540 1738 si
2569 1682 2969 1738 idololatrarum
3001 1694 3127 1738 sunt
3156 1693 3358 1753 patres,
3383 1683 3568 1736 dicant
3594 1699 3610 1738 ξ
3643 1681 3796 1737 Partis

2245 1773 2470 1843 alicujus
2494 1789 2615 1844 qute
2645 1773 3002 1829 idololatriam
3033 1774 3276 1828 exercuit
3321 1774 3372 1828 in
3421 1773 3674 1830 Ecclesia.
3692 1785 3796 1828 sunt

561 1865 914 1934 dignoscitur.
935 1865 1147 1925 Sancta
1178 1881 1304 1920 vero
1333 1865 1425 1923 Dei
1474 1865 1716 1932 Ecclesia
1765 1881 1926 1919 unam
1967 1865 2139 1920 subsi-
2168 1845 2216 1904 Β
2242 1865 2507 1937 magistri,
2538 1882 2606 1922 an
2635 1866 2834 1922 totius?
2876 1873 2931 1920 et
2972 1865 3018 1922 si
3050 1867 3264 1937 quidem
3296 1858 3489 1936 partis,
3513 1867 3794 1921 debuerant

538 1956 810 2019 ,steutiam
842 1955 1041 2012 Christi
1063 1957 1115 2012 in
1143 1957 1348 2011 duabus
1370 1955 1577 2013 naturis
1609 1965 1754 2012 recte
1781 1956 2048 2020 confessa,
2073 1955 2141 2010 ad

536 2047 1128 2108 commemorationem
1151 2047 1405 2103 salutaris
1430 2045 1544 2114 eius
1565 2046 1981 2116 dispensationis
2007 2035 2140 2100 inia-

532 2137 800 2211 gginaliter
831 2136 1065 2194 formare
1098 2137 1245 2192 illum
1274 2137 1534 2194 divinitus
1576 2137 1785 2195 erudita
1819 2145 1921 2192 est.
1963 2136 2133 2191 Porro

553 2226 792 2288 volentes
820 2229 1137 2299 semetipsos
1163 2229 1420 2300 probatos
1438 2229 1741 2296 ostendere,
1764 2229 1926 2284 etiam
1949 2243 2135 2284 verum

539 2319 682 2389 quid
705 2329 975 2384 asserunt,
1011 2321 1082 2374 ita
1109 2321 1346 2376 dicentes
1375 2337 1390 2373 :

957 2429 1239 2501 Gregorius
1270 2431 1539 2501 episcopus
1561 2429 1681 2500 legit
1706 2444 1725 2482 :

629 2555 648 2588 ‹
697 2536 752 2592 Si
776 2538 898 2608 quis
916 2553 1030 2599 non
1058 2538 1342 2594 confitetur
1359 2547 1601 2593 sanctam
1623 2551 1838 2607 semper
1856 2537 2130 2606 Virginem

556 2644 574 2676 ι
621 2625 842 2686 Mariam
873 2628 1086 2697 proprie
1115 2643 1179 2684 ac
1199 2644 1334 2683 .vere
1360 2627 1452 2684 Dei
1487 2627 1822 2698 genitricem,
1855 2627 2132 2683 sublimio-

555 2736 572 2766 ι
619 2731 732 2772 rem
776 2731 900 2777 esse
946 2717 1090 2771 omni
1135 2716 1324 2772 visibili
1373 2727 1428 2771 et
1462 2717 1715 2772 invisibili
1767 2725 2038 2783 creatura,
2076 2726 2130 2774 et

552 2828 570 2858 ι
615 2824 739 2864 cum
769 2809 980 2864 sincera
1009 2808 1110 2863 lide
1135 2809 1301 2878 ipsius
1331 2824 1434 2862 non
1462 2809 1664 2878 expetit
1688 2808 2124 2875 intercessiones,

552 2917 570 2950 ι
618 2908 872 2969 tanquam
909 2898 1162 2953 ﬁduciam
1195 2899 1444 2954 habentis
1471 2899 1537 2952 ad
1564 2899 1730 2954 Deum
1761 2907 2010 2954 nostrum
2035 2899 2126 2969 qui

550 3009 567 3040 ι
613 3005 679 3044 ex
711 2988 800 3044 illa
827 2989 1036 3059 genitus
1062 2996 1166 3055 est,
1194 2989 1476 3045 anathema
1506 2989 1519 3043 !
1546 3008 1564 3041 ι

918 3097 1259 3170 Epiphanius
1297 3102 1547 3156 diaconus
1575 3100 1694 3172 legit
1719 3114 1739 3154 :

618 3208 786 3264 ln-his
815 3209 1048 3274 stabilita
1079 3221 1134 3266 et
1157 3211 1450 3267 certilicata
1478 3211 1742 3267 catholica
1767 3209 2027 3275 Ecclesia,
2056 3207 2124 3264 ab
2152 3184 2196 3248 (ἶ

545 3297 630 3352 his
657 3298 749 3367 qui
779 3297 936 3354 aliter
969 3299 1184 3369 sapiunt
1212 3315 1374 3370 quam
1408 3299 1526 3370 ejus
1552 3300 1616 3354 in
1646 3299 1754 3354 Deo
1785 3288 2004 3354 traditio
2029 3299 2123 3353 do-

541 3397 648 3459 cet,
679 3403 781 3444 non
810 3389 1026 3460 indiget
1070 3390 1198 3460 quid
1228 3390 1436 3446 audire.
1467 3391 1677 3446 Etenim
1709 3390 1969 3446 Dominus
1994 3377 2119 3444 dum

539 3473 927 3534 adtemonibus
951 3479 1356 3549 praedicaretur,
1395 3479 1496 3535 hos
1525 3479 1773 3550 abigebat
1799 3496 1812 3534 :
1844 3488 1899 3533 et
1924 3478 2121 3534 Paulus

535 3569 751 3624 divinus
783 3570 1148 3640 Apostoluset
1172 3562 1398 3630 comites
1426 3571 1878 3642 peregrinationis
1904 3572 2021 3643 ejus
2050 3571 2118 3628 ab

535 3659 618 3712 eis
647 3659 1014 3714 testimonium
1045 3660 1336 3727 habentes,
1373 3662 1516 3730 quod
1546 3661 1791 3725 homines
1814 3671 1998 3717 essent
2022 3661 2117 3735 Dei

535 3753 758 3818 excelsi,
787 3761 844 3807 et
873 3754 1015 3808 viam
1059 3753 1248 3809 salutis
1294 3755 1677 3811 denuntiarent
1703 3755 1846 3826 (Act.
1878 3755 1990 3826 1m)
2020 3771 2117 3812 eos

535 3841 806 3912 pellebant
831 3859 846 3896 :
874 3843 944 3896 ita
969 3852 1023 3897 et
1052 3843 1137 3897 isti
1163 3843 1288 3900 licet
1314 3843 1515 3913 aliquid
1535 3859 1726 3898 verum
1748 3845 2114 3913 pronuntient,

535 3938 718 3984 tamen
769 3944 801 3984 a
843 3939 1030 3985 sancta
1066 3931 1166 3986 "Dei
1213 3930 1448 3986 Ecclesia
1493 3930 1880 4001 propelluntur.
1911 3931 2119 3990 Rursus

535 4027 718 4071 autem
743 4019 905 4074 veluti
931 4034 1092 4075 canes
1117 4020 1320 4076 reversi
1345 4021 1412 4078 ad
1433 4035 1588 4074 suum
1610 4020 1894 4088 vomitum,
1918 4029 1974 4078 et
1992 4037 2116 4079 suos

532 4106 626 4162 loti
671 4109 726 4164 in
759 4109 1042 4166 volutabro
1085 4111 1182 4167 tuti
1215 4110 1305 4183 (ll
1323 4110 1470 4166 Patr.
1499 4111 1560 4181 ιι)
1609 4112 1902 4183 grunniunt
1925 4112 2112 4184 hujus-

532 4200 741 4255 cemodi
770 4217 786 4256 :

922 4312 1213 4385 Gregorius
1248 4315 1514 4386 episcopus
1541 4315 1662 4387 legit
1689 4332 1709 4371 :

614 4440 632 4472 ι
675 4422 732 4478 Si
762 4425 883 4494 quis
916 4425 1286 4481 universorum
1314 4435 1629 4482 sanctorum
1657 4425 1861 4496 eﬂigies
1880 4427 1938 4483 in
1969 4429 2107 4485 ima-

545 4534 561 4564 ι
604 4515 816 4583 ginibus
860 4516 1171 4574 inan‘imatis
1192 4525 1247 4573 et
1269 4519 1450 4574 surdis
1473 4533 1542 4574 ex
1569 4520 1938 4576 materialibus
1967 4522 2112 4576 colo-
2137 4530 2189 4590 Ι)

535 4621 558 4658 ι
601 4603 749 4659 ribus
779 4604 979 4662 titulari
1009 4608 1296 4673 studuerit,
1317 4608 1522 4664 nullum
1541 4609 1850 4679 proiectum
1872 4610 2108 4668 ferentes

534 4710 553 4743 ι
599 4697 816 4763 (vanum
846 4696 988 4750 enim
1019 4705 1102 4752 est
1120 4707 1502 4764 commentum,
1543 4708 1596 4755 et
1635 4700 1913 4757 diabolica:
1951 4718 2108 4774 argu-

533 4805 552 4836 (
595 4788 943 4844 mentationis
968 4789 1226 4862 inventio)
1249 4800 1302 4846 et
1331 4806 1437 4846 non
1463 4793 1634 4864 magis
1660 4795 1854 4850 horum
1880 4795 2107 4852 virtutes

532 4893 550 4927 ι
592 4892 689 4946 per
721 4893 783 4932 ea
811 4895 932 4950 qua:
961 4879 1014 4934 in
1045 4880 1337 4950 Seripturis
1375 4882 1440 4938 de
1481 4883 1587 4940 illis
1629 4885 1989 4952 insinuantur,
2018 4902 2110 4942 ve-

530 4981 550 5013 ι
597 4963 696 5019 luti
718 4966 975 5034 quasdam
1007 4967 1272 5024 animatas
1294 4968 1556 5041 imagines
1581 4971 1636 5026 in
1660 4986 1718 5028 se
1744 4973 2018 5043 depingit,
2047 4982 2103 5030 et

532 5070 552 5104 ‹
598 5055 920 5116 adsimilem
952 5057 1056 5114 illis
1098 5073 1165 5113 ex
1208 5047 1312 5116 hoc
1341 5062 1565 5131 erigitur
1600 5062 1801 5128 zelum,
1842 5067 2102 5132 quemad-

531 5155 553 5199 ι
601 5143 819 5202 modum
840 5144 1002 5200 divini
1025 5146 1214 5202 Patres
1237 5149 1409 5203 nostri
1438 5150 1708 5215 dixerunt,
1739 5151 2026 5208 anathema
2049 5155 2096 5207 ε»

898 5253 1223 5325 Epiphanius
1261 5258 1512 5314 diaconus
1550 5260 1719 5330 legit:

601 5356 776 5412 Diviui
822 5358 1012 5416 Patres
1052 5364 1222 5422 nostri
1263 5365 1369 5418 tale
1411 5366 1542 5434 quid
1578 5382 1750 5436 neque
1783 5346 2093 5416 (intulerunt,

529 5465 558 5468 “
584 5464 592 5468 ’
609 5463 631 5466 “
655 5463 688 5466 ⁷’
859 5449 1144 5501 ’τηνρνιιηι
1222 5455 1314 5492 cnr'
1347 5455 1407 5478 ··”⁹
1433 5456 1444 5466 ⁸

2209 3414 2277 3461 et
2347 3420 2508 3462 omne
2577 3406 3008 3462 Christianorum
3079 3406 3362 3474 collegium
3419 3424 3434 3461 :

2205 3495 2393 3551 ‘solum
2445 3496 2515 3551 ab
2561 3495 2646 3552 his
2697 3495 2946 3552 omnibus
2989 3505 3120 3551 sunt
3158 3495 3406 3551 frustrati
3455 3493 3788 3567 [abducti].

2239 1966 2298 2013 et
2321 1957 2422 2028 ipsi
2446 1958 2736 2013 concinere
2763 1955 3078 2026 plenitudini
3107 1957 3357 2012 Ecclesiae
3375 1998 3390 2020 ,
3430 1967 3490 2012 et
3527 1957 3630 2012 sub
3659 1955 3795 2026 hujus

2215 2060 2221 2088 τ
2233 2048 2357 2119 jure
2382 2049 2702 2114 subsistere,
2727 2056 2786 2104 et
2807 2046 3015 2104 fructus
3038 2048 3280 2103 veritatis
3309 2047 3446 2119 apud
3473 2064 3532 2104 se
3572 2045 3712 2120 ιρι,
3738 2053 3794 2103 ab

2231 2137 2324 2210 ea]
2361 2151 2584 2209 carpere
2616 2157 2629 2193 :
2660 2138 3111 2208 quemadmodum
3159 2153 3346 2194 omnes
3381 2139 3586 2211 egregii
3626 2139 3794 2194 Patres

2214 2228 2442 2295 nostri,
2490 2227 2582 2298 qui
2632 2227 2932 2284 incorrecta
2962 2229 3346 2299 vcorrigebant,
3393 2237 3448 2284 et
3489 2231 3794 2299 coaptabant

2235 2319 2481 2374 discissa.
2511 2317 2616 2374 Sed
2641 2317 2768 2388 quia
2797 2316 3063 2374 catholica
3105 2316 3344 2374 Ecclesia
3387 2319 3793 2374 hae‘traditione

2233 2411 2542 2476 decoratur,
2572 2411 2674 2481 ipsi
2707 2411 2774 2465 ab
2827 2423 2889 2464 ea
2917 2409 3088 2466 excisi
3119 2418 3309 2480 putant
3353 2409 3496 2484 [Gr.,
3538 2410 3791 2481 videntur}

2211 2510 2399 2557 «totam
2429 2503 2687 2558 danmare
2715 2511 2975 2573 tanquam
3017 2517 3341 2570 erroneam;
3383 2513 3437 2558 et
3482 2513 3628 2559 certe
3676 2504 3792 2557 hor-

2232 2592 2454 2648 rendum
2487 2601 2571 2648 est
2595 2593 2806 2659 dicere,
2860 2603 2916 2650 et
2964 2602 3164 2660 tacere,
3214 2594 3511 2650 damnatio.
3559 2594 3792 2649 Procedit

2229 2682 2373 2736 enim
2407 2691 2594 2738 contra
2623 2684 2768 2754 ipsos
2793 2683 2939 2756 [Gr.,
2971 2685 3118 2740 Perit
3143 2686 3286 2739 enim
3317 2687 3610 2741 secundum
3636 2683 3791 2756 ipsos]

2227 2787 2356 2827 vera
2394 2773 2447 2828 in
2489 2774 2762 2829 Christum
2791 2773 3076 2845 professio,
3109 2785 3164 2830 et
3191 2776 3456 2846 pernicies
3486 2777 3791 2830 universita-

2230 2871 2338 2918 tem
2371 2863 2636 2935 arripuit:
2667 2865 2761 2920 sed
2791 2864 2976 2936 procul
3014 2865 3122 2921 sint
3164 2865 3296 2929 haec,
3337 2874 3594 2935 tanquam
3627 2867 3680 2919 in
3712 2882 3791 2917 va-

2227 2969 2356 3008 num
2398 2955 2539 3010 dicta
2579 2962 2636 3009 et
2680 2956 2798 3011 sine
2835 2971 2996 3012 causa
3031 2957 3394 3026 pronuntiata.
3447 2957 3633 3027 itaque
3679 2957 3793 3010 hinc

2226 3053 2282 3098 et
2319 3045 2448 3102 inde
2488 3046 2850 3116 impellentur,
2899 3048 3024 3117 quia
3072 3047 3463 3103 vener'abilium
3509 3048 3809 3117 imaginum

2227 3136 2438 3206 pictura
2484 3153 2552 3192 ex
2600 3139 2963 3210 superioribus
2998 3139 3155 3194 anuis
3190 3139 3382 3194 tradita
3431 3139 3486 3192 in
3535 3137 3789 3192 catholica

2225 3228 2505 3294 Ecclesia,
2549 3236 2605 3284 et
2655 3229 2708 3284 in
2757 3229 3157 3284 venerabilibus
3206 3228 3417 3298 templis
3469 3226 3788 3288 informata,

2222 3331 2382 3387 quam
2431 3317 2604 3373 sancti
2649 3317 2838 3374 Patres
2887 3327 2942 3373 et
2993 3317 3325 3373 tradiderunt
3356 3326 3410 3373 et
3445 3326 3789 3387 receperunt,

3505 3421 3608 3476 tpSt
3688 3420 3787 3458 non

2219 3587 2311 3644 sed
2339 3590 2482 3659 quod
2508 3598 2592 3644 est
2621 3589 2816 3653 saevius
2852 3592 2906 3644 et
2943 3587 3271 3653 terribilius,
3322 3588 3529 3644 clamor
3573 3587 3790 3642 anathe-

2219 3680 2378 3736 matis
2406 3695 2592 3736 eorum
2617 3680 2934 3736 sodomiticc
2959 3689 3016 3735 et
3040 3680 3383 3752 gomorrhice
3411 3679 3790 3750 multiplicatus

2218 3777 2304 3826 est
2331 3769 2484 3842 (Gen.
2515 3771 2653 3842 XIX).
2706 3769 2843 3826 Hinc
2883 3780 2941 3826 et
2977 3781 3266 3840 peccatum
3311 3786 3500 3827 eorum
3542 3785 3790 3842 magnum

2217 3871 2301 3917 est
2352 3862 2555 3917 nimis:
2589 3871 2644 3916 et
2690 3862 2812 3932 quis
2860 3861 3064 3934 poterit
3116 3861 3342 3918 sulferre
3391 3860 3556 3929 hujus
3600 3860 3790 3915 furoris

2215 3951 2520 4018 insaniam,
2578 3953 2876 4023 harumque
2929 3952 3285 4024 salyricarum
3341 3951 3788 4007 turbulentiarum

2215 4043 2456 4099 scenicas
2503 4041 2709 4100 facies?
2755 4044 2906 4111 Quod
2953 4045 2999 4099 si
3043 4043 3420 4114 cognovissent
3471 4043 3786 4105 veritatem,

2215 4149 2335 4204 qua:
2366 4133 2648 4189 manifesta
2681 4142 2764 4189 est
2793 4133 3045 4188 omnibus
3083 4134 3173 4202 qui
3219 4131 3306 4204 pie
3349 4131 3650 4203 intelligere
3695 4146 3787 4183 vo-

2215 4223 2353 4290 lunt,
2394 4224 2594 4278 scirent
2620 4224 2803 4294 utique
2834 4225 2978 4294 quia,
3029 4225 3169 4280 sicut
3205 4239 3302 4295 per
3327 4239 3390 4280 ea
3418 4239 3540 4294 qua:
3569 4223 3622 4277 in
3647 4221 3790 4276 Scri-

2213 4313 2388 4382 pturis
2433 4311 2500 4367 de
2547 4314 2751 4369 sanctis
2800 4313 3125 4375 'mdieantur.
3174 4327 3445 4368 memores
3480 4313 3788 4382 passionum

2212 4415 2399 4457 eorum
2430 4401 2715 4464 elﬁcimur,
2743 4410 2798 4457 et
2825 4401 2892 4456 ad
2923 4402 3151 4457 similem
3183 4401 3356 4457 zelum
3384 4401 3643 4470 erigimur
3672 4419 3687 4453 :
3718 4400 3785 4452 ita

2213 4499 2269 4546 et
2313 4505 2410 4560 per
2450 4491 2788 4564 itnaginalem
2829 4492 3242 4564 descriptionem
3285 4492 3567 4562 passiones
3595 4493 3786 4546 horum

2211 4581 2482 4648 videntes,
2529 4583 2583 4637 in
2635 4585 3204 4640 commemorationem
3248 4583 3469 4638 virtutis
3504 4599 3692 4639 eorum
3735 4591 3789 4636 et

2212 4670 2324 4727 Deo
2343 4671 2521 4741 plena:
2549 4671 2672 4728 vita:
2696 4675 2960 4730 venimus.
3013 4674 3214 4729 Deinde
3263 4689 3450 4730 rursus
3489 4673 3624 4729 bene
3654 4689 3785 4728 seu-

2213 4761 2375 4829 tiunt,
2407 4762 2646 4818 dicentes
2664 4763 2744 4817 ita
2771 4780 2787 4818 :

2601 4865 2882 4940 Gregorius
2916 4869 3180 4940 cpiscopus
3215 4869 3336 4941 legit
3366 4883 3386 4922 :

2287 4998 2306 5032 ι
2352 4977 2408 5034 Si
2458 4980 2580 5051 quis
2627 4995 2731 5034 non
2781 4980 3068 5036 confitetur
3115 4996 3302 5036 omnes
3349 4988 3564 5035 sanctos
3609 4994 3704 5048 qui
3755 4994 3783 5031 a

2213 5085 2232 5119 ι
2277 5069 2472 5124 seculo
2507 5085 2676 5139 usque
2714 5085 2855 5124 nunc
2892 5079 3041 5134 sunt,
3089 5071 3180 5139 qui
3227 5077 3351 5124 ante
3392 5069 3586 5139 legem,
3620 5083 3691 5122 ac
3732 5067 3784 5120 in

2211 5178 2229 5210 ι
2277 5157 2391 5229 lege
2420 5168 2475 5214 et
2501 5159 2552 5214 in
2589 5161 2760 5231 gratia
2789 5160 2897 5215 Deo
2928 5159 3272 5230 placuerunt,
3296 5159 3634 5216 honorabiles
3663 5173 3784 5212 esse

2213 5270 2229 5302 ι
2271 5265 2453 5305 coram
2504 5251 2620 5320 ipso
2669 5253 2844 5306 anima
2898 5261 2953 5306 et
2999 5267 3226 5304 corpore
3303 5249 3384 5290 "e‘
3433 5251 3447 5274 '

2213 5356 2232 5388 ι
2278 5339 2504 5386 nosti-Int
2543 5359 2546 5362 ~
2645 5341 2672 5352 "
