3916 5582
557 434 656 487 ιιι

1693 417 2058 481 ἈΝΑΞΤᾹΞΙΙ
2099 425 2632 484 BIBIJO'I‘UECARII

3676 442 3767 502 us

558 569 574 595 ι
609 549 704 598 stis
735 547 752 601 ι
790 544 960 610 l’iam,
993 545 1233 607 Domine,
1264 543 1427 597 vitam
1467 543 1581 598 eis‘
1624 544 1778 598 Absit
1820 543 2014 597 invidia
2060 543 2128 597 ab
2155 546 2200 604 Α
2232 544 2391 612 cepti,
2435 544 2737 602 adulatione
2781 546 2989 603 intincti
3019 545 3297 623 [demersi]
3325 559 3497 610 sunt:
3544 563 3601 611 et
3637 568 3770 627 aptas

555 661 571 689 ι
607 639 828 707 imperio
849 653 1032 691 eorum
1061 638 1072 689 ε
1100 638 1238 691 Deus
1259 635 1525 690 custodiat
1549 635 1828 704 imperium
1852 634 2120 688 vestrum!

556 751 570 777 ι
608 729 745 781 Deus
799 726 1080 795 imperium
1136 731 1374 780 vestrum
1427 723 1706 791 pacilieet!
1749 721 1936 777 Vestra
1989 722 2124 786 vita,

554 844 571 870 «
603 819 1023 874 orthodoxorum
1053 819 1158 871 vita
1183 817 1195 869 !
1232 815 1478 871 Caelestis
1506 831 1597 870 rex
1623 823 1861 869 terrenos
1882 812 2120 868 custodi!

556 933 571 963 ι
603 929 697 981 per
739 927 833 964 vos
869 907 1188 963 universalis
1237 906 1477 960 Ecclesia
1533 905 1810 976 paciﬁcata
1856 905 1976 960 est!
2019 903 2127 959 Vos

515 986 518 992 ’
555 1022 573 1052 ι
604 1002 883 1054 luminaria
921 998 1253 1053 orthodoxia:
1274 996 1405 1051 estis
1433 999 1446 1050 !
1487 996 1791 1050 Luminaria
1823 995 1990 1059 orbis,
2024 995 2126 1050 Do-

556 1111 572 1140 ι
605 1092 764 1153 mine,
794 1105 1049 1144 conserva
1083 1091 1095 1141 !
1137 1082 1363 1144 Aharna
1397 1087 1654 1142 memoria
1681 1085 2033 1141 Constantino
2069 1093 2126 1139 et

517 1199 572 1230 ,ι
603 1180 808 1232 Leouil
864 1177 1011 1231 Novo
1059 1175 1410 1232 Constantino
1453 1174 1695 1245 piissimo
1744 1174 2126 1242 imperatorum

555 1292 572 1321 ι
605 1272 798 1324 multos
834 1271 1048 1326 annos!
1109 1270 1149 1323 Α
1206 1284 1402 1339 genere
1453 1268 1831 1331 orthodoxam,
1880 1265 2126 1330 Domine,

553 1380 571 1410 ι
601 1361 806 1415 custodi
835 1377 850 1414 :
880 1361 1042 1429 piam,
1073 1360 1316 1422 Domine,
1352 1358 1516 1412 vitam
1559 1357 1607 1411 ei
1644 1375 1656 1409 :
1689 1356 1945 1410 abscedat
1989 1353 2126 1408 invi-

554 1469 572 1500 ι
602 1451 685 1503 dia
714 1467 742 1503 a
774 1465 939 1517 regno
963 1450 1078 1518 ejus
1107 1451 1119 1502 !
1150 1448 1411 1503 Piissimte
1435 1447 1688 1517 Augustae
1709 1445 1904 1500 multos
1922 1445 2121 1499 annos!

553 1539 728 1616 «ﬁam
754 1553 872 1607 quae
893 1538 999 1608 pia,
1025 1553 1142 1606 qua:
1179 1537 1479 1592 orthodoxa
1505 1543 1607 1600 est,
1637 1535 1776 1590 Deus
1799 1535 2122 1590 conservet!

550 1649 570 1680 ς
601 1630 867 1684 ΛὶὶδςειΙειι
919 1628 1118 1683 invidia
1157 1644 1188 1682 a
1233 1642 1396 1698 regno
1434 1627 1649 1682 vestro!
1694 1625 1833 1680 Deus
1857 1624 2127 1680 custodiat

554 1718 883 1787 «imperium
935 1727 1173 1772 vestrum
1206 1744 1229 1782 ,-
1268 1716 1408 1771 Deus
1451 1715 1696 1785 paciﬁcet
1757 1731 1979 1786 regnum
2031 1729 2125 1770 ve-

463 1795 467 1798 ’
552 1831 569 1861 ι
598 1811 798 1864 strum!
841 1807 1177 1864 lncoul'usam
1213 1807 1266 1861 in
1299 1806 1513 1861 Christo
1549 1805 1998 1875 dispensationem
2026 1819 2122 1859 vos

2229 649 2293 688 ac
2331 634 2581 690 decentes
2624 637 2922 693 declamare
2965 639 3376 710 imperatoribus
3414 642 3600 701 laudes
3635 662 3768 702 recu-

2227 732 2430 788 santes,
2453 741 2514 781 ea
2547 742 2664 795 quae
2694 728 2746 782 in
2773 729 3042 786 Christum
3071 731 3240 787 Deum
3281 744 3525 790 nostrum
3555 736 3769 793 referun-

2233 821 2317 868 tur
2345 814 2423 868 eis
2479 816 2960 887 deprompserunt:
2990 835 3111 875 cum
3139 823 3310 893 magis
3341 833 3617 894 oporteret
3643 827 3772 880 forti-

2229 903 2435 957 tudines
2464 904 2652 960 horum
2680 907 2909 972 edicere,
2941 919 3126 965 contra
3155 913 3339 988 hostes
3362 914 3634 977 victorias,
3664 916 3770 970 bar-

2189 1072 2191 1074 η
2227 991 2436 1048 baricas
2459 995 2830 1064 subjectiones,
2858 1013 2993 1068 quas
3029 999 3081 1054 in
3110 1001 3433 1072 imaginibus
3457 1011 3515 1058 et
3533 1004 3597 1084 .in
3620 1005 3770 1074 parie-

2227 1080 2369 1135 tibus
2397 1081 2448 1134 iu
2493 1084 2805 1138 memoriam
2853 1088 3175 1143 narrationis
3205 1089 3356 1144 multi
3383 1080 3687 1161 pinxerunt,
3727 1107 3772 1147 et

2227 1171 2468 1227 videntes
2494 1173 2559 1226 ad
2589 1191 2824 1230 amorem
2847 1185 2901 1230 ct
2940 1179 3110 1234 zelum
3151 1188 3430 1236 traxerunt
3463 1201 3477 1236 :
3511 1184 3774 1252 subjicien-

2227 1258 2418 1313 dorum
2459 1263 2838 1332 aequisi‘tiones
2867 1265 3248 1338 [subjectorum
3286 1271 3771 1343 conservationem],

2226 1349 2470 1416 consilia,
2497 1361 2718 1421 tropma,
2744 1357 3038 1412 mundanus
3056 1366 3246 1425 status,
3296 1359 3481 1414 civiles
3504 1362 3774 1415 ordinatio-

2225 1455 2344 1505 nes,
2377 1442 2654 1497 civitatum
2683 1445 3026 1503 directiones.
3060 1448 3152 1504 Ha:
3188 1459 3313 1505 sunt
3343 1448 3503 1505 laude
3535 1452 3698 1523 digna:
3720 1469 3774 1508 ac

2225 1529 2379 1584 bona:
2422 1530 2707 1588 oﬂ‘erendaa
2754 1535 3160 1604 imperatoribus
3207 1539 3381 1605 famae,
3433 1556 3536 1610 per
3565 1557 3690 1610 quas
3732 1553 3776 1596 ct

2223 1632 2382 1674 omne
2410 1621 2548 1690 quod
2571 1622 2835 1680 subditum
2860 1635 3003 1680 esset
3025 1627 3125 1693 eis,
3153 1639 3542 1698 provocaretur
3561 1632 3628 1685 ad
3650 1648 3778 1686 men-

2193 1713 2329 1766 ‘tem
2368 1712 2471 1785 [est
2497 1716 2607 1781 eis,
2647 1725 2968 1786 provocatur
3013 1718 3078 1772 ad
3122 1719 3602 1794 benevolentiam].
3632 1721 3777 1778 Porro

2225 1801 2434 1873 linguas
2473 1803 2648 1859 adhuc
2676 1815 2864 1862 acutas
2893 1806 3166 1872 habentes,
3205 1817 3258 1863 et
3299 1809 3436 1863 iram
3485 1825 3553 1865 ac
3581 1826 3775 1865 accusa-

553 1919 570 1952 t
603 1903 736 1955 bene
788 1899 1116 1954 diserevistis
1157 1899 1171 1951 !
1230 1895 1744 1966 lnseparabilitatem
1793 1895 2018 1949 duarum
2065 1894 2117 1948 in
2148 1877 2196 1938 Β
2227 1895 2424 1952 tionem
2468 1898 2756 1968 spirantes,
2808 1899 2860 1955 in
2907 1899 3135 1954 obseura
3182 1899 3306 1955 luna
3365 1917 3423 1956 se
3475 1891 3665 1972 putant
3704 1919 3777 1956 sa-

551 2011 569 2044 ‹
597 1992 810 2046 Christo
839 1999 1154 2044 naturarum
1197 1987 1401 2042 ﬁrmius
1437 2001 1532 2041 vos
1569 1985 1934 2056 prazdicastis!
1977 1982 2117 2038 San-

552 2101 571 2131 l
600 2091 805 2135 etorum
835 2089 889 2135 et
921 2078 1300 2141 universalium
1342 2091 1436 2134 sex
1480 2077 1830 2132 conciliorum
1873 2075 2121 2146 dogmata

550 2196 568 2220 ο
604 2189 697 2226 vos
727 2173 1019 2230 roborastis
1048 2173 1060 2225 !
1103 2171 1326 2228 Omnem
1358 2170 1709 2226 idololatriam
1745 2184 1839 2224 vos
1865 2167 2122 2223 extermi-

550 2285 568 2316 ι
599 2266 792 2320 uastis!
839 2264 1122 2334 Magistros
1159 2261 1461 2332 hujusmodi
1493 2261 1695 2316 erroris
1737 2275 1833 2314 vos
1879 2258 2118 2329 publica-

550 2373 568 2405 i
597 2355 728 2409 stis!
771 2353 1052 2410 Contraria
1084 2353 1382 2407 sentientes
1412 2365 1504 2405 vos
1526 2349 1887 2420 propalastis!
1920 2367 1938 2400 ι

899 2451 1246 2552 ἘρὶρΙιαηὶιιε
1283 2482 1535 2536 diaconus
1573 2479 1693 2551 legit
1725 2498 1738 2533 :

611 2615 1027 2670 Pronuntiantes
1074 2615 1490 2684 imperatoribus
1523 2623 1804 2680 consueta,
1853 2614 2117 2671 mendacii

541 2706 816 2760 furoribus
844 2706 996 2776 quasi
1024 2705 1234 2762 facibus
1263 2706 1881 2774 animanLexardescere
1923 2704 2118 2760 facien-

541 2807 640 2857 tes,
673 2811 736 2850 ex
768 2797 878 2866 ipsa
903 2795 1098 2850 diaboli
1124 2794 1911 2866 argumentationeloquuntur,
1938 2793 2118 2849 dicen-

540 2897 620 2942 tes
650 2903 664 2941 :
690 2885 916 2942 Omnem
945 2886 1300 2942 idololatriam
1335 2901 1430 2942 vos
1454 2886 1871 2942 exterminastis.
1900 2884 2115 2942 Utinam

537 2981 713 3033 surda:
745 2978 934 3033 tierent
954 2993 1113 3033 aures
1141 2985 1358 3044 nostrzc,
1388 2992 1456 3033 ne
1491 2978 1736 3032 audirent
1773 2990 2118 3046 corrumpen-

540 3079 647 3122 tem
677 3068 887 3123 animas
911 3083 1118 3126 vocem.
1160 3068 1299 3134 Noli,
1330 3064 1502 3138 inquit
1529 3069 1878 3139 proverbialis
1913 3083 2114 3133 sermo,

539 3159 784 3213 assiduus
815 3172 938 3213 esse
966 3173 1087 3212 cum
1113 3158 1335 3213 muliere
1372 3160 1658 3214 meretrice
1688 3156 1866 3229 (Prov.
1898 3158 1972 3227 v).
2016 3156 2112 3211 Sa-

542 3204 783 3213 .---...--.--
818 3204 937 3213 ν---
970 3204 1087 3212 η---
1114 3204 1335 3213 .--,.-.-.-
1372 3204 1657 3214 .---.--..--
1689 3204 1734 3229 κ-
1762 3204 1866 3213 .-η
1909 3204 1972 3227 .,-
2016 3204 2086 3211 η-

542 3248 769 3301 lutarem
818 3248 1509 3318 namquegdispensationis
1556 3249 1820 3303 rationem
1869 3247 2113 3304 demoliri
2143 3225 2187 3286 (ἶ
2222 3204 2278 3258 Μ

512 3400 514 3402 τ
538 3337 799 3405 valentes,
818 3338 870 3392 in
885 3353 1098 3393 omnem
1113 3338 1454 3409 blasphemiae
1474 3354 1752 3395 excessum
1769 3339 2114 3396 devenerunt.

535 3427 603 3481 Et
641 3424 766 3499 quid
797 3428 862 3482 ad
893 3429 1031 3484 hanc
1070 3428 1357 3499 lugendam
1395 3429 1596 3484 rabiem
1626 3428 1890 3494 dicemus,
1921 3429 2024 3484 nisi
2051 3445 2114 3485 ea

535 3536 654 3588 qtae
698 3535 728 3574 a
777 3520 980 3590 Spiritu
1036 3530 1225 3575 saneto
1277 3535 1375 3591 per
1428 3520 1594 3576 David
1647 3520 2115 3592 psalmographum

535 3611 739 3679 prolata
791 3609 960 3664 sunt?
1006 3607 1272 3663 Venenum
1318 3609 1559 3679 aspidum
1598 3609 1693 3663 sub
1727 3608 1878 3664 labiis
1902 3625 2078 3664 eorum
2093 3625 2114 3674 ;

533 3699 825 3769 sepulcrum
853 3710 1035 3768 patens
1063 3709 1135 3752 est
1161 3707 1340 3768 guttur
1361 3715 1538 3753 eorum
1553 3715 1572 3764 ;
1593 3699 1784 3769 linguis
1809 3701 1919 3754 suis
1941 3698 2116 3754 dolose

534 3789 751 3858 agebant
780 3787 948 3857 (Psal.
976 3791 1121 3857 xlii).
1150 3788 1286 3843 Hinc
1309 3799 1364 3844 et
1390 3789 1705 3846 deciderunt
1724 3806 1754 3845 a
1779 3790 2115 3867 cogitationi-

536 3882 634 3935 bus
664 3867 1044 3953 suis,'judicati
1073 3898 1103 3938 a
1131 3867 1349 3940 Christo
1377 3883 1484 3940 Deo
1515 3893 1719 3952 nostro,
1753 3887 1844 3956 qui
1875 3903 1972 3941 nos
2001 3887 2111 3941 eri-

534 3974 649 4042 puit
674 3974 740 4027 ab
769 3974 1028 4028 idolorum
1054 3989 1258 4030 errore.
1296 3975 1413 4046 ipse
1457 3979 1600 4032 enim
1646 3979 1805 4033 homo
1843 3977 2113 4049 perfectus

532 4073 753 4132 propter
809 4064 1032 4118 salutem
1091 4074 1328 4121 nostram
1385 4067 1500 4122 lieri
1549 4067 1797 4139 dignatus
1829 4109 1844 4133 ,
1897 4083 2112 4124 omnem

537 4151 837 4208 idolatriam
857 4156 1253 4212 exterminavit.
1283 4158 1428 4212 Dixit
1455 4159 1598 4213 enim
1628 4174 1725 4230 per
1748 4159 2063 4230 praphetam
2092 4178 2104 4214 :

535 4242 672 4298 Ecce
694 4245 803 4299 dies
826 4248 1050 4313 veniunt,
1103 4258 1151 4304 et
1187 4248 1364 4304 delebo
1407 4250 1618 4304 nomina
1643 4250 2041 4305 simulacrorum
2077 4268 2111 4306 a

534 4342 695 4400 terra,
748 4345 795 4388 et
831 4337 949 4406 jam
999 4355 1102 4393 non
1129 4339 1226 4393 erit
1255 4356 1435 4394 eorum
1463 4342 1714 4395 memoria
1753 4339 1937 4413 (Zach.
1966 4343 2106 4412 xm).

533 4423 751 4479 Certum
778 4442 905 4496 ergo
929 4437 1012 4483 est
1040 4431 1180 4500 quod
1209 4431 1488 4500 prophetia
1533 4431 1584 4485 in
1618 4432 1791 4502 ipsum
1823 4431 2107 4500 referatur,

2221 1988 2414 2059 gittare
2463 1987 2735 2062 [videntur
2781 1989 2922 2062 sag.]
2971 1999 3145 2046 rectos
3195 1991 3387 2059 corde,
3434 1991 3676 2048 dicentes
3715 1993 3782 2046 ita

2222 2077 2370 2152 [ista]
2403 2095 2420 2135 ε
3415 2093 3435 2108 ‘

2616 2189 2899 2262 Gregorius
2925 2192 3194 2265 episcopus
3217 2193 3337 2265 legit
3361 2209 3387 2246 :

2289 2298 2562 2366 Germani,
2589 2300 2795 2373 Georgii
2817 2312 2866 2356 et
2897 2302 3138 2369 Mansur,
3162 2303 3316 2359 mala:
3353 2304 3616 2374 opinionis
3654 2305 3776 2358 eira-

2220 2407 2334 2445 rum
2371 2408 2576 2446 sensum
2597 2409 2681 2447 vos
2703 2393 3034 2447 dissolvistis.
3077 2439 3081 2443 .

2289 2481 2547 2538 Germano
2571 2483 2766 2555 duplici
2797 2501 2948 2538 sensu
2989 2494 3037 2538 et
3072 2483 3201 2554 ligni
3247 2484 3457 2548 cultori,
3492 2487 3775 2539 anathema.

2289 2571 2508 2644 Georgio
2549 2584 2893 2629 consentanea
2928 2575 3064 2645 ejus,
3095 2585 3140 2629 et
3186 2574 3406 2645 falsario
3457 2585 3778 2645 paternorum

2219 2664 2661 2734 magisteriorum,
2685 2665 2979 2718 anathema.
3415 2667 3417 2669 ’

2289 2753 2510 2807 Mansur
2535 2769 2752 2823 nequam
2775 2753 3017 2820 nominis,
3040 2763 3088 2808 et
3113 2753 3306 2808 similia
3349 2753 3634 2812 Saracenis
3677 2771 3780 2808 sett-

2217 2842 2384 2909 tienti,
2408 2844 2704 2896 anathema.
2747 2890 2750 2895 .

2289 2932 2590 3004 lmaginum
2612 2932 2847 2989 servitori
2871 2941 2918 2986 et
2955 2931 3093 3004 falsa
3117 2932 3362 2988 scribenti
3394 2931 3637 2998 Mansur,
3663 2950 3782 2985 ana-

2217 3025 2408 3078 thema.
3105 3080 3107 3082 .

2291 3112 2675 3168 Contumelioso
2719 3114 2772 3167 in
2816 3111 3104 3180 Christum,
3152 3122 3198 3166 et
3245 3112 3546 3166 insidiatori
3594 3104 3781 3176 imperii

2280 3221 2462 3272 ansur,
2490 3207 2787 3259 anathema.

2287 3293 2795 3364 Impietatis'doctori
2813 3303 2859 3349 et
2881 3293 3018 3348 malo
3032 3291 3295 3363 interpreti
3307 3292 3362 3345 di
3368 3293 3498 3348 vina'
3515 3291 3789 3361 Scriptura:

2217 3381 2457 3449 Mansur,
2489 3384 2786 3438 anathema.

2288 3471 2516 3528 Trinitas
2547 3481 2649 3527 tres
2686 3473 2811 3526 istos
2841 3470 3096 3542 deposuit.

2600 3583 2926 3656 Epiphanius
2957 3584 3208 3637 diaconus
3239 3579 3359 3652 legit
3384 3597 3404 3636 :

2283 3696 2534 3754 Dicamus
2564 3689 2638 3752 ad
2655 3696 2769 3750 haec
2791 3694 2918 3750 illud
2945 3693 3218 3762 prophetae
3247 3710 3261 3747 :
3296 3690 3486 3747 Facies
3509 3690 3786 3744 meretricis

2214 3787 2356 3858 facta
2379 3795 2454 3842 est
2476 3786 2588 3852 tibi,
2623 3799 2841 3840 renuens
2874 3780 3169 3837 erubescere
3209 3780 3278 3833 ad
3306 3795 3484 3834 omnes
3513 3778 3651 3851 (Jer.
3683 3785 3778 3862 tu).

2213 3877 2422 3934 Etenim
2456 3876 2557 3932 illa:
2583 3875 2638 3930 in
2672 3889 2766 3931 sua
2808 3873 3095 3945 approbria
3137 3879 3190 3926 et
3219 3871 3394 3942 turpia
3421 3872 3604 3926 studia
3631 3885 3782 3925 venu-

2213 3975 2386 4032 slatae,
2419 3980 2513 4022 eos
2539 3965 2630 4036 qui
2657 3965 2848 4036 pudice
2872 3965 3077 4028 vivunt,
3125 3963 3456 4017 subsanuare
3498 3977 3779 4017 consueve-

2187 4058 2354 4112 runt.
2405 4055 2744 4114 Abominatio
2771 4055 2912 4110 enim
2941 4042 3311 4123 peccatoribus
3343 4051 3435 4106 Dei
3479 4041 3676 4106 cultus.
3713 4053 3777 4104 lta

2210 4158 2265 4204 et
2287 4149 2373 4204 isti
2398 4149 2536 4204 labia
2563 4149 2822 4204 habentes
2849 4143 3052 4209 dolosa,
3078 4144 3238 4199 locuti
3256 4151 3380 4197 sunt
3401 4153 3594 4198 contra
3615 4144 3779 4213 justas

2211 4241 2546 4311 iniquitatem
2577 4239 2632 4294 in
2657 4238 2904 4309 superbia
2930 4245 2985 4291 et
3017 4244 3346 4304 contemptu.
3389 4233 3498 4288 Sed
3529 4234 3777 4290 Dominus

2209 4331 2490 4389 abscondit
2517 4346 2611 4388 eos
2639 4330 2694 4385 in
2722 4329 2902 4385 abdito
2929 4327 3104 4381 vultus
3126 4326 3224 4386 sui,
3250 4335 3347 4379 eta
3373 4326 3774 4379 conturbatione

2209 4438 2395 4480 eorum
2426 4421 2666 4478 contexit
2696 4434 2809 4486 eos,
2858 4428 2912 4474 et
2946 4433 2977 4472 a
3006 4415 3431 4472 contradictione
3477 4415 3773 4486 linguarum

532 4521 587 4567 et
616 4529 718 4567 non
746 4515 900 4570 sicuti
931 4517 1029 4586 ipsi
1059 4497 1330 4583 dixerunt,
1371 4518 1436 4572 ad
1474 4497 1753 4590 imperium
1781 4497 2102 4592 principum.

2228 4523 2442 4581 psorum
2473 4508 2621 4565 eruit
2665 4522 2778 4563 eos.
2823 4505 2894 4563 Ut
2942 4503 3231 4561 luminaria
3281 4502 3426 4556 enim
3473 4499 3526 4553 in
3576 4497 3773 4552 iuundo

508 4594 825 4671 ‘ApostaSize
853 4580 1047 4677 quippe
1094 4580 1366 4679 proprium
1413 4619 1515 4677 est,
1550 4580 1707 4666 .hanc
1745 4580 1971 4682 gratiam
2011 4627 2105 4666 seu
2136 4580 2182 4638 ί)
2204 4580 2475 4664 luxerunt,
2500 4599 2722 4655 verbum
2739 4600 2862 4653 vitae
2883 4598 3220 4652 continentes
3253 4613 3266 4648 :
3303 4593 3609 4682 Germanus
3629 4592 3780 4682 vide-

531 4692 726 4748 donum
752 4695 874 4750 aliis
903 4698 1184 4767 acquirere
1211 4697 1512 4772 [tribuere].
1550 4700 1792 4756 Clamant
1816 4701 2108 4757 Christiani

531 4796 595 4834 ex
626 4783 941 4852 magnivoco
961 4784 1096 4839 Isaia
1119 4787 1286 4854 potati
1317 4805 1330 4840 :
1361 4785 1480 4840 Non
1503 4788 1722 4858 legatus,
1746 4807 1847 4842 non
1870 4789 2103 4860 angelus,

527 4875 616 4929 sed
644 4870 752 4940 ipse
778 4874 1034 4927 Dominus
1055 4874 1271 4930 salvavit
1296 4891 1388 4929 nos
1413 4875 1546 4947 (lsa.
1578 4876 1754 4947 Lxm).
1788 4876 1844 4930 Si
1872 4893 2018 4942 vero,
2046 4885 2106 4932 ut

530 4968 626 5036 ipsi
657 4969 917 5029 fatentur,
949 4965 1322 5036 episcoporum
1352 4966 1636 5037 collegium
1676 4966 1759 5023 vel
1791 4982 1975 5037 regum
2010 4968 2106 5022 imo

529 5055 733 5122 perium
763 5055 905 5110 eruit
951 5069 1047 5108 nos
1088 5054 1156 5108 ab
1195 5070 1380 5110 errore
1429 5055 1712 5121 idolorum,
1751 5056 2023 5110 aberravit
2069 5071 2100 5111 a

527 5144 754 5198 veritate
777 5145 1065 5198 humanum
1094 5160 1292 5214 genus;
1326 5155 1380 5202 et
1410 5148 1514 5202 non
1542 5146 1830 5212 salvantes,
1856 5147 1948 5202 sed
1971 5139 2103 5203 alte-

529 5231 643 5285 rius
667 5248 858 5302 magna
887 5233 1193 5290 extollentis
1218 5246 1301 5290 est
1336 5237 1440 5291 hoc
1478 5237 1698 5292 credere
1723 5237 1929 5290 salvum
1955 5235 2098 5308 [Gr.,

530 5319 634 5374 alio
654 5320 894 5375 salvante
915 5322 1038 5385 hoc,
1063 5332 1117 5378 et
1138 5325 1242 5380 alio
1264 5325 1524 5380 salvatum
1548 5343 1577 5379 a
1592 5341 1650 5380 se
1668 5326 1793 5380 illud
1813 5323 2094 5396 jactante].

543 5406 592 5420 --
642 5405 774 5428 ιιι-
899 5426 903 5432 _
942 5410 1070 5430 μ,ιῂ
1421 5415 1459 5432 ,ξ
1577 5415 1611 5428 ..
1666 5430 1712 5436 υ,
1746 5414 1962 5454 ρι’..εοίη
1989 5413 2101 5464 Deo

2200 4692 2350 4756 licet,
2378 4692 2467 4761 qui
2497 4694 2548 4746 iu
2573 4689 2743 4744 sacris
2784 4689 2978 4745 litteris
2999 4686 3313 4748 enutritus,
3359 4693 3415 4739 et
3457 4691 3518 4737 ut
3560 4679 3774 4736 Samuel

2202 4786 2270 4840 ab
2297 4783 2526 4840 infantia
2553 4785 2664 4838 Deo
2691 4782 3000 4853 deputatus,
3028 4788 3189 4849 atque
3208 4775 3412 4833 sanctis
3436 4773 3775 4829 Patribusest

2201 4877 2496 4936 consimilis
2537 4876 2938 4948 comprobatus.
2987 4873 3153 4942 Cujus
3201 4869 3352 4939 sequi
3393 4865 3776 4936 disputationes

2203 4969 2566 5024 necessarium
2592 4982 2733 5033 esse,
2762 4966 3068 5035 conscripta
3095 4963 3213 5033 ejus
3239 4961 3506 5016 allii-mam
3539 4971 3640 5028 per
3671 4953 3767 5026 [ce-

2205 5058 2406 5114 lebrata
2453 5057 2568 5129 per]
2624 5059 2934 5112 universum
2979 5057 3188 5112 orbem.
3237 5051 3605 5107 Exaltatioues
3644 5048 3778 5102 enim

2205 5150 2301 5205 Dei
2331 5149 2384 5204 in
2420 5146 2664 5201 faucibus
2686 5143 2821 5214 ejus,
2871 5150 2926 5197 et
2949 5140 3108 5211 gladii
3136 5137 3396 5208 ancipites
3423 5135 3477 5190 in
3525 5134 3767 5190 manibus

2205 5238 2320 5308 ejus
2341 5236 2513 5309 (Psal.
2548 5233 2751 5305 cmx),
2777 5231 2997 5304 jaculati
3025 5237 3212 5286 contra
3253 5227 3572 5282 dissidentes
3599 5223 3766 5278 eccleo

2204 5329 2438 5384 siastica:
2465 5324 2761 5382 traditioni.
2796 5323 2866 5378 Et
2891 5321 3153 5391 Georgius
3172 5318 3345 5390 patria
3382 5314 3633 5385 Cyprius,
3657 5311 3761 5379 ,ιιιιί

2203 5415 2506 5468 evangelica
2559 5412 2936 5462 natrimanium
3008 5409 3324 5464 venundatis
3377 5404 3563 5467 [Vitam
3611 5401 3759 5455 ίηδὶίο
