3980 6296
172 327 266 382 ιω

827 317 1255 374 ΙΝΤΕΒΡΠΕΤΛ
1266 319 1376 376 ’ΠΟ
1416 319 1666 378 SYNODI

1831 323 2238 378 GENEBALIS.
2278 353 2342 366 --
2379 322 2579 382 ACTIO
2621 322 2706 381 Vl.

3271 335 3402 392 me
3449 308 3452 310 ⁷

172 458 224 496 se
244 436 506 494 maxillam
534 433 772 488 vertebat
788 441 842 488 et
871 432 1118 498 alteram,
1153 434 1450 504 angarianti
1477 449 1534 488 se
1568 434 1711 489 mille
1741 441 1785 494 Λ
1815 431 1992 487 dimus
2017 433 2192 504 gladio
2219 434 2475 502 spiritus:
2505 449 2603 504 age
2637 449 2799 500 nunc,
2832 433 3157 494 instruamus
3184 443 3390 504 animos

173 540 342 598 passus
365 523 665 594 apponebat
692 529 747 574 et
778 519 994 590 duplum
1027 537 1042 574 :
1087 521 1209 574 tulit
1241 519 1429 590 jugum
1471 535 1501 574 a
1525 520 1714 589 juven-

174 625 273 668 tute
304 626 393 666 sua
439 609 656 681 (Tltren.
697 608 801 680 ιιι),
854 609 1053 663 bonum
1102 608 1395 662 arbitratus
1423 609 1712 662 secundum

173 703 462 772 prephetam
488 697 830 769 singulariter
849 697 1058 761 sedere,
1078 704 1132 751 et
1147 695 1329 750 silere.
1356 695 1532 765 Atque
1553 696 1715 751 Joan-

177 805 283 854 nes,
311 788 394 858 qui
418 787 486 842 ab
513 787 594 842 eis
617 786 870 857 iniuriose
899 785 1117 839 Mansur
1141 785 1439 854 appellatus
1467 795 1568 848 est,
1595 785 1714 855 qui-

173 893 264 946 que
287 875 512 931 dimissis
539 875 785 930 omnibus
814 874 1116 928 Matthmum
1142 872 1521 944 evangelistam
1551 889 1714 929 amm-

173 967 316 1031 latus,
360 964 628 1019 Christum
674 973 890 1019 secutus
915 970 1018 1027 est,
1063 963 1294 1032 majores
1324 962 1534 1018 divitias
1573 963 1716 1018 arbi-

174 1067 324 1112 tratus
364 1056 617 1109 thesauro
658 1069 816 1124 quem
866 1054 919 1107 in
969 1053 1167 1107 Arabia
1213 1053 1498 1122 dereliquit
1545 1053 1713 1126 [omni

173 1144 430 1218 Arabum],
455 1144 804 1215 opprobrium
832 1143 1062 1205 Christi;
1093 1152 1148 1198 et
1167 1143 1328 1214 elegit
1359 1145 1534 1214 potius
1556 1144 1714 1216 afﬂigi

170 1249 277 1288 cum
298 1233 440 1303 plebe
466 1232 583 1296 Dei,
607 1247 766 1303 quam
793 1231 1139 1302 temporalem
1168 1231 1492 1302 voluptatem
1517 1233 1714 1288 habere

171 1323 375 1394 peccati.
400 1321 517 1392 Ipse
538 1321 720 1392 itaque
747 1336 964 1394 crucem
977 1336 1139 1376 suam
1166 1328 1223 1376 et
1248 1321 1446 1376 Christi
1471 1330 1710 1392 portans,

173 1421 218 1466 et
237 1420 436 1466 secutus
459 1426 603 1474 eum,
629 1424 729 1480 pro
751 1407 966 1464 Christo
987 1411 1054 1464 ab
1083 1407 1300 1465 Oriente
1325 1424 1421 1479 per
1439 1409 1712 1468 Christum

174 1500 492 1562 tnbicinavit;
539 1515 646 1554 non
679 1497 1006 1554 tolerabilem
1037 1499 1238 1554 ducens
1262 1516 1452 1556 vocum
1500 1502 1711 1556 novita-

175 1601 286 1656 tem,
309 1606 422 1660 quae
440 1589 654 1645 diverso
682 1591 856 1644 fuerat
885 1590 1042 1645 modo
1065 1589 1203 1645 facta
1231 1588 1372 1662 [Gr.,
1397 1591 1449 1646 in
1471 1591 1640 1648 aliena
1666 1591 1706 1646 f.

173 1681 362 1749 regione
387 1677 571 1750 facta],
600 1693 693 1734 seu
719 1679 1201 1748 praevarieatricem
1229 1679 1532 1745 factionem,
1564 1680 1711 1736 rabi-

1817 525 2166 580 audientium.
2193 523 2384 580 Omnia
2421 540 2550 597 ergo
2587 527 2873 594 praesentia
2902 529 3392 602 suntintelligenti-

1813 612 1940 677 bus,
1977 621 2032 667 et
2068 621 2245 667 erecta
2289 613 2374 668 his
2408 614 2499 682 qui
2554 614 2831 669 inveniunt
2887 615 3187 682 scientiam,
3231 620 3390 678 sicuti
3425 681 3428 684 ,

1813 700 2206 770 proverbiatori
2243 699 2379 756 bene
2421 699 2602 772 (Prov.
2647 702 2786 771 vni),
2821 716 3031 758 necnon
3081 713 3137 760 et
3174 708 3390 763 veritati

1815 789 2043 844 videtur.
2086 791 2283 846 Sancta
2323 791 2466 846 enim
2499 791 2608 857 _Dei
2637 793 2900 848 catholica
2944 794 3184 851 Ecclesia
3209 812 3275 851 ex
3303 799 3389 853 di-

1814 878 1985 933 versis
2019 887 2073 936 et
2110 880 2275 934 variis
2320 881 2481 935 rebus
2517 895 2610 936 eos
2637 883 2724 950 qui
2771 883 2871 938 sibi
2905 885 3014 939 nati
3054 895 3196 952 sunt,
3228 888 3395 942 trahit

1815 967 1882 1021 ad
1908 967 2283 1036 pmnitentiam
2329 979 2383 1024 et
2413 971 2481 1023 ad
2518 970 2843 1040 agnitionem
2897 974 3268 1029 mandatorum
3297 977 3390 1030 Dei

1815 1059 2100 1122 custodiae;
2131 1068 2187 1114 et
2219 1072 2407 1114 omnes
2445 1074 2638 1116 sensus
2665 1070 2879 1118 nostros
2919 1063 3140 1120 festinat
3163 1067 3392 1136 dirigere

1815 1145 1881 1198 ad
1927 1145 2148 1216 gloriam
2196 1147 2314 1217 ejus
2359 1149 2450 1217 qui
2490 1156 2574 1203 est
2600 1140 2763 1220 super
2790 1152 2968 1206 omnia
3009 1153 3187 1219 Deus;
3229 1165 3392 1225 atque

1811 1247 1910 1303 per
1934 1235 2173 1296 auditum
2201 1245 2256 1290 et
2281 1236 2455 1290 visum
2499 1238 2895 1316 correctionem
2938 1239 3086 1306 facit,
3129 1242 3240 1312 ipsa
3269 1259 3388 1313 qua:

1813 1331 1963 1393 gesta
1996 1332 2145 1390 sunt,
2171 1323 2405 1381 vultibus
2433 1339 2618 1380 eorum
2651 1327 2744 1401 qui
2777 1328 3059 1395 accedunt,
3093 1345 3386 1402 apponens.

1813 1409 2037 1477 Quando
2078 1427 2311 1481 namque
2357 1428 2423 1468 ex
2467 1413 2693 1469 avaritia
2719 1424 2774 1470 et
2818 1431 3002 1473 amore
3040 1421 3388 1488 pecuniarum

1811 1499 1953 1568 rapit
1977 1515 2323 1570 quemquam,
2352 1503 2589 1557 ostendit
2623 1503 2673 1557 ei
2716 1504 2769 1558 in
2798 1504 3031 1577 imagine
3057 1508 3386 1576 Matthznum,

1811 1590 1901 1659 qui
1931 1605 1997 1645 ex
2030 1590 2305 1647 telonariis
2331 1594 2602 1662 apostolus
2639 1591 2834 1660 factus,
2855 1598 3093 1654 avaritiae
3135 1600 3268 1655 furia
3297 1602 3388 1657 de-

1813 1676 2020 1742 relicta,
2047 1676 2324 1734 Christum
2350 1683 2564 1736 secutus
2585 1689 2698 1736 est:
2721 1691 2778 1736 et
2794 1683 3106 1740 Zacchteum
3158 1687 3210 1760 in
3235 1705 3390 1760 syco-

175 1769 374 1838 damque
403 1768 687 1833 insaniam,
716 1782 835 1836 qua:
861 1768 1119 1823 adversus
1140 1777 1380 1822 sanctam
1406 1767 1500 1822 Dei
1526 1768 1709 1823 catho-
1735 1764 1783 1824 B
1810 1781 2019 1824 morum
2041 1770 2444 1838 ascendentem,
2465 1772 2859 1830 desiderantem
2874 1776 3147 1833 Christum
3177 1780 3380 1849 videre,

173 1855 308 1912 licam
348 1857 638 1912 Eeclesiam
681 1865 794 1911 erat
839 1865 1064 1911 armata.
1112 1856 1217 1912 Sed
1243 1857 1381 1912 hanc
1405 1857 1706 1927 publicans,

173 1961 334 2002 omnes
353 1947 686 2002 exhortando
723 1953 776 2000 et
809 1945 1166 2008 admonendo.
1200 1955 1388 2000 cautos
1429 1945 1704 2010 reddebat,

172 2053 230 2092 ne
249 2038 630 2093 adducerentur
652 2053 774 2092 cum
797 2037 1142 2107 operantibus
1172 2037 1536 2106 iniquitatem;
1564 2051 1708 2108 quae-

173 2147 278 2186 rens
317 2133 366 2186 in
411 2130 667 2186 Ecclesiis
705 2128 977 2198 antiquam
1017 2128 1400 2200 legislationem
1445 2127 1611 2183 teneri
1653 2137 1709 2182 et

171 2213 414 2292 pacificam
440 2219 905 2284 constitutionem,
933 2233 1092 2288 quam
1135 2218 1390 2274 Dominus
1432 2218 1707 2288 discipulis

172 2315 265 2370 suis
311 2314 534 2370 nominis
587 2313 670 2369 sui
719 2311 1036 2368 vocabulum
1093 2311 1440 2367 sortientibus
1486 2311 1706 2365 donavit

172 2407 284 2479 [suis
304 2418 542 2478 tauquam
566 2407 774 2478 insigne
799 2403 1059 2476 donavit],
1075 2404 1258 2459 dicens
1281 2420 1295 2456 :
1325 2400 1518 2456 Pacem
1538 2417 1705 2455 meam

172 2499 226 2552 do
244 2499 388 2564 vobis,
409 2515 584 2570 pacem
617 2515 781 2552 meam
813 2496 1044 2568 relinquo
1073 2496 1213 2550 vobis
1240 2494 1579 2566 (Ioan.xtv).
1609 2493 1704 2548 llis

172 2605 277 2658 ergo
301 2590 602 2645 ret'erendis
626 2588 756 2642 viris
778 2596 832 2642 et
868 2587 970 2642 fide
991 2587 1164 2658 dignis
1189 2585 1366 2640 taliter
1393 2586 1445 2640 in
1468 2585 1703 2641 Ecclesia

173 2677 396 2733 catholica
432 2679 838 2742 demonstratis,
871 2692 989 2746 quae
1014 2684 1097 2730 est
1123 2676 1379 2730 adversus
1405 2691 1499 2730 eos
1531 2675 1705 2730 insur-

172 2783 280 2838 gens
313 2770 591 2833 accusatio,
625 2778 678 2823 et
723 2783 884 2838 quam
934 2767 1048 2822 hmc
1080 2775 1163 2820 est
1203 2766 1492 2829 horrenda,
1541 2779 1702 2834 quam

171 2857 306 2910 etiam
335 2857 466 2914 ferre
487 2859 612 2928 quis
639 2857 855 2912 omnino
877 2871 980 2910 non
1017 2853 1255 2925 poterit?
1283 2851 1422 2907 Vere
1450 2854 1704 2924 ignoran-

1811 1871 1875 1912 ac
1895 1857 1943 1911 ei
1971 1858 2434 1928 repromittentetn
2479 1861 2757 1917 dimidium
2789 1863 3102 1921 substantiae
3152 1883 3212 1922 se
3248 1883 3386 1938 prte-

1807 1949 1935 2005 bere
1947 1951 2290 2020 pauperibus,
2308 1960 2362 2006 et
2379 1950 2423 2004 si
2436 1951 2520 2006 cui
2542 1952 2741 2022 aliquid
2766 1952 3006 2022 abstulit,
3021 1955 3244 2012 reddere
3257 1973 3389 2027 qua-

1807 2038 2053 2108 druplum
2075 2038 2290 2109 (Matth.
2318 2056 2397 2105 ιι,
2427 2039 2595 2095 Μαι-ο.
2615 2055 2702 2108 ⁸11,
2726 2041 2853 2097 Luc.
2882 2059 2938 2110 v,
2957 2045 3095 2114 xu.)
3115 2061 3128 2100 :
3147 2055 3202 2101 et
3221 2047 3291 2101 sit
3320 2049 3387 2102 ad

1807 2125 2104 2180 custodiam
2131 2127 2498 2182 conversionis
2521 2135 2576 2182 et
2610 2127 2790 2200 jugem
2830 2133 3166 2198 memoriam,
3191 2134 3386 2206 imagi-

1805 2213 2006 2270 nalium
2035 2215 2416 2274 formationum
2447 2218 2699 2273 continua
2724 2219 2879 2284 visio,
2907 2235 2975 2277 ne
2999 2216 3285 2292 repedetur
3316 2227 3384 2281 ad

1803 2307 2080 2375 proprium
2117 2308 2398 2363 vomitum.
2425 2308 2620 2380 Rapuit
2661 2295 2874 2366 rursum
2921 2312 3082 2368 alium
3111 2314 3378 2370 desiderio

1805 2396 2113 2472 meretricio
2137 2397 2450 2467 depressum
2475 2414 2489 2464 ;
2537 2399 2715 2468 pudici
2750 2399 2946 2472 Ioseph
2975 2403 3262 2474 imaginem
3290 2421 3386 2474 ap-

1801 2486 1971 2554 ponit,
2009 2485 2102 2554 qui
2131 2485 2545 2543 fornicationem
2588 2488 2926 2555 abominans,
2978 2500 3033 2546 et
3063 2493 3200 2548 hanc
3225 2496 3380 2562 pudi-

1802 2573 1928 2629 citia
1950 2575 2172 2630 vincens
2195 2574 2346 2646 (Gen.
2372 2577 2582 2648 XXXIX),
2611 2578 2739 2634 illud
2766 2580 2910 2648 quod
2933 2581 3135 2636 dicitur
3161 2584 3227 2636 ad
3248 2584 3383 2638 ima-

1801 2663 1977 2734 ginem
2025 2665 2336 2731 custodivit,
2406 2666 2556 2735 cujus
2601 2669 2891 2739 participes
2940 2669 3240 2725 efficiuntur
3285 2675 3376 2743 qui

1801 2754 1939 2808 hanc
1961 2753 2281 2810 dilexerunt.
2310 2755 2506 2810 lterum
2530 2758 2658 2814 alibi
2684 2761 2896 2814 beatam
2921 2760 3220 2816 Susannatn
3250 2779 3382 2832 pro-

1799 2843 1951 2915 ponit
1969 2845 2223 2914 pudicitia
2253 2854 2522 2910 ornatam,
2548 2855 2603 2902 et
2640 2849 2886 2904 manibus
2908 2851 3146 2906 extensis
3170 2851 3381 2919 adjuto-

174 2948 280 3003 tiam
315 2951 687 3021 ignoraverunt
726 2948 932 3013 miseri,
964 2947 1237 3019 propriam
1270 2945 1502 3016 linguam
1553 2943 1701 2998 iuho-
1800 2935 1936 2990 rium
1982 2937 2049 2991 ab
2094 2937 2306 2992 excelso
2353 2938 2710 3004 Ῐηνοοθηιθω,
2759 2950 2814 2996 et
2843 2939 3376 3010 Danieleijdicem

173 3049 299 3095 ueste
335 3041 682 3104 denudantes,
712 3039 1139 3108 Germanumque
1184 3037 1465 3107 mysticum
1496 3034 1697 3089 sacriii-
1733 3099 1768 3108 _
1798 3023 2196 3091 PraiSidemem.
2245 3034 2302 3080 ει
2340 3025 2480 3081 hanc
2520 3036 2801 3083 emenlem
2830 3029 2896 3085 de
2931 3032 3174 3086 manibus
3205 3034 3381 3087 senio-

172 3139 377 3185 eatorem
403 3139 455 3186 et
478 3131 813 3186 sacerdotem
834 3127 1056 3194 Christi,
1084 3127 1278 3197 duplici
1303 3142 1460 3181 sensu
1493 3134 1547 3180 et
1570 3125 1695 3196 ligni

1804 3129 1920 3167 rttm
1945 3113 2252 3184 iniquorum
2285 3116 2447 3188 (Dan.
2491 3117 2649 3200 xm);
2672 3129 2729 3175 et
2757 3121 2828 3176 sit
2864 3121 3164 3192 imagiualis
3193 3125 3377 3178 titula-

173 3221 450 3277 servilem“
482 3223 859 3286 nominantes;
894 3219 1139 3274 similiter
1157 3217 1446 3288 Georgium
1479 3226 1533 3272 ei
1557 3216 1704 3270 Man-
1802 3206 1962 3262 tionis
1993 3209 2252 3266 memoria
2283 3209 2350 3264 ad
2383 3211 2680 3266 custodiam
2702 3213 2910 3284 pudica:
2931 3214 3070 3268 vitae.
3109 3215 3302 3286 Rapuit
3327 3219 3380 3272 in

172 3321 273 3370 sur;
302 3325 413 3366 cum
440 3310 726 3381 aliquando
749 3323 852 3366 nec
874 3307 1205 3378 principibus
1233 3305 1515 3374 quisquam
1540 3304 1700 3358 talem
1799 3297 2006 3354 deliciis
2032 3299 2389 3356 substantiam
2415 3317 2567 3358 suam
2590 3313 3017 3375 consumentem,
3044 3314 3100 3359 et
3129 3306 3378 3362 mollibus

172 3396 515 3465 blasphemiam
539 3399 590 3454 ei
613 3398 703 3468 qui
729 3396 886 3450 unius
908 3395 1025 3449 lidei
1054 3408 1233 3449 secum
1255 3401 1394 3457 erat,
1419 3392 1698 3463 injecerit:
1799 3390 2136 3446 vestimentis
2160 3392 2434 3459 vestitum,
2466 3409 2586 3463 qua:
2629 3401 2841 3464 oportet
2883 3395 3067 3465 egenis
3113 3397 3376 3464 praebere,

171 3484 225 3539 ab
263 3484 481 3542 Hebraeis
523 3496 705 3542 autem
752 3494 808 3540 et
838 3483 1118 3555 Agarenis,
1149 3492 1202 3538 et
1249 3483 1370 3536 aliis
1400 3482 1700 3537 inﬁdelibus
1801 3480 1854 3536 in
1881 3481 2076 3537 talibus
2097 3484 2338 3539 vestibus
2374 3485 2786 3554 expendentem,
2828 3494 2880 3540 et
2903 3486 3185 3540 delicatam
3213 3489 3379 3542 vitam

171 3573 353 3641 querela
402 3576 490 3630 tali
537 3585 650 3630 tant
692 3589 852 3645 super
899 3574 1080 3629 divino
1137 3581 1260 3642 typo
1289 3572 1488 3635 crucis,
1539 3585 1698 3639 quant
1799 3569 2327 3639 amplectentem;et
2345 3572 2582 3626 ostendit
2605 3574 2652 3627 ei
2674 3573 2845 3628 Eliam
2876 3574 3072 3629 melote
3101 3575 3378 3640 amictum,

171 3663 730 3731 super-venerabilibus
767 3661 1084 3733 imaginibus
1122 3670 1177 3715 et
1213 3659 1332 3714 aliis
1369 3658 1540 3714 sacris
1568 3660 1704 3714 Deo-
1797 3668 1853 3712 et
1871 3658 2153 3714 sullicienti
2191 3675 2318 3716 esea
2363 3671 2704 3716 contentum:
2748 3671 2804 3716 et
2849 3661 3107 3718 Joannem
3136 3665 3261 3733 pilis
3285 3682 3379 3720 ca-

170 3767 254 3820 que
291 3753 468 3809 dicatis
516 3753 698 3818 rebus,
756 3764 897 3822 saepe
941 3751 1230 3806 Christiani
1283 3750 1518 3806 accusati
1550 3759 1697 3806 sunt.
1799 3749 1920 3805 meli
1945 3749 2212 3816 indutum,
2241 3760 2292 3806 et
2332 3752 2532 3823 agresti
2559 3751 2716 3808 melle
2748 3754 3033 3819 nutritum,
3078 3755 3376 3811 Christum-

171 3839 278 3895 Nam
323 3844 654 3899 Christianus
703 3841 1004 3900 Christiano
1053 3841 1355 3910 bujusmodi
1406 3841 1701 3896 accusatio—
1797 3856 1902 3911 que
1949 3841 2117 3912 digito
2160 3842 2654 3908 demonstrantcm,
2698 3853 2754 3898 et
2820 3845 3162 3914 profitentem
3231 3846 3374 3902 hunc

172 3945 268 3985 nem
313 3934 608 3990 nullatenus
657 3933 834 3989 intulit
879 3951 894 3988 :
958 3933 1051 3989 sed
1119 3933 1324 3988 inutilis
1381 3940 1466 3987 est
1522 3932 1700 4003 justus
1800 3926 1985 3986 tollere
2013 3941 2291 4001 peccatum
2326 3933 2505 3988 mundi
2537 3933 2754 4005 (Matth.
2794 3948 2877 3998 nt,
2922 3933 3090 3989 Marc.
3140 3935 3218 4007 t):
3253 3951 3375 3992 cum

172 4020 372 4092 iujusto,
432 4025 881 4098 quemadmodum
955 4025 1111 4094 lippis
1182 4024 1351 4080 oculis
1421 4023 1521 4079 sol.
1595 4024 1698 4094 Ipsi
1798 4019 1882 4074 his
1922 4021 2085 4076 etiam
2135 4037 2384 4092 magnum
2419 4021 2711 4088 Basilium,
2765 4030 2929 4094 atque
2975 4033 3276 4080 ascetarum
3319 4035 3374 4080 et

171 4114 330 4184 quippe
371 4117 634 4188 fugientes
689 4130 721 4170 a
774 4115 1002 4170 veritate
1027 4154 1043 4178 ,
1103 4122 1263 4184 atque
1311 4114 1380 4168 ab
1453 4113 1702 4169 ecclesia~

173 4204 278 4257 stica
307 4206 413 4277 lege
450 4206 671 4278 repulsi,
715 4205 895 4259 traditi
948 4212 1073 4259 sunt
1114 4203 1431 4274 falsiloquiis
1475 4213 1533 4260 et
1587 4221 1700 4260 ma-

174 4290 372 4361 ledictis;
412 4306 466 4353 et
498 4296 636 4352 nihil
680 4295 825 4350 aliud
870 4294 1158 4364 colligunt,
1212 4309 1373 4364 quam
1433 4303 1492 4348 ut
1542 4309 1701 4349 accu-

173 4393 266 4436 sent
303 4385 622 4442 Christianos
667 4395 722 4442 et
767 4385 975 4442 Domini
1029 4385 1370 4450 sacerdotes;
1409 4387 1561 4456 quasi
1601 4385 1697 4442 de-

1799 4112 2186 4167 monachorum
2239 4114 2660 4181 multitudinem,
2718 4130 2945 4186 corpore
2991 4116 3374 4180 arefactorum.

1798 4199 1877 4256 Ne
1901 4215 2030 4258 vero
2054 4192 2405 4258 extendamus
2451 4219 2773 4269 sermonem,
2808 4220 3102 4276 paucorum
3150 4209 3378 4263 mentio-

1799 4306 1922 4347 nem
1998 4290 2297 4357 facientes,
2373 4293 2579 4364 reliqua
2663 4295 2966 4352 dimisimus
3033 4297 3376 4354 audientibus

1800 4385 2203 4452 perscrutanda.
2271 4383 2539 4439 Habemus
2601 4387 2746 4440 enim
2807 4401 3028 4445 omnem
3099 4388 3373 4457 Evangelii

174 4470 442 4539 reliquerint
486 4477 653 4532 Deum
718 4476 896 4530 vivum
937 4482 992 4530 et
1044 4489 1262 4540 verum,
1326 4483 1486 4545 atque
1531 4476 1699 4532 iconis
1727 4446 1774 4505 Ῐ)
1802 4471 2167 4526 narrationem
2191 4471 2477 4541 depictam,
2505 4480 2558 4526 et
2585 4473 2653 4528 ad
2677 4473 3104 4528 recordationem
3132 4475 3224 4528 Det
3272 4491 3373 4528 nos

174 4557 459 4620 deserviant:
527 4566 772 4620 maledici
801 4557 1060 4648 quidam.
1103 4573 1158 4618 et
1201 4563 1333 4630 lresi,
1397 4565 1697 4641 multiloqui

169 4650 205 4710 l’
228 4659 690 4722 r.,conviciatnres,
707 4658 971 4712 locutores
995 4657 1289 4720 temerarii,
1305 4667 1359 4710 et
1377 4656 1692 4728 linguaces],

170 4740 211 4784 t‘l
232 4740 399 4798 horum
427 4756 719 4802 sectatores
745 4745 917 4801 eﬂ'ecti
948 4754 1004 4800 et
1025 4746 1146 4814 quis
1178 4745 1476 4798 timentium
1504 4746 1690 4810 Deum,

1797 4563 2148 4617 adducentem
2177 4571 2232 4615 et
2260 4563 2453 4632 gaudio
2481 4578 2578 4617 nos
2615 4563 2932 4634 replentem.
2968 4562 3062 4617 His
3089 4565 3233 4617 enim
3257 4565 3373 4617 vul-

1797 4654 1937 4708 tibus
1973 4653 2170 4707 nostris
2192 4652 2468 4722 appositis,
2521 4668 2618 4708 cor
2641 4655 2944 4709 timentium
2977 4654 3263 4709 Dominum
3288 4654 3372 4708 lte-

1792 4745 2050 4809 tilicatur,
2080 4743 2230 4798 ﬂoret
2259 4742 2446 4809 facies,
2476 4745 2656 4799 anima
2691 4745 2848 4799 ttedio
2876 4743 3068 4800 affecta
3095 4747 3147 4799 in
3173 4745 3365 4800 alacri-

173 4836 214 4880 et
228 4829 552 4891 deridentium
588 4852 693 4891 non
723 4836 888 4890 latum
918 4835 1081 4889 risum
1111 4849 1266 4889 suum
1291 4832 1568 4889 ell‘undat?
1607 4835 1690 4889 vel
1788 4845 1951 4892 tatem
1985 4836 2330 4900 transfertur,
2368 4845 2423 4890 et
2455 4836 2632 4906 psallit
2655 4852 2760 4892 una
2795 4853 2916 4893 cum
2944 4837 3037 4892 Dei
3089 4848 3243 4906 patre
3267 4837 3370 4890 Da-

174 4922 318 4986 potius
341 4941 436 4981 non
460 4929 598 4983 tristi
626 4928 858 4984 lamento
881 4927 1130 4982 induatur
1165 4934 1221 4981 et
1251 4935 1407 4981 nocte
1430 4925 1690 4996 profunda

174 5022 304 5079 super
326 5017 416 5072 bac
450 5020 680 5088 ipsorum
707 5019 1023 5090 impietate?
1053 5018 1118 5072 Et
1141 5019 1266 5088 quia
1306 5033 1428 5073 cum
1453 5019 1582 5078 sint
1610 5018 1692 5072 in-

1794 4926 1914 4980 vid:
1958 4924 2159 4979 Memor
2195 4925 2273 4994 fui
2313 4924 2407 4979 Dei
2430 4936 2476 4980 et
2497 4927 2780 4981 delectatus
2803 4943 2918 4981 sum
2945 4926 3118 4996 (Psal.
3161 4925 3365 4995 Lxxvt).

1792 5017 2102 5074 Memoriam
2123 5032 2252 5087 ergo
2272 5017 2367 5072 Dei
2394 5032 2491 5086 per
2519 5033 2613 5074 eos
2635 5033 2846 5088 semper
2883 5019 3161 5072 habemus.
3185 5017 3370 5071 Lectio

175 5113 381 5163 tentet-es
432 5112 690 5166 malorum
733 5109 1025 5166 secundum
1063 5109 1301 5165 divinum
1353 5109 1686 5180 Apostolum,
1789 5103 1932 5166 enim
1968 5109 2144 5164 minus
2174 5125 2558 5179 nonnunquam
2602 5110 2859 5164 recitatur
2885 5108 2937 5163 in
2972 5108 3369 5164 venerabilibus

176 5187 753 5257 defeceruntscrutantes
775 5199 1054 5265 scrutinia,
1077 5199 1482 5269 garrulitatibus
1501 5214 1687 5254 eorum

1791 5200 2024 5269 templis,
2069 5199 2371 5270 imaginalis
2411 5215 2540 5254 vero
2572 5198 2821 5254 formatio
2850 5213 3092 5268 vespere,
3135 5215 3293 5254 mane
3313 5204 3369 5252 et

176 5273 282 5335 bene
299 5285 461 5343 valere
505 5289 754 5356 fatentes,
794 5288 1118 5344 sufficienter
1144 5289 1234 5344 Dei
1259 5289 1430 5358 gratia
1476 5289 1544 5343 ad
1569 5304 1693 5358 per-
1792 5289 2018 5344 meridie
2064 5297 2316 5356 tanquam
2367 5287 2420 5342 in
2463 5289 2542 5344 eis
2581 5287 2834 5351 stabilita,
2883 5297 3069 5342 narrat
3113 5290 3268 5344 nobis
3312 5296 3367 5342 et

177 5365 333 5429 fectant
369 5379 775 5437 destructionem
821 5397 1079 5436 vanarutn
1125 5381 1505 5452 cogitationum
1569 5380 1688 5438 falsi

178 5463 367 5522 nominis
383 5484 559 5528 eorum
604 5473 841 5529 scientia:
867 5472 1249 5545 [disputatione
1277 5474 1513 5547 peracta]
1563 5489 1689 5528 con-

177 5559 472 5642 summantes,
525 5573 579 5618 et
624 5579 745 5619 cum
798 5563 1067 5618 veteribus
1113 5564 1409 5618 hmrcsibus
1451 5567 1690 5618 errorem

179 5641 317 5696 inanis
341 5651 599 5716 pravitatis
620 5655 855 5726 ipsorum
879 5664 1344 5722 connumerantcs,
1374 5653 1511 5708 hunc
1548 5653 1692 5708 exci-

1795 5376 2079 5431 annuntiat
2131 5375 2417 5430 veritatem
2468 5383 2761 5446 gestorum.
2816 5375 3186 5447 Suscipiamus
3233 5391 3363 5446 ergo

1793 5473 2134 5527 traditionem
2174 5469 2443 5534 Ecclesiae,
2488 5470 2811 5525 bonoremus
2839 5469 3264 5542 legislationem;
3297 5483 3364 5522 ne

1795 5571 2096 5618 scrutemur
2115 5560 2254 5631 piam
2284 5568 2336 5613 et
2361 5558 2653 5628 legitimam
2679 5561 3143 5621 censi-ezudinem,
3173 5571 3240 5610 ne
3268 5569 3363 5606 cu-

1798 5653 1938 5710 riose
1960 5665 2180 5722 agamus
2221 5649 2478 5704 adversus
2524 5651 2742 5721 antiqua
2784 5651 2926 5722 jura.
2961 5648 3130 5702 Omne
3163 5644 3358 5714 quippe
