3980 6296
559 329 660 434 tm

1711 355 2074 418 auasrasn
2108 325 2647 412 BIBLIOTHECAth

3680 359 3796 422 852

545 485 690 556 quod
735 483 790 538 in
819 480 1396 546 commemorationem
1427 477 1519 534 Dei
1567 474 1813 536 conditur
1835 448 2116 547 ldicatur],
2146 477 2192 537 Α
2220 469 2375 528 rare?
2399 467 2560 526 habet
2587 442 2729 524 enim
2769 465 3048 546 prophetia
3075 484 3088 520 :
3124 465 3254 522 Ecce
3278 468 3418 540 virgo
3442 469 3496 526 in
3523 477 3676 526 utero
3697 473 3798 527 ha-

545 582 824 645 acceptum
848 581 932 626 est
957 572 1052 628 illi.
1091 571 1194 638 Qui
1221 583 1346 624 vero
1384 576 1579 638 praeter
1608 566 1744 620 hanc
1771 563 2114 620 traditionem

545 665 868 726 eﬂicinntur,
911 661 1064 731 cujus
1107 660 1396 729 participes
1443 656 1574 714 facti
1622 662 1749 710 sunt
1795 668 1984 711 omnes
2021 650 2118 724 qui

545 765 798 824 germane
821 750 1052 805 ﬁliorum
1078 749 1419 819 adoptionem
1441 753 1758 818 receperunt
1777 744 1830 798 in
1852 737 2117 824 catholica

549 841 804 903 Ecclesia,
846 847 1040 894 mento
1067 838 1216 893 nothi
1244 844 1388 902 sunt,
1429 844 1482 890 et
1510 850 1614 890 non
1645 833 1760 888 lilii.
1787 833 1971 903 Itaque
1993 847 2118 887 sen-

549 931 744 984 tiamus
770 930 968 984 bonum
1007 935 1064 982 et
1097 922 1358 997 optimum
1383 938 1523 990 esse,
1557 921 1942 978 venerabilium
1981 921 2119 976 ima-

553 1018 738 1087 ginum
784 1017 1100 1086 positionem
1145 1016 1198 1070 in
1238 1014 1474 1070 Ecclesia
1515 1013 1652 1078 fieri,
1687 1021 1741 1068 et
1770 1009 2119 1083 spirituaiiter

546 1109 724 1163 reduci
757 1123 849 1178 per
875 1107 972 1162 has
1023 1107 1088 1162 ad
1123 1104 1497 1177 principalium
1527 1117 1746 1159 suorum
1777 1102 2115 1168 memoriam,

544 1207 705 1266 atque
750 1198 881 1252 istas
922 1205 1140 1266 propter
1188 1195 1497 1250 earumdem
1553 1191 2016 1248 honoriﬁcentiam
2061 1200 2118 1247 et

545 1288 778 1343 salutare
823 1297 880 1342 et
927 1286 1197 1357 amplecti,
1233 1300 1312 1340 .ac
1351 1283 1582 1340 debitam
1613 1283 1978 1338 adorationcm
2017 1279 2118 1335 im-’

542 1378 794 1447 pendere.
851 1376 978 1432 Sive
1014 1391 1144 1447 ergo
1166 1375 1329 1430 alicui
1367 1375 1439 1430 sit
1480 1373 1854 1429 salutationem
1903 1380 2118 1442 gratum

546 1480 761 1530 vocare,
784 1459 898 1519 sive
914 1464 1282 1520 adorationcm
1307 1462 1431 1533 (hoc
1451 1463 1626 1532 ipsum
1648 1461 1790 1516 enim
1813 1468 1898 1515 est
1913 1470 2117 1514 utrum-

543 1569 688 1624 quc;
734 1555 834 1609 nisi
882 1553 1018 1608 forte
1061 1553 1196 1624 quis
1231 1553 1598 1608 adorationcm
1655 1567 1776 1623 quae
1821 1551 2116 1622 secundum

542 1643 766 1698 latriam:
799 1643 1112 1708 exhibetur,
1136 1642 1431 1713 intelligat:
1469 1641 1582 1696 alia
1608 1641 1752 1696 enim
1786 1648 1871 1695 est
1896 1640 2028 1704 haec,
2057 1645 2117 1692 ut

543 1730 910 1802 multipliciter
935 1738 1030 1785 est
1082 1728 1380 1800 ostensum)
1428 1736 1633 1783 tantum
1681 1728 1872 1802 dignus
1923 1728 1978 1801 is,
2021 1727 2116 1796 qui

2216 563 2379 626 bebit,
2407 569 2453 614 et
2480 559 2645 628 pariet
2691 557 2859 626 [ilium
2897 557 3034 628 (lsa.
3063 555 3178 628 vn).
3227 555 3380 613 Ilanc
3405 573 3531 629 ergo
3554 559 3798 630 prophe-

2224 653 2358 706 tiam
2397 651 2452 705 in
2491 651 2724 720 imagine
2751 663 2851 706 nos
2878 645 3144 713 videntes,
3177 649 3232 703 id
3256 657 3339 704 est
3360 647 3638 720 Virginem
3667 666 3798 706 eum

2215 738 2605 810 amplexantem
2654 751 2812 807 quem
2858 737 3086 808 peperit,
3134 737 3400 806 quomodo
3445 737 3797 804 auderemus,

2214 845 2322 900 quo
2349 828 2524 882 minus
2549 827 2835 882 adoremus
2860 836 2915 880 et
2957 823 3284 880 salutemus?
3313 817 3452 892 Quis
3487 825 3798 882 ineruditus

2215 927 2396 973 mente
2430 915 2645 972 diﬁcrre
2688 913 2881 968 audeat
2919 911 2988 969 ad
3024 911 3326 985 hujusmodi
3373 913 3802 970 salutationem?

2216 1006 2414 1076 Dignos
2457 1003 2813 1072 nosmetipsos
2839 1003 3152 1058 adoratione
3201 1003 3479 1068 faciamus,
3522 1018 3592 1057 ne
3633 1019 3803 1058 acce-

2214 1093 2404 1148 dentes
2427 1085 2836 1162 indigne,'Ozan
2854 1087 2932 1162 [in
2956 1089 3100 1162 οιω]
3127 1087 3210 1160 (ΙΙ
3233 1089 3361 1161 Reg.
3386 1091 3440 1162 6)
3463 1105 3674 1160 pinnam
3691 1091 3802 1144 ’ἱει-

2215 1187 2474 1242 eidamus.
2515 1183 2633 1252 Ipse
2677 1179 2882 1254 quippe
2915 1189 3141 1252 tangens
3179 1197 3383 1246 arcam,
3419 1181 3605 1236 eadem
3652 1182 3798 1236 hora

2213 1279 2402 1350 periit.
2437 1263 2651 1347 indigne
2694 1261 3042 1346 approprians
3089 1275 3184 1330 illi.
3234 1271 3548 1346 Quanquam
3587 1283 3643 1331 et
3673 1277 3800 1347 ipsa

2215 1367 2454 1426 diversis
2473 1367 2654 1438 figuris
2683 1367 2920 1431 variata,
2953 1375 3008 1420 et
3052 1381 3118 1421 ex
3152 1367 3308 1438 lignis
3333 1377 3640 1422 constructa
3668 1367 3801 1421 fue-

2214 1445 2317 1524 rit,
2344 1457 2793 1528 quemadmodum
2828 1465 2882 1510 et
2931 1456 3221 1526 imaginum
3252 1447 3476 1510 factura.
3515 1455 3694 1511 Porro
3745 1456 3804 1512 hi

2213 1549 2305 1619 qui
2332 1548 2518 1602 dicunt
2543 1545 2859 1617 imaginales
2893 1545 3240 1608 formationes
3269 1544 3512 1600 sullicere
3553 1547 3606 1600 in
3637 1562 3806 1601 corn-

2214 1636 2655 1715 memorationem
2685 1643 2891 1690 tantum
2919 1635 3128 1700 haberi,
3160 1643 3213 1690 et
3246 1650 3351 1690 non
3393 1629 3551 1691 etiam
3603 1635 3674 1689 ad
3719 1625 3808 1691 sa—

2211 1726 2544 1793 lutationem,
2576 1742 2740 1782 unum
2771 1726 3123 1798 recipientes,
3147 1725 3378 1780 alterum
3407 1721 3803 1806 reprobantes,

542 1821 771 1885 accedit,
829 1820 900 1874 sit
955 1818 1284 1875 adoratione.
1327 1819 1404 1872 At
1435 1818 1481 1874 si
1527 1832 1635 1872 non
1685 1816 1870 1886 fuerit]
1903 1817 2116 1888 dignus,
2146 1815 2192 1876 Β
2219 1834 2316 1892 per
2353 1819 2454 1874 hoc
2479 1819 2632 1890 pravi
2670 1816 2810 1890 [Gr.,
2856 1816 3166 1893 semipravi]
3210 1817 3458 1888 quidam,
3485 1818 3808 1888 partimque

542 1911 859 1980 purificetur
900 1910 1151 1980 primum,
1191 1918 1254 1965 et
1301 1909 1374 1964 ita
1403 1909 1616 1963 demum
1641 1907 1865 1964 accedat
1891 1907 1956 1962 ad
1981 1907 2117 1960 ima-

542 1998 774 2070 ginalem
799 1997 1159 2053 venerabilem
1185 1995 1436 2052 formam.
1467 1996 1576 2052 Nec
1602 1997 1854 2052 instantia
1877 1995 2118 2051 satanica

542 2090 614 2150 sit
640 2104 769 2158 erga
811 2089 1178 2145 adorationcm
1205 2103 1417 2153 earum,
1454 2101 1628 2156 neque
1665 2086 1897 2142 formido
1925 2086 2120 2155 iniqua:

543 2179 862 2250 suspicionis
903 2180 1105 2236 habens
1141 2179 1518 2234 occasionem:
1569 2177 1706 2248 quia
1739 2177 1784 2232 si
1837 2191 2119 2232 accessero

543 2269 830 2340 imaginem
855 2269 994 2324 hanc
1037 2268 1384 2334 salutaturus,
1408 2267 1652 2321 invenior
1680 2265 1892 2321 latriam
1921 2282 2039 2338 qua:
2064 2266 2118 2321 in

541 2357 732 2428 spiritu
761 2367 844 2413 est
870 2357 994 2413 huic
1023 2357 1352 2427 impendere.
1385 2356 1540 2411 Absit
1586 2354 1822 2425 suspicio
1850 2355 1984 2410 haec.
2011 2348 2120 2409 lmi-

543 2457 866 2518 pugnatores
891 2449 1034 2504 enim
1059 2449 1153 2504 Dei
1178 2458 1339 2518 atque
1366 2446 1638 2516 vaniloqui
1674 2456 1976 2517 serpentem
2002 2447 2120 2501 imi-

543 2548 744 2604 tantes,
787 2539 901 2595 hac
946 2539 1196 2610 garrulis
1234 2539 1440 2610 linguis.
1476 2537 1726 2594 ell'antur.
1768 2537 1978 2592 Etenim
2005 2537 2119 2609 ipse

541 2629 804 2685 accedens
831 2629 1039 2686 mulieri
1069 2631 1370 2686 susurravit
1397 2628 1764 2684 mendaciter:
1804 2629 1965 2695 Quid,
1997 2644 2119 2699 per-

543 2717 752 2783 hibens,
779 2717 916 2773 dixit
944 2717 1084 2774 Deus
1103 2718 1129 2772 ‘l
1150 2718 1232 2773 Ex
1253 2718 1400 2774 omni
1453 2716 1610 2788 ligno'
1646 2717 1788 2787 quod
1817 2726 1900 2771 est
1919 2717 1982 2771 in
2023 2731 2120 2785 pa-

541 2806 738 2871 radiso,
783 2809 1069 2864 comedes:
1109 2808 1176 2864 de
1204 2807 1346 2879 ligno
1374 2815 1551 2882 autem
1591 2805 1733 2877 quod
1755 2814 1837 2862 est
1861 2807 1915 2860 in
1942 2806 2118 2861 medio

542 2895 798 2965 paradisi,
823 2909 929 2951 non
951 2893 1427 2970 ~comedetis_(Gen.
1463 2896 1540 2967 v).
1571 2895 1646 2949 Ita
1685 2903 1742 2950 et
1781 2895 1869 2949 isti
1914 2889 2119 2949 eﬂ‘emi-J

544 2993 668 3038 nata
698 2985 864 3040 corda
883 2985 1166 3050 seducunt,
1189 2985 1458 3040 dicentes:
1486 2984 1634 3060 Quia
1647 2983 1738 3054 qui
1773 2983 2118 3038 adoratima-

544 3075 718 3142 ginem
749 3073 982 3139 Domini,
1035 3083 1127 3128 aut
1173 3075 1508 3130 intemerata:
1550 3075 1780 3130 domina:
1831 3082 2025 3128 nostra:
2051 3087 2114 3127 ac

2219 1909 2504 1966 mendaces
2546 1916 2600 1964 et
2640 1909 2836 1977 partim
2881 1922 3102 1963 veraces
3149 1911 3626 1964 demonstrantur:
3657 1910 3807 1966 alias

2218 2001 2434 2072 quidem
2463 2015 2588 2055 vera
2615 1999 2951 2064 confitentes,
2979 2008 3032 2056 et
3051 1999 3182 2055 alias
3207 1987 3560 2069 depravantes
3587 1998 3670 2071 [id
3697 2009 3801 2062 est,

2220 2089 2628 2163 vituperantes].
2647 2087 2731 2156 Et,
2754 2105 2787 2146 ο
2811 2089 3274 2146 insensibilitatem
3301 2091 3519 2145 horum!
3543 2107 3679 2158 ergo
3706 2093 3804 2161 qui

2216 2179 2504 2250 aliquando
2548 2194 2765 2234 eramus
2815 2177 3143 2246 orthogdoxia:
3190 2193 3252 2233 ac
3302 2169 3807 2248 veritatisg'calum-

2217 2269 2473 2332 uiatores,
2502 2283 2643 2323 nunc
2671 2269 2859 2322 horum
2882 2257 3178 2322 ciliciamur
3198 2267 3577 2333 advocatores;
3608 2277 3668 2323 et
3695 2284 3804 2338 pro

2219 2358 2596 2430 reprobatione
2621 2356 3107 2413 ecclesiasticarum
3157 2357 3502 2412 traditionum
3544 2357 3806 2428 petamus

2216 2448 2428 2501 veniam
2455 2455 2822 2516 peccatorum.
2856 2445 2911 2499 In
2940 2445 3190 2502 omnibus
3220 2445 3304 2501 his
3326 2433 3575 2499 mandata
3599 2455 3800 2500 custo-

2217 2537 2428 2592 diamus
2455 2521 2553 2606 par
2580 2553 2642 2592 ea
2671 2552 2790 2606 qua:
2817 2533 3079 2606 praecepta
3110 2545 3233 2590 sunt
3262 2553 3278 2592 :
3307 2535 3645 2590 ambulemus
3671 2541 3806 2604 pro-

2216 2626 2485 2697 pheticam
2514 2640 2698 2680 vocem
2727 2625 3022 2690 audientes,
3055 2640 3174 2695 qua:
3201 2625 3331 2680 dicit
3361 2645 3376 2679 :
3409 2623 3467 2678 Si
3503 2630 3801 2680 annuntia-

2215 2716 2340 2771 uerit
2366 2715 2476 2780 tibi,
2501 2715 2652 2769 homo
2695 2711 3083 2788 [annuntiatum
3117 2726 3222 2783 est,
3262 2734 3292 2771 ο
3331 2715 3683 2789 ltomo],qui-'1
3705 2718 3801 2771 bo-

2217 2820 2363 2870 num,
2401 2813 2491 2857 aut
2518 2801 2643 2874 quid
2672 2805 2898 2876 requirat
2928 2801 3178 2858 Dominus
3199 2804 3289 2860 abs
3317 2814 3399 2874 te,
3440 2795 3598 2876 quam
3624 2815 3686 2858 ut
3719 2807 3804 2874 {a-

2217 2892 2325 2945 cias
2350 2891 2647 2961 judicium,
2689 2903 2734 2946 et
2780 2893 2969 2963 diligas
3017 2893 3457 2962 misericordiam,
3499 2903 3548 2948 et
3577 2884 3803 2964 pur-alus

2215 2982 2287 3035 sis
2318 2981 2586 3036 ambulare
2608 2998 2724 3034 cum
2753 2979 2972 3036 Domino
3003 2981 3110 3037 Deo
3134 2992 3222 3037 tuo
3249 2981 3431 3056 (Mieh.
3455 2983 3575 3056 vr)?
3619 2984 3806 3055 Super

2217 3069 2329 3146 lucc
2365 3067 2600 3126 furorem
2631 3072 2936 3144 sapiamus,
2976 3072 3210 3144 linguam
3243 3061 3609 3141 refrenemus,
3649 3091 3806 3130 men-

541 3177 670 3217 vere
712 3163 987 3234 genitricis
1021 3164 1137 3241 Dei,
1169 3163 1252 3220 vel
1299 3172 1606 3219 sanctorum
1625 3161 1628 3164 ’
1647 3161 1982 3234 angelorum,
2026 3169 2116 3216 aut
2144 3155 2189 3217 C
2221 3159 2376 3214 dacio
2406 3175 2470 3214 ac
2497 3159 2856 3231 turpiloquio,
2881 3170 2935 3216 et
2965 3163 3248 3218 maledicto
3278 3155 3570 3220 retinentes
3603 3161 3802 3237 [absti-

541 3253 858 3324 cujusquam
893 3265 1227 3320 sanctorum,
1274 3254 1489 3310 latriam
1514 3269 1634 3324 qua:
1677 3253 1730 3308 in
1779 3252 1969 3323 Spiritu
2029 3260 2115 3306 est

543 3345 669 3400 huic
695 3340 871 3402 offert.
900 3345 980 3402 Ne
1026 3345 1356 3418 decipiam'ur
1383 3360 1511 3416 ergo
1552 3359 1800 3400 sermone
1839 3343 2111 3413 ipsorum:

541 3433 836 3489 admonitio
874 3434 1017 3489 enim
1063 3442 1118 3490 et
1162 3448 1326 3504 prava
1362 3433 1554 3488 diaboli
1597 3441 1681 3489 est
1705 3432 1820 3490 haec
1867 3431 2112 3486 assertio.

541 3521 676 3578 Nam
712 3531 767 3578 et
801 3523 1078 3596 theologus
1123 3523 1412 3594 Gregorius
1459 3524 1599 3579 hanc
1641 3522 1868 3577 destruit
1911 3519 2117 3576 fabula-

543 3614 764 3679 tionem,
779 3615 1192 3670 omnibusnobis
1210 3615 1425 3686 jubeus,
1449 3629 1568 3670 cum
1587 3611 1712 3668 dicit
1727 3611 1902 3683 (Orat.
1925 3612 1988 3666 de
2003 3619 2114 3665 nat.

543 3700 756 3770 Dom):
810 3702 1117 3756 Bethlehcm
1159 3702 1296 3766 cole,
1333 3716 1570 3772 praesepe
1602 3701 1785 3755 adora.
1834 3701 1966 3756 Cum
2013 3700 2118 3755 hoc

543 3800 724 3845 autem
751 3800 806 3844 et
835 3790 1097 3846 Maximus
1122 3791 1519 3866 memorandus,
1547 3789 1698 3860 cujus
1732 3789 1846 3844 laus
1870 3789 1921 3842 in
1944 3789 2118 3844 omni-

544 3879 646 3934 bus
673 3888 755 3934 est
773 3879 1047 3944 Ecclesiis,
1071 3879 1196 3934 dum
1221 3868 1343 3934 cum
1372 3880 1500 3934 viris
1521 3880 1836 3949 quibusdam
1859 3878 1923 3932 de
1946 3878 2120 3934 eccle-

547 3967 780 4022 siasticis
809 3967 1037 4036 negotiis
1061 3953 1381 4036 disputaret,
1407 3955 1644 4021 divinum
1672 3967 1916 4037 pretiosae
1940 3967 2118 4024 crucis

548 4067 750 4128 typum,
779 4067 1021 4114 sanctum
1050 4043 1392 4128 Evangelium
1433 4068 1484 4114 et
1523 4059 1880 4136 venerandam
1909 4059 2117 4114 icouam

545 4148 785 4218 prmeipit
809 4139 1130 4203 inmedium
1159 4135 1366 4216 allc‘rri,
1389 4159 1443 4204 et
1471 4149 1587 4205 hazc
1622 4163 1743 4204 cum
1773 4147 1874 4203 illis
1903 4149 1969 4203 ad
1997 4163 2118 4203 cer-

548 4236 833 4291 titudinem
869 4250 1054 4291 eorum
1089 4227 1209 4306 quae
1230 4223 1370 4291 dicta
1400 4246 1544 4301 sunt,
1578 4235 1850 4291 salutavit.
1881 4229 2119 4290 Athana;

546 4327 659 4381 sius
683 4336 883 4391 autem,
935 4327 1024 4396 qui
1086 4328 1153 4382 ab
1189 4315 1598 4382 immortalitate
1644 4342 1842 4383 nomen
1889 4325 2116 4396 accepit,

537 4418 853 4490 eXprcssius
902 4418 1054 4473 nobis
1083 4419 1363 4472 annuntiat
1410 4419 1462 4472 in
1513 4418 1734 4490 epistola
1758 4420 1824 4475 ad
1857 4405 2120 4473 Marcelli-

2219 3249 2454 3322 nentes].
2501 3249 2728 3306 Oculum
2776 3256 3159 3322 temperemus,
3189 3263 3430 3310 ventrem
3458 3251 3801 3326 erudiamus,

2219 3339 2526 3410 psalmodiae
2548 3357 2612 3397 ac
2639 3342 2868 3397 orationi
2899 3344 3185 3411 instemus,
3236 3345 3290 3400 in
3323 3347 3578 3403 omnibus
3625 3364 3656 3404 a
3689 3350 3804 3405 Deo

2219 3430 2360 3485 datis
2387 3431 2541 3485 nobis
2567 3431 2767 3502 gratias
2797 3425 3049 3501 agamus,
3093 3435 3400 3505 juramento
3426 3451 3493 3491 ne
3521 3447 3803 3494 assuetum

2218 3531 2282 3572 os
2309 3527 2548 3572 nostrum
2579 3517 2869 3586 faciamus,
2899 3519 2992 3575 sed
3017 3521 3349 3578 Dominicam
3377 3540 3567 3580 vocem
3607 3528 3804 3580 audia-

2221 3623 2340 3663 mus
2367 3605 2630 3686 diCentem
2663 3626 2678 3664 :
2709 3609 2824 3682 Ego
2852 3623 3023 3688 autem
3054 3611 3170 3668 dico
3206 3614 3377 3680 vobis,
3421 3615 3583 3670 nolite
3610 3618 3807 3687 iurare

2220 3699 2430 3752 omnino
2457 3697 2670 3769 (Matth.
2700 3700 2775 3771 v).
2806 3700 3042 3757 Gloriam
3076 3695 3470 3769 conculcemus,‘
3499 3720 3622 3774 qua:
3644 3706 3806 3761 deor-

2222 3802 2340 3840 sum
2361 3784 2507 3854 jacet
2533 3803 2548 3842 :
2579 3789 2874 3844 maximum
2907 3791 3144 3846 onmium
3175 3791 3456 3858 bonorum,
3486 3793 3807 3850 misericor-

2221 3874 2362 3928 diam
2395 3884 2448 3929 et
2473 3875 2790 3932 charitatem
2817 3879 3166 3950 arripiamus,
3207 3879 3276 3938 et‘
3303 3881 3447 3938 hanc
3477 3871 3670 3940 timori.
3707 3887 3804 3942 Dei

2221 3961 2581 4032 conjunctam.
2611 3963 2738 4020 Sine
2757 3959 2947 4024 timore
2971 3970 3169 4040 quippe
3190 3970 3282 4025 Dei
3300 3957 3543 4028 clia’ritas
3572 3961 3803 4044 reproha

2221 4059 2322 4108 est.
2353 4052 2488 4128 Nam
2518 4065 2571 4108 et
2603 4051 2859 4126 Josaphat
2879 4060 3105 4114 'amic'us
3145 4069 3263 4114 erat
3306 4076 3426 4115 cum
3457 4061 3673 4129 Achab,
3705 4065 3802 4119 sed

2223 4141 2426 4198 audivit
2457 4163 2470 4198 :
2500 4143 2558 4199 Si
2577 4147 2836 4216 peccaturi
2861 4147 2915 4201 lu
2946 4149 3175 4203 amicitia
3203 4147 3456 4221 iungeris,
3481 4152 3527 4204 si
3556 4153 3681 4206 odio
3707 4155 3804 4206 Ita-

2222 4233 2326 4286 bito
2360 4250 2392 4286 a
2422 4231 2646 4288 Domino
2685 4249 2741 4288 tu
2779 4235 3114 4314 auxiliaberis
3168 4237 3256 4308 (II
3296 4235 3426 4294 Par.
3453 4241 3614 4313 'xtx)?
3659 4239 3804 4314 Ergo

2223 4335 2341 4375 cum
2365 4321 2562 4395 timore
2591 4323 2681 4379 Dei
2728 4326 2908 4380 omnia
2949 4325 3244 4395 faciamus,
3290 4338 3610 4400 expetentes
3635 4333 3801 4387 etiam

2223 4413 2656 4470 intercessionem
2688 4415 3018 4470 intemeratae
3042 4419 3270 4474 domina:
3298 4421 3496 4475 nostra:
3525 4429 3580 4474 et
3606 4411 3800 4476 natura

547 4525 676 4564 num
707 4510 1077 4580 missa,-quam
1103 4509 1480 4580 praeordinavit
1510 4510 1562 4564 in
1590 4511 1774 4566 codice
1796 4512 2117 4582 interpreta-

2221 4497 2314 4558 Dei
2343 4501 2617 4576 genitricis
2643 4503 2858 4586 semper
2884 4505 3117 4582 Virginis
3151 4507 3361 4575 Marize,
3384 4518 3546 4580 atque
3581 4521 3801 4567 Sancto—

549 4601 713 4655 tionis
735 4601 1085 4671 psalmorum,
1113 4601 1184 4655 ita
1207 4599 1420 4656 dicens:
1445 4601 1607 4657 Libro
1641 4602 1965 4672 psalmorum
1996 4603 2118 4673 quis

546 4698 787 4758 accepto,
803 4688 958 4743 Salva
967 4690 1096 4743 toris
1113 4686 1176 4761 [ϐ
1183 4677 1252 4755 r.,
1269 4690 1334 4743 de
1352 4688 1650 4766 salvatore]
1667 4691 1878 4760 qttidem
1891 4691 2121 4762 prophe-

549 4779 650 4832 tias
677 4787 934 4833 consuete
952 4779 1089 4832 sicut
1111 4779 1162 4831 in
1187 4778 1304 4833 aliis
1323 4773 1614 4848 Sc'ripturis
1640 4779 1910 4836 admirans
1929 4771 2120 4836 ctadoé

547 4883 674 4922 rans
687 4869 957 4940 egreditur
979 4869 1384 4942 [prosequitur].
1401 4869 1630 4926 Videsne
1645 4871 1873 4941 qualiter
1883 4866 2114 4942 prophe-

551 4961 652 5013 tias
678 4961 924 5030 egregius
953 4951 1112 5016 I’atcr
1142 4963 1367 5016 adorare
1397 4963 1551 5018 nobis
1599 4961 1823 5030 jubeat?
1854 4963 1920 5018 Et
1947 4965 1990 5018 si
2023 4965 2118 5018 has

549 5052 698 5120 pium
716 5062 799 5108 est
813 5055 1056 5118 adorare,
1075 5065 1274 5124 quanto
1286 5055 1454 5124 magis
1469 5063 1762 5125 proventus
1785 5055 2120 5125 prophetica-

551 5154 672 5194 rum
688 5143 1038 5196 assertionqu
1054 5143 1106 5196 in
1123 5141 1351 5214 imagine
1365 5143 1507 5198 visos
1520 5142 1880 5196 necessarium
1894 5151 1978 5196 est
1995 5140 2121 5196 udo.

2225 4611 2340 4650 rum
2368 4594 2694 4666 angelorum,
2722 4606 2777 4652 et
2800 4597 2958 4652 simul
2982 4599 3218 4654 omnium
3247 4610 3554 4656 sanctorum
3590 4621 3602 4655 :
3653 4603 3799 4657 salu-

2224 4697 2397 4744 tantes
2430 4701 2640 4758 quoque
2668 4687 2920 4745 colendas
2947 4704 3132 4746 eorum
3182 4689 3434 4762 reliquias”
3455 4733 3470 4757 ,
3518 4703 3579 4748 ut
3608 4693 3798 4749 eorum

2224 4779 2526 4836 sanctitatis
2567 4782 2856 4852 participes
2896 4781 3083 4838 simus.
3130 4782 3221 4838 Sic
3247 4784 3387 4838 enim
3429 4783 3657 4853 perfecti
3688 4786 3797 4840 eri-

2225 4865 2436 4924 mus‘ad
2469 4886 2629 4926 omne
2656 4886 2790 4940 opus
2823 4869 3017 4927 bonum
3046 4873 3098 4927 in
3139 4873 3354 4928 Christo
3395 4871 3525 4928 Jesu
3569 4875 3797 4929 Domino

2223 4970 2450 5016 nostro:
2481 4976 2637 5031 quem
2681 4960 2835 5017 decet
2880 4962 3076 5034 gloria,
3121 4963 3424 5032 imperium,
3469 4963 3626 5018 latria
3674 4979 3794 5018 cum

2225 5051 2384 5107 Patre
2412 5061 2466 5107 et
2495 5051 2694 5123 Spiritu
2725 5053 2931 5119 sancto,
2963 5070 3106 5111 nunc
3126 5050 3416 5126 et'sem'per
3441 5064 3495 5110 et
3521 5055 3576 5109 in
3601 5053 3792 5110 saecula

2228 5139 2566 5196 saeculorum.
2602 5145 2791 5196 Amen.

605 5249 3776 5274 ΜΨ

1745 5351 2048 5430 ΑΟΤΙΟ
2102 5335 2571 5431 SEPTIMA.

621 5499 682 5556 In
707 5483 924 5556 nomine
954 5500 1161 5557 Domini
1183 5513 1238 5558 et
1261 5481 1610 5563 dominatoris
1627 5505 1751 5564 Jesu
1777 5481 1978 5564 Christi
2004 5495 2117 5566 veri

553 5589 645 5646 Dei
677 5592 862 5647 nostri.
893 5591 1102 5662 Imperii
1131 5593 1492 5662 piissimorum
1520 5607 1576 5652 et
1597 5599 1893 5653 amicorum
1918 5598 2117 5655 Christi

553 5680 885 5737 dominorum
916 5690 1220 5738 nostrorum
1257 5683 1591 5743 Constantini
1639 5698 1691 5747 ct
1722 5689 1888 5744 Irena:
1930 5703 1960 5741 a
2004 5687 2112 5746 Deo

2225 5511 2484 5566 redimita:
2516 5511 2703 5565 matris
2738 5511 2882 5582 ejus;
2934 5528 3076 5570 anno
3111 5522 3303 5570 octavo
3345 5505 3657 5571 consulatus
3698 5530 3784 5570 eo-

2224 5615 2364 5666 rum,
2405 5601 2561 5656 tertio
2589 5601 2774 5656 Iduum
2824 5601 3227 5678 [Kalendarum]
3263 5605 3625 5662 octobriarum
3651 5597 3784 5660 indi;

2217 5693 2394 5748 ctione
2421 5693 2725 5749 undecima.
