3916 5696
101 451 188 510 £57

747 428 1303 507 lNTEltPRETATlO
1343 444 1593 505 svuom
1631 442 1723 503 vn
1760 445 2168 507 cenemus.
2199 478 2270 493 -
2306 449 2511 508 ACTIO
2551 450 2662 507 vu.

3239 440 3347 499 458

100 572 235 635 dum,
294 564 494 630 Basilio
540 564 792 638 episcopo
847 563 1288 638 DionysiOpoleos
1313 604 1329 632 ,
1379 562 1654 634 Stephano
1682 559 1728 626 Λ
1758 563 1908 620 sibus
1930 566 2041 621 suis
2065 566 2341 636 pellectos,
2368 568 2682 625 calumniati
2711 575 2840 625 sunt
2861 577 3106 627 sanctam
3135 570 3342 632 Christi

98 678 317 737 episcopo
342 660 568 733 Synnai,
592 659 948 723 Constantino
970 659 1223 730 episcopo
1246 656 1437 723 Andri,
1459 657 1656 712 Eusta-

98 758 191 813 thio
202 755 448 827 episcopo
462 753 619 819 Teni,
635 750 843 809 Joanne
855 752 1109 823 episcopo
1123 748 1655 814 Decateron,Joanne

96 852 318 922 episcopo
338 847 535 904 Nicaeae
545 846 807 912 Thraciae,
822 846 1149 916 Theophane
1168 844 1422 915 episcOpo
1434 842 1652 908 Lehedi,

94 943 273 998 Joanne
300 940 555 1012 episcopo
597 938 974 1010 Lithoprosopi
997 980 1012 1004 ,
1058 937 1367 1008 Nicephoro
1404 936 1656 1006 episcopo

95 1032 489 1104 Areadiupoleos
514 1072 530 1098 ,
584 1030 868 1086 Theodoro
903 1030 1159 1100 episcopo
1199 1026 1652 1097 lleracliOpoleos,

96 1128 236 1184 idest
262 1126 540 1181 Tbidatoa:
566 1122 957 1197 [Pidachtbdmj
975 1165 989 1188 ,
1014 1122 1374 1178 Constantino
1401 1120 1656 1190 episcopo

94 1224 392 1286 Ictrorum,
434 1220 665 1293 Lycaste
687 1220 940 1291 episcopo
980 1216 1364 1293 Philadelphus
1413 1214 1653 1288 [Phylla-

93 1312 223 1386 don],
253 1311 481 1368 Michael
505 1311 758 1382 episcopo
776 1308 1154 1373 Trallensium,
1177 1306 1383 1362 Joanne
1403 1305 1656 1376 episcopo

93 1403 275 1470 Lemni,
300 1402 487 1459 Leone
507 1402 759 1472 episcopo
785 1399 982 1465 Amisi,
1015 1397 1241 1455 Michael
1265 1396 1518 1468 episcopo
1547 1394 1653 1462 'l‘ii,

93 1496 365 1566 Epiphanio
399 1496 657 1566 episcopo
684 1492 1045 1565 ‘Pertensium
1074 1534 1089 1557 ,
1141 1490 1348 1546 Joanne
1403 1490 1656 1561 episcopo

91 1585 581 1651 'l‘imbriadensium,
612 1585 885 1657 Stephano
929 1584 1183 1655 episcOpo
1211 1582 1653 1655 Orymneusium,

89 1675 310 1731 lleraclio
336 1675 592 1747 episcopo
621 1675 792 1739 Sami,
815 1674 1023 1731 Joanne
1044 1675 1300 1746 episcopo
1329 1673 1582 1731 Prae-neti.

152 1768 625 1840 Residentihusque
656 1777 784 1825 ante
811 1769 1098 1825 ambonem
1131 1767 1489 1824 sacratissimi
1520 1774 1658 1822 tem—

88 1860 153 1930 ι)ιί
179 1846 524 1916 sanctissimae
561 1876 768 1934 magnae
799 1861 1044 1917 ecclesiae
1081 1876 1204 1931 quae
1243 1860 1659 1931 cognominatur

90 1951 268 2023 Sophia
308 1970 327 2007 :
365 1953 724 2024 praesentibus
764 1968 979 2024 quoque
1006 1961 1063 2009 et
1090 1953 1433 2009 audientibus
1457 1936 1730 2024 glorio-.B

86 2042 277 2099 sissimo
298 2052 355 2099 et
377 2045 914 2117 magniﬁcentissimo
942 2045 1203 2117 principe,
1239 2046 1471 2103 Petrona
1499 2046 1651 2103 vide-

86 2134 195 2190 licet
219 2134 641 2193 laudabilissimo
681 2152 751 2194 ex
777 2132 1156 2197 exconsulibus
1194 2140 1445 2212 patricio,
1474 2151 1529 2198 et
1562 2157 1655 2198 co-

85 2228 201 2285 mite
228 2228 334 2286 Deo
357 2231 616 2309 servandi
644 2231 937 2303 imperialis
974 2234 1218 2306 obsequii
1245 2275 1260 2301 ,
1307 2250 1373 2292 ac
1402 2250 1656 2292 reveren-

85 2324 303 2382 dissimis
344 2325 832 2395 archimandritis,
885 2328 1204 2400 hegumenis
1246 2338 1302 2386 et
1353 2330 1651 2397 monachis,

84 2421 360 2478 secundum
392 2421 643 2480 ordinem
672 2433 799 2479 ante
830 2432 1072 2481 taxatum
1101 2425 1155 2481 in
1194 2425 1368 2497 prima
1394 2427 1650 2485 actione:

81 2514 350 2583 propositis
386 2513 558 2570 etiam
604 2514 808 2572 sanctis
845 2523 902 2572 et
949 2515 1285 2573 intemeratis
1317 2518 1428 2574 .Dei
1475 2516 1655 2574 Evan-

83 2607 240 2676 geliis.
431 2593 435 2597 ’
502 2588 507 2594 ⁴

142 2697 454 2756 Theodorus
479 2700 856 2758 sanctissimus
882 2701 1168 2774 episcopus
1194 2702 1481 2760 Tauriana}
1500 2701 1655 2760 Sicu-

80 2790 234 2846 lorum
276 2792 467 2848 insula:
512 2805 792 2865 acceptum
828 2810 942 2867 prae
967 2796 1215 2853 manibus
1241 2796 1461 2863 librum,
1490 2811 1654 2868 expo-

78 2884 225 2940 situm
251 2886 548 2943 terminum
590 2886 914 2960 [expositam
943 2888 1337 2963 deﬁnitionem]
1370 2889 1500 2963 legit
1532 2908 1546 2946 :

142 3055 400 3097 πωπω
432 3056 652 3097 ΒΑΝΟΤΒ
692 3056 887 3099 ΙΑΕΝΕ
919 3058 984 3099 AC
1020 3059 1368 3101 UNIVERSALIS
1393 3036 1582 3102 SYNODI

417 3127 660 3170 SECUNDO
694 3129 750 3170 IN
776 3129 952 3172 NICEA
987 3130 1298 3172 COLLEC‘I‘E.

76 3237 261 3318 Sancta
284 3260 486 3315 magna
524 3261 589 3300 ac
620 3244 940 3318 uniuersalis
969 3247 1201 3318 synodus
1222 3289 1236 3312 ,
1269 3265 1386 3315 quae
1424 3264 1516 3317 per
1558 3248 1654 3303 Dei

136 3311 397 3388 gratiam,
440 3324 493 3369 et
528 3316 851 3388 sanctionem
890 3311 1099 3388 piorum
1141 3327 1189 3374 et
1226 3311 1654 3375 Christianorum
1683 3311 1726 3373 C

135 3384 508 3455 imperatorum
530 3384 936 3461 Constantiniet
958 3387 1133 3443 Irena:
1154 3390 1339 3461 matris
1366 3389 1503 3461 ejus,
1529 3408 1652 3445 con-

133 3467 342 3531 gregata
377 3466 458 3531 est
490 3458 807 3531 secundogin
844 3458 1154 3515 Nicensium
1195 3459 1342 3515 clara
1380 3458 1654 3531 metropoli

134 3526 559 3599 Bithyniensium
600 3528 879 3599 provincia:
942 3531 998 3585 in
1057 3539 1245 3586 sancta
1292 3530 1390 3586 Dei
1437 3526 1654 3587 ecclesia

132 3597 675 3670 quisicognominatur
710 3597 928 3670 Sophia,
968 3611 1167 3657 sectata
1192 3602 1528 3659 traditionem
1565 3619 1655 3658 ca-

133 3667 345 3724 tholica;
371 3668 661 3736 Ecetesire,
693 3667 926 3740 deﬁnivit
951 3670 1176 3742 inferius
1209 3673 1473 3729 ordinata.

134 3804 231 3873 Qui
249 3806 434 3863 lucem
462 3805 755 3878 agnitionis
773 3821 885 3863 suae
913 3807 1069 3864 nobis
1097 3807 1340 3875 donavit,
1370 3817 1424 3865 et
1447 3823 1477 3864 a
1506 3816 1656 3865 tene-

66 3899 179 3956 bris
202 3901 477 3957 idolorum
510 3915 575 3957 ac
601 3900 809 3957 insania
834 3916 934 3957 nos
972 3901 1233 3969 redemit,
1274 3902 1522 3959 Christus
1552 3902 1656 3959 sci-

65 3988 189 4047 licet
214 3992 358 4049 Deus
386 4003 597 4060 noster,
622 3991 950 4064 desponsata
979 3991 1079 4049 sibi
1119 4004 1307 4050 sancta
1336 4010 1433 4049 sua
1465 3996 1656 4051 catho-

65 4080 168 4138 lica
218 4083 470 4141 Ecclesia
531 4098 639 4140 non
692 4085 925 4141 habente
982 4084 1251 4141 maculam
1309 4101 1406 4143 seu
1467 4102 1656 4159 rugam

66 4172 279 4245 (Ephes.
300 4175 384 4247 v),
407 4175 554 4231 hanc
575 4189 635 4232 se
654 4183 1099 4232 conservaturum
1124 4176 1402 4248 promisit;
1431 4178 1660 4233 sanctis-

65 4281 168 4336 que
206 4266 489 4338 discipulis
534 4267 649 4323 suis
695 4269 1063 4335 asseverabat,
1104 4267 1333 4325 dicens:
1374 4266 1657 4325 Vobiscum
1693 4287 1696 4291 ’

63 4376 181 4413 sum
201 4360 442 4415 omnibus
468 4360 651 4415 diebus
674 4377 835 4433 usque
857 4359 926 4414 ad
951 4360 1451 4416 consummationem
1476 4360 1658 4416 saeculi

64 4448 285 4522 (Matth.
335 4453 552 4522 xxvm).
608 4450 777 4507 Porro
824 4451 966 4507 hanc
1021 4450 1493 4522 repromissionem
1548 4466 1657 4506 non

63 4542 237 4601 solum
292 4542 400 4598 illis
454 4542 723 4609 donavit,
778 4542 875 4598 sed
924 4550 980 4598 et
1030 4541 1208 4607 nobis,
1268 4542 1359 4611 qui
1415 4556 1513 4613 per
1564 4557 1659 4598 eos

62 4619 399 4689 credidimus
462 4633 518 4688 in
582 4631 802 4689 nomine
854 4632 1046 4704 ipsius.
1114 4630 1256 4704 Ergo
1297 4631 1499 4687 donum
1551 4633 1656 4688 hoc

60 4725 289 4797 quidam
337 4740 445 4781 non
493 4725 835 4795 cogitantes,
886 4739 918 4779 a
967 4732 1185 4780 versuto
1240 4723 1461 4780 inimico
1508 4723 1659 4779 vola-

61 4818 154 4874 tici
220 4817 625 4888 quodammodo
673 4817 800 4873 facti
830 4858 847 4883 ,
906 4832 937 4871 a
992 4825 1139 4872 recta
1192 4817 1402 4872 ratione
1449 4816 1661 4874 cecide-

59 4917 238 4977 runt;
294 4904 575 4964 traditioni
632 4908 796 4964 etiam
842 4907 1127 4964 catholicae
1178 4907 1433 4964 Ecclesia:
1483 4907 1658 4964 resul-

59 5013 246 5060 tantes
287 5001 566 5058 intellectu
612 5001 864 5058 veritatis
900 4999 1149 5057 frustrati
1174 5009 1301 5057 sunt
1332 5019 1346 5056 :
1391 5010 1468 5067 et,
1492 5011 1553 5056 ut
1585 5001 1663 5058 ait

59 5094 424 5168 proverbialis
458 5108 662 5162 sermo,
693 5094 748 5151 in
797 5107 902 5149 axe
937 5095 1053 5163 agri
1101 5094 1185 5150 sui
1236 5090 1664 5168 [agricolationis

61 5190 202 5264 suae]
231 5198 578 5255 erraverunt,
606 5197 660 5245 et
690 5187 1029 5259 collegerunt
1050 5190 1300 5246 manibus
1347 5189 1460 5246 suis
1496 5191 1657 5248 steri-

58 5281 299 5348 litatem,
324 5281 453 5353 quia
475 5294 754 5336 sacrorum
780 5290 1252 5337 monumentorum
1296 5280 1410 5336 Deo
1446 5280 1658 5339 decibili

56 5382 390 5432 ornamento
423 5362 712 5431 detrahere
769 5383 1257 5445 praesumpserunt,
1311 5374 1447 5430 cum'
1479 5388 1662 5433 sacer-

53 5475 223 5523 dotes
251 5465 463 5536 quidem
488 5462 819 5529 dicerentur,
849 5478 959 5519 non
987 5474 1171 5522 essent
1194 5474 1411 5532 autem;
1441 5464 1509 5522 de
1541 5469 1660 5540 qui-

52 5559 159 5615 bus
192 5558 340 5614 Deus
364 5572 468 5629 per
485 5555 804 5627 prophetam
827 5553 1027 5612 clamat
1050 5574 1064 5611 :
1101 5557 1342 5613 Pastores
1362 5554 1515 5611 multi
1542 5559 1678 5614 cor;

52 5659 319 5696 fama!
362 5650 569 5696 τήν-θοι·-
599 5665 761 5690 υηιηυ
845 5651 1323 5696 ρηηηικιὶῃηινρνυηι
1368 5649 1654 5688 ηηνιὸηηοηι

1762 654 1856 710 Dei
1884 656 2054 713 nostri
2082 656 2398 724 Ecclesiam,
2426 676 2548 731 quae
2572 660 2673 731 ipsi
2691 669 2778 716 est
2802 660 3146 731 desponsata,
3178 671 3236 718 et
3268 661 3326 721 in
3358 676 3363 683 '

1761 756 1843 801 ter
1867 758 2115 804 sanctum
2152 760 2206 805 et
2234 749 2520 821 profanum
2558 767 2663 808 non
2699 752 3066 809 distinxerunt
3120 750 3342 825 (Eucti.

1760 841 1895 913 uti)
1946 842 2239 913 imaginem
2273 844 2482 899 Domini
2510 853 2565 899 et
2590 854 2898 901 sanctorum
2935 845 3055 917 ejus
3092 845 3347 902 similiter

1762 946 2048 993 utstatuas
2087 938 2477 994 diabolicorum
2509 938 2772 994 idolorum
2814 940 3176 994 nominantes.
3207 937 3345 994 Pro-

1760 1038 1880 1099 pter
1899 1032 2043 1100 quod
2088 1031 2347 1086 Dominus
2386 1031 2528 1087 Deus
2558 1046 2666 1086 non
2693 1031 2871 1086 ferens
2918 1031 3115 1086 intueri
3141 1030 3210 1086 ab
3244 1029 3371 1086 hu-.

1753 1122 1989 1191 jusmodi
2013 1130 2162 1193 peste
2183 1124 2457 1193 corrumpi
2496 1123 2738 1179 subditos
2766 1138 2914 1188 suos,
2963 1139 3062 1178 nos
3091 1122 3347 1178 sacerdo-

1762 1214 1818 1268 tii
1845 1213 2117 1284 principes
2148 1215 2484 1284 beneplacito
2508 1230 2607 1271 suo
2634 1215 2870 1286 undique
2898 1214 3210 1271 convocavit
3264 1213 3348 1269 di-

1759 1306 1886 1361 vino
1925 1306 2042 1362 zelo
2074 1304 2217 1379 [Gr.,
2271 1306 2455 1362 divino
2501 1307 2618 1364 zelo
2665 1318 2721 1364 et
2772 1307 2929 1381 nutu]
2969 1306 3263 1374 ferventes,
3288 1314 3348 1361 et

1760 1407 1891 1453 nutu
1924 1398 2268 1454 Constantini
2305 1407 2360 1455 et
2409 1398 2578 1456 lrenae
2606 1399 2992 1470 imperatorum
3033 1408 3348 1455 nostrorum

1760 1490 2021 1547 adductos
2048 1508 2062 1546 :
2096 1500 2364 1562 quatenus
2389 1492 2579 1550 deiﬁca
2607 1493 2887 1549 catholica:
2906 1493 3161 1550 Ecclesia
3181 1478 3362 1548 tradi-‘

1761 1582 1837 1637 tio
1856 1582 2129 1638 communi
2164 1582 2383 1639 decreto
2414 1584 2640 1655 recipiat
2668 1586 3002 1641 ﬁrmitatem.
3026 1584 3197 1656 Igitur
3218 1598 3346 1641 cum

1759 1672 1904 1726 omni
1932 1672 2207 1743 diligentia
2234 1683 2642 1744 perscrutantes
2677 1683 2730 1730 et
2750 1676 3128 1743 discutientes,
3158 1684 3215 1732 et
3264 1675 3349 1730 in-

1762 1764 2055 1820 tentionem
2078 1766 2324 1821 veritatis
2350 1776 2639 1833 sectantes,
2689 1768 2825 1823 nihil
2868 1763 3178 1833 adimimus,
3214 1766 3349 1823 nihil

1759 1858 2043 1925 addimus;
2091 1861 2184 1914 sed
2233 1861 2414 1916 omnia
2443 1877 2564 1933 quae
2597 1860 2877 1918 catholicae
2921 1869 3047 1917 sunt
3092 1859 3383 1918 Ecclesite‘

1758 1952 2079 2009 immulilata
2129 1970 2410 2012 servamus
2436 1974 2450 2010 :
2475 1965 2531 2012 et
2556 1966 2853 2027 sequentes
2891 1947 3075 2013 sancta
3107 1956 3203 2013 sex
3227 1956 3352 2012 uni-

1756 2046 1986 2103 versalia
2008 2047 2259 2114 concilia,
2284 2049 2337 2103 in
2363 2049 2554 2118 primis
2581 2050 2722 2120 quod
2770 2051 2824 2105 in
2864 2051 3141 2122 splendida
3170 2048 3349 2107 Nicze-
3378 2058 3385 2069 ί

1759 2154 1825 2194 na
1878 2141 2160 2212 metropoli
2195 2142 2485 2203 convenit;
2544 2143 2722 2200 adhuc
2768 2143 2931 2199 etiam
2971 2143 3198 2214 etquod
3225 2134 3375 2214 post

1758 2232 1812 2286 in
1874 2232 2133 2289 divinitus
2191 2235 2560 2291 conservanda
2635 2236 2781 2308 regia
2853 2235 2989 2293 urbe
3061 2234 3350 2293 collectum

1758 2333 1862 2379 est.

1828 2416 2112 2474 Credimus
2145 2418 2199 2473 in
2231 2435 2395 2475 unum
2442 2420 2614 2476 Deum
2648 2421 2866 2479 Patrem
2898 2423 3348 2494 omnipotentem,

1756 2510 2019 2567 factorem
2066 2512 2191 2569 cceli
2222 2523 2277 2569 et
2305 2523 2482 2581 terrae,
2515 2515 2806 2572 visibilium
2844 2519 3086 2573 omnium
3115 2525 3173 2573 et
3210 2517 3351 2577 invi-

1756 2602 2014 2658 sihilium.
2067 2604 2136 2659 Et
2164 2605 2217 2659 in
2241 2620 2406 2659 unum
2434 2605 2722 2661 Dominum
2745 2606 2927 2663 Jesum
2953 2608 3229 2664 Christum
3257 2607 3351 2664 Fi-

1756 2692 1885 2747 lium
1918 2693 2012 2749 Dei
2035 2694 2394 2767 unigenitum,
2415 2696 2505 2767 qui
2524 2712 2592 2753 ex
2614 2696 2777 2755 Patre
2795 2708 2955 2755 natus
2983 2709 3069 2756 est
3092 2708 3219 2756 ante
3236 2696 3350 2757 om;

1756 2784 1845 2840 nia
1883 2771 2081 2841 saecula
2105 2802 2120 2840 :
2147 2786 2325 2842 lumen
2368 2805 2448 2858 ex.
2476 2788 2692 2856 lumine,
2723 2790 2892 2847 Deum
2929 2808 3116 2848 verum
3142 2794 3210 2850 de
3231 2792 3346 2852 Deo
3394 2790 3398 2795 ’

1756 2892 1918 2942 vero;
1966 2886 2175 2944 natum,
2224 2893 2331 2934 non
2362 2878 2587 2946 factum,
2615 2882 3130 2941 consubstantialem
3174 2884 3348 2955 Patri,

1755 2985 1852 3040 per
1880 2985 2040 3040 quem
2064 2972 2244 3026 omnia
2259 2970 2398 3027 facta
2427 2983 2572 3030 sunt.
2604 2975 2705 3042 Qui
2726 2984 2947 3046 propter
2976 2991 3075 3033 nos
3096 2974 3349 3036 homines

1755 3072 1811 3117 et
1838 3070 2058 3133 propter
2085 3073 2328 3119 nostram
2374 3064 2605 3121 salutem
2636 3066 2915 3123 descendit
2959 3068 3027 3123 de
3068 3069 3244 3137 cmlis,
3291 3076 3352 3127 et

1757 3155 2071 3211 incarnatus
2098 3164 2184 3212 est
2211 3157 2279 3213 de
2318 3145 2525 3228 Spiritu
2554 3169 2745 3216 sancto
2770 3174 2836 3216 ex
2886 3160 3055 3217 Maria
3100 3161 3348 3235 Virgine,

1756 3255 1813 3300 et
1839 3246 2000 3302 homo
2026 3245 2203 3304 factus
2223 3258 2307 3304 est
2340 3248 2873 3308 :cruciﬁxns‘etiam
2910 3253 3191 3327 pro‘nobis
3245 3252 3349 3311 sub

1760 3338 1950 3395 Pontio
1996 3339 2415 3411 Pilato,’passus
2443 3350 2498 3398 et
2543 3342 2788 3413 sepultus
2808 3348 2920 3411 est,
2958 3354 3014 3400 et
3044 3344 3350 3401 resurrexit

1757 3430 1918 3485 tertia
1938 3430 2030 3485 ’die
2056 3431 2352 3487 secundum
2381 3431 2689 3503 Scripturas
2717 3435 3007 3489 :‘ascendit
3033 3436 3099 3489 ad
3150 3420 3344 3505 corios,

1755 3522 1909 3578 sedet
1961 3526 2028 3579 ad
2067 3525 2343 3580 dexteram
2393 3526 2612 3583 Patris:
2641 3536 2695 3582 et
2728 3512 2937 3583 iterum
2967 3537 3231 3586 venturus
3258 3518 3349 3606 est

1755 3630 1877 3670 cum
1909 3616 2079 3685 gloria
2105 3614 2351 3685 judicare
2378 3617 2533 3673 vivos
2582 3626 2637 3674 et
2690 3627 2951 3686 mortuos,
2996 3620 3150 3692 cujus
3190 3620 3350 3693 regni

1756 3722 1862 3762 non
1892 3707 1996 3761 erit
2021 3706 2165 3762 linis.
2198 3706 2269 3762 Et
2296 3708 2351 3762 in
2377 3706 2637 3777 Spiritum
2664 3706 2908 3765 sanctum
2959 3696 3245 3768 Dominum
3290 3721 3352 3770 et

1755 3800 2143 3869 viviﬁcantem,
2191 3802 2284 3872 qui
2314 3817 2382 3858 ex
2432 3801 2594 3859 Patre
2617 3800 2863 3875 Filioque
2885 3818 2907 3846 ο
2937 3806 3201 3886 procedit,
3249 3786 3348 3879 qui

1756 3906 1879 3948 cum
1905 3890 2066 3947 Patre
2092 3900 2149 3947 et
2173 3891 2311 3948 Filio
2331 3892 2489 3948 simul
2517 3894 2775 3975 adoratur
2801 3904 2857 3950 et
2884 3897 3346 3975 congloriﬁcatur,

1757 3986 1847 4057 qui
1871 3986 2085 4043 locutus
2104 3994 2188 4041 est
2213 4002 2309 4058 per
2334 3988 2647 4058 prophetas.
2676 3989 2745 4044 Et
2764 3974 2767 3975 ν
2786 3990 2963 4045 unam
2985 3974 3228 4048 sanctam
3253 4007 3349 4048 ca-

1759 4080 2014 4137 tholicam
2044 4089 2099 4137 et
2118 4081 2472 4153 apostolicam
2520 4082 2838 4140 Ecclesiam.
2858 4074 3148 4142 Conﬁteor
3175 4072 3347 4143 unum

1758 4175 2024 4246 baptisma
2050 4175 2104 4231 in
2134 4168 2506 4232 remissionem
2534 4186 2877 4249 peccatorum
2912 4197 2925 4235 :
2957 4188 3213 4251 exspecto
3259 4169 3383 4253 rte-ﬂ

1757 4268 2149 4325 surrectionem
2190 4280 2550 4336 mortuorum,
2606 4279 2662 4325 et
2704 4272 2872 4326 vitam
2923 4270 3087 4326 futuri
3140 4265 3346 4343 szeculi.

1758 4358 1952 4416 Amen.
2009 4360 2401 4417 Abominamur
2462 4370 2641 4416 autem
2710 4370 2765 4416 et
2824 4362 3350 4437 anathematizamus

1758 4452 1946 4507 Arium
1988 4462 2042 4506 et
2080 4448 2474 4508 consentaneus
2520 4458 2573 4505 et
2621 4451 3109 4507 communicatores
3135 4466 3350 4508 vesanae
3419 4438 3423 4442 ’

1758 4543 2027 4613 opinionis
2051 4539 2196 4611 ejus;
2223 4536 2702 4608 Macedoniamque
2745 4552 2801 4594 et
2826 4527 2920 4595 eos
2943 4542 3035 4611 qui
3052 4541 3208 4611 juxta
3266 4542 3351 4612 ip-

1760 4650 1876 4692 sum
1900 4634 2036 4690 bene
2058 4621 2536 4688 Pneumatomachi
2558 4631 2818 4685 nominati
2837 4641 2979 4685 sunt.
3013 4632 3351 4690 Conﬁtemur

1761 4736 1940 4783 autem
1983 4732 2038 4781 et
2066 4712 2343 4780 dominam
2398 4730 2640 4781 nostram
2693 4730 2938 4778 sanctam
2966 4723 3192 4780 Mariam
3218 4739 3349 4796 pro-

1761 4819 1876 4891 prie
1908 4833 1980 4892 _ac
2024 4817 2291 4872 veraciter
2318 4814 2414 4871 Dei
2444 4814 2787 4886 genitricem,
2830 4815 3089 4885 quoniam
3138 4817 3355 4890 peperit

1761 4925 1928 4968 carne
1958 4924 2125 4964 unum
2152 4925 2219 4965 ex
2240 4919 2430 4965 sancta
2455 4900 2745 4973 Trinitate,
2777 4905 3057 4963 Christum
3100 4910 3354 4967 videlicet

1729 4998 1741 5048 7
1766 5002 1935 5057 Deum
1964 4990 2232 5069 nostrum,
2257 4988 2556 5058 Secundum
2588 4990 2733 5072 ψωᾶ
2763 5006 2818 5051 et
2845 4998 3177 5067 Ephesinum
3202 4990 3356 5073 prius

1765 5092 2155 5162 dogmatizavit
2206 5093 2502 5150 concilium
2545 5093 2692 5160 quod
2748 5087 3023 5144 inﬁrmum
3086 5090 3360 5167 [impium]

1766 5174 2079 5239 Nestorium
2109 5200 2232 5241 cum
2282 5183 2507 5253 collegis
2536 5184 2676 5252 suis,
2729 5170 2985 5243 tanquam
3028 5183 3364 5250 personalem

1768 5274 2085 5332 dualitatem
2107 5267 2670 5338 inti-educentem,'ab
2704 5266 2947 5326 Ecclesia
2977 5276 3199 5343 pepulit.
3230 5275 3366 5342 Cum

1768 5368 1855 5427 his
1876 5377 2057 5425 autem
2082 5379 2141 5427 et
2165 5374 2300 5430 duas
2325 5368 2555 5427 naturas
2578 5365 2910 5427 conﬁtemur
2939 5363 3057 5434 ejus
3081 5369 3175 5440 qui
3195 5369 3371 5425 incar-

1766 5468 1926 5519 natus
1957 5470 2042 5518 est
2071 5474 2295 5537 propter
2318 5469 2443 5522 'nos
2469 5474 2539 5515 ex
2582 5461 2918 5519 intemerata
2969 5454 3068 5514 Dei
3117 5459 3391 5533 genitrice-

1765 5570 1983 5628 semper
2010 5556 2234 5630 Virgine
2264 5555 2457 5625 Maria,
2486 5556 2798 5638 perfectum
2820 5540 2961 5603 eum
2978 5550 3150 5610 Deum
3171 5561 3228 5608 et
3251 5565 3378 5622 per-

1765 5649 1964 5692 foM-wm
2016 5648 2292 5696 hnminpm
2340 5652 2742 5696 ὀηρνΑΝ-η-τοηε
