3916 5642
493 435 598 496 459

1626 420 1990 479 ANASTASII
2027 417 2574 480 BlBLlOTHECAllll

3653 425 3740 485 460

491 556 810 621 muscarum
837 531 1139 606 ditlamatos
1171 543 1313 616 [Gr.,
1345 540 1802 614 blasphemantes]
1840 556 1871 596 a
1899 540 2077 598 divino
2105 544 2154 601 Α
2182 538 2548 608 exsequimur,
2591 546 2834 594 tenentes
2887 536 3203 595 traditiones
3254 553 3392 611 quas
3437 542 3740 612 accepimus.

493 647 632 708 atrio
661 644 884 715 abigens
906 659 918 694 :
943 637 1284 695 conferentes
1300 650 1419 694 cum
1444 634 1550 696 illis
1572 633 1775 704 pariter
1797 631 2078 694 Severum,

491 737 732 808 Petrum,
776 743 1042 790 eteorum
1072 728 1364 788 multil’arie
1411 727 1871 797 blaSpbemautem
1915 724 2080 779 alter-

490 828 630 892 utris
655 823 1096 898 porplexionibus
1139 822 1323 878 restim
1352 827 1659 874 contextam
1689 835 1700 868 :
1728 830 1846 872 cum
1884 814 2079 884 quibus

491 935 546 980 et
560 924 809 994 Origenis
828 918 1110 989 etEvagrii
1138 932 1202 972 ac
1227 913 1439 984 Didymi
1468 912 1679 968 fabulas
1709 909 2075 966 anathemati-

490 1034 700 1079 zamus,
730 1014 886 1070 sicuti
923 1021 976 1068 et
1016 1005 1478 1076 Constantinopoli
1509 1011 1890 1074 congregatum
1919 999 2079 1070 quin-

491 1125 603 1168 tum
631 1108 923 1167 concilium
960 1105 1136 1176 egisse
1167 1100 1520 1170 dignoscitur.
1554 1095 1756 1150 Deinde
1787 1108 2001 1162 quoque
2022 1099 2077 1144 et

489 1207 622 1261 duas
653 1202 959 1258 voluntates
979 1205 1035 1252 et
1057 1194 1403 1265 operatioucs
1431 1188 1727 1245 secundum
1757 1194 2074 1242 naturarum

490 1298 881 1368 proprietatem
933 1292 986 1360 in
1039 1288 1257 1346 Christo
1287 1283 1679 1356 praedicamus;
1723 1274 2074 1368 (premadmo-

489 1367 615 1446 dum
651 1399 705 1444 et
734 1380 1200 1451 Constantinopoli
1256 1386 1407 1434 sexta
1453 1374 1689 1447 synodus
1731 1367 2077 1432 exclamavit,

489 1480 747 1551 abiiciens
770 1476 1043 1547 Sergium,
1069 1469 1367 1531 Honorium
1385 1481 1431 1533 ιι,
1456 1467 1676 1536 Cyrum,
1699 1462 1949 1532 Pyrrum,
1968 1457 2076 1511 ilia-

487 1571 717 1634 carium,
750 1579 804 1624 et
830 1584 924 1628 eos
947 1565 1036 1634 qui
1064 1564 1182 1624 sine
1203 1561 1476 1616 voluntate
1502 1563 1625 1612 sunt
1653 1552 1886 1624 pietatis,
1915 1561 2078 1620 atque

485 1663 605 1720 istis
636 1660 832 1716 similia
858 1659 1175 1719 sentientes.
1209 1652 1273 1706 Et
1297 1646 1748 1717 utcet‘upendiUSc
1779 1644 2072 1706 fateamur,

485 1770 672 1814 omnes
703 1749 1100 1810 ecclesiasticas
1151 1727 1530 1811 si‘re'scripto,
1570 1739 1684 1795 sive
1713 1737 1829 1792 sine
1874 1734 2075 1803 scripto

484 1845 721 1901 saucitas
751 1841 906 1896 nobis
935 1838 1254 1894 traditiones
1280 1834 1480 1889 illibatc
1503 1844 1783 1888 servamus
1810 1841 2073 1896 :quarum

2188 632 2280 687 Sic
2321 631 2672 701 triumphales
2725 633 2970 688 ecclesia:
2998 633 3315 703 prophetice
3339 635 3588 691 canimus
3612 639 3741 709 hym-

2185 740 2282 780 nos
2312 742 2327 778 :
2360 725 2542 784 Gaude
2583 727 2731 790 satis,
2781 727 2894 795 [ilia
2929 725 3058 782 Sion
3090 746 3106 784 :
3145 729 3395 799 prtcdica,
3451 729 3568 798 ﬁlia
3609 729 3744 785 Jeru-

2184 815 2381 880 salem;
2407 816 2712 886 jucundam
2737 827 2784 872 et
2811 817 2992 872 twtare
3023 835 3087 873 ea:
3114 827 3220 872 tota
3247 820 3402 874 corde
3430 831 3542 874 tuo.
3580 822 3748 876 Abstu-

2181 907 2239 961 lit
2264 907 2523 963 Dominus
2544 926 2576 963 a
2604 920 2651 964 te
2689 909 2977 980 injustitias
3006 910 3396 968 adversantium
3438 912 3533 970 tibi
3569 929 3588 966 :
3619 914 3745 968 rede-

2181 1001 2275 1055 mit
2298 1009 2346 1054 te
2367 1001 2431 1055 de
2453 1017 2612 1056 manu
2644 1003 2979 1056 inimicorum
3011 1013 3239 1057 tuorum.
3275 1003 3536 1058 Dominus
3576 1021 3664 1060 rex
3703 1010 3749 1061 in

2180 1092 2349 1145 medio
2375 1093 2495 1147 tui:
2543 1109 2646 1147 non
2669 1093 2862 1148 videbis
2890 1095 3030 1150 mala
3092 1095 3325 1162 ultrn,et
3363 1113 3471 1166 pan:
3520 1098 3578 1150 in
3622 1107 3667 1151 te
3707 1099 3751 1152 in

2180 1195 2381 1254 tempus
2406 1195 2658 1242 wternum
2696 1185 2882 1257 (Soph.
2913 1188 3017 1260 tn).

2251 1287 2358 1342 Eos
2381 1301 2511 1358 ergo
2542 1289 2633 1358 qui
2661 1288 2861 1345 audent
2887 1289 3046 1345 aliter
3101 1307 3289 1362 sapere
3312 1300 3408 1348 aut
3437 1293 3652 1356 docere,
3678 1302 3752 1346 aut

2179 1378 2473 1432 secundum
2502 1379 2760 1435 scelestos
2787 1381 3075 1436 hrereticos
3104 1382 3507 1438 ecclesiasticas
3531 1384 3751 1437 traditio-

2181 1485 2277 1525 nes
2299 1484 2578 1541 spernere,
2606 1481 2660 1526 et
2680 1473 2973 1527 novitatem
3008 1474 3300 1542 quamlibet
3328 1475 3659 1544 excogitare,
3684 1473 3753 1527 vel

2177 1561 2440 1632 projicere
2463 1562 2664 1633 aliquid
2693 1581 2759 1619 ex
2787 1565 2872 1619 his
2900 1581 3022 1634 qua:
3045 1577 3170 1620 sunt
3198 1565 3460 1620 Ecclesia:
3487 1567 3747 1635 deputata,

2178 1657 2288 1711 sive
2317 1656 2691 1728 Evangelium,
2721 1660 2835 1714 sive
2866 1660 3092 1731 ﬁgurato
3133 1661 3329 1726 crucis,
3365 1662 3482 1716 sive
3512 1662 3750 1730 imagina-

2178 1746 2282 1800 lem
2311 1748 2604 1816 picturam,
2627 1750 2742 1805 sive
2791 1760 3011 1806 sanctas
3053 1752 3310 1821 reliquias
3361 1754 3650 1824 martyris;
3678 1762 3753 1807 aut

2181 1841 2490 1912 excogitare
2521 1857 2687 1912 prave
2711 1853 2805 1898 ant
2832 1853 3014 1900 astute
3053 1845 3121 1900 ad
3149 1847 3578 1902 subvertendum
3618 1847 3754 1916 quid-

489 1955 594 1992 ulla
626 1947 707 1992 εει
750 1935 912 1991 ﬂiam
947 1929 1245 2000 ἰιιιεείιιειιίε
1286 1928 1511 1998 Dicm”:
1538 1923 1810 1988 ΓοιΊιὶὶιιίον
1841 1937 1960 1991 (tum
2002 1919 2081 1974 Ιιί·
2112 1917 2156 1976 Β
2184 1945 2345 1998 quam
2375 1947 2445 1986 ex
2481 1930 2738 2001 legitimis
2760 1934 3139 1990 traditionibus
3173 1935 3438 1990 Ecclesiae
3464 1936 3750 2000 catholica;

483 2029 666 2090 storias
693 2026 1016 2098 evangelica:
1037 2021 1440 2095 prtedicationis
1475 2018 1730 2083 concinit,
1758 2015 1827 2071 ad
1856 2014 2076 2070 certitu-

480 2124 657 2179 dinem
689 2138 830 2180 verae
859 2128 912 2176 et
943 2135 1050 2178 non
1073 2117 1366 2172 secundum
1400 2111 1741 2183 phantasiam
1774 2109 1867 2166 Dei
1906 2107 2071 2164 Verbi

479 2215 937 2281 inhumanationis
959 2212 1182 2276 etlcctaa,
1206 2219 1262 2264 et
1283 2208 1350 2262 ad
1365 2207 1594 2262 similem
1611 2203 1764 2265 nobis
1782 2202 2072 2258 utilitatem

478 2309 761 2364 commode
776 2305 1084 2376 proﬁciens.
1111 2303 1242 2369 Quae
1261 2313 1494 2368 namque
1520 2312 1577 2353 se
1603 2305 1788 2350 mutuo
1807 2294 2071 2358 iudicant,

477 2401 856 2468 incunctanter
882 2391 1310 2469 [indubitanter]
1335 2391 1499 2452 etiam
1532 2396 1748 2444 mutuas
1777 2385 1977 2442 habent
2000 2383 2074 2444 si-

477 2491 872 2563 gniﬁcationes.
901 2488 998 2544 llis
1026 2487 1099 2554 ita
1122 2502 1180 2542 se
1208 2483 1552 2548 habentibus,
1583 2481 1743 2549 regiae
1765 2478 1920 2551 quasi
1944 2492 2070 2531 con-

475 2581 673 2650 tinuati
705 2581 915 2642 semita:
943 2577 1227 2650 [regiaque
1257 2574 1567 2648 incedentes
1596 2569 1727 2641 via],
1752 2576 2068 2637 sequentes-

473 2688 581 2744 que
619 2671 878 2728 diviuitns
904 2669 1230 2740 inspiratam
1259 2672 1571 2737 sanctorum
1598 2662 1824 2718 Patrum
1854 2670 2069 2714 nostro-

473 2781 596 2832 rum
623 2761 1025 2838 magisterium,
1051 2767 1107 2830 et
1127 2757 1407 2816 catholica:
1434 2755 1780 2811 traditionem
1814 2750 2068 2806 Ecclesia:

472 2838 621 2932 (nam
654 2856 889 2928 Spiritus
918 2853 1090 2922 sancti
1132 2851 1272 2928 banc
1319 2863 1441 2906 esse
1467 2847 1741 2912 novimus,
1787 2842 1878 2913 qui
1904 2842 2066 2896 nimi—

471 2964 592 3020 rum
622 2949 676 3024 in
698 2949 813 3025 ipsa
837 2944 1127 3016 inhabitat)
1152 2942 1442 3000 definimus
1474 2940 1528 2996 in
1554 2938 1705 2994 omni
1738 2935 2067 2993 certitudine

470 3056 534 3096 ac
550 3041 850 3114 diligentia,
867 3041 1007 3109 sicut
1023 3040 1251 3111 ﬁguram
1270 3037 1518 3107 pretiosae
1539 3050 1603 3092 ac
1623 3032 1848 3088 viviﬁcae
1867 3029 2063 3093 crucis,

468 3133 548 3210 ita
600 3133 937 3194 venerabiles
966 3148 1029 3188 ac
1086 3139 1304 3188 sanctas
1353 3127 1614 3198 imagines
1662 3122 2063 3194 proponendas,

471 3233 584 3300 tam
625 3240 747 3295 quae
771 3225 837 3282 de
859 3223 1130 3284 coloribus
1154 3230 1209 3277 et
1247 3209 1500 3283 tessellis,
1535 3229 1700 3286 quam
1728 3228 1848 3284 qua:
1869 3227 1935 3268 ex
1959 3211 2062 3265 alia

467 3317 696 3376 materia
717 3326 1079 3388 congruenter
1109 3313 1253 3387 [Gr.,
1284 3325 1442 3381 cong.
1470 3323 1529 3365 se
1554 3303 1808 3376 habente]
1837 3305 1892 3359 in
1933 3318 2058 3359 san-

466 3409 570 3484 ctis
595 3408 691 3464 Dei
721 3408 1068 3474 ecclesiis,et
1088 3404 1262 3464 sacris
1299 3401 1463 3469 vasis,
1505 3409 1560 3456 et
1602 3396 1862 3461 vestibus,
1901 3403 1958 3451 et
2004 3394 2061 3448 in

466 3502 767 3572 parietibus
801 3516 865 3555 ac
889 3499 1103 3566 tabulis,
1137 3498 1386 3554 domibus
1408 3503 1463 3550 et
1483 3493 1588 3548 viis
1616 3498 1774 3555 itam
1813 3487 2060 3543 videlicet

465 3595 757 3670 imaginem
787 3593 1001 3650 Domini
1028 3593 1120 3649 Dei
1151 3601 1206 3649 et
1238 3589 1532 3648 Salvatoris
1567 3586 1738 3644 nostri
1762 3584 1887 3648 Jesu
1903 3581 2059 3638 Chri-

464 3687 558 3762 sti,
597 3703 766 3758 quam
787 3687 1126 3753 intemeratae
1153 3684 1385 3741 domina:
1406 3690 1604 3744 nostrae
1622 3686 1823 3736 sanctae
1842 3675 1940 3741 Dei
1961 3690 2054 3745 ge-.

463 3779 696 3856 nitricis,
752 3779 1260 3847 honorabiliumque
1307 3775 1653 3846 angelorum,
1706 3778 1762 3838 et
1815 3769 2057 3824 omnium

465 3881 777 3944 sanctorum
805 3867 1324 3935 simuletalmorum
1359 3866 1615 3921 virorum.
1654 3863 1872 3928 Quanto
1907 3858 2055 3922 enim

467 3960 806 4036 frequentius
835 3975 931 4030 per
971 3957 1316 4030 imaginalem
1365 3955 1747 4012 formationem
1776 3952 2050 4016 videntur,

469 4061 621 4118 tanto
656 4052 749 4132 qui
779 4053 877 4112 has
916 4051 1372 4125 contemplantur,
1401 4048 1636 4106 alacrius
1676 4044 1957 4115 eriguntur
1987 4040 2055 4095 ad

465 4144 862 4215 primitivorum
901 4159 1088 4202 earum
1113 4143 1432 4206 memoriam
1460 4148 1515 4196 et
1541 4137 1893 4200 desiderium,
1920 4133 2055 4190 etad

467 4238 736 4308 osculum,
756 4246 811 4292 et
845 4238 913 4294 ad
938 4236 1283 4293 honorariam
1307 4233 1392 4289 his
1413 4230 1787 4288 adoratiouem
1808 4226 2051 4294 tribuen-

467 4332 611 4390 dam.
640 4331 755 4390 Non
779 4342 960 4389 tamen
987 4331 1054 4397 ad
1068 4345 1253 4386 veram
1275 4327 1494 4384 latriam
1533 4324 1675 4397 [Gr.,
1704 4333 1759 4378 et
1793 4321 1877 4376 bis
1897 4335 2054 4375 oscu-

464 4423 577 4496 lum
604 4433 660 4498 et
711 4425 1055 4490 honorarium
1084 4425 1293 4480 adorat.
1335 4420 1463 4476 trib.
1505 4433 1612 4473 non
1657 4427 1836 4472 tamen
1865 4427 2052 4469 veram

464 4517 606 4591 lat.,],
646 4534 768 4589 quae
788 4519 1087 4576 secundum
1117 4517 1278 4572 [idem
1305 4524 1408 4581 est,
1433 4527 1664 4583 qumque
1701 4509 1871 4574 solam
1911 4506 2050 4563 divi-

464 4628 590 4668 nam
622 4623 871 4680 naturam
899 4613 1072 4677 decet,
1107 4608 1525 4680 imparticndam
1553 4625 1566 4660 :
1598 4606 1671 4661 ita
1704 4614 1764 4658 ut
1796 4603 1933 4667 istis,
1976 4600 2050 4654 si-

464 4707 573 4760 cuti
611 4707 795 4782 tlgura:
843 4705 1095 4776 pretiosa:
1141 4719 1205 4758 ac
1238 4702 1462 4764 viviﬁci]:
1509 4698 1688 4754 crucis
1740 4705 1795 4752 et
1848 4693 2052 4761 sanctis

464 4797 794 4869 Evangeliis,
833 4805 889 4853 et
920 4796 1143 4866 reliquis
1178 4793 1350 4853 sacris
1380 4790 1770 4855 uionmnentis,
1799 4788 2047 4842 incenso-

465 4904 587 4944 rum
617 4897 672 4946 et
701 4889 962 4951 luminum
991 4885 1190 4942 oblatio
1214 4885 1280 4940 ad
1304 4883 1493 4938 harum
1520 4883 1782 4938 honorem
1806 4876 2044 4934 elﬁcien-

465 4979 591 5046 dum
606 4979 947 5045 exbibeatur,
971 4977 1422 5048 quemadmodum
1438 4983 1492 5039 et
1520 4973 1758 5043 antiquis
1791 4972 1889 5041 piae
1915 4984 2045 5026 con-

463 5071 762 5128 suetudinis
782 5081 920 5134 erat.
943 5071 1198 5142 lmaginis
1239 5070 1383 5126 enim
1410 5069 1584 5124 honor
1617 5067 1687 5127 ad
1707 5064 2040 5136 primitivum

464 5164 664 5226 transit
690 5184 702 5218 :
726 5173 780 5222 et
799 5165 891 5234 qui
918 5165 1106 5220 adorat
1133 5162 1447 5234 imaginem,
1477 5160 1666 5214 adorat
1691 5157 1743 5212 in
1761 5170 1824 5211 ea
1844 5154 2048 5225 depicti

464 5252 890 5311 subsistentiam.
947 5252 1040 5307 Sic
1082 5256 1225 5306 enim
1265 5252 1431 5304 robur
1467 5249 1676 5300 obtinet
1733 5253 2041 5300 sanctorum

2179 2024 2264 2078 vel
2292 2025 2458 2078 etiam
2479 2026 2636 2094 quasi
2661 2025 3039 2082 communibus
3069 2026 3146 2082 uti
3172 2027 3345 2083 sacris
3369 2028 3540 2093 vasis,
3569 2038 3656 2082 aut
3678 2044 3755 2081 ve-

2179 2119 2510 2175 nerabilibus
2533 2120 2880 2176 monasteriis
2910 2138 2922 2174 :
2959 2121 3224 2190 siquidem
3251 2121 3495 2190 episcopi
3527 2130 3619 2175 aut
3658 2121 3752 2176 ειυς

2179 2211 2277 2268 rici
2306 2211 2530 2277 fuerint,
2552 2212 2749 2282 deponi
2806 2213 3187 2284 praecipimus,
3237 2215 3538 2280 nionacbos
3591 2225 3752 2267 autem

2175 2302 2257 2358 vel
2287 2302 2451 2359 laicus
2473 2322 2504 2358 a
2531 2306 2915 2360 communione
2943 2305 3236 2375 segregari.

2245 2405 2436 2460 Petrus
2456 2407 2709 2477 indignus
2735 2407 2940 2476 primus
2970 2406 3252 2478 presbyter
3272 2405 3422 2460 sedis
3445 2405 3617 2460 sancti
3638 2422 3754 2476 apo-

2174 2497 2293 2551 stoli
2318 2497 2486 2563 Petri,
2528 2508 2583 2553 et
2612 2497 2789 2553 locum
2820 2498 3081 2568 supplens
3102 2497 3330 2552 Adriani
3360 2512 3518 2568 papa:
3540 2496 3754 2553 senioris

2172 2590 2372 2644 Domni.
2413 2591 2672 2646 "clinicus
2701 2591 3016 2661 subscripsi.

2241 2693 2715 2765 Pelrusimlignus
2756 2695 3042 2765 presbyter
3089 2701 3143 2749 et
3191 2693 3534 2764 hegumenus
3588 2709 3754 2748 mona-
3815 2695 3819 2698 '

2169 2788 2319 2842 stcrii
2361 2789 2531 2843 sancti
2562 2787 2737 2842 Patris
2759 2789 2926 2843 nostri
2955 2788 3147 2842 Sabbm
3166 2786 3254 2841 siti
3280 2785 3488 2852 Bonus,
3515 2797 3569 2841 et
3596 2786 3752 2841 locum

2169 2875 2422 2948 supplcns
2441 2879 2664 2934 Adriani
2689 2896 2842 2950 papa:
2865 2879 3094 2935 senioris
3123 2880 3328 2944 nonne,
3353 2879 3617 2934 deﬁniens
3638 2878 3752 2933 sub-

2169 2972 2382 3043 scripsi.

2181 3068 2196 3074 ’
2229 3067 2523 3141 ’Τυι-υείυε,
2555 3074 2933 3131 m.sericordia
2961 3074 3057 3130 Dei
3120 3073 3410 3144 episcopus
3458 3073 3754 3130 Constanti-

2169 3168 2426 3238 nopoleos
2484 3184 2635 3224 nova:
2688 3169 2891 3232 Bonae,
2947 3176 3175 3248 paterna
3223 3169 3477 3238 dogmata
3539 3183 3753 3239 sequens

2088 3289 2132 3352 Ο
2168 3270 2222 3315 et
2267 3261 2616 3316 traditionem
2687 3260 2966 3320 calbolicm
2991 3267 2995 3272 ”
3024 3259 3296 3330 Ecclesiae,
3325 3259 3594 3320 deﬁniens
3644 3261 3754 3320 sulL

2164 3370 2351 3424 crupsr.

2233 3457 2487 3523 Joannes,
2522 3457 2897 3534 misericordia
2946 3459 3042 3524 Dei
3099 3459 3384 3532 presbyter
3426 3470 3482 3513 et
3536 3457 3754 3530 patriar—

2163 3549 2334 3606 chalis
2379 3550 2674 3622 syncellus,
2716 3549 2893 3616 locum
2942 3551 3182 3614 retinens
3233 3553 3400 3617 trium
3445 3551 3753 3622 apostolica.

2162 3662 2282 3701 rum
2353 3647 2586 3714 sedium,
2625 3647 3024 3710 Alexandrinae,
3067 3647 3422 3702 Antiochense
3479 3655 3533 3701 et
3578 3646 3752 3700 Hiero-

2161 3741 2528 3813 solymitanae,
2576 3750 2800 3814 paterna
2871 3741 3120 3812 dogmata
3177 3757 3412 3812 sequens
3480 3750 3536 3797 et
3592 3738 3748 3798 tradi—

2161 3833 2362 3888 tionem
2391 3819 2671 3888 catholicae
2699 3831 2975 3902 Ecclesiae,
3007 3833 3275 3887 detiniens
3306 3833 3633 3904 subscripsi.

2230 3927 2900 3994 Thomas,miserieordia
2949 3925 3044 3994 Dei
3108 3926 3397 3997 presbyter
3467 3937 3524 3982 et
3595 3927 3749 3996 nega.

2159 4036 2350 4076 mcuus
2407 4018 2721 4074 ruonastcrii
2767 4017 2938 4073 sancti
2992 4015 3170 4076 Patris
3220 4018 3389 4074 nostri
3429 4015 3642 4073 Arsenii
3665 4015 3748 4070 siti

2160 4114 2210 4168 in
2242 4113 2474 4184 {Egypto
2513 4129 2676 4184 super
2701 4109 3055 4182 Babylonem,
3083 4110 3321 4174 retinens
3367 4111 3551 4165 locum
3596 4111 3748 4164 trium

2156 4203 2572 4275 apostolicarum
2603 4204 2829 4270 sedium,
2867 4201 3268 4268 Alexandrinae,
3317 4203 3670 4264 Antiocheam
3699 4209 3746 4255 et

2157 4297 2674 4368 llierosolymitanm,
2735 4305 2962 4376 paterna
3017 4297 3270 4375 dogmata
3314 4297 3650 4367 subsequens
3695 4305 3746 4350 et

2157 4393 2503 4451 traditionem
2580 4393 2860 4456 catholica:
2948 4393 3201 4458 Ecclesiae
3231 4434 3248 4462 ,
3305 4395 3571 4450 delinicus
3625 4395 3745 4450 sub~

2154 4490 2350 4562 scripsi

2223 4584 2459 4656 Agapius
2491 4581 2738 4654 indiguus
2770 4582 3054 4657 episcopus
3087 4580 3359 4645 Caesarius,
3380 4591 3606 4654 paterna
3651 4581 3744 4638 do.-

2155 4687 2334 4749 gntata
2366 4691 2597 4748 sequens
2623 4685 2677 4730 et
2699 4657 3039 4731 traditionem
3066 4675 3348 4740 catholicae
3370 4674 3739 4738 Ecclesi:e,de-

2156 4774 2349 4830 ﬁniens
2379 4770 2692 4842 subscripsi.

2223 4863 2459 4934 Joannes
2485 4861 2738 4932 indiguus
2769 4861 3055 4933 episcopus
3114 4860 3334 4930 Ephesr,
3363 4871 3588 4931 paterna
3639 4861 3736 4912 do-

2150 4966 2330 5030 gmata
2378 4970 2611 5026 sequens
2658 4961 2717 5014 et
2764 4953 3110 5010 traditionem
3137 4951 3416 5018 catholicae
3464 4950 3738 5016 Ecclesia.

2149 5050 2410 5116 definiens
2439 5046 2754 5115 subscripsi.

2216 5143 2617 5207 Constantinus,
2647 5138 3021 5206 misericordia
3051 5135 3148 5206 Dei
3174 5137 3424 5206 indignus
3456 5137 3738 5207 episcopus

2144 5235 2477 5293 Constantia:
2531 5232 2852 5294 Cypriorum
2901 5229 3137 5298 insulsi,
3197 5238 3422 5301 paterna
3488 5230 3740 5300 damnata

3031 5324 3062 5340 ..
3081 5340 3090 5341 κ
3107 5341 3138 5344 μ-
3174 5323 3448 5392 “deﬁat.
3473 5322 3736 5386 deﬁniens
