3916 5820
493 458 597 518 471

1668 444 2031 506 ANASTASH
2070 434 2608 499 BIBLIOTHECARII

3651 420 3741 479 472

494 584 551 635 et
603 574 674 632 ad
714 572 961 629 laetitiam
1001 569 1243 640 gratius?
1300 566 1437 636 Quia
1489 579 1620 621 vero
1667 564 2080 619 insurrexerunt
2109 559 2157 619 Α
2189 570 2336 619 mus;
2368 562 2423 609 et
2460 569 2580 609 eam
2633 566 2793 620 quam
2844 561 3016 618 nuper
3062 544 3409 601 intexuerunt
3452 555 3518 596 ex
3566 538 3745 610 spurcis

498 667 721 741 quidam
770 665 901 731 viri,
962 663 1195 718 formam
1265 661 1482 731 quidem
1528 656 1746 729 pietatis
1802 654 2084 715 habentes,

495 760 756 832 quoniam
807 755 1095 814 sacerdotii
1158 745 1868 825 dignitatecircumamicti
1926 749 2084 805 sunt;

496 856 757 911 virtutem
786 862 966 908 autem
1006 848 1125 919 eius
1156 848 1523 918 ,abnegantes,
1554 852 1610 899 ct
1634 835 2087 912 Babylonensium

497 944 843 1003 sacerdotum
881 934 1209 997 calumniam
1248 929 1702 1009 [accusationem]
1733 927 2085 998 arripientes;

496 1053 634 1111 quos
660 1045 716 1093 et
748 1034 1032 1107 prophetia
1061 1030 1303 1103 publicat
1337 1029 1560 1084 dicens:
1606 1024 1835 1095 Egi-assa
1879 1028 1954 1074 est
1988 1016 2090 1071 ini-

458 1163 466 1166 ~
495 1133 670 1204 quitus
700 1146 733 1183 a
756 1125 1113 1183 sacerdotibus
1135 1120 1422 1193 Babylonis
1451 1121 1614 1189 (Dan.
1641 1115 1790 1187 xtn).
1819 1112 1933 1166 lmo
1955 1124 2087 1204 vero

452 1198 848 1301 LCaiphaicum
894 1214 1182 1271 concilium
1247 1220 1569 1275 statuentes,
1630 1206 1903 1279 genitores
1956 1200 2087 1257 facti

454 1280 625 1384 gsunt
667 1312 978 1384 dogmatum
1009 1307 1345 1378 impiorum:
1393 1313 1448 1361 et
1488 1320 1550 1360 os
1593 1297 1987 1357 maledictionis
2033 1302 2088 1350 et

497 1405 877 1463 amaritudinis
918 1402 1203 1467 habentes,
1243 1398 1537 1470 praevalere
1566 1397 1620 1452 in
1672 1394 1829 1450 malis
1858 1389 2085 1461 gloriam

499 1497 745 1553 arbitrati
795 1503 938 1550 sunt.
997 1492 1373 1562 Infamemque
1428 1490 1664 1561 linguam
1712 1494 1768 1540 et
1815 1483 2083 1539 calamum

496 1587 896 1642 ministrantem
946 1583 1072 1640 huic
1122 1582 1483 1653 possidentes,
1541 1586 1598 1634 et
1650 1590 1813 1633 voces
1849 1590 1968 1646 quae
2018 1571 2086 1628 ab

495 1680 617 1750 ipso
647 1679 757 1733 Deo
796 1677 1023 1749 prolatae
1070 1684 1197 1731 sunt
1221 1675 1623 1745 impugnantes,
1667 1679 1830 1742 atque
1868 1677 2088 1741 porten-

493 1777 631 1826 tosae
649 1769 831 1841 regale
860 1767 1247 1833 sacerdotium,
1271 1778 1328 1821 et
1358 1774 1574 1837 gentem
1614 1773 1883 1828 sanctam,
1914 1769 2088 1817 et‘eos

504 1863 601 1933 qui
625 1860 902 1917 Christum
932 1860 1244 1924 induerunt,
1275 1866 1330 1914 et
1355 1857 1530 1928 gratia
1560 1855 1678 1927 ejus
1707 1854 1776 1910 ab
1820 1853 2085 1910 idolorum

499 1968 691 2009 errore
713 1952 904 2008 salvati
920 1960 1068 2018 sunt,
1092 1950 1402 2007 idololatras
1416 1956 1670 2005 vocantes
1700 1944 1843 2020 [Gr.,
1866 1955 2087 2016 porten—

496 2053 642 2111 tose,
670 2053 798 2108 etc.,
820 2043 1130 2099 idololatras
1153 2040 1463 2113 vocarunt].
1482 2040 1551 2095 Et
1570 2054 1800 2109 nequam
1816 2038 2088 2108 operatio-

497 2139 586 2194 nis
615 2139 878 2194 habentes
909 2148 1117 2203 votum,
1146 2151 1342 2191 manus
1382 2136 1451 2189 ad
1491 2133 1677 2189 illicita
1725 2131 2087 2195 immiserunt,

500 2229 749 2286 demoliri
782 2228 987 2300 opinati
1020 2227 1409 2284 venerabilium
1450 2227 1720 2298 picturam
1768 2225 2087 2295 imaginum.

496 2321 567 2377 Et
593 2323 809 2393 quidem
851 2335 1187 2393 quaecunque
1237 2320 1303 2375 de
1359 2319 1587 2375 tessellis
1649 2316 1868 2372 fuerunt
1926 2314 2089 2381 facta,

459 2425 462 2429 ‘
496 2412 801 2471 effoderunt
833 2432 845 2468 :
877 2429 997 2485 qum
1020 2428 1152 2468 vero
1175 2428 1242 2466 ex
1268 2426 1394 2467 cera
1423 2411 1574 2466 fuere
1599 2409 1817 2481 perfuso
1850 2408 2090 2463 colorum

496 2523 681 2580 opere,
713 2507 1045 2573 deleverunt,
1081 2504 1578 2575 venerabiliumque
1608 2503 1900 2575 imaginum
1946 2498 2091 2574 [δικ.

498 2600 850 2675 templorum]
894 2600 1057 2655 decus
1106 2600 1159 2654 in
1205 2598 1438 2653 dedecus
1494 2594 1908 2651 transtulerunt.
1955 2592 2090 2647 Cum

495 2694 584 2751 his
607 2701 787 2749 autem
812 2701 867 2748 et
894 2705 958 2748 ea
988 2706 1110 2761 quae
1143 2690 1195 2744 in
1227 2688 1422 2744 tabulis
1444 2687 1501 2742 in
1539 2684 1855 2741 memoriam
1890 2682 2092 2738 Christi

496 2786 593 2843 Dei
622 2786 792 2842 nostri
836 2791 892 2839 et
916 2793 1227 2839 sanctor-um
1264 2779 1380 2851 ejus
1404 2778 1750 2843 exstiterunt,
1782 2774 1891 2845 igni
1923 2774 2094 2828 tradi-

498 2882 716 2937 derunt.
763 2881 830 2935 Et
868 2888 929 2935 ut
975 2878 1217 2950 apertius
1262 2876 1527 2941 dicamus,
1577 2874 1839 2932 ecclesias
1881 2880 2095 2926 nostras

497 2973 805 3045 dep0pulati
850 2972 1312 3029 conturbaverunt
1346 2988 1361 3025 :
1403 2977 1457 3025 et
1486 2968 1615 3025 facti
1656 2975 1783 3024 sunt
1808 2966 2090 3022 htereseon

496 3067 797 3138 principes,
825 3064 917 3136 qni
963 3074 1120 3120 erant
1148 3064 1422 3135 principes
1463 3061 1843 3125 sacerdotum;
1886 3064 1947 3112 et
1996 3070 2096 3128 pro

495 3175 637 3232 pace
662 3160 879 3230 quidem
922 3158 1323 3214 contentionem
1368 3156 1565 3226 populo
1613 3154 2093 3209 acclamaverunt:

497 3264 665 3322 porro
707 3264 807 3321 pro
849 3248 1122 3305 frumento
1175 3248 1382 3303 zizania
1420 3246 1475 3302 in
1522 3245 1903 3302 ecclesiasticis
1954 3242 2098 3298 arvis

2193 647 2295 704 lilis
2327 644 2734 718 ignominiosam
2781 653 3130 713 grossamque
3173 643 3403 698 vestem,
3452 631 3505 687 id
3553 641 3633 686 est
3669 630 3746 685 do-

2190 737 2418 792 ctrinam
2466 734 2675 799 falsam,
2709 732 3049 801 disrumpere
3083 738 3139 784 et
3177 725 3449 789 scindere,
3482 730 3537 776 et
3581 720 3745 776 ortho‘

2189 828 2361 883 doxiae
2410 826 2778 901 incorruptam
2832 835 3155 879 conservare
3211 816 3367 892 [Gr.,
3424 812 3746 885 expandere]

2191 919 2426 975 tunicam
2454 917 2787 973 studeantus.
2819 914 3007 985 Itaque
3051 910 3376 983 apostolicas
3418 916 3475 963 et
3515 916 3750 976 paternas

2192 1012 2507 1069 traditiones
2546 1020 2858 1083 sequentes,
2906 1008 3166 1063 audemus
3200 1015 3377 1060 autem
3408 1002 3610 1064 dicere,
3639 1015 3744 1052 cono

2189 1103 2484 1174 spiratione
2537 1101 2866 1160 sanctissimi
2915 1099 3153 1170 Spiritus
3205 1101 3589 1154 consonantes,
3639 1090 3752 1143 invi-

2189 1210 2414 1266 cemque
2464 1195 2676 1251 collecti
2733 1189 3171 1267 [convenientes]
3233 1186 3473 1243 universi
3549 1199 3751 1238 concors

2189 1289 2405 1344 dantem
2484 1289 2642 1345 nobis
2730 1287 2993 1343 habentes
3092 1283 3438 1339 traditionem
3524 1278 3756 1334 Ecclesia:

2189 1381 2471 1438 catholicae
2519 1424 2534 1449 ,
2614 1381 2985 1438 consonantiis
3056 1394 3177 1451 qum
3242 1376 3489 1432 formata:
3554 1381 3680 1429 sunt
3729 1388 3756 1425 ει

2189 1471 2392 1528 sanctis
2481 1488 2578 1528 sex
2669 1471 3071 1528 universalibns
3152 1469 3396 1526 conciliis
3477 1465 3758 1522 concordes

2189 1560 2365 1619 effecti
2427 1579 2653 1630 sumus,
2723 1562 3249 1619 anathematizantes
3303 1560 3422 1614 Arii
3461 1557 3758 1617 vesaniam,

2191 1654 2491 1710 Macedonii
2564 1653 2815 1721 rabiem,
2884 1651 3203 1722 Apollinarii
3258 1651 3594 1705 insensatmn
3653 1663 3761 1702 sen-

2191 1764 2330 1814 sum,
2359 1746 2593 1803 Nestorii
2639 1749 2932 1803 humanam
2979 1744 3244 1800 culturam
3277 1740 3572 1814 [culturam
3598 1738 3758 1794 homi-

2193 1840 2323 1913 nis],
2357 1839 2673 1913 Entychetis
2696 1850 2751 1894 et
2782 1836 3027 1894 Dioscori
3056 1833 3432 1891 confusibilem
3454 1831 3761 1893 vanitatem,

2122 1956 2166 2014 Β
2192 1942 2248 1988 et
2307 1948 2430 1988 cum
2483 1931 2587 1987 illis
2635 1929 3020 2002 polycephalon
3067 1928 3291 2001 hydram
3324 1943 3340 1994 ;
3376 1923 3646 1994 Origenis,
3684 1923 3765 1977 Di-

2194 2028 2339 2099 dymi
2369 2035 2424 2082 et
2456 2025 2670 2096 Evagrii
2703 2024 3033 2094 desipientes
3063 2019 3459 2083 fabulationes;
3495 2015 3689 2086 Sergii,
3716 2024 3763 2069 et

2192 2116 2440 2183 Honorii,
2488 2124 2544 2171 et
2583 2115 2734 2186 Cyri,
2785 2123 2841 2168 et
2885 2112 3101 2183 Pyrrhi,
3134 2119 3190 2166 et
3217 2108 3553 2165 asseclarum
3595 2120 3765 2161 eorum

2193 2211 2375 2277 unius,
2416 2210 2524 2264 imo
2574 2223 2809 2279 nequam
2850 2208 3018 2262 moris
3065 2204 3440 2259 voluntatem:
3471 2215 3675 2256 necnon
3718 2207 3766 2253 et

2193 2302 2279 2359 his
2330 2301 2561 2357 similem
2609 2300 2926 2358 vanitatem.
2958 2312 3097 2367 qua:
3120 2304 3246 2368 post
3270 2296 3369 2351 has
3392 2308 3534 2349 vane
3560 2291 3767 2364 garrivit

2193 2401 2383 2449 contra
2412 2390 2750 2448 venerabiles
2789 2388 3072 2459 imagines,
3112 2394 3483 2442 consonanter
3507 2393 3562 2439 et
3590 2382 3767 2437 unani-

2194 2486 2359 2542 miter
2387 2485 2457 2540 ab
2490 2484 2694 2556 Spiritu
2741 2491 3017 2538 sumentes
3053 2481 3299 2544 verbum,
3339 2487 3396 2533 et
3442 2478 3511 2532 ab
3552 2492 3616 2531 eo
3652 2476 3770 2529 hate

2194 2578 2400 2633 rientes
2434 2576 2692 2632 mundam
2731 2589 2950 2644 aquam,
2983 2572 3203 2643 spongia
3235 2572 3550 2641 dogmatum
3580 2568 3771 2622 divino-

2194 2687 2316 2727 rum
2359 2670 2688 2735 delevimns;
2730 2678 2788 2722 et
2837 2668 3147 2723 inventores
3187 2661 3641 2735 tergiversatorite
3688 2674 3770 2713 vo.

2196 2778 2319 2819 cum
2352 2761 2604 2818 novitatis
2635 2758 2962 2833 [novatricis
2991 2754 3270 2829 vanitatis]
3302 2755 3370 2810 ab
3400 2751 3771 2810 ecclesiasticis

2195 2856 2476 2913 vestibulis
2506 2854 2694 2927 procul
2718 2853 3019 2910 emisimus.
3048 2852 3117 2906 Et
3142 2852 3283 2906 sicut
3318 2863 3519 2905 manus
3548 2857 3600 2904 et
3624 2845 3772 2917 pedes

2196 2946 2541 3004 concorditer
2588 2946 2785 3001 animae
2832 2944 3070 2999 motibus
3118 2943 3416 3013 agitantur,
3454 2942 3530 2996 ita
3565 2941 3633 2995 ab
3664 2938 3771 3009 Spi-

2198 3039 2305 3094 ritu
2330 3048 2548 3109 accepta
2583 3037 2759 3110 gratia
2790 3045 2844 3092 et
2874 3035 3212 3099 fortitudine,
3246 3034 3524 3103 vestrique
3555 3047 3771 3088 concur-

2197 3151 2291 3193 sus
2315 3136 2517 3207 pietate
2530 3133 2799 3204 pariteret
2822 3131 3022 3187 auxilio
3054 3129 3261 3194 habito,
3277 3126 3437 3182 simul
3465 3124 3772 3182 acclamavi-

2198 3243 2341 3294 mus,
2373 3226 2772 3293 veritatemque
2801 3219 3217 3293 prredicavimns
3241 3236 3257 3273 :
3283 3216 3614 3273 omnimodis
3641 3217 3774 3270 vide

504 3344 947 3408 seminaverunt;
985 3341 1171 3397 vinum
1228 3339 1562 3396 miscuerunt
1587 3354 1762 3408 aqua,
1809 3345 1863 3394 ρι
1909 3335 2094 3409 ρτοχῑ-
2118 3334 2169 3401 c
2198 3319 2329 3376 licet
2353 3316 2693 3387 recipiendas
2719 3312 3059 3370 venerabiles
3086 3312 3349 3383 imagines
3375 3309 3592 3365 Domini
3616 3305 3773 3363 nostri

500 3449 651 3489 mum
698 3440 1026 3505 potaverunt
1077 3431 1429 3488 subversione
1481 3429 1827 3486 turbulenta:
1884 3437 2096 3484 etcum

499 3524 614 3596 lupi
657 3525 877 3581 Arabici
925 3537 1127 3591 essent,
1170 3524 1310 3595 pelle
1364 3523 1547 3579 ovium
1605 3538 1664 3578 se
1709 3520 2099 3576 simulaverunt

503 3630 625 3673 esse
665 3615 886 3672 indutos
923 3633 938 3670 :
993 3621 1049 3671 et
1080 3614 1309 3669 veritate
1340 3611 1662 3684 parvipensa
1711 3602 2095 3684 [defraudata],

502 3709 846 3765 mendacium
879 3708 1258 3778 arripuerunt;
1283 3708 1377 3763 sed
1406 3721 1508 3763 ova
1537 3706 1784 3777 aspidnm
1808 3711 2096 3776 ruperunt,

507 3808 566 3855 et
600 3799 775 3871 ,telam
825 3814 1036 3853 araneae
1092 3798 1389 3853 secundum
1433 3796 1756 3868 prophetam
1810 3802 2100 3851 texuerunt

508 3889 648 3964 (Isa.
671 3889 783 3962 ιιι)
818 3906 832 3944 :
861 3897 916 3944 et
941 3890 1033 3960 qui
1065 3898 1403 3944 comestttrus
1421 3895 1527 3955 est,
1564 3902 1727 3943 ovum
1755 3901 1944 3943 eorum
1969 3900 2101 3942 con—

505 3989 709 4047 terens,
732 3978 1049 4035 calefactum
1079 3977 1402 4052 [putridum]
1446 3977 1703 4044 inveniet,
1742 3984 1798 4033 et
1825 3977 1879 4032 in
1920 3991 1986 4032 eo
2014 3991 2102 4033 re—

512 4071 696 4144 gulum
728 4086 847 4127 esse
871 4086 1081 4126 veneno
1121 4082 1176 4125 et
1203 4070 1396 4141 spiritu
1434 4067 1716 4126 mortifero
1764 4068 2000 4140 plenum.
2032 4068 2100 4123 Et

511 4164 640 4234 quia
668 4163 785 4218 bzec
816 4162 892 4216 ita
917 4161 1320 4232 disposuerunt,
1368 4168 1424 4215 et
1452 4160 1735 4216 veritatem
1762 4159 2101 4215 mendacium

511 4254 751 4325 depavit,
798 4269 906 4307 non
952 4251 1272 4316 indulsistis,
1327 4250 1747 4307 mansuetissimi
1787 4258 1949 4320 atque
1986 4248 2101 4305 for-

513 4346 712 4402 tissimi
742 4345 1100 4416 imperatores
1137 4344 1330 4410 nostri,
1381 4343 1713 4415 temporibus
1757 4343 1955 4400 vestris
1981 4358 2102 4414 per-

514 4450 740 4493 manere
778 4446 886 4491 tam
930 4436 1269 4507 pestilentem
1314 4444 1370 4491 et
1412 4434 1622 4491 animas
1665 4442 2104 4505 corrumpeutem

513 4544 787 4598 errorem;
813 4533 907 4587 sed
935 4533 1075 4587 hunc
1101 4548 1234 4587 aura
1259 4532 1426 4587 divini
1456 4532 1715 4602 Spiritus,
1741 4532 1834 4602 qui
1873 4531 1930 4587 in
1951 4530 2105 4588 vobis

513 4627 747 4693 habitat,
779 4626 1143 4681 exterminare
1175 4626 1515 4697 procurastis
1550 4643 1563 4680 :
1605 4634 1872 4696 quatenus
1897 4623 2106 4681 stabilis

2202 3412 2330 3469 Jesu
2378 3410 2600 3474 Christi,
2648 3408 2944 3465 secundum
2991 3406 3134 3477 quod
3184 3403 3461 3476 perfectus
3501 3408 3587 3457 est
3628 3399 3776 3455 homo

2202 3505 2409 3570 factus;
2462 3511 2517 3558 et
2552 3514 2888 3572 quaecunque
2910 3497 3173 3555 historice
3200 3495 3499 3552 secundum
3520 3490 3778 3562 evangeli-

2202 3611 2321 3653 cam
2375 3594 2743 3651 narrationem
2797 3590 3114 3645 scribuntur
3164 3605 3179 3643 :
3232 3595 3398 3657 atque
3452 3584 3776 3641 intemerata:

2202 3687 2434 3745 dominae
2458 3694 2660 3741 nostrae
2682 3691 2886 3740 sanctae
2910 3682 3004 3738 Dei
3019 3679 3334 3744 Genitrieis,
3360 3687 3776 3744 sanctorumque

2201 3780 2519 3852 angelorum
2568 3777 2650 3849 (ut
2679 3776 2824 3833 enim
2870 3774 3121 3831 homines
3166 3779 3538 3845 apparuerunt
3581 3769 3669 3824 his
3697 3766 3773 3838 qui

2201 3872 2350 3946 digni
2405 3870 2535 3927 facti
2590 3877 2719 3924 sunt
2771 3865 3115 3940 apparitione
3169 3861 3437 3935 ipsorum)
3499 3876 3609 3916 una
3666 3874 3775 3916 cum

2201 3967 2457 4024 omnibus
2509 3964 2713 4022 sanctis
2759 3981 2773 4018 :
2824 3976 3034 4018 necnon
3083 3966 3139 4015 et
3191 3956 3556 4014 certaminum
3604 3966 3776 4010 eorum

2202 4074 2404 4132 agones
2448 4057 2759 4130 figurandus
2806 4053 3147 4111 decrevimus
3170 4059 3279 4108 tam
3310 4051 3362 4106 in
3397 4048 3599 4104 tabulis
3616 4059 3672 4103 et
3697 4061 3781 4117 pa-

2202 4152 2455 4218 rietibus,
2492 4164 2654 4220 quam
2687 4148 2741 4203 in
2772 4146 2947 4203 sacris
2972 4145 3116 4200 vasis
3143 4154 3200 4200 et
3227 4142 3493 4207 vestibus,
3530 4136 3777 4211 quemad

2204 4246 2426 4302 modum
2458 4259 2489 4298 a
2517 4239 2712 4314 priscis
2762 4238 3097 4309 temporibus
3140 4244 3329 4292 sancta
3376 4232 3471 4288 Dei
3523 4231 3773 4288 catholica

2203 4340 2444 4398 Ecclesia
2487 4336 2711 4407 recepit,
2746 4341 2801 4390 et
2832 4333 2886 4388 in
2926 4332 3095 4403 legem
3135 4330 3345 4401 accepit
3389 4338 3501 4382 tam
3530 4342 3561 4381 a
3594 4323 3777 4381 sanctis

2203 4434 2506 4507 primisque
2541 4429 2803 4486 doctrinae
2835 4434 3037 4483 nostra:
3073 4422 3371 4496 magistris,
3406 4437 3570 4492 quam
3601 4420 3671 4476 ab
3694 4433 3775 4473 eo-

2206 4541 2327 4582 rum
2367 4520 2778 4580 successoribus
2823 4518 3165 4590 egregiisque
3193 4514 3777 4571 Patribusnostris:et

2205 4619 2308 4674 has
2344 4613 2669 4680 adorandae,
2709 4612 2763 4668 id
2788 4618 2872 4667 est
2896 4599 3208 4665 salutandas
3237 4625 3249 4661 :
3284 4606 3517 4678 idipsum
3542 4605 3690 4660 enim
3711 4610 3781 4658 est

514 4730 832 4795 permaneat
859 4721 1112 4777 Ecclesia:
1140 4729 1312 4777 coetus
1339 4729 1395 4777 et
1419 4728 1738 4776 cunctorum
1769 4718 2106 4775 subditorum
2131 4701 2185 4759 Ι)
2210 4723 2515 4779 urumque:
2544 4713 2714 4761 κυνεῖν
2766 4702 2964 4774 quippe
3008 4701 3229 4770 antiqua
3274 4698 3461 4755 Gram
3508 4697 3710 4768 lingua,
3734 4701 3780 4749 et

498 4814 738 4871 collatio
761 4811 1076 4886 [collectio],
1107 4821 1269 4883 atque
1304 4813 1594 4882 imperium
1633 4821 1879 4868 vestrum
1914 4827 2107 4867 secun-

521 4910 649 4966 dum
691 4923 993 4981 cognomen
1031 4915 1271 4962 vestrum
1300 4906 1529 4976 pacifice
1555 4905 1836 4976 dirigatur.
1870 4903 1983 4961 Nec
2027 4911 2110 4959 ιο·-

519 4999 747 5056 lerabile
792 4999 879 5055 vel
933 4997 1201 5069 portabile
1253 4996 1506 5061 duxistis,
1565 5010 1672 5066 quo
1717 4996 1899 5051 minus
1942 5011 2107 5051 ttnnm

526 5089 672 5163 [Gr.,
713 5099 770 5145 ut
799 5091 851 5144 in
879 5089 999 5144 aliis
1037 5087 1253 5159 quidem
1297 5102 1484 5153 unum,
1512 5085 1646 5159 etc.]
1674 5087 2023 5153 sentiremus,
2056 5097 2113 5142 et

527 5184 582 5238 in
613 5182 845 5252 idipsum
888 5181 1321 5247 conveniremus,
1365 5189 1421 5235 et
1457 5194 1587 5251 erga
1632 5180 1757 5235 vita:
1792 5187 1992 5235 nostra:
2021 5194 2114 5235 ca-

525 5272 776 5345 pitulum,
809 5271 860 5323 id
885 5281 967 5326 est
988 5287 1172 5340 pacem
1195 5270 1558 5326 Ecclesiarum
1584 5267 1726 5344 [Gr.,
1746 5268 1913 5333 Eccl.,
1938 5276 2121 5324 essent

534 5364 680 5418 inter
721 5376 821 5416 nos
847 5361 1111 5434 dissidia],
1147 5377 1307 5418 nemo
1328 5378 1396 5417 ex
1437 5363 1639 5418 nostris
1671 5377 1744 5416 .sc
1791 5359 2118 5416 discinderet

540 5461 601 5510 et
618 5451 1002 5516 aoscinderet;
1035 5466 1157 5506 cum
1181 5451 1430 5510 Christus
1464 5454 1538 5509 sit
1558 5460 2006 5524 caputnostrum,
2024 5464 2124 5507 nos

543 5550 727 5599 autem
761 5549 1164 5610 consequenter
1206 5542 1451 5598 membra
1496 5551 1555 5599 et
1582 5557 1748 5598 unum
1781 5554 1982 5612 corpus
2027 5554 2125 5611 per

535 5642 742 5690 mutuae
754 5629 1267 5700 acuniusopinionis
1290 5632 1470 5689 fidem.
1489 5631 1720 5704 Propter
1742 5630 1886 5703 quod
1910 5643 2123 5685 sacram

542 5734 786 5772 nostram
817 5729 872 5762 et
895 5719 1215 5775 mnnlnsam
1245 5722 1562 5782 congregari
1583 5720 1825 5778 iussistis
1846 5726 2119 5772 catervam

2211 4799 2449 4856 salutare
2477 4804 2534 4853 et
2560 4794 2795 4851 osculari
2835 4791 3104 4864 signiﬁcat
3147 4808 3161 4845 :
3207 4797 3262 4845 et
3304 4788 3436 4864 πρὸς
3489 4782 3779 4858 praepositio

2212 4897 2558 4963 augmentum
2588 4886 2858 4958 quoddam
2887 4882 3157 4953 significat
3184 4879 3419 4942 amoris;
3450 4876 3780 4960 quemadmo-

2212 4956 2342 5036 (ιιιῶ
2385 4981 2520 5055 φέρω
2548 4956 2920 5055 θι-προσφὸρῶ,
2949 4980 3086 5051 κυρῶ
3135 4979 3193 5026 et
3216 4956 3523 5047 «pompis,
3565 4973 3692 5022 κυνῶ
3735 4971 3780 5015 οι

2214 5077 2509 5148 προσκυνῶ,
2540 5068 2684 5138 quod
2723 5064 3101 5143 salutationem
3138 5062 3360 5127 indicat,
3413 5068 3471 5114 et
3506 5056 3778 5115 secundum

2218 5164 2624 5238 protensionem
2655 5159 2951 5215 amicitiam
2975 5176 2990 5212 :
3012 5156 3158 5228 quod
3184 5154 3327 5211 enim
3354 5152 3479 5225 quis
3507 5149 3778 5208 osculatur,

2223 5263 2279 5312 et
2328 5255 2645 5310 adoratch
2688 5249 2830 5319 quod
2879 5248 3087 5313 adorat,
3134 5245 3375 5318 profecto
3401 5252 3458 5299 et
3490 5241 3778 5301 osculatur;

2178 5358 2183 5364 ‘
2226 5346 2369 5402 sicut
2396 5350 2629 5401 testatur
2661 5342 2900 5397 humana
2930 5337 3168 5405 affectio,
3197 5350 3317 5408 qua:
3342 5350 3374 5388 a
3399 5333 3558 5389 nobis
3582 5332 3649 5388 ad
3667 5326 3781 5384 ami-

2176 5485 2182 5491 .
2223 5452 2319 5494 cos
2362 5435 2617 5503 habetur,
2667 5443 2723 5491 et
2766 5432 2927 5489 lectio
2975 5430 3119 5507 [Gr.,
3150 5430 3428 5486 obviorum
3461 5416 3780 5499 congresm]

2176 5579 2185 5585 .
2223 5528 2342 5585 hac
2374 5527 2533 5585 ambo
2560 5524 2868 5596 perliciens.
2921 5521 3037 5580 Hoc
3085 5530 3263 5577 autem
3313 5533 3420 5573 non
3460 5515 3636 5572 solum
3663 5508 3781 5584 apud

2225 5634 2348 5689 nos,
2391 5619 2487 5677 sed
2528 5617 2667 5690 apud
2701 5625 2916 5673 veteres
2947 5615 3001 5670 in
3031 5614 3209 5670 divina
3241 5610 3524 5681 Scriptura
3549 5607 3783 5678 scripturn

2227 5717 2551 5772 venerimus.
2574 5715 2634 5768 In
2655 5712 2901 5768 historiis
2940 5722 3179 5772 namque
3221 5717 3513 5787 regnorttm
3547 5700 3782 5787 scriptum

3486 5797 3502 5805 ‘
3640 5800 3679 5820 -o
3706 5784 3785 5820 ιιᾸ.
