3980 6296
177 392 273 452 475

828 387 1376 480 INTERPRETATIO
1411 389 1658 448 SYNODI
1701 389 1788 446 Vll
1826 387 2237 452 GENERALIS.
2274 425 2344 436 —
2375 393 2594 451 ACTIO.
2616 392 2727 451 VII.

3298 391 3398 450 ΠΛ

179 516 284 582 χχ).
305 509 436 580 Quid
462 517 636 565 autem
665 505 923 563 Dominus
947 509 1013 564 de
1039 507 1324 562 Pharisreis
1346 523 1533 562 rursus
1558 521 1720 562 evan-
1749 514 1797 572 Α
1823 507 1987 564 citum
2016 518 2246 576 constat,
2283 509 2600 581 imaginales
2617 507 2964 562 formationes
2989 505 3406 576 dispensationis

178 606 328 678 gelice
349 602 421 656 ait
447 620 460 654 :
489 601 675 654 Amant
697 601 891 670 primos
922 598 1182 652 recubitus
1219 599 1271 652 in
1310 600 1486 662 omnis,
1511 609 1558 652 et
1586 598 1728 651 salu-

180 697 379 749 tationes
409 695 461 746 in
489 693 603 762 foro
649 691 864 763 (.llatth.
897 691 1076 761 χχιιι).
1112 691 1332 746 Certum
1363 699 1444 747 est
1472 692 1610 762 quod
1643 692 1729 747 hic

177 787 529 844 salutationem
568 785 933 840 adorationem
973 785 1220 856 appellet.
1252 785 1510 841 Pharisaei
1537 787 1730 859 quippe

172 882 442 951 iactantem
495 895 709 934 sensum
765 878 1064 945 habentes,
1120 894 1345 949 seseque
1391 879 1567 950 justos
1617 880 1730 949 Opi-

175 985 368 1038 nantes,
410 973 622 1026 adorari
656 972 722 1028 ab
752 971 1000 1026 omnibus
1027 970 1370 1035 festinabant,
1403 986 1510 1025 non
1540 986 1635 1026 ore
1664 970 1732 1026 ad

173 1083 226 1123 os
247 1067 465 1122 osculari
493 1081 506 1118 :
536 1067 642 1121 hoc
679 1066 824 1121 enim
857 1075 940 1121 est
967 1067 1148 1136 potius
1180 1065 1518 1129 humilitatis,
1548 1073 1601 1119 et
1627 1082 1730 1122 non

175 1159 450 1215 Pharisaici
485 1158 713 1213 tumoris
757 1158 1034 1214 iudicium.
1083 1158 1279 1213 lterum
1328 1165 1506 1213 autem
1536 1157 1733 1213 Paulus

174 1251 368 1306 divinus
417 1249 713 1320 apostolus,
762 1251 902 1306 sicut
932 1250 1105 1306 Lucas
1135 1251 1188 1304 in
1218 1250 1440 1305 Actibus
1465 1249 1732 1321 apostolo-

174 1356 280 1396 rum
313 1341 564 1396 describit
595 1382 608 1395 .
642 1340 780 1407 Quia
804 1358 920 1396 cum
947 1344 1256 1396 venissemus
1289 1340 1728 1411 Hierosolymam,

174 1433 365 1486 libenter
408 1442 722 1502 exceperunt
765 1449 856 1488 nos
904 1433 1113 1503 fratres.
1154 1433 1402 1504 Sequenti
1448 1443 1620 1488 autem
1651 1433 1736 1488 die

173 1527 396 1580 introibat
443 1523 655 1580 Paulus
713 1526 980 1580 nobiscum
1023 1527 1094 1579 ad
1130 1525 1430 1592 Iacobum;
1462 1542 1736 1597 omnesque

175 1617 352 1670 collecti
381 1625 499 1671 sunt
541 1618 794 1672 seniores.
830 1616 973 1683 Quos
1003 1634 1120 1671 cum
1147 1615 1444 1682 salutasset,
1485 1617 1736 1671 narrabat

174 1728 252 1781 per
273 1711 472 1782 singula
493 1728 614 1782 qua:
642 1711 847 1780 fecisset
880 1711 1016 1765 Deus
1039 1713 1092 1765 in
1119 1712 1355 1782 gentibus
1385 1728 1478 1781 per
1505 1712 1736 1765 ministe-

178 1803 294 1856 rium
322 1803 478 1872 ipsius
508 1801 650 1875 (Act.
680 1805 815 1873 χχι).
847 1803 986 1874 Ergo
1020 1815 1074 1858 et
1103 1804 1191 1859 hic
1227 1803 1601 1858 salutationem
1641 1804 1737 1858 ho-

179 1895 484 1950 noratoriam
528 1895 904 1950 adorationem
935 1911 1096 1966 quam
1125 1895 1353 1950 invicem
1392 1893 1732 1958 exhibemus,
1765 1886 1810 1945 Β

178 1986 476 2056 apostolicus
520 2000 718 2041 sensus
759 1985 1051 2052 describit;
1103 1984 1554 2056 quemadmodum
1585 1995 1639 2039 et
1671 1985 1736 2040 de

178 2075 321 2133 Jacob
355 2079 429 2134 ait
458 2091 474 2131 :
503 2076 758 2132 Adoravit
781 2078 1052 2149 fastigium
1080 2079 1236 2150 virga:
1265 2078 1378 2149 ejus
1411 2076 1596 2151 (Hebr.
1631 2076 1734 2150 χι).

182 2170 396 2246 Consona
426 2185 554 2226 vero
588 2171 708 2226 istis
748 2179 804 2227 et
839 2170 1132 2243 Gregorius
1173 2181 1529 2243 cognomento
1561 2170 1737 2227 Deilo-

181 2273 298 2328 quus
316 2259 476 2314 dicit:
505 2259 821 2316 Bethlehem
846 2261 980 2327 cole,
1004 2272 1059 2317 et
1079 2277 1322 2334 praesepe
1348 2263 1513 2318 adora
1540 2259 1734 2332 (Serm.

181 2349 224 2402 in
248 2359 345 2408 nat.
367 2347 608 2422 Christi).
641 2351 792 2418 Quis,
825 2361 1004 2423 putas,
1031 2367 1220 2408 eorum
1255 2353 1347 2422 qui
1377 2360 1521 2408 recte
1550 2363 1604 2408 et
1627 2354 1739 2408 sin-

182 2458 287 2500 cere
328 2444 632 2516 intelligunt
684 2461 804 2516 quae
843 2445 1023 2500 divina
1056 2444 1335 2516 Scriptura
1365 2444 1735 2515 proferuntur,

184 2536 414 2606 intelligat
463 2538 610 2608 quod
659 2537 777 2592 hazc
829 2538 894 2594 de
941 2537 1256 2592 adoratione
1304 2553 1424 2608 quae
1456 2537 1510 2592 in
1543 2537 1736 2608 spiritu

183 2628 247 2693 ﬁt,
270 2629 712 2698 pronuntientur?
738 2630 840 2683 nisi
868 2628 1004 2684 forte
1026 2631 1090 2684 de
1114 2629 1402 2685 insensatis
1430 2629 1521 2693 sit,
1559 2627 1642 2682 vel
1671 2643 1737 2682 ex

183 2719 252 2774 his
287 2721 370 2790 qui
411 2721 577 2776 totius
631 2721 969 2792 scripturalis
1012 2720 1251 2776 scientiae
1281 2735 1344 2776 ac
1374 2730 1612 2791 paterna:
1640 2719 1737 2773 do-

183 2811 344 2868 ctrina:
389 2813 701 2883 inexpertes
759 2813 1020 2869 existunt.
1081 2812 1458 2882 Nunquidnam
1523 2811 1738 2882 fastigio

182 2905 321 2975 virgae
345 2907 566 2963 servivit
596 2905 807 2962 Jacob?
845 2916 942 2960 aut
979 2907 1204 2978 praesepi
1243 2906 1498 2977 przecepit
1529 2905 1736 2961 theolo-

183 3009 266 3064 gus
282 2993 563 3066 Gregorius
611 2997 916 3052 deservire?
951 2997 1017 3050 Et
1061 3011 1249 3051 rursus
1299 3011 1513 3067 quoque
1538 3012 1635 3051 nos
1659 2997 1740 3052 vi-

182 3083 364 3141 viﬁcam
405 3101 628 3143 crucem
679 3086 975 3143 salutantes
1013 3101 1248 3143 consone
1288 3088 1533 3142 canimus
1561 3105 1576 3144 :
1604 3087 1739 3144 Cru-

184 3191 282 3232 cem
306 3187 444 3234 tuam
472 3180 792 3246 adoramus,
821 3180 1068 3246 Domine,
1095 3188 1150 3235 et
1175 3180 1466 3236 adoramus
1495 3181 1736 3236 lanceam

1829 604 2042 659 Domini
2074 602 2243 657 nostri
2279 601 2407 656 Jesu
2433 600 2660 666 Christi,
2695 607 2749 654 et
2777 599 3107 654 intemeratae
3133 597 3224 651 Dei
3257 597 3403 669 geni-

1829 695 1980 751 tricis
2017 709 2334 765 semperque
2381 691 2618 763 Virginis
2671 690 2872 756 Μαι-ξω,
2921 705 2985 745 ac
3013 688 3404 744 honorabilium

1828 788 2165 860 angelorum,
2207 797 2261 843 et
2290 786 2528 842 omnium
2559 795 2896 848 sanctorum,
2925 785 3153 840 adorare
3173 790 3227 837 et
3250 797 3408 837 oscu-

1829 882 1930 937 lari
1958 901 1971 936 :
2000 891 2056 936 et
2085 881 2330 953 quisquis
2368 881 2446 936 sic
2485 895 2542 935 se
2571 895 2676 934 non
2711 878 2979 944 habuerit,
3019 877 3114 932 sed
3145 877 3410 947 discepta-

1829 975 1988 1042 verit,
2038 973 2122 1028 vel
2167 975 2330 1029 etiam
2383 971 2685 1043 elanguerit
2707 986 2834 1040 erga
2860 969 3245 1025 venerabilium
3277 968 3408 1022 ima—

1831 1069 2016 1140 gilium
2076 1061 2490 1130 adorationem,
2545 1067 2687 1120 hunc
2745 1063 3171 1118 anathematizat
3225 1069 3408 1116 sancta

1832 1173 2015 1219 nostra
2043 1171 2099 1217 ct
2124 1160 2445 1216 universalis
2474 1159 2726 1231 synodus,
2755 1173 2875 1228 qua:
2906 1156 3114 1211 munita
3137 1163 3220 1210 est
3244 1152 3408 1208 divini

1834 1259 2069 1330 Spiritus
2115 1257 2469 1328 operatione,
2528 1270 2592 1308 ac
2641 1252 2880 1324 paternis
2930 1258 2985 1306 et
3031 1246 3413 1306 ecclesiasticis

1836 1351 2230 1407 traditionibus.
2263 1349 2436 1404 Porro
2465 1347 2751 1402 anathema
2781 1343 2914 1400 nihil
2943 1343 3086 1399 aliud
3113 1351 3217 1407 est,
3251 1355 3412 1411 quam

1837 1445 2110 1516 separatio
2140 1458 2171 1498 a
2193 1441 2324 1498 Deo.
2352 1441 2409 1496 Si
2437 1440 2581 1495 enim
2609 1438 2828 1508 quidam
2862 1435 3064 1492 fuerint
3090 1433 3416 1489 altercantes

1837 1546 1892 1596 et
1925 1546 2115 1595 contra
2164 1552 2226 1593 ea
2271 1550 2391 1606 quac
2436 1532 2656 1588 deﬁnita
2699 1539 2824 1586 sunt
2852 1545 2958 1585 non
2986 1527 3321 1590 obedientes,
3362 1524 3415 1578 in

1839 1628 2086 1686 stimulos
2116 1627 2415 1690 calcitrant,
2445 1633 2503 1680 et
2529 1638 2656 1678 suas
2689 1623 2926 1692 ipsorum
2957 1621 3165 1675 animas
3195 1618 3415 1680 laedunt,

1839 1720 2113 1777 Christum
2143 1716 2493 1781 offendentes,
2523 1723 2577 1769 et
2625 1713 2883 1769 Ecclesia:
2929 1712 3096 1783 ipsius
3136 1710 3419 1766 calumniis

1841 1811 2131 1877 delectati,
2192 1811 2566 1880 impugnantes
2615 1821 2814 1863 vesane
2864 1806 3162 1870 pietatem,
3227 1811 3416 1866 utpote

1837 1903 2138 1974 priscorum
2189 1899 2568 1954 haereticorum
2633 1897 3134 1954 communicatores
3171 1902 3228 1949 et
3285 1909 3419 1949 con-

1839 1993 2082 2050 sentanei
2132 2001 2186 2048 et
2239 1989 2566 2046 contribules
2615 2005 2712 2062 per
2767 1988 3120 2058 impietatem.
3189 1985 3419 2040 Fratres

1805 2079 1810 2082 ’
1841 2096 2019 2144 autem
2058 2094 2112 2143 et
2152 2085 2557 2141 comministros
2594 2091 2806 2138 nostros
2839 2080 2948 2135 Deo
2989 2077 3250 2134 amabiles
3279 2077 3424 2148 cpi--

1839 2194 2034 2250 scopos
2089 2178 2336 2234 misimus
2396 2191 2519 2233 cum
2587 2174 2872 2231 abbatibus
2936 2180 2992 2229 et
3049 2171 3304 2237 clericis,
3365 2179 3426 2225 ut

1838 2276 2079 2333 omnium
2109 2291 2229 2346 qum
2265 2275 2316 2329 in
2356 2273 2511 2329 nobis
2548 2281 2697 2344 gesta
2736 2279 2884 2338 sunt,
2923 2268 3418 2326 manifestationem

1839 2368 2157 2424 denuntient
2187 2367 2423 2422 deisonis
2451 2366 2672 2421 auribus
2699 2361 3114 2431 vestris.,Porro
3142 2361 3209 2416 ad
3246 2359 3422 2430 signa-

1838 2461 2018 2518 culum
2042 2470 2095 2516 et
2118 2459 2282 2515 robur
2301 2474 2489 2515 eorum
2511 2473 2630 2529 quae
2655 2473 2684 2512 a
2709 2455 2864 2512 nobis
2885 2454 3104 2510 deﬁnita
3127 2461 3270 2518 sunt,
3295 2450 3424 2522 quin

1839 2554 2002 2610 etiam
2027 2553 2093 2607 ad
2124 2549 2548 2606 satisfactionem
2576 2548 2801 2619 piissimi
2834 2546 3045 2617 imperii
3075 2543 3262 2609 vestri,
3293 2542 3423 2598 sub-

1835 2645 2064 2717 iecimus
2087 2653 2307 2714 paterna
2332 2641 2642 2697 testimonia
2663 2655 2728 2694 ex
2763 2638 2950 2693 multis
2981 2650 3150 2708 pauca
3176 2633 3422 2699 collecta,

1839 2743 1893 2791 et
1919 2735 2165 2792 claritate
2190 2733 2434 2789 veritatis
2463 2732 2841 2788 certitudinem
2872 2728 3214 2786 illustrantia.
3257 2727 3428 2783 Caue-

1840 2843 1959 2883 rum
1993 2827 2231 2882 omnium
2269 2834 2513 2880 nostrum
2541 2823 2789 2892 Salvator
2815 2822 2906 2894 qui
2932 2821 3083 2877 vobis
3103 2819 3425 2891 coiinperat,

1805 2993 1808 2996 ἢ
1839 2921 2037 2991 quique
2065 2935 2160 2990 per
2185 2934 2281 2975 vos
2301 2917 2559 2974 Ecclesiis
2585 2931 2773 2988 pacem
2816 2931 2968 2971 suam
3003 2913 3302 2988 concedere
3332 2926 3426 2966 vo-

1839 3011 1962 3076 luit,
2008 3025 2108 3082 per
2151 3009 2348 3064 multos
2389 3023 2560 3064 annos
2602 3007 2869 3064 custodiat
2914 3021 3139 3077 regnum
3186 3012 3424 3059 vestrum

1840 3120 1962 3161 cum
1993 3113 2184 3159 senatu
2231 3112 2285 3159 et
2328 3101 2661 3174 principibus
2704 3109 2758 3156 et
2801 3100 3112 3156 ﬁdelissimo
3165 3096 3424 3155 exercitui

1842 3204 2041 3262 vestro,
2083 3203 2247 3266 atque
2293 3195 2543 3250 universa
2603 3192 2876 3265 republica
2909 3210 2924 3247 :
2957 3192 3224 3262 donetque
3277 3190 3428 3246 vobis

183 3282 283 3338 qua
322 3273 528 3343 θβθτυίι
587 3270 860 3326 νίνίίίθυῐη
917 3271 1057 3327 latus
1098 3280 1203 3327 ῑυω
1246 3272 1538 3338 bonitatis;
1593 3273 1735 3342 τιυοά
1763 3248 1810 3312 C
1840 3248 2302 3361 victoriamflpse
2327 3289 2526 3360 quippe
2554 3288 2629 3344 ait
2658 3248 2681 3343 ε⁸
2708 3285 2832 3343 Vivo
2852 3305 2968 3358 ego,
2995 3287 3120 3341 dicit
3138 3248 3424 3349 .Dominus,

184 3362 454 3420 certissime
475 3363 734 3419 salutatio
759 3370 844 3418 est
869 3372 924 3419 et
948 3363 1164 3431 dicitur,
1193 3364 1333 3420 sicut
1362 3365 1562 3421 iudicat
1584 3365 1733 3432 illud,

183 3451 302 3520 quod
342 3452 452 3509 haec
497 3453 736 3525 prOpriis
775 3452 932 3509 labiis
959 3455 1158 3510 nostris
1187 3455 1568 3524 contingimus.
1602 3455 1735 3511 Nam

181 3545 264 3601 etsi
288 3548 550 3604 multoties
579 3548 854 3603 invenitur
879 3549 1125 3604 adoratio
1145 3549 1196 3604 in
1220 3549 1401 3604 divina
1431 3550 1735 3621 Scriptura,

183 3644 228 3691 et
253 3637 443 3697 urbane
469 3640 820 3711 loquentibus
850 3639 1102 3696 Patribus
1129 3641 1331 3696 nostris
1353 3656 1453 3710 pro
1479 3642 1738 3698 servitute

184 3739 283 3795 qua:
319 3739 398 3784 est
434 3731 487 3785 in
525 3730 746 3801 spiritu,
794 3745 916 3785 cum
957 3745 1063 3785 vox
1109 3729 1276 3784 multa
1311 3731 1597 3800 signiﬁcet,
1631 3747 1737 3788 una

185 3825 333 3875 tamen
386 3822 787 3892 signiﬁcatione
840 3820 958 3891 ejus
1017 3823 1392 3878 tantummodo
1447 3823 1736 3894 reperitur,

183 3928 282 3984 qua:
323 3917 522 3973 scilicet
575 3917 687 3972 sola
739 3916 1050 3972 manifestat
1089 3917 1462 3973 adorationem
1499 3934 1618 3988 qua:
1655 3927 1738 3974 est

184 4006 445 4062 secundum
492 4007 711 4063 latriam
765 4007 952 4080 [unum
1018 4023 1082 4063 ex
1139 4007 1454 4079 signiﬁcatis
1501 4006 1617 4077 ejus
1655 4018 1739 4066 est

183 4093 394 4154 adoratio
426 4098 726 4155 secundum
765 4097 1028 4171 latriam].
1057 4097 1248 4154 Adhuc
1277 4107 1460 4154 autem
1492 4100 1738 4156 adoratio

183 4195 252 4240 est
273 4198 321 4242 et
348 4203 408 4244 ea
435 4206 560 4261 quae
585 4207 682 4262 per
707 4191 968 4246 honorem
1001 4200 1056 4244 et
1082 4203 1182 4260 per
1214 4205 1452 4244 amorem
1487 4206 1552 4245 ac
1583 4191 1740 4248 timo-

183 4291 279 4333 rem
326 4280 609 4339 ﬁt:srcuti
661 4298 760 4338 nos
810 4282 1101 4339 adoramus
1124 4290 1178 4337 et
1206 4281 1651 4353 gloriosissimum
1684 4291 1741 4338 et

184 4372 654 4429 mansuetissimum
684 4373 972 4444 imperium
1001 4381 1264 4430 vestrum.
1306 4373 1404 4428 Est
1427 4382 1484 4428 et
1510 4373 1614 4428 alia
1643 4389 1738 4444 per

186 4457 401 4516 timorem
450 4472 682 4526 tantum,
736 4464 876 4518 sicut
922 4462 1087 4519 Jacob
1133 4463 1383 4518 adoravit
1413 4464 1555 4519 Esau
1582 4465 1734 4537 (Gen.

184 4551 371 4623 xum).
403 4553 468 4608 Et
497 4562 583 4610 est
613 4569 710 4624 per
735 4554 983 4625 gratiam,
1017 4553 1158 4610 sicut
1182 4553 1459 4608 Abraham
1490 4555 1736 4609 adoravit

1838 3383 1962 3453 quia
1989 3380 2339 3452 gloriﬁcantes
2371 3396 2450 3434 me
2489 3379 2792 3450 gloriﬁcabo
2821 3377 2872 3451 (I
2911 3377 3040 3447 Reg.
3073 3376 3154 3448 ιι).
3199 3375 3316 3446 Ipse
3345 3381 3428 3430 est

1839 3477 1930 3548 qui
1955 3476 2234 3548 praecinxit
2258 3491 2354 3530 vos
2384 3475 2604 3539 virtute,
2650 3480 2704 3528 et
2733 3471 2920 3526 tundet
2953 3477 3177 3526 cunctos
3221 3468 3426 3533 hostes,

1838 3576 1894 3624 et
1921 3567 2141 3623 donabit
2168 3565 2321 3622 vobis
2354 3581 2544 3622 omnes
2568 3563 2881 3620 obedientes
2920 3561 3197 3635 [plangant
3223 3561 3424 3623 hostes,

1838 3669 1893 3716 et
1919 3659 2224 3730 gaudebunt
2245 3656 2486 3730 subditi].
2503 3655 2689 3713 Gaude
2713 3671 2866 3726 ergo,
2887 3654 3078 3710 civitas
3099 3649 3240 3725 [Gr.,
3267 3659 3322 3706 et
3349 3659 3425 3716 tu,

1839 3747 2075 3821 civitas],
2107 3747 2310 3814 laetare,
2357 3763 2496 3803 nova
2540 3745 2690 3811 Sion,
2735 3746 2882 3802 orbis
2918 3754 3077 3801 terra:
3134 3741 3429 3814 speculatio

1842 3839 2126 3914 [specula].
2158 3841 2293 3896 Nam
2327 3849 2380 3896 et
2404 3840 2474 3896 ibi
2500 3840 2666 3895 David
2699 3838 2960 3910 regnavit,
2989 3837 3151 3894 ethie
3173 3835 3429 3890 Davidice

1838 3941 1893 3987 te
1919 3931 2023 4003 ipsi
2061 3932 2374 3988 custodiunt
2397 3930 2491 4004 [pii
2513 3931 2868 4000 imperatores
2893 3944 3074 3984 rerum
3102 3922 3424 3998 potiuntur].

1838 4024 2099 4081 Dominus
2123 4024 2175 4079 in
2201 4025 2378 4080 medio
2409 4024 2483 4080 tui
2509 4037 2525 4078 :
2549 4031 2606 4080 et
2629 4023 2700 4079 sit
2724 4038 2917 4078 nomen
2946 4020 3062 4091 ejus
3084 4017 3428 4078 benedictum

1841 4119 1894 4174 in
1927 4118 2118 4174 sarcula
2147 4119 2486 4175 smculorum.
2527 4117 2718 4172 Amen.

1839 4229 1949 4286 Deo
1993 4231 2310 4285 amabilibus
2354 4230 2711 4286 sacerdotibus
2746 4239 2792 4282 et
2827 4227 3030 4282 clericis
3066 4235 3171 4280 tam
3201 4224 3427 4279 sanctis-

1908 4303 2056 4357 sima:
2091 4301 2189 4356 Dei
2238 4317 2444 4372 magna:
2471 4300 2738 4363 Ecclesiw,
2775 4315 2932 4370 quam
2979 4298 3209 4372 omnium
3249 4294 3428 4372 Eccle—

1909 4373 2109 4427 siarunt
2133 4372 2241 4427 Deo
2279 4364 2593 4426 conservata:
2627 4364 3049 4439 regite'cieitatis,
3073 4377 3254 4421 sancta
3283 4364 3420 4436 Syn-

1910 4443 2041 4498 odus
2086 4444 2226 4513 apud
2265 4442 2502 4497 Nicaeam
2542 4441 2769 4496 secundo
2799 4441 3034 4494 collecta.

1910 4557 2156 4612 Christus
2197 4557 2338 4611 Deus
2379 4563 2562 4610 noster
2591 4595 2604 4619 ,
2644 4554 2733 4624 qui
2775 4569 2903 4608 vere
2939 4560 3024 4608 est
3059 4550 3293 4617 veritas,
3333 4565 3430 4620 pa-

184 4638 301 4700 ﬁlios
346 4645 443 4702 Het
485 4663 586 4719 pro
627 4663 755 4720 agro
793 4662 954 4718 quem
985 4647 1193 4719 accepit
1221 4647 1290 4703 ab
1314 4647 1469 4703 eisin
1500 4648 1738 4719 sepultu-
1763 4612 1813 4672 υ
1840 4661 2155 4721 toruumque
2187 4650 2365 4703 lumen
2399 4656 2454 4704 et
2487 4612 2741 4718 splendor
2775 4665 2788 4700 :
2815 4647 2908 4716 qui
2952 4646 3019 4700 de
3063 4612 3302 4702 tenebris
3329 4612 3427 4700 nos

185 4745 283 4788 tam
321 4735 468 4795 Sara;
515 4740 702 4796 uxoris
741 4755 855 4794 sua:
905 4737 1060 4812 (Gen.
1090 4740 1275 4812 χχιιι).
1324 4739 1524 4796 lterum
1555 4750 1734 4796 autem
1831 4739 2046 4796 vocavit
2070 4739 2124 4793 in
2151 4738 2469 4793 admirabile
2490 4754 2644 4792 suum
2676 4737 2877 4803 lumen,
2918 4745 2975 4792 et
3013 4737 3082 4792 ab
3112 4735 3305 4791 idolica
3332 4751 3424 4791 ve-

184 4842 531 4903 exspectantes
586 4835 805 4907 quidam
860 4853 890 4892 a
945 4837 1351 4895 sublimioribus
1414 4840 1733 4896 beneﬁcium
1831 4833 1982 4889 sauia
2025 4848 2127 4889 nos
2178 4831 2354 4896 eruit;
2412 4831 2505 4903 qui
2555 4830 2753 4886 delevit
2805 4831 3022 4888 nomina
3075 4829 3340 4885 idolorum
3392 4845 3421 4884 a

186 4927 432 4996 consequi,
461 4927 688 4984 adorant
713 4941 828 4993 eos,
857 4929 997 4983 sicut
1019 4928 1185 4986 Jacob
1212 4930 1548 4986 Pharaonem
1576 4929 1729 5004 (Gen.
1828 4935 1994 4994 terra,
2033 4937 2088 4984 et
2117 4926 2424 4998 repromisit
2463 4941 2572 4983 non
2611 4942 2798 4983 eorum
2831 4927 3053 4983 ulterius
3074 4941 3194 4984 esse
3219 4941 3421 4982 memo-

184 5018 348 5089 nm).
393 5019 530 5078 Hinc
573 5022 717 5077 enim
774 5023 952 5077 divina
999 5023 1279 5095 Scriptura
1335 5027 1534 5084 docens
1587 5043 1727 5084 nos:
1829 5021 1998 5087 riam;
2043 5019 2211 5074 voluit
2247 5034 2486 5076 annuere
2514 5019 2632 5090 pios
2668 5028 2721 5074 et
2746 5034 2844 5090 per
2871 5026 3063 5076 cuncta
3091 5019 3423 5076 orthodoxos

186 5102 441 5165 Dominum
484 5112 651 5168 Deum
699 5123 846 5168 tuum
895 5116 1166 5181 adorabis,
1200 5126 1247 5170 et
1279 5116 1358 5170 illi
1397 5117 1498 5172 soli
1539 5119 1730 5174 servies
1834 5130 1899 5171 ac
1925 5113 2105 5169 ﬁdeles
2126 5113 2480 5183 imperatores
2515 5121 2747 5176 nostros,
2772 5113 2838 5167 ad
2862 5113 3296 5183 congregandum
3324 5128 3422 5168 nos

188 5191 317 5296 (ξιιε.
347 5202 451 5296 tv):
477 5203 846 5296 adorationem
877 5204 1146 5278 [absolute
1175 5208 1343 5278 ponit,
1375 5218 1429 5264 et
1457 5224 1560 5264 non
1593 5209 1730 5281 adji-
1834 5205 1888 5261 in
1916 5205 2130 5262 Nica'na
2154 5204 2299 5260 clara
2330 5204 2644 5274 metropoli,
2686 5204 2824 5259 sicut
2868 5206 3039 5262 nostis
3069 5223 3084 5260 :
3109 5214 3169 5262 ut
3218 5208 3426 5263 distan-

189 5291 269 5351 cit,
309 5291 420 5355 soli,
465 5301 527 5350 ut
567 5294 865 5368 signiﬁcata
913 5297 1077 5352 multa
1117 5299 1426 5365 habentem,
1464 5309 1518 5356 et
1543 5317 1732 5358 vocem
1831 5300 1966 5356 tium
2009 5299 2395 5356 dissonantiani
2436 5299 2488 5352 in
2541 5299 2944 5353 consonantiam
2985 5302 3420 5371 perduceremns,

189 5380 511 5478 ﬁuivocam.
533 5385 724 5462 Porro]
753 5388 869 5445 sine
897 5390 1260 5460 prohibitione
1291 5393 1446 5459 dixit,
1476 5404 1729 5464 tanquam
1832 5401 1887 5449 et
1931 5393 2137 5448 medius
2174 5392 2349 5462 paries
2381 5391 2658 5446 tolleretur
2684 5391 3006 5458 inimicitiae,
3031 5405 3088 5452 et
3109 5397 3327 5471 antiqua
3347 5394 3426 5453 le-

192 5465 406 5530 diversas
458 5478 672 5547 quidem
723 5480 1162 5552 signiﬁcationes,
1210 5485 1305 5540 sed
1350 5485 1730 5558 homonymam
1833 5484 1914 5557 gis
1928 5485 2131 5564 positio
2158 5483 2435 5541 catholicae
2475 5482 2730 5540 Ecclesiae
2761 5483 3070 5543 ﬁrmitatem
3099 5465 3417 5544 resumeret.

190 5566 696 5666 habentem,
721 5581 778 5666 et
806 5589 920 5630 non
945 5573 1044 5666 soli
1057 5575 1296 5631 "addidit.
1335 5576 1504 5633 Porro
1530 5578 1734 5634 servies
1832 5575 2001 5650 Igitur
2041 5575 2197 5632 nobis
2243 5576 2297 5632 in
2342 5575 2572 5647 idipsum
2600 5577 2771 5632 sancti
2802 5576 3037 5649 Spiritus
3067 5578 3420 5651 inspiratione

193 5648 254 5708 illi
280 5657 372 5713 soli
410 5659 580 5720 dixit:
609 5665 810 5721 etenim
843 5666 940 5722 soli
969 5665 1081 5723 Deo
1130 5668 1444 5724 servitutem
1490 5678 1733 5724 nostram
1833 5648 1890 5728 et
1909 5669 2284 5741 cooperatione
2307 5669 2770 5738 convenientibus,
2792 5648 2980 5728 omnes
3001 5648 3413 5742 consonuimus;

191 5744 466 5848 referimus.
509 5755 602 5814 Bis
641 5773 773 5832 ergo
818 5759 897 5815 sic
944 5759 1328 5832 comprobatis,
1377 5761 1643 5817 veraciter
1679 5769 1735 5818 et
1833 5771 1889 5820 et
1918 5762 2132 5832 Oriens,
2166 5763 2384 5828 Arctus,
2427 5761 2689 5822 Occidens
2712 5773 2768 5822 et
2793 5764 3113 5821 Mesembria
3151 5764 3207 5821 in
3249 5779 3417 5824 unam

195 5849 538 5909 tncunctanter
571 5866 693 5912 esse
731 5867 916 5913 coram
949 5853 1060 5914 Deo
1093 5864 1372 5928 acceptum
1398 5863 1453 5914 et
1474 5853 1730 5928 benepla-
1833 5855 2130 5915 unitionem
2159 5855 2533 5918 concurrimus
2562 5874 2580 5918 :
2605 5868 2663 5919 et
2701 5857 3050 5932 triumphavit
3092 5856 3410 5933 [constituta
