3916 5342
556 385 667 447 875

1739 380 2109 443 ANASTASII
2144 377 2646 441 BlLlOTHECARIl

3715 379 3807 437 476

548 500 655 576 est]
693 506 1002 558 sanctarum
1043 498 1407 557 Ecclesiarum
1456 496 1680 571 paciﬁca
1727 497 1998 576 ordinatio
2043 512 2142 569 per
2167 502 2216 561 Α
2244 499 2519 553 sanctitate
2539 505 2587 554 et
2600 495 2815 570 justitia
2835 494 3073 553 omnibus
3095 493 3277 555 diebus
3303 492 3425 553 vitae
3453 499 3645 552 nostra
3670 492 3806 567 (Lac.

548 574 772 651 alterna:
811 590 1080 666 opinionis
1126 590 1406 647 veritatem
1445 598 1500 646 et
1543 586 1725 659 ﬁdem,
1773 605 1893 662 quae
1939 574 2137 645 direxit

546 689 795 746 semitam
838 689 1034 765 pedum
1098 695 1410 742 nostrorum
1442 700 1456 739 :
1491 692 1657 757 atque
1697 700 1795 755 per
1834 674 1936 741 hoc
1971 682 2137 755 stirps

548 782 770 841 haeresis
809 796 928 853 quae
965 797 1030 837 ex
1068 778 1279 851 antiqui
1317 777 1490 833 hostis
1528 762 1754 833 zizauiis
1792 772 2134 849 germinavit,

547 877 821 934 eradicata
873 883 976 931 est.
1018 874 1086 929 Et
1129 888 1257 929 ecce
1308 869 1742 944 evangelizamus
1784 868 1937 925 vobis
1977 883 2139 941 super

546 976 787 1027 montem
814 956 1089 1022 excelsum
1132 971 1339 1019 stantes
1387 961 1770 1018 ecclesiastica:
1814 956 1962 1034 pacis
2008 976 2139 1033 gau-

548 1061 693 1119 dium
718 1069 774 1115 et
798 1059 1067 1132 publicam
1096 1056 1462 1129 festivitatem.
1505 1046 1645 1124 Quid
1682 1054 1825 1111 enim
1866 1054 1968 1111 hoc
2016 1069 2139 1127 gra-

546 1142 691 1211 tius?
724 1152 863 1210 Isaia
893 1142 1214 1208 tiducialiter
1238 1159 1453 1223 agente,
1480 1156 1534 1205 et
1555 1146 1765 1205 caelitus
1796 1145 2137 1223 [antiquitus]

546 1248 871 1321 praedicente
914 1267 926 1302 :
973 1246 1145 1313 Quam
1194 1244 1414 1317 speciosi
1460 1240 1613 1315 pedes
1673 1232 2138 1315 euangelizandum

542 1334 1238 1417 pacem,evang¢lizantium
1264 1336 1436 1394 bona!
1461 1334 1596 1410 (lsa.
1629 1351 1739 1405 ut;
1773 1326 1922 1391 Rom.
1953 1334 2033 1406 ι.)
2074 1330 2142 1391 Et

546 1437 766 1508 dignum
795 1426 915 1493 erat
953 1443 1008 1491 et
1031 1433 1188 1491 valde
1218 1430 1495 1504 placitum,
1527 1430 1692 1502 atque
1717 1437 1912 1487 vestra:
1941 1420 2139 1485 decen-

546 1531 617 1587 tis
643 1543 918 1601 sacraeque
943 1522 1054 1583 Deo
1084 1524 1432 1585 amabilitatis
1459 1524 1728 1597 specimen
1752 1533 1808 1580 et
1828 1512 2139 1588 exsultatio,

546 1632 606 1683 ut
630 1623 805 1680 omnis
830 1623 940 1678 Deo
971 1608 1142 1677 electa
1174 1614 1364 1674 concio
1388 1625 1569 1687 vestra
1601 1614 1761 1672 simul
1787 1613 2138 1681 inveniretur,

544 1724 601 1771 et
624 1711 1080 1787 contemplaretur
1100 1710 1353 1765 virtutem
1386 1722 1572 1764 eorum
1605 1722 1726 1778 quae
1763 1722 1858 1779 per
1881 1704 1974 1761 Dei
2019 1719 2143 1777 gra-

548 1808 678 1865 tiam
706 1806 849 1862 dicta
877 1812 930 1860 ct
959 1812 1109 1877 gesta
1138 1808 1282 1866 sunt,
1315 1808 1423 1855 tam
1452 1799 1660 1856 scilicet
1688 1813 1850 1869 super
1878 1794 2145 1870 legitima—

2240 591 2300 663 t).
2341 591 2409 648 Et
2441 606 2630 648 rursus
2662 609 2677 647 :
2710 591 2987 648 Excitatus
3024 600 3098 647 est
3127 600 3374 659 tanquam
3412 588 3675 643 dormiens
3716 577 3808 641 Do-

2238 682 2435 748 minus,
2463 692 2713 753 tanquam
2736 692 2916 753 potens
2938 681 3241 752 crapulatus
3268 699 3301 736 a
3322 680 3460 736 vino.
3514 676 3580 732 Et
3618 694 3809 748 percus-

2238 772 2304 829 sit
2327 774 2567 829 inimicos
2606 775 2808 829 suosin
2829 774 3138 846 posteriora,
3180 771 3514 844 opprobrium
3562 771 3809 839 sempiter-

2239 883 2364 921 num
2395 862 2536 922 dedit
2571 860 2676 922 illis
2723 856 2896 939 (Psal.
2939 865 3163 937 Lxxvn).
3207 863 3264 920 Si
3294 861 3642 936 opprobrium
3687 877 3810 917 sem-

2238 957 2510 1030 piternum
2533 956 2717 1013 datum
2745 966 2827 1015 est
2853 956 3085 1014 inimicis
3118 956 3337 1022 nostris,
3382 954 3541 1023 malis
3581 952 3812 1010 videlicet
3914 1006 3916 1009 .

2238 1050 2546 1119 virtutibus,
2573 1064 2671 1122 per
2696 1048 3149 1106 resurrectionem
3176 1045 3312 1117 ejus,
3339 1044 3612 1119 quomodo
3632 1045 3812 1101 iterum

2239 1140 2533 1198 Christiani
2558 1138 2712 1197 idolis
2738 1141 3083 1197 servierunt?
3128 1139 3172 1198 Ο
3194 1148 3248 1196 et
3276 1138 3621 1196 inscientiam
3647 1146 3705 1193 et
3728 1137 3812 1193 im-

2238 1234 2492 1307 pietatem
2538 1230 2810 1306 ipsoruml
2855 1232 3072 1289 Utinam
3096 1230 3486 1289 intellexissent
3508 1229 3653 1301 quod
3675 1245 3816 1285 scau-

2241 1324 2474 1381 dalizare
2502 1340 2667 1380 unum
2693 1340 2757 1381 ex
2790 1322 3028 1381 minimis
3066 1323 3156 1397 qui
3182 1322 3531 1380 crediderunt
3575 1319 3631 1376 in
3675 1318 3817 1375 Chri-

2240 1428 2403 1484 Stum,
2454 1412 2848 1490 importabilem
2899 1402 3096 1473 habeat
3145 1406 3571 1487 indignationem
3615 1407 3813 1485 (Matth.
3914 1482 3916 1485 ι

2240 1511 2398 1584 xvtu)
2435 1530 2448 1568 :
2479 1520 2682 1584 quanto
2717 1510 2890 1583 magis
2917 1511 3104 1567 orbem
3146 1498 3438 1566 sollicitum
3491 1506 3718 1562 reddere
3759 1505 3818 1561 si-
3914 1552 3916 1557 .

2241 1600 2600 1661 multatibus?
2640 1596 2744 1660 Sed
2777 1601 2843 1658 ad
2880 1602 3103 1659 nihilum
3132 1602 3355 1657 verbum
3378 1598 3597 1656 Domini
3623 1599 3819 1671 redege-

2243 1707 2391 1766 runt,
2414 1698 2769 1769 reprobantes
2789 1693 3180 1752 ecclesiasticas
3203 1694 3525 1753 traditiones
3550 1710 3565 1748 :
3589 1704 3819 1766 propter-

2243 1806 2306 1846 ea
2339 1791 2406 1846 ad
2430 1790 2657 1846 nihilum
2698 1789 2901 1862 redegit
2942 1804 3037 1846 eos
3086 1788 3369 1855 Dominus;
3419 1794 3476 1842 et
3522 1802 3647 1842 cum
3685 1785 3818 1852 Ario,
3914 1854 3916 1857 ι

546 1916 667 1956 rum
698 1897 1036 1957 correctione
1064 1890 1546 1971 [comprobatione]
1588 1862 2146 1947 traditionum‘Eccle-
2171 1898 2220 1959 Β
2248 1878 2539 1971 Eunomio,
2576 1880 2905 1948 Macedonio,
2953 1878 3307 1952 Apollinario,
3353 1862 3631 1948 Nestorio,
3676 1879 3823 1950 Euty—
3914 1896 3916 1923 τ

545 1995 642 2051 sia:
666 1991 966 2059 catholicae,
997 2005 1155 2061 quam
1194 1988 1246 2045 in
1278 1984 1699 2043 destructionem
1735 1993 1791 2039 et
1831 1972 2141 2038 subversio-

545 2104 671 2146 nem
694 2103 880 2145 corum
902 2085 993 2158 qui
1028 2084 1366 2141 fremuerunt
1393 2081 1651 2135 adversus
1676 2074 1985 2145 veritatem,
2017 2091 2143 2132 nec-

544 2200 652 2242 non
677 2182 1001 2255 apostolicas
1026 2188 1081 2236 et
1119 2187 1374 2251 paternas
1400 2175 1658 2232 Ecclesire
1687 2170 1966 2230 catholica:
1988 2187 2141 2231 com-

544 2281 889 2335 mutaverunt
934 2272 1273 2338 traditiones,
1318 2269 1402 2326 vel
1439 2268 1602 2324 etiam
1645 2267 1801 2339 juxta
1846 2263 1988 2338 quod
2041 2262 2142 2320 sibi

542 2371 717 2428 visum
743 2376 850 2436 est,
872 2367 928 2425 in
958 2363 1337 2423 exterminium
1371 2362 1712 2434 redegerunt.
1756 2356 1861 2414 Sed
1888 2358 2143 2429 quoniam

545 2464 825 2519 humidum
861 2462 965 2517 iter
1006 2459 1059 2515 in
1091 2456 1270 2514 medio
1300 2462 1398 2519 est,
1432 2466 1729 2523 rursusque
1772 2459 1989 2507 terrena
2032 2446 2142 2514 via,

545 2556 754 2613 duabus
783 2555 945 2611 rebus
974 2566 1109 2626 opus
1130 2559 1270 2617 erat,
1298 2544 1525 2605 navibus
1553 2546 1759 2603 scilicet
1794 2540 1862 2599 ad
1886 2542 2145 2614 navigan-

548 2653 702 2719 dum,
762 2658 817 2706 et
855 2647 1120 2719 jumentis
1177 2642 1434 2715 congruis
1478 2642 1545 2697 ad
1596 2636 1945 2696 vehendum:
1979 2633 2145 2690 utris-

545 2758 651 2816 que
669 2756 865 2799 carens
892 2737 1258 2799 sacratissima
1284 2743 1465 2791 vestra
1484 2740 1718 2795 caterva,
1751 2735 1936 2784 mutua
1959 2730 2144 2783 nostra

545 2836 906 2895 conventione
930 2833 1140 2905 privata
1175 2838 1280 2913 est.
1320 2828 1519 2911 Verum
1560 2822 1874 2909 'specialiter
1903 2829 1957 2875 et
1986 2816 2147 2875 intel-

545 2926 822 3000 ligibiliter
849 2904 1046 2998 prtesto
1082 2922 1213 2980 estis
1240 2904 1453 3000 [eratis]
1479 2904 1781 2980 nobiscum,
1824 2908 1876 2968 id
1906 2911 2149 2969 sentien-

547 2998 632 3078 tes
664 3020 809 3091 quod
847 3025 901 3075 et
943 3014 1221 3073 catholica:
1269 2998 1525 3069 Ecclesia:
1569 3000 1844 3079 plenitudo
1877 3023 1890 3060 :
1923 3012 1977 3060 et
2018 3002 2146 3074 quia

547 3113 780 3169 invicem
826 3124 1012 3167 sumus
1063 3104 1302 3163 membra
1352 3100 1551 3158 Christi
1582 3100 1676 3156 Dei
1731 3097 1923 3170 capitis
1976 3094 2146 3151 nostri

2243 1977 2401 2033 chete
2429 1991 2493 2032 ac
2519 1960 2794 2041 Dioscoro,
2829 1972 3039 2047 Sergio,
3066 1962 3520 2041 Honorio,,atque
3545 1985 3668 2025 cum
3692 1983 3821 2025 omni
3914 2014 3916 2029 .

2240 2085 2430 2127 eorum
2474 2070 2709 2141 pessima
2753 2077 2901 2129 secta
2927 2065 3730 2139 connumeravitturbulentum
3757 2062 3823 2119 fa-

2243 2160 2439 2217 ctionis
2466 2175 2651 2217 eorum
2685 2157 2971 2214 concilium
3003 2175 3016 2211 :
3048 2146 3329 2213 stultitiam
3368 2169 3611 2224 namque
3652 2136 3823 2209 borum

2244 2252 2517 2310 imitantes
2543 2248 2955 2326 [exprimentes]
2987 2248 3148 2311 stulta
3179 2247 3341 2306 locuti
3379 2257 3533 2315 sunt,
3583 2255 3640 2307 et
3681 2246 3824 2303 funda

2243 2362 2386 2403 vera:
2437 2342 2794 2403 confessionis
2842 2352 2965 2403 eum
3020 2342 3151 2415 ipsis
3197 2326 3417 2414 lapidati
3473 2350 3641 2409 sunt,
3689 2348 3829 2408 atque
3914 2390 3916 2393 .

2244 2438 2419 2495 soluta
2446 2447 2530 2517 est
2566 2438 2713 2494 acies
2741 2437 3001 2509 ipsorum.
3062 2430 3246 2507 Neque
3290 2433 3438 2490 enim
3476 2431 3703 2504 reliquit
3741 2430 3829 2487 Do-
3914 2420 3916 2459 ⁵

2245 2533 2425 2589 minus
2471 2532 2526 2589 in
2564 2536 2885 2609 perpetuum
2929 2530 3136 2600 virgam
3164 2534 3514 2598 peccatorum
3540 2539 3705 2597 super
3729 2538 3827 2580 sor-

2246 2634 2352 2681 tem
2375 2624 2632 2681 Ecclesia:
2660 2638 2674 2678 :
2700 2624 2955 2706 quoniam
2976 2620 3197 2677 Judaice
3230 2618 3474 2679 meditati
3497 2617 3829 2675 suntinaniai
3914 2620 3916 2683 ἕ

2244 2724 2299 2773 et
2325 2715 2556 2771 secunda
2582 2714 2722 2771 illius
2743 2703 2958 2771 concilii
2987 2710 3462 2769 haereditaverunt.
3508 2707 3625 2765 Hoc
3656 2722 3830 2778 nempe
3914 2700 3916 2763 έ

2244 2807 2550 2872 concilium,
2607 2804 2955 2878 Caiphaieum
3005 2801 3435 2861 concibiabulum
3486 2799 3695 2857 factum
3744 2808 3830 2855 est.
3914 2852 3916 2855 .

2244 2896 2377 2957 Illud
2445 2899 2705 2956 adversus
2776 2896 3061 2954 Dominum
3111 2894 3290 2950 inania
3328 2892 3655 2955 meditatum
3713 2901 3828 2946 est:

2247 2994 2351 3050 hoc
2392 2993 2653 3061 adversus
2696 2989 2863 3062 ipsius
2915 2988 3203 3060 imaginem
3251 2982 3493 3041 fremuit.
3554 2981 3672 3039 Hoc
3710 2983 3831 3039 enim
3914 3046 3916 3051 ι

2247 3085 2533 3143 concilium
2592 3083 3016 3154 redemptionem
3058 3087 3316 3142 nostram,
3377 3092 3500 3148 qua:
3552 3091 3652 3145 per
3697 3075 3831 3131 Clui-

550 3204 793 3278 [Christo
816 3201 930 3258 Deo
961 3199 1139 3271 capite
1163 3194 1372 3269 nostro]
1395 3236 1409 3262 ,
1459 3208 1645 3249 eorum
1694 3207 1816 3265 qua:
1858 3180 1999 3260 apud
2049 3203 2147 3243 nos
2177 3250 2219 3278 Α
2250 3189 2394 3237 stum
2442 3164 2637 3235 etiecta
2680 3184 2783 3243 est,
2840 3175 2942 3233 sibi
2970 3183 3026 3230 et
3061 3173 3181 3229 aliis
3215 3171 3487 3245 ascripsit.
3515 3168 3637 3226 Hoc
3670 3170 3832 3227 conci-

551 3250 790 3278 l“""""'
817 3250 927 3258 *τ’
967 3250 1136 3271 -Ἲ-πν
1164 3250 1304 3255 -νπν-
1324 3250 1372 3269 -.ι
1396 3250 1409 3262 -
1714 3250 1729 3265 .
1894 3250 1909 3260 .

551 3300 663 3356 Deo
693 3298 925 3355 donante
951 3302 1070 3349 acta
1101 3300 1244 3356 sunt,
1292 3286 1660 3345 necessarium
1708 3272 1954 3341 ducimus
1993 3282 2146 3340 vobis

2251 3272 2381 3327 lium
2409 3269 2734 3343 profundum
2782 3266 3068 3323 consilium
3112 3263 3453 3320 consiliaturi:
3490 3273 3617 3329 est,
3650 3270 3706 3318 et
3739 3275 3827 3315 non

550 3393 789 3451 breviter
842 3386 1209 3461 narrationem
1263 3380 1622 3443 mittendam:
1661 3376 1954 3450 loquuntur
2006 3372 2149 3433 enim

548 3486 715 3543 etiam
748 3498 848 3555 per
895 3481 1103 3553 litteras
1155 3476 1353 3548 linguae
1406 3487 1635 3540 causas,
1686 3477 1740 3527 et
1766 3473 2154 3541 rcpraeSentant

550 3578 706 3651 quasi
734 3573 1014 3633 videndas.
1054 3558 1189 3627 Cum
1216 3567 1363 3625 enim
1396 3561 1839 3629 convenissemus
1871 3576 1948 3651 εξ
1965 3556 2156 3631 pater-

551 3640 742 3727 narum
773 3662 1087 3739 magisterio
1124 3673 1463 3723 normarum,
1510 3650 1565 3719 in
1604 3667 1770 3709 unum
1813 3640 2157 3707 confirmavi—

553 3781 674 3823 mus
700 3750 842 3836 quod
864 3768 918 3816 et
944 3762 1219 3831 sapuimus
1249 3740 1578 3829 [conﬁrmati
1600 3762 1806 3833 sumus,
1830 3759 1996 3800 unum
2028 3757 2155 3798 sen-

554 3828 782 3929 simus];
814 3828 1021 3910 cantici
1033 3850 1243 3923 Moyses
1262 3828 1469 3912 docuit,
1497 3858 1603 3899 non
1627 3828 1800 3905 obliti,
1824 3836 1968 3913 quod
1993 3830 2152 3891 dicit:

555 3926 834 4019 Interroga
860 3954 1060 4018 patrem
1090 3953 1260 4011 tuum,
1303 3948 1351 3994 et
1380 3934 1713 4009 annuntiabit
1756 3926 1884 4005 tibi;
1926 3929 2156 3985 seniores

574 4060 693 4101 uos,
748 4051 795 4101 at
843 4039 1015 4093 dicent
1060 4034 1156 4091 tibi
1200 4032 1380 4105 (Dent.
1425 4027 1624 4099 χχχιι).
1667 4026 1757 4083 Sic
1811 4023 2155 4082 traditionem

557 4136 835 4195 catholica:
860 4130 1116 4188 Ecclesia:
1143 4125 1333 4183 sectati
1379 4136 1587 4189 sumus,
1631 4130 1686 4177 et
1732 4132 1907 4190 neque
1958 4114 2154 4180 minus,

558 4245 733 4302 neque
766 4226 886 4299 plus
913 4222 1182 4297 quidpiam
1219 4218 1474 4283 fecimus;
1507 4214 1601 4269 sed
1639 4213 1707 4269 ab
1736 4208 1993 4284 Apostolo
2018 4206 2156 4263 edo-

556 4297 663 4389 Cti;
686 4297 931 4377 ten—emus
958 4302 1273 4372 traditiones
1294 4322 1428 4381 quas
1450 4304 1777 4377 accepimus,
1806 4299 1986 4356 omnia
2017 4297 2157 4355 reci-

556 4416 769 4489 pientes
796 4420 851 4469 et
876 4408 1260 4481 amplectentes
1294 4413 1629 4474 quaecunque
1667 4403 1855 4453 sancta
1893 4392 2160 4451 catholica

558 4486 801 4567 Ecclesia
831 4503 1128 4576 antiquitus
1154 4500 1355 4571 scripta
1403 4503 1457 4551 et
1493 4500 1600 4550 non
1649 4491 1856 4561 scripta
1909 4486 2155 4557 recepit:

556 4616 627 4661 ex
663 4602 859 4675 quibus
896 4605 1033 4657 sunt.
1054 4595 1219 4651 etiam
1266 4590 1615 4664 ﬁgurationes
1651 4586 1991 4657 picturarum
2022 4581 2159 4636 ima-

558 4702 743 4773 ginum
762 4708 776 4750 :
793 4702 849 4752 et
873 4700 905 4750 e
928 4700 1115 4749 contra
1147 4696 1478 4760 quaecunque
1506 4679 1818 4751 abiecerunt
1838 4674 2027 4735 Patres
2054 4682 2153 4733 no:

558 4768 657 4853 slri
685 4791 906 4865 egregii,
946 4792 1046 4842 nos
1071 4795 1285 4854 quoque
1322 4776 1657 4851 projicitnus,
1694 4779 1749 4826 et
1774 4768 2030 4825 Ecclesiae
2058 4781 2154 4865 ar-

555 4855 841 4944 bitramur:
874 4879 1120 4935 adversa.
1178 4871 1313 4927 Cum
1358 4866 1554 4938 quibus
1604 4866 2028 4919 connumeratur
2067 4855 2153 4916 in-

557 4986 705 5034 tenta
735 4968 988 5048 [nupera]
1023 4980 1219 5022 vocum
1262 4960 1472 5018 novitas
1511 4955 1847 5013 Christianos
1885 4965 2153 5009 accusan-

560 5073 719 5134 tium,
738 5041 910 5123 ueluti
938 5041 1138 5119 cancer
1162 5070 1361 5130 pascua
1390 5053 1445 5113 in
1473 5049 1721 5107 ecclesiis
1762 5044 1965 5102 nostris
2011 5041 2155 5099 acci-

1369 5146 1403 5158 n
1506 5142 1517 5155 .
1673 5139 1711 5152 ἡ
1867 5136 1878 5147 ο
1971 5135 1997 5146 η
2079 5148 2125 5156 -.⁸

2253 3385 2351 3443 per
2374 3367 2690 3423 Dominum:
2719 3372 2773 3418 et
2797 3361 3000 3419 foedera
3030 3359 3182 3433 fecit,
3208 3367 3263 3417 et
3290 3373 3395 3421 non
3413 3357 3674 3433 spiritum
3699 3352 3832 3422 ejus:
3914 3412 3916 3427 ἰ

2255 3460 2512 3532 quoniam
2551 3463 2803 3514 ornatum
2841 3451 3234 3511 venerabilium
3266 3447 3595 3520 templorum
3627 3446 3834 3502 demoli-
3914 3460 3916 3529 ξ

2257 3563 2370 3617 tum
2394 3559 2497 3609 cst.
2531 3548 2586 3605 ln
2610 3548 2713 3603 hoc
2729 3545 2959 3603 concilio
2982 3543 3160 3601 nullus
3184 3539 3464 3603 hominum
3491 3538 3760 3597 invenitur
3778 3534 3833 3591 ad
3914 3524 3916 3585 ἓ

2256 3642 2546 3713 imaginem
2596 3638 2689 3695 Dei
2739 3638 2943 3705 factus,
2994 3636 3137 3707 quia
3175 3632 3466 3706 imaginem
3517 3630 3731 3688 Domini
3782 3644 3836 3683 ae
3914 3634 3916 3679 λ

2255 3747 2568 3793 sanctorum
2595 3732 2713 3804 ejus
2741 3731 3159 3789 dehonestantes
3196 3736 3250 3782 et
3277 3714 3713 3801 confringentes,
3743 3721 3838 3794 igni
3914 3722 3916 3739 '

2260 3826 2615 3884 tradiderunt.
2646 3824 2760 3880 lloc
2784 3820 3079 3879 concilium
3112 3817 3252 3874 furia
3273 3825 3329 3873 et
3363 3816 3619 3872 vecordia
3650 3815 3836 3891 plenam
3914 3818 3916 3821 '

2256 3920 2626 3979 satanicarum
2656 3933 2848 3975 vocum
2879 3913 3205 3972 sententiam
3237 3910 3384 3969 fecit.
3420 3909 3541 3965 Hoc
3571 3906 3836 3971 concilium

2258 4013 2429 4071 solam
2459 4011 2915 4083 nuncupationem
2939 4007 3103 4063 habet
3130 4001 3547 4067 sacerdotalem,
3576 3998 3836 4056 scientiam

2259 4114 2438 4161 autem
2460 4118 2683 4177 pravam
2715 4110 2878 4174 atque
2909 4099 3214 4172 profanam.
3252 4094 3368 4151 Hoc
3390 4093 3689 4169 concilium
3724 4104 3838 4145 eon-

2261 4205 2445 4253 tumax
2480 4196 2644 4253 habet
2681 4210 2766 4262 os,
2807 4203 2861 4250 et
2906 4191 3156 4262 spiritum
3199 4187 3488 4244 mendacio
3516 4184 3835 4241 delibutum:

2259 4302 2385 4345 nam
2416 4288 2696 4345 veritatem
2726 4285 2943 4357 quidem
2972 4282 3159 4348 ﬁnxit,
3197 4279 3251 4339 in
3277 4277 3491 4333 fallacia
3521 4271 3839 4348 [insumpsit
3914 4290 3916 4295 -

2263 4380 2578 4454 [falsitatem
2603 4393 2735 4435 vero
2758 4377 2928 4434 libere
2957 4372 3186 4446 docuit].
3212 4371 3328 4428 Hoc
3357 4368 3650 4435 concilium
3677 4373 3838 4454 sancta
3914 4420 3916 4427 ,

2260 4453 2445 4527 nostra
2476 4468 2748 4543 synodus,
2789 4473 2976 4539 utpote
3015 4460 3224 4533 zizania
3252 4460 3552 4517 Dominicae
3599 4472 3758 4521 arae,
3796 4453 3837 4506 id

2262 4572 2345 4619 est
2362 4542 2641 4623 catholica:
2662 4558 2940 4631 Ecclesiat,
2963 4554 3267 4620 ventilavit,
3294 4560 3348 4607 et
3372 4549 3680 4606 ventilabro
3695 4542 3837 4603 divini

2257 4653 2447 4726 judicii
2487 4649 2737 4725 proiecit.
2769 4647 2961 4705 Ablata
2999 4661 3129 4721 ergo
3157 4652 3283 4701 sunt
3315 4658 3348 4696 a
3379 4640 3652 4699 catholica
3678 4636 3840 4696 Eccle—

2261 4750 2341 4806 sia
2366 4756 2421 4805 et
2448 4747 2737 4817 redarguta
2759 4741 3012 4815 ﬁgmenta
3037 4737 3173 4809 ejus.
3206 4737 3409 4799 Verum
3434 4734 3584 4789 enim
3607 4741 3662 4793 et
3679 4729 3839 4786 rectis

2260 4840 2458 4899 simum
2492 4835 2748 4892 Ecclesiae
2776 4832 3039 4904 judicium
3070 4845 3173 4889 nec
3200 4842 3400 4887 novum
3428 4824 3575 4895 ﬁeri,
3615 4838 3715 4880 nec
3741 4819 3838 4877 adi-

2261 4930 2335 5015 pii
2386 4930 2439 4987 in
2486 4942 2552 4984 ca
2591 4925 2903 4999 quidquam-
2936 4920 3194 4993 indulget.
3239 4917 3348 4977 Nos
3395 4916 3566 4989 igitur
3612 4904 3841 4986 paternas

2261 5002 2407 5097 leges
2437 5030 2726 5094 sequentes
2745 5060 2760 5084 ,
2792 5019 2861 5075 ab
2886 5032 2997 5081 uno
3039 5014 3232 5089 spiritu
3258 5017 3483 5080 accepta
3508 5006 3731 5085 gratia,
3757 5002 3839 5057 im-

2268 5095 2508 5162 -υῙ-ιεισιια
2534 5115 2676 5162 [sine
2708 5111 2816 5162 ulla
2844 5104 3211 5172 innovatione]
3239 5113 3295 5173 et
3320 5101 3657 5175 indiminute
3689 5095 3843 5154 οωιιί³

3768 5204 3840 5227 Ml’
