3980 6296
1647 266 1730 287 ---.κ

190 433 299 490 477

841 433 1394 498 INTERPRETATIO
1434 439 1682 497 SYNODI
1717 441 1804 504 VII
1841 441 2248 502 CENEIiAIJS.
2306 477 2378 488 —
2409 447 2614 506 ACTIO
2651 447 2782 504 VIII.

3349 449 3468 506 4'18:

191 555 466 625 particeps
505 553 663 610 ﬁlius.
699 554 842 627 Ergo
879 557 1059 614 omnia
1107 559 1356 616 scandala
1410 569 1767 624 recesserunt;
1802 564 1848 624 Α
1879 561 2006 617 tiam
2053 564 2327 622 traductus
2353 577 2472 624 est:
2513 584 2807 627 conversus
2839 579 2922 626 est
2961 571 3207 643 planctus
3237 573 3288 627 In
3325 587 3456 642 gau-

193 643 382 700 omnia
422 645 776 711 exterminata
812 656 964 702 sunt:
997 649 1202 705 Veritas
1233 652 1395 720 viget,
1437 653 1773 706 mendacium

193 740 350 796 I'oras
367 742 617 798 emissum
640 752 919 798 est:sator
941 744 1270 802 zizaniorum
1299 761 1522 816 prorsus
1549 746 1773 812 deiecit;

193 830 531 886 frumentum
557 841 767 898 autem,
799 833 1026 903 populus
1054 834 1302 890 videlicet
1321 835 1521 890 Christi
1551 837 1776 901 amicus,

1879 654 2025 710 dium
2052 659 2224 714 nobis.
2247 658 2436 717 Omnia
2462 661 2515 716 in
2540 663 2730 718 melius
2755 671 3055 719 transvecta
3082 671 3206 719 sunt
3242 673 3458 736 propter

1879 750 2021 820 quod
2062 760 2115 808 et
2158 767 2256 808 nos
2292 752 2583 822 apostolice
2631 755 2784 810 vobis
2823 753 3270 824 pronuntiamus:
3315 755 3458 810 Gun-

1883 843 1996 899 dete
2033 846 2087 898 in
2139 844 2391 911 Domino,
2438 846 2689 916 gaudete,
2725 857 2772 900 et
2811 848 2996 905 iterum
3047 849 3264 917 gaudete
3303 848 3458 906 (Plii-

193 921 252 977 in
281 939 445 978 unum
483 923 737 980 horreum
786 924 1040 982 Ecclesiae
1070 927 1268 982 Christi
1300 927 1517 982 allatum
1541 936 1642 984 est.
1675 927 1779 984 Or-
1882 933 2009 1005 tipp.
2041 935 2142 1003 nt);
2174 936 2372 990 trinum
2401 935 2545 990 enim
2572 935 2824 1008 gaudium
2853 933 3089 991 Trinitas
3113 937 3267 990 nobis
3295 937 3462 990 dona-

193 1013 470 1070 tbodoxiae
500 1013 588 1070 lux
613 1025 731 1070 orta
757 1025 861 1082 est,
889 1017 1093 1072 erroris
1123 1019 1360 1074 tenebrae
1381 1017 1604 1074 sublata:
1631 1027 1780 1078 sunt.

193 1105 457 1162 laetitia
483 1107 536 1162 in
565 1108 815 1178 gaudium
848 1117 1174 1166 commutata
1211 1119 1292 1166 est
1315 1143 1331 1176 ,
1368 1108 1543 1165 luctus
1569 1109 1620 1166 in
1652 1109 1781 1166 iarti-

1885 1028 1961 1081 vit
1986 1045 1998 1080 :
2029 1041 2190 1098 quam
2223 1029 2374 1084 decet
2399 1028 2574 1084 honor
2601 1037 2656 1084 et
2681 1028 2962 1100 imperium
2990 1029 3043 1084 in
3071 1029 3264 1083 saecula
3297 1039 3464 1083 secu-

1885 1117 2078 1175 lerunt.
2104 1118 2300 1175 Amen.

197 1297 3454 1334 ΜΝ*

1439 1454 1744 1534 ACTIO
1821 1455 2223 1538 OCTAVA
2278 1477 2330 1534 ⁸.

273 1774 330 1830 In
381 1771 598 1828 nomine
644 1770 852 1827 Domini
895 1777 950 1824 et
999 1769 1351 1826 dominatoris
1397 1767 1523 1826 Jesn
1582 1769 1781 1825 Christi

1889 1771 2188 1829 Credentes
2226 1773 2277 1827 in
2308 1789 2472 1827 unum
2502 1773 2668 1827 Deum
2704 1773 2755 1828 in
2796 1773 3057 1829 Trinitatc
3089 1773 3469 1842 eollattdatum,

197 1865 315 1920 veri
377 1864 473 1920 Dei
524 1863 716 1924 nostri.
772 1861 1000 1933 Imperio
1066 1861 1430 1932 piissimorum
1476 1855 1784 1930 Christique
1816 1879 1860 1940 Β
1890 1864 2232 1921 honorabiles
2257 1865 2370 1935 eius
2394 1867 2654 1939 imagines
2674 1867 2998 1923 salutamus!
3032 1866 3130 1936 Qui
3160 1869 3236 1925 sic
3252 1883 3354 1924 non
3377 1871 3472 1924 ha-

200 1959 503 2014 amantium
562 1958 899 2012 dominorum
961 1963 1271 2011 nostrorum
1343 1954 1679 2010 Constantini
1735 1964 1791 2010 et

201 2049 387 2105 Irenes
413 2049 529 2118 ejus
567 2049 772 2113 matris,
804 2059 943 2102 anno
972 2047 1282 2103 consulatus
1310 2047 1549 2118 ipsorum
1578 2055 1784 2112 octavo,

203 2159 238 2198 ι
261 2139 533 2198 Kalendas
559 2141 896 2206 Novembris,
925 2140 1218 2196 indictione
1245 2139 1552 2195 undecima.

275 2235 556 2304 Tanquam
585 2234 820 2289 illustres
843 2231 1088 2290 veritatis
1112 2245 1412 2304 praecones,
1429 2239 1592 2302 atque
1615 2239 1793 2287 custo-

201 2331 299 2386 Jes
347 2330 705 2399 imperatores
743 2326 1080 2383 orthodoxite
1119 2324 1383 2390 fautores,
1430 2325 1613 2379 divino
1661 2324 1792 2378 moti

202 2421 480 2478 desiderio
501 2461 516 2485 ,
543 2419 763 2476 minime
790 2419 1067 2476 ferendum
1093 2424 1354 2488 putarunt
1379 2431 1484 2472 non
1511 2415 1793 2472 considere

201 2515 434 2586 synodo.
489 2511 719 2567 Proinde
786 2510 988 2582 scripto
1051 2511 1289 2580 ipsorum
1337 2517 1664 2580 praeceptum
1714 2518 1797 2564 est

197 2604 552 2678 patriarchae,
584 2611 639 2660 ut
679 2617 868 2658 omnes
899 2601 1010 2658 Deo
1033 2599 1295 2658 amabiles
1319 2601 1600 2673 episc0pos
1626 2601 1793 2655 addu-

200 2705 354 2754 ceret
407 2696 474 2752 ad
527 2694 957 2752 conservandam
1011 2693 1270 2750 divinitus
1319 2707 1513 2748 novam
1569 2689 1794 2746 Romam

201 2789 415 2861 regiam
457 2786 696 2857 ipsorum
738 2785 946 2840 urbem.
976 2784 1180 2851 Quibus
1208 2783 1295 2838 ille
1321 2782 1514 2838 litteris
1563 2777 1799 2852 acceptis

201 2881 523 2935 mandatum
547 2878 928 2949 imperatorum
956 2875 1370 2947 exsequebatur.
1395 2873 1524 2929 Nam
1549 2882 1670 2944 post
1691 2889 1801 2928 om-

203 2977 358 3030 nium
400 2989 559 3044 supra
609 2973 976 3044 expositorum
1021 2971 1429 3037 tractationem,
1482 2969 1800 3039 felicemque

205 3066 283 3120 rei
341 3065 579 3129 exitum,
617 3063 866 3118 onmibns
909 3061 1015 3118 Deo
1058 3060 1376 3118 amabilihus
1412 3059 1677 3136 episcopis
1715 3073 1802 3114 sc-

1890 1958 2037 2022 bent,
2054 1959 2340 2013 anathema
2355 1959 2488 2014 siut!
2509 1959 2606 2027 Qui
2622 1975 2728 2015 non
2746 1961 2816 2014 ita
2834 1957 3093 2026 sentiunt,
3111 1959 3392 2025 eiii-lantur
3409 1961 3475 2015 ab

1891 2049 2157 2106 Ecclesia!
2187 2050 2291 2106 Nos
2311 2051 2586 2121 antiquum
2603 2051 2880 2108 catholicas
2895 2049 3148 2108 Ecclesiae
3173 2052 3474 2106 institututn

1891 2139 2196 2210 sequimur!
2229 2141 2336 2197 Nos
2378 2141 2637 2198 addentes
2667 2142 2751 2196 vel
2793 2141 3067 2198 dementes
3093 2141 3382 2214 quidquam
3411 2141 3478 2196 de

1891 2233 2156 2288 catholica
2186 2231 2446 2296 Ecclesia,
2491 2233 3041 2289 anathematizamus!
3073 2231 3181 2289 Nos
3234 2229 3478 2288 adventi-

1893 2330 2023 2384 tiam
2065 2329 2358 2384 novitatem
2387 2328 2726 2384 Christianos
2773 2327 3142 2384 accusantium
3168 2325 3480 2382 anathema-

1894 2419 2153 2476 tisamuS!
2190 2421 2298 2476 Nos
2333 2419 2671 2476 venerandus
2707 2419 2967 2490 imagines
3007 2417 3326 2489 recipimus!
3371 2415 3479 2471 Nos

1896 2515 1987 2585 qui
2014 2531 2120 2570 non
2147 2515 2220 2569 ita
2245 2513 2507 2577 sentiunt,
2538 2507 2864 2568 anathemati
2897 2509 3241 2583 subiicimus!
3269 2506 3365 2564 His
3385 2508 3477 2579 qui

1897 2605 2171 2676 accipiunt
2218 2620 2387 2660 sacrae
2431 2604 2724 2675 Scriptura:
2762 2603 2903 2658 dicta
2954 2602 3212 2657 adversus
3253 2600 3391 2656 idola
3425 2601 3477 2654 in

1897 2699 2230 2754 venerandos
2269 2699 2549 2769 imagines,
2583 2697 2899 2753 anathema!
2930 2695 2993 2752 Ei
3021 2697 3109 2766 qui
3143 2711 3246 2750 non
3284 2695 3481 2749 salutat

1897 2793 2114 2844 sanctas
2148 2789 2440 2858 imagines,
2473 2787 2786 2843 anathema!
2835 2783 2929 2842 liis
2971 2785 3060 2857 qui
3103 2799 3285 2841 sacras
3342 2785 3479 2838 ima-

1897 2883 2050 2954 gines
2081 2881 2218 2937 idola
2249 2890 2466 2947 vocant,
2501 2881 2817 2935 anathema!
2851 2879 2946 2935 His
2983 2878 3074 2949 qui
3111 2880 3297 2934 dicunt
3323 2875 3482 2932 Chri-

1897 2974 2106 3028 stianos
2153 2974 2413 3028 accedere
2466 2971 2532 3027 ad
2579 2969 2839 3043 imagines
2889 2981 3143 3042 tanquam
3195 2967 3261 3024 ad
3313 2967 3479 3033 deos,

1901 3065 2215 3120 anathema!
2253 3061 2346 3118 His
2375 3059 2464 3134 qui
2498 3061 2684 3119 dicunt
2713 3075 2810 3134 per
2839 3061 3000 3117 alium
3033 3071 3166 3130 nos,
3196 3071 3356 3132 quam
3387 3071 3485 3130 per

207 3175 332 3213 0""!
369 3156 603 3228 acceptis
641 3156 694 3210 ίη
730 3155 872 3210 Viam
907 3171 967 3211 8°
995 3155 1140 3210 dedi!
1166 3195 1182 3222 9
1212 3162 1267 3210 ei
1312 3153 1366 3209 in
1411 3153 1598 3210 urbem
1628 3170 1656 3207 ³
1689 3151 1800 3207 1)οο
1899 3161 2175 3219 Christum
2203 3163 2368 3218 Deum
2403 3165 2646 3217 nostrum
2673 3157 2928 3214 liberatos
2959 3157 3027 3214 ab
3054 3155 3228 3236 idolis,
3263 3157 3486 3212 anathe-

209 3248 640 3304 conservandam
671 3245 900 3318 profecti
944 3255 1068 3304 sunt
1111 3261 1320 3304 omnes.
1351 3245 1469 3314 Quo
1493 3245 1585 3304 ubi
1610 3260 1798 3316 pervc-
1827 3243 1869 3305 C
1901 3252 2016 3309 ma!
2071 3249 2165 3310 llis
2204 3253 2293 3324 qui
2347 3249 2526 3310 dicere
2568 3249 2768 3307 audent
2817 3247 3134 3306 catholicam
3189 3245 3486 3304 Ecclesiam

208 3357 364 3406 nere,
417 3341 485 3396 ah
535 3339 948 3411 imperatoribus
998 3339 1230 3410 benigne
1289 3337 1493 3407 accepti
1539 3346 1682 3393 sunt.
1728 3336 1798 3392 At

1908 3339 2040 3402 ldola
2073 3355 2309 3416 tthuam
2335 3341 2638 3416 recepisse,
2666 3341 2984 3400 anathema!
3025 3341 3286 3398 Omnibus
3314 3331 3488 3397 hterc-

207 3451 344 3491 vero
367 3451 484 3505 qua:
505 3433 832 3492 faustissime
851 3433 1130 3506 praefulget
1156 3449 1183 3490 a
1209 3433 1319 3489 Deo
1343 3433 1605 3489 custodita
1638 3433 1798 3502 impe-

209 3529 387 3584 ratrix
413 3527 554 3581 bono
584 3525 716 3581 inito
742 3525 968 3582 consilio
993 3524 1134 3580 diem
1165 3531 1363 3578 statum
1395 3523 1546 3586 dixit,
1585 3538 1693 3592 quo
1714 3537 1800 3594 sy-

209 3621 406 3675 nodico
447 3634 567 3674 cum
615 3618 878 3692 episcopis
925 3615 1278 3688 praesideret:
1319 3615 1460 3686 quod
1499 3622 1553 3670 et
1601 3612 1800 3670 factum

211 3721 297 3767 est
325 3713 377 3767 in
403 3711 602 3781 palatio
627 3711 770 3782 quod
796 3710 1083 3782 Magnaura
1109 3717 1350 3763 vocatur.
1388 3707 1572 3778 Itaque
1603 3721 1799 3778 propo-

211 3804 337 3858 sitis
387 3803 590 3858 sanctis
634 3800 728 3856 Dei
778 3800 1113 3872 Evangeliis,
1150 3798 1472 3870 praesidente
1521 3796 1634 3870 ipsa
1676 3809 1800 3850 cum

213 3897 372 3951 simul
405 3905 665 3968 regnante
693 3894 822 3962 ﬁlio,
850 3903 905 3962 et
941 3893 1193 3950 universa
1216 3891 1421 3963 synodo
1440 3929 1456 3960 ,
1494 3889 1799 3962 patriarcha

211 3987 480 4059 synodum
507 3985 724 4055 alloqui,
752 3986 946 4056 quibus
967 4000 1066 4055 par
1094 3990 1212 4039 erat
1237 3981 1444 4048 verbis,
1469 3981 1652 4056 jussus
1678 3989 1762 4036 est
1785 3997 1798 4034 :

215 4082 372 4151 isque
395 4080 706 4136 mandatum
744 4077 1129 4147 imperatorum
1157 4073 1570 4142 exsequebatur.
1604 4071 1803 4125 Deinde

213 4175 317 4245 ipsi
349 4173 514 4230 etiam
541 4171 760 4228 vocibus
793 4185 824 4226 a
853 4169 962 4224 Deo
995 4168 1232 4237 acceptis
1253 4165 1464 4242 placido
1494 4172 1549 4218 et
1576 4162 1804 4234 eleganti

216 4279 472 4320 sermone
501 4261 760 4334 synodum
791 4259 937 4315 atl‘ati
967 4266 1122 4316 sunt:
1156 4259 1229 4314 ita
1257 4265 1314 4312 ut
1337 4271 1525 4313 omnes
1550 4271 1673 4312 cum
1703 4269 1802 4326 pa-

221 4357 464 4414 triarcha
489 4356 599 4410 Deo
629 4352 889 4410 amabiles
915 4349 1151 4424 episcopi
1178 4349 1431 4420 congruis
1458 4345 1805 4404 acclamatio-

218 4448 377 4502 nibus
405 4447 525 4502 iilos
548 4452 1024 4517 prosequerentur.
1055 4441 1150 4498 liis
1172 4441 1245 4496 ita
1273 4440 1456 4514 gestis,
1486 4454 1672 4496 rursus
1703 4438 1805 4491 int-

209 4549 502 4612 'peratores
527 4539 595 4594 ad
617 4537 880 4610 synodum
912 4536 1104 4594 talibus
1132 4536 1215 4594 usi
1244 4543 1368 4591 sunt
1389 4533 1570 4590 verbis
1594 4549 1606 4587 :
1640 4532 1807 4604 Lega-

1902 3438 2024 3493 tlcis
2054 3437 2374 3493 anathema!
2411 3435 2673 3501 Cimcilio,
2697 3431 2838 3508 quod
2874 3433 2928 3490 in
2956 3433 3292 3490 vcnerandas
3323 3431 3489 3489 inl‘rc-

1900 3531 2036 3586 muit
2085 3531 2369 3600 imagines,
2403 3527 2719 3584 anathema!
2749 3523 2808 3583 Ei
2836 3528 2926 3598 qui
2967 3525 3156 3597 recipit
3191 3526 3352 3595 impia
3378 3525 3488 3580 ha:-

1903 3623 2084 3674 reseos
2115 3620 2351 3690 ipsorum
2377 3619 2596 3690 scripta,
2627 3613 2951 3674 anathema!
2982 3615 3285 3673 Theodosio
3312 3615 3490 3688 Ephe-

1903 3714 2024 3768 sino
2091 3711 2547 3783 psetidoeplsCOpo
2615 3711 2936 3767 anathema!
2995 3703 3233 3766 Sisinnio
3290 3711 3491 3781 cogno-

1904 3816 2084 3862 mento
2125 3806 2359 3864 Postilla;
2387 3807 2720 3864 anathema!
2765 3805 2964 3862 Basilio
2993 3803 3212 3862 infausti
3257 3803 3491 3859 nominis

1905 3901 2278 3966 Tricaccabo,
2329 3899 2656 3956 anathema!
2714 3898 2954 3958 Trinitas
3024 3898 3186 3952 trium
3239 3896 3490 3968 dogmata

1904 3994 2129 4048 evertit!
2177 3992 2492 4055 Anastasio,
2521 3991 2880 4048 Constantino
2911 3998 2965 4044 et
3011 3990 3228 4054 Nicetar,
3273 3989 3362 4059 qui
3396 4003 3492 4058 per

1905 4083 2305 4140 successionem
2336 4083 2446 4138 sedi
2474 4080 3082 4152 Constat‘itinopolitanze
3105 4080 3490 4152 praesederunt,

1903 4171 2069 4230 veluti
2115 4181 2253 4229 novo
2296 4165 2443 4237 Atio,
2483 4159 2731 4227 Nestorio
2760 4169 2813 4226 ct
2849 4161 3124 4233 Dios'cmo,
3168 4163 3488 4223 anathema!

1905 4267 2098 4324 Joanni
2133 4259 2454 4322 Nicomedia:
2481 4267 2535 4320 et
2561 4265 2916 4321 Constantino
2944 4255 3172 4319 Nacoliie
3201 4261 3487 4318 hteresiar-

1908 4357 2044 4424 chis,
2091 4351 2408 4414 anathema!
2453 4348 2824 4428 Despexcrunt
2867 4353 3156 4426 Imaginem
3189 4349 3399 4407 Domini
3441 4359 3497 4406 et

1908 4457 2220 4510 sanetorum
2253 4450 2369 4520 ejus
2397 4465 2410 4503 :
2441 4443 2687 4593 despexit
2714 4451 2806 4502 eos
2834 4435 3110 4501 Dominus.

1981 4531 2036 4593 Si
2067 4539 2189 4593 anis
2226 4531 2498 4593 Christum
2578 4551 2701 4593 eum
2731 4539 2974 4593 nosnum
3025 4535 3110 4591 ciri

1981 4531 2036 4596 Si
2067 4539 2189 4611 quis
2226 4531 2498 4594 Christum
2531 4531 2701 4594 Deum
2731 4539 2974 4594 hosu‘um
3025 4533 3493 4604 circumscriptum

222 4609 306 4692 tur
336 4637 484 4693 clara
511 4609 656 4692 voce,
685 4635 827 4692 edita
856 4649 887 4688 a
926 4633 1080 4690 vobis
1107 4631 1364 4696 deﬁnitio,
1393 4638 1454 4686 ut
1493 4645 1524 4685 a
1569 4627 1724 4690 nobis
1751 4635 1808 4681 et
1831 4609 1882 4670 D
1910 4645 2014 4688 non
2047 4609 2340 4686 conﬁtetur
2381 4629 2676 4685 secundum
2720 4619 3130 4692 humanitatem,
3175 4619 3492 4680 anathema!

220 4738 418 4785 cuncto
443 4735 654 4782 astante
684 4735 741 4781 et
767 4713 1040 4780 Christum
1063 4733 1276 4778 amante
1307 4720 1501 4792 populo
1528 4719 1800 4774 audiatur.

219 4829 268 4872 et
297 4824 576 4873 annuente
602 4815 702 4870 hoc
733 4813 981 4869 universa
1012 4813 1238 4886 synodo,
1267 4810 1489 4867 Cosmas
1521 4810 1628 4865 Deo
1659 4824 1808 4864 ama-

219 4909 340 4964 bilis
371 4908 632 4962 diaconus
662 4913 716 4960 et
757 4903 1096 4960 cubuclesius
1137 4909 1408 4973 acceptam
1441 4893 1806 4956 deﬁnitionem

219 4999 367 5070 legit.
416 4997 534 5066 Qua
581 4993 719 5052 lecta
772 4995 1122 5066 imperatores
1178 4995 1250 5048 ita
1303 4993 1804 5062 interrogaverunt:

219 5091 377 5146 Dicat
404 5095 591 5144 sancta
621 5093 675 5144 et
705 5085 1036 5143 (ecumenica
1065 5083 1320 5156 synodus,
1347 5097 1472 5138 num
1505 5079 1645 5138 lecta
1677 5079 1808 5136 deﬁ-

217 5183 356 5238 nitio
401 5187 644 5236 vestrum
688 5180 928 5235 omnium
977 5185 1242 5234 consensu
1299 5174 1368 5232 sit
1408 5173 1568 5232 edita.
1619 5175 1688 5230 At
1731 5173 1808 5230 illi

217 5276 705 5330 exclamaverunt:
737 5269 812 5328 Ita
855 5273 1155 5337 credimus,
1187 5271 1260 5325 ita
1295 5283 1483 5324 omnes
1509 5268 1805 5334 sentimus;

215 5383 411 5424 omnes
456 5363 844 5422 consentiendo
887 5363 1330 5436 subscripsimus!
1383 5361 1510 5418 Haec
1537 5369 1631 5416 est
1679 5357 1810 5417 ﬁdes

219 5457 622 5530 apostolorum,
654 5457 768 5513 iure
803 5453 936 5511 ﬁdes
977 5453 1221 5519 Patrum,
1257 5453 1372 5508 haec
1393 5450 1528 5507 ﬁdes
1549 5443 1808 5506 orthodo-

217 5563 455 5606 xorum:
507 5547 625 5606 haec
670 5545 802 5604 iides
849 5546 1033 5603 urbem
1083 5547 1350 5602 terrarum
1402 5537 1804 5601 constabilivit!

291 5743 320 5776 ι
348 5729 430 5786 Ex
481 5745 620 5786 nova
662 5731 934 5787 versione.
975 5751 1047 5772 --
1085 5728 1216 5798 Qua:
1253 5733 1548 5798 sequuntur
1584 5725 1813 5782 actionis

220 5811 432 5858 octava:
463 5802 622 5858 titulo
656 5810 953 5871 praanotata
982 5801 1084 5856 hoc
1109 5795 1257 5865 loco,
1291 5795 1344 5852 in
1374 5795 1576 5871 Graecis
1604 5806 1810 5871 tantum

221 5874 479 5945 leguntur
507 5867 783 5928 codicibus
806 5913 820 5939 ,
867 5871 962 5928 sed
997 5871 1138 5942 apud
1167 5869 1510 5926 Anastasium
1542 5876 1596 5924 ct
1626 5867 1810 5938 vulga-

1977 4715 2036 4778 Sl
2060 4721 2180 4793 quis
2207 4721 2547 4794 erangelicas
2575 4719 2830 4777 historias
2859 4709 3183 4793 imaginibus
3210 4721 3497 4788 expressas

1907 4829 2015 4870 non
2042 4811 2299 4880 admittit,
2333 4809 2653 4868 anathema!

1978 4905 2037 4963 Si
2071 4908 2192 4977 quis
2242 4903 2387 4978 ipsas
2435 4909 2539 4962 non
2585 4897 2802 4972 Salutat,
2851 4909 2973 4962 etim
3016 4904 3124 4960 sint
3171 4891 3225 4958 in
3283 4901 3498 4957 nomine

1909 4995 2119 5054 Domini
2149 4997 2202 5053 et
2223 5003 2532 5053 sanctorum
2560 4995 2695 5068 ejus,
2727 4995 3046 5051 anuiht‘ma!

1979 5081 2037 5137 Si
2085 5081 2206 5152 quis
2245 5089 2460 5138 omnem
2513 5079 2930 5137 ecetesiaSticam
2990 5075 3329 5132 traditionem
3385 5077 3500 5132 'sit'e

1909 5171 2186 5245 scriptam,
2213 5173 2329 5230 sive
2357 5187 2464 5231 non
2489 5171 2746 5244 scriptam
2775 5169 2969 5241 reiicit,
2995 5173 3280 5228 anatheftta
3307 5169 3320 5226 !

1980 5265 2108 5324 Post
2128 5267 2227 5323 has
2255 5265 2668 5324 acclamationes
2698 5259 3005 5338 patriarcha
3025 5261 3184 5320 oiiert
3206 5261 3498 5334 imperato-

1909 5359 2059 5416 ribus
2086 5359 2282 5415 le'ctum
2323 5353 2647 5414 deﬁnitionis
2682 5361 2910 5421 tomum,
2938 5354 3338 5426 postulavitque
3378 5353 3495 5406 eum

1910 5451 2162 5510 universa
2190 5447 2414 5524 synodo,
2446 5458 2504 5504 ut
2533 5449 2948 5520 consignaretur
2991 5455 3044 5504 et
3073 5445 3499 5504 comm‘uniretnr

1909 5543 2014 5620 piis
2033 5551 2220 5604 eurum
2244 5538 2746 5616 subscriptionibus.
2772 5537 2839 5599 Et
2867 5539 3137 5614 accipiens
3164 5531 3336 5594 fausto
3361 5547 3473 5608 pra:

1914 5733 2024 5780 tam
2071 5722 2364 5781 editionem
2411 5735 2521 5776 non
2562 5719 2831 5776 habentur
2863 5718 3068 5789 (excipe
3108 5727 3381 5789 canones,
3413 5716 3501 5789 __d_e

1916 5797 2111 5866 quibus
2134 5793 2362 5866 postea).
2393 5791 2577 5846 Visum
2614 5797 2796 5861 tamen
2820 5782 2904 5844 est
2931 5782 3212 5866 ea'inseri,
3240 5785 3385 5858 quod
3411 5782 3501 5841 ila

1915 5859 2225 5923 contineant
2247 5859 2366 5937 qua:
2395 5871 2520 5922 sunt
2550 5871 2669 5919 acta
2689 5859 2810 5932 past
2837 5859 3116 5929 synodum.
