3916 5370
540 403 647 467 479

1686 412 2049 471 ANASTASII
2089 406 2628 468 BIBLlOTilECARll

3686 388 3779 450 480

542 527 751 601 fulgens
799 527 1203 601 religiosissima
1262 530 1575 602 imperatrix
1624 531 1971 602 subscripsit;
2023 531 2119 585 da—
2148 532 2195 588 Α
2224 525 2394 579 tltema
2422 523 2529 577 sit!
2557 519 2699 592 (Gal.
2732 518 2797 591 ι.)
2851 516 2947 573 His
2976 515 3047 571 ita
3100 529 3161 571 se
3201 511 3527 569 habentibus
3568 517 3627 564 et
3665 523 3779 602 pro-

538 618 736 690 batque
763 620 923 675 simul
966 622 1210 692 regnanti
1241 622 1368 688 lilio,
1415 634 1472 678 ut
1518 634 1573 678 et
1598 625 1711 695 ipse
1735 624 2116 679 subscriberet.

540 712 693 780 Quod
731 713 819 768 ubi
875 712 1096 778 factum,
1129 714 1331 769 reddita
1381 725 1464 771 est
1509 718 1833 787 patriarcha:
1878 715 2118 770 deﬁnitio

539 818 638 873 per
668 802 1003 860 Stauracium
1033 805 1441 862 celeberrimum
1476 808 1763 878 patricium
1789 817 1844 863 et
1879 807 2120 862 loaothe-

542 892 689 948 tham
715 892 911 948 dromi.

610 981 853 1051 Tumque
875 984 1113 1040 unanimi
1146 1000 1408 1042 consensu
1442 1001 1630 1043 omnes
1651 987 1885 1059 episcopi
1913 988 1985 1044 ita
2018 989 2116 1044 im-

535 1071 874 1141 peratoribus
896 1074 1285 1131 acclamarunt.
1975 1097 1978 1101 ‘

609 1161 759 1217 Multi
803 1165 928 1219 anni
973 1165 1385 1235 imperatorum!
1440 1168 1797 1225 Constantino
1845 1178 1901 1226 et
1951 1170 2118 1226 [rente

539 1255 698 1309 matri
747 1254 863 1323 ejus
907 1256 1055 1311 multi
1106 1259 1262 1314 anni!
1325 1258 1656 1317 Orthodoxis
1702 1262 2118 1337 imperatoribus

537 1346 691 1401 multi
729 1347 888 1403 anni!
942 1349 1247 1406 Victoribus
1288 1351 1704 1423 imperatoribus
1749 1353 1903 1407 multi
1950 1353 2112 1407 anni!

536 1437 782 1495 Paciﬁcis
803 1439 1217 1509 imperatoribus
1235 1442 1386 1497 multi
1417 1442 1542 1497 anni
1562 1444 1574 1498 !
1599 1442 1748 1498 Novo
1767 1442 2118 1516 Constantino

536 1539 592 1585 et
634 1546 783 1587 novze
823 1531 1036 1587 Helenae
1064 1544 1265 1588 :eterua
1316 1535 1607 1589 memoria!
1651 1535 1791 1591 Deus
1832 1533 2117 1603 imperium

543 1624 780 1694 ipsorum
811 1627 1123 1681 conservet!
1154 1626 1403 1681 Pacatam
1427 1669 1442 1693 ,
1470 1626 1718 1693 Domine,
1749 1626 1915 1682 vitam
1949 1625 2113 1701 ipsis!

539 1714 821 1782 Pcrduret,
846 1715 1089 1782 Domine,
1112 1717 1348 1787 ipsorum
1379 1718 1693 1789 imperium!
1726 1717 1973 1775 Caelestis
1999 1732 2117 1785 rex,

537 1816 690 1863 tuere
717 1811 1039 1865 terrestres!

2221 614 2565 677 testantibus,
2592 611 2925 667 exsultantes
2946 609 2998 663 in
3020 607 3101 662 eis
3119 606 3259 662 sicut
3277 604 3371 674 qui
3402 602 3611 656 invenit
3624 600 3780 672 spolia

2218 706 2410 771 multa,
2455 704 2663 759 divinos
2701 715 2935 758 canones
2981 695 3427 769 amplectabiliter
3477 694 3532 748 in
3580 702 3783 763 pectore

2218 795 2580 860 recondimus,
2635 802 2690 850 et
2732 793 2995 863 integram
3029 789 3238 845 illorum
3272 785 3692 858 praeceptionem
3730 799 3786 839 ac

2218 890 2546 946 immobilem
2602 899 2887 944 tenemus:
2924 896 3033 941 tam
3085 884 3294 940 scilicet
3339 881 3557 937 illorum
3603 880 3693 949 qui
3727 879 3784 934 ab

2218 982 2374 1038 almis
2392 992 2446 1038 et
2464 979 2899 1037 laudabilissimis
2922 969 3177 1049 apostolis
3200 977 3372 1031 sancti
3395 972 3637 1045 Spiritus
3660 970 3787 1025 tubis

2216 1073 2344 1129 editi
2381 1082 2527 1138 sunt,
2550 1062 2715 1143 quam
2735 1085 2921 1126 eorum
2948 1069 3040 1139 qui
3082 1083 3113 1121 a
3141 1082 3234 1122 sex
3267 1064 3475 1122 sanctis
3503 1071 3562 1118 et
3590 1062 3786 1116 univer-

2218 1166 2419 1223 salibus
2440 1166 2679 1238 synodis,
2710 1172 2871 1234 atque
2900 1162 2986 1218 his
3004 1159 3250 1217 conciliis
3277 1173 3400 1230 qua:
3428 1155 3674 1212 localiter
3691 1152 3788 1209 col-

2217 1255 2353 1312 lecta
2383 1264 2527 1321 sunt,
2576 1256 2629 1310 in
2675 1254 3064 1324 expositionem
3115 1248 3425 1319 huiusmodi
3457 1248 3787 1303 decretorum

2214 1345 2534 1418 promnlgati
2556 1354 2681 1401 sunt
2710 1363 2723 1398 :
2752 1359 2960 1400 necnon
2986 1350 3041 1398 et
3062 1356 3246 1396 eorum
3277 1340 3371 1409 qui
3400 1354 3430 1392 a
3457 1338 3665 1392 sanctis
3701 1335 3791 1391 Pa-

2218 1439 2391 1494 tribus
2421 1440 2618 1493 nostris
2645 1436 2837 1507 prolati
2870 1435 3037 1490 fuisse
3071 1433 3388 1504 probantur.
3412 1429 3498 1484 Ab
3522 1444 3634 1484 uno
3658 1428 3787 1482 enim

2216 1512 2515 1599 eodemque
2562 1528 2754 1600 spiritu
2801 1526 3052 1583 illustrati
3102 1525 3430 1579 definierunt
3471 1537 3598 1592 qua:
3640 1537 3788 1592 expe—

2218 1618 2390 1674 diunt.
2422 1619 2490 1675 Et
2517 1619 2733 1688 quidem
2777 1632 2913 1687 quos
2940 1615 3267 1670 anathemati
3317 1613 3716 1678 transmittunt,
3746 1622 3791 1666 et

2219 1726 2318 1767 nos
2356 1710 2875 1767 anathematizamus
2904 1723 2919 1763 :
2948 1723 3082 1778 quos
3106 1722 3235 1762 vero
3262 1705 3611 1776 depositioui,
3636 1716 3688 1758 et
3709 1719 3792 1758 nos

2219 1802 2579 1872 deponimus:
2610 1816 2746 1872 quos
2787 1808 2966 1855 autem
2998 1796 3376 1869 segregationi,
3409 1805 3466 1850 ct
3500 1811 3606 1850 nos
3633 1810 3793 1864 segre

518 1966 521 1969 _
609 1899 676 1954 Et
711 1907 833 1970 post
862 1898 1067 1955 faustas
1106 1900 1519 1958 acclamationes
1558 1913 1927 1975 praeceperunt
1950 1905 2119 1976 impe-
2143 1892 2190 1952 B
2218 1908 2425 1965 gzuuus.
2451 1892 2622 1956 Porro
2639 1906 2774 1962 quos
2799 1890 3039 1967 epitimio
3064 1889 3115 1954 δ,
3148 1889 3307 1943 idest
3333 1902 3516 1959 poena:
3560 1887 3789 1949 tradunt.

538 1998 768 2057 ratores,
808 2000 865 2044 ut
891 1990 1109 2045 Patrum
1151 1993 1430 2048 sententiae
1455 1993 1776 2065 legerentur,
1809 2010 1874 2051 ex
1905 1996 1972 2051 iis
1998 2011 2117 2066 quae

510 2152 511 2155 η
541 2085 594 2140 in
621 2082 834 2139 Nicaeua
859 2083 1139 2155 metropoli
1169 2087 1407 2141 recitatae
1429 2087 1636 2156 pridem
1663 2095 1835 2153 erant,
1865 2097 1921 2142 et
1953 2102 2117 2159 expo-

535 2179 652 2233 sitae
678 2185 804 2234 sunt
832 2177 1044 2233 actione
1073 2185 1260 2247 quarta
1292 2195 1307 2232 :
1352 2177 1455 2233 hoc
1479 2185 1580 2243 est,
1611 2176 1834 2234 Joannis
1884 2178 2118 2251 Chryso-

508 2268 696 2329 stomi
741 2268 813 2337 in,
836 2266 1105 2322 Meletium
1134 2264 1442 2339 episcopum
1477 2267 1899 2333 Antiochenam,
1918 2269 2117 2326 Asterii

536 2359 772 2429 episcOpi
799 2359 1031 2414 Amasite
1065 2358 1117 2414 in
1150 2358 1501 2428 Euphemiam
1542 2369 1855 2431 martyrem,
1894 2359 2119 2417 Joannis
2194 2408 2195 2415 η

536 2448 773 2519 episcopi
799 2448 1296 2505 Thessalonicensis
1324 2466 1388 2505 ex
1415 2451 1756 2506 sermonibus
1791 2454 1859 2505 ab
1883 2466 1949 2506 eo
1985 2452 2118 2508 scri-

537 2543 645 2612 ptis
670 2550 856 2598 contra
879 2543 1136 2614 gentiles;
1166 2544 1336 2599 sancti
1365 2543 1646 2615 Symeonis
1669 2543 1874 2611 Stylitae
1895 2545 2118 2616 epistola

539 2634 607 2689 ad
625 2634 895 2691 Justiuutu
924 2637 1323 2707 imperatorem,
1348 2638 1488 2692 beati
1512 2636 1617 2692 Nili
1642 2637 1865 2693 solitarii
1895 2639 2118 2708 epistola

538 2726 605 2780 ad
642 2725 1079 2798 Olympiodorum
1108 2726 1439 2799 pra-lectum.
1486 2728 1563 2783 Ex
1595 2727 1893 2784 canouibus
1918 2714 2121 2787 sancta:

538 2828 595 2874 et
619 2819 968 2874 (ectttneuicre
1005 2819 1193 2892 synodi
1225 2829 1393 2875 sextae
1428 2830 1591 2892 caput
1618 2821 2004 2893 octogesimum
2036 2837 2121 2879 se-

538 2909 794 2964 cundum.
1074 2940 1077 2943 -
1444 2980 1449 2984 ἡ

609 2999 815 3067 Quibus
838 2999 989 3057 lectis
1017 3010 1071 3056 et
1098 3001 1299 3058 auditis
1321 3011 1430 3059 tum
1453 3003 1521 3059 ab
1542 3003 1691 3075 ipsis,
1716 3012 1827 3059 tum
1855 3005 1924 3060 ab
1944 3003 2123 3061 excel-

539 3089 852 3146 lentissimis
896 3092 1248 3163 principibus,
1301 3093 1610 3165 Christique
1653 3102 1867 3150 amante
1905 3095 2120 3167 pepulo,

508 3183 846 3257 'compuucti
902 3200 1091 3241 omnes
1132 3186 1296 3243 corde
1347 3188 1733 3258 acquieverunt
1769 3187 2007 3245 veritati.
2058 3186 2123 3243 Et

541 3290 732 3331 rursus
753 3275 861 3331 Deo
892 3276 1148 3334 amabiles
1175 3279 1411 3351 episcopi
1441 3278 1807 3335 acclamarunt
1824 3294 1944 3349 quae
1967 3280 2121 3335 dece-
2149 3256 2194 3321 ο

506 3440 509 3443 _
541 3369 634 3425 bat
653 3385 775 3426 cum
795 3371 1137 3452 multitudine
1155 3374 1356 3444 populi.
1384 3373 1547 3430 Plena
1566 3373 1709 3431 enim
1731 3381 1848 3429 erat
1867 3373 2122 3444 praedicta

498 3463 732 3533 {domus
772 3463 917 3535 regia
957 3479 1222 3521 concursu
1265 3464 1545 3521 hominum
1577 3483 1591 3519 :
1626 3473 1735 3521 tota
1777 3465 1973 3536 quippe
2025 3465 2122 3519 ad-

510 3565 660 3627 erat
685 3556 877 3613 civitas
928 3573 1050 3613 cum
1099 3554 1379 3613 ordinibus
1414 3556 1643 3613 militum
1676 3574 1690 3611 :
1729 3572 1793 3613 ac
1815 3556 1881 3612 de
1906 3556 2125 3612 sedibus

508 3660 911 3719 surrexerunt.
956 3648 1057 3718 Qui
1086 3649 1250 3705 etiam
1305 3650 1416 3704 Deo
1466 3648 1690 3721 gloriam
1734 3647 2019 3714 dederunt,
2067 3654 2126 3704 et

542 3742 841 3812 gaudentes
870 3741 920 3796 ei
942 3741 1145 3810 gratias
1172 3749 1416 3813 egerunt,
1447 3741 1534 3796 cui
1555 3741 1638 3798 sic
1662 3740 1913 3811 placitum
1946 3750 2046 3797 est.

778 3875 1157 3934 CANONES
1213 3871 1885 3931 ECCLESIASTICI'

859 3983 1196 4025 ιιιιοιιυιαιιτι
1245 3982 1311 4022 ΑΒ
1354 3980 1531 4022 EADEI
1578 3978 1796 4022 SYNODO.

1318 4078 1361 4133 Ι.

581 4197 738 4264 Quod
768 4205 965 4268 oportet
989 4211 1167 4251 sacros
1192 4209 1416 4250 canones
1444 4208 1535 4264 per
1563 4192 1740 4248 omnia
1765 4206 2089 4248 conservare.

614 4291 711 4349 llis
730 4292 821 4363 qui
851 4305 1061 4347 sacram
1084 4288 1263 4346 sortiti
1300 4295 1426 4344 sunt
1446 4286 1783 4357 dignitatem,
1814 4281 2123 4340 testimonia

543 4392 600 4440 et
647 4383 974 4440 directiones
1028 4380 1413 4439 canonicarum
1467 4376 1887 4449 przeceptionum
1939 4373 2125 4431 formae

542 4474 864 4531 consistunt.
888 4473 1033 4542 Quas
1059 4471 1290 4528 libenter
1317 4468 1692 4540 suscipientes,
1720 4482 1845 4524 cum
1876 4465 2125 4537 deiloquo

513 4620 519 4626 ,
543 4563 711 4620 David
731 4563 972 4620 canimus
997 4562 1067 4618 ad
1109 4560 1395 4618 Dominum
1419 4548 1597 4616 Deum
1615 4558 1854 4615 dicentes
1886 4574 1900 4612 :
1944 4555 2012 4612 In
2037 4557 2122 4611 via

543 4636 969 4711 testimoniorum
994 4662 1203 4709 tuorum
1243 4650 1526 4707 delectatus
1555 4665 1696 4716 sum,
1721 4649 1854 4703 sicut
1876 4647 1930 4701 in
1957 4646 2125 4701 omni-

546 4749 641 4804 bus
671 4748 884 4805 divitiis.
905 4746 974 4802 Et
1010 4747 1276 4802 mandasti
1293 4744 1558 4816 justitiam
1605 4741 1896 4797 testimonia
1942 4748 2032 4794 tua
2064 4739 2121 4793 in

544 4852 816 4897 teternum.
842 4838 1172 4895 Intellectum
1193 4838 1263 4893 da
1284 4838 1496 4904 mihi,et
1513 4835 1713 4905 viviﬁca
1735 4849 1816 4888 me
1842 4830 1912 4905 [et
1935 4829 2122 4904 vivam]

545 4933 717 5003 (Psal.
745 4932 953 5005 cxvm).
985 4932 1055 4988 Et
1077 4932 1124 4988 si
1152 4932 1205 4987 in
1229 4938 1492 4986 aeternum
1511 4928 1825 5001 prophetica
1848 4940 1953 4982 vox
1973 4942 2127 4981 mau-

545 5023 638 5079 dat
666 5025 822 5080 nobis
849 5024 1121 5081 custodire
1151 5020 1454 5078 testimonia
1493 5019 1613 5085 Dei,
1640 5029 1696 5075 et
1715 5019 1898 5074 vivere
1918 5017 1971 5072 in
1997 5015 2124 5081 illis,

546 5113 866 5170 immutilata
911 5112 1068 5164 ίαν.-
1122 5107 1462 5158 ἰηοηηριιςιεωῖ
1510 5108 1754 5150 nml‘anln
1804 5113 1857 5144 ot
1906 5105 2120 5142 imn~~-~

2216 1996 2272 2042 et
2299 2001 2398 2042 nos
2415 2000 2630 2056 quoque
2646 1984 2808 2040 simili
2827 1983 2985 2039 modo
3014 1981 3399 2038 submittimus.
3425 1978 3562 2035 Siue
3581 1980 3793 2034 avaritia

2194 2094 2450 2150 namque
2488 2078 2599 2133 sint
2647 2092 2846 2142 mores,
2891 2076 3131 2132 contenti
3174 2072 3561 2145 praesentibus,
3612 2071 3795 2126 Paulus

2215 2180 2399 2243 aperte
2447 2171 2646 2227 clamat
2701 2170 2912 2226 divinus
2971 2168 3285 2241 apostolus,
3335 2166 3427 2236 qui
3484 2166 3539 2220 in
3597 2165 3794 2220 tertium

2216 2263 2409 2321 coelum
2424 2263 2682 2329 ascendit,
2697 2271 2752 2319 et
2765 2260 3262 2319 audivitinelfabilia
3274 2259 3439 2315 verba
3455 2257 3651 2331 (Hebr.
3668 2259 3792 2326 xm).

2974 2374 3040 2431 ll.

2192 2488 2195 2491 ’
2221 2505 2373 2559 ,λυοα
2395 2498 2628 2560 oporteat
2650 2488 3056 2572 consecrandum
3076 2490 3371 2571 episcopum
3391 2495 3549 2541 caute
3573 2486 3794 2569 polliceri

2305 2577 2529 2616 canones
2556 2577 2793 2627 servare;
2823 2561 2903 2614 sin
2931 2569 3125 2625 autem,
3159 2559 3371 2613 minime
3394 2560 3717 2612 consecrari.

2290 2671 2552 2740 Quoniam
2580 2672 2871 2744 psallentes
2901 2670 3327 2743 repromittimus
3351 2669 3467 2724 Deo
3502 2688 3517 2724 :
3553 2667 3623 2724 In
3654 2668 3800 2740 justi-

2218 2764 2548 2836 ﬁcationibus
2593 2765 2696 2818 tuis
2744 2756 3071 2828 meditabor,
3097 2780 3197 2817 non
3242 2761 3526 2817 obliviscar
3550 2778 3799 2817 sermones

2220 2868 2335 2913 tuos
2379 2857 2554 2931 (Psal.
2590 2857 2781 2928 cxvm)
2813 2875 2825 2912 :
2857 2872 3046 2912 omnes
3072 2857 3287 2927 quidem
3334 2855 3684 2911 Christianos
3711 2856 3800 2910 hoc

2188 2949 2445 3008 'servare
2488 2951 2904 3007 saluberrimum
2954 2961 3076 3015 est;
3110 2951 3203 3007 sed
3250 2952 3525 3022 prmcipue
3575 2951 3677 3006 bos
3721 2951 3799 3020 qui

2223 3043 2615 3099 hierarchicam
2661 3042 2938 3099 consecuti
2997 3041 3196 3097 fuerint
3245 3041 3587 3112 dignitatem.
3664 3041 3802 3097 Unde

2223 3134 2532 3202 deﬁnimus,
2568 3149 2781 3190 omnem
2815 3134 2905 3205 qui
2944 3134 3011 3189 ad
3049 3134 3388 3205 episcopatus
3433 3135 3803 3205 provehendus

2225 3237 2307 3285 est
2329 3229 2578 3301 gradum,
2609 3228 2785 3283 modis
2811 3228 3058 3283 omnibus
3091 3227 3406 3298 psalterium
3435 3242 3633 3292 nosse;
3665 3237 3723 3281 ut
3746 3242 3801 3280 ex

2226 3322 2329 3377 hoc
2354 3323 2513 3378 etiam
2544 3310 2722 3376 omnis
2758 3319 2988 3376 clericus
3010 3318 3100 3389 qui
3127 3319 3226 3374 sub
3252 3334 3317 3374 eo
3344 3319 3533 3386 fuerit,
3580 3319 3652 3372 ita
3698 3334 3801 3372 mo-

2225 3419 2417 3467 ueatur
2462 3419 2516 3465 et
2574 3411 2864 3465 imbuatur.
2929 3408 3235 3479 lnquiralur
3287 3418 3468 3462 autem
3532 3407 3805 3477 diligenter

2225 3519 2255 3559 a
2279 3501 2644 3574 metropolita,
2670 3501 2715 3557 si
2763 3500 2817 3555 in
2854 3506 3106 3570 promptu,
3150 3497 3347 3554 habeat
3378 3496 3565 3568 legere
3610 3507 3809 3551 scruta-

2223 3591 2405 3648 biliter
2451 3599 2507 3647 et
2563 3605 2670 3646 non
2727 3588 3037 3645 transitorie
3072 3596 3181 3643 tam
3240 3601 3428 3643 sacros
3480 3602 3723 3642 canones
3758 3594 3809 3640 et

2225 3691 2471 3740 sanctum
2512 3679 2886 3752 Evangelium,
2925 3693 3087 3751 quam
3116 3677 3283 3755 divini
3321 3676 3572 3748 Aposwli
3623 3676 3807 3752 librum

2224 3784 2281 3831 et
2323 3787 2539 3830 omnem
2586 3771 2825 3827 divinam
2883 3768 3216 3841 Scripturam
3249 3784 3273 3845 τ’
3309 3774 3476 3837 atque
3519 3766 3805 3823 secundum

2224 3866 2322 3923 Dei
2370 3864 2627 3921 mandata
2679 3862 2991 3919 conversari
3045 3870 3101 3917 et
3161 3861 3355 3917 docere
3401 3858 3665 3930 populum
3714 3857 3805 3912 sibi

2225 3958 2595 4014 commissum.
2638 3953 2953 4011 Substantia
2980 3945 3126 4008 enim
3162 3950 3360 4008 summi
3390 3950 3685 4006 sacerdotii
3721 3963 3809 4003 no-

2227 4053 2325 4108 stri
2355 4060 2479 4108 sunt
2506 4050 2718 4122 eloquia
2748 4048 3002 4105 divinitus
3032 4045 3250 4112 tradita,
3295 4044 3348 4100 id
3395 4052 3484 4100 est
3508 4060 3639 4099 vera
3670 4041 3809 4098 Scri-

2224 4154 2506 4218 pturarum
2570 4136 2874 4200 divinarum
2941 4139 3222 4213 disciplina
3255 4180 3271 4206 ,
3357 4137 3804 4210 quemadmodum

2225 4251 2455 4307 magnus
2498 4234 2749 4307 perhibet
2789 4231 3077 4304 Dionysius
3106 4248 3120 4285 :
3149 4228 3291 4301 quod
3336 4228 3381 4283 si
3432 4224 3809 4297 disceptaret-it

2227 4326 2368 4403 [Gr.,
2406 4326 2756 4393 luesitaverit,
2788 4334 2843 4384 et
2871 4339 2976 4379 non
3011 4323 3087 4378 ita
3116 4320 3297 4377 faCere
3323 4335 3389 4375 ac
3413 4318 3612 4375 docere
3642 4318 3805 4372 liben-

2226 4432 2309 4479 ter
2336 4419 2567 4475 voluerit
2591 4437 2605 4474 :
2635 4419 2733 4485 al.,
2762 4426 2815 4473 et
2842 4418 2916 4471 ita
2944 4416 3172 4471 libenter
3194 4412 3373 4468 facere
3400 4421 3457 4466 et
3487 4411 3685 4466 docere
3716 4408 3806 4462 mi-

2225 4513 2373 4568 nime
2399 4505 2794 4583 spoponderit],
2824 4506 3129 4562 nullatenus
3157 4511 3533 4559 consecretur.
3560 4501 3648 4555 Ait
3669 4498 3803 4553 enim

2153 4620 2201 4680 ι)
2224 4604 2542 4676 prophetice
2571 4603 2753 4678 Deus;
2787 4599 2865 4655 Tu
2902 4600 3173 4654 scientiam
3210 4595 3472 4667 repulisti,
3516 4604 3562 4648 et
3603 4610 3697 4665 ego
3734 4608 3807 4645 re-

2229 4695 2420 4768 pellam
2444 4704 2512 4762 te,
2544 4710 2607 4748 ne
2631 4692 2922 4747 sacerdotio
2949 4690 3187 4762 fungaris
3209 4688 3336 4742 mihi
3364 4684 3515 4761 (Ose.
3544 4685 3643 4755 Iv).

2971 4803 3057 4859 III.

2324 4899 2477 4968 Quod
2506 4917 2609 4956 non
2636 4906 2871 4970 oporteat
2896 4896 3155 4968 principes
3179 4894 3367 4966 eligere
3395 4894 3712 4965 episcopum.

2301 5008 2490 5067 Omnis
2535 5009 2729 5065 electio
2777 5023 2817 5083 ap
2852 5004 3185 5083 principibus
3230 5002 3369 5058 facta
3424 5002 3662 5073 episcopi
3717 5007 3804 5054 aut

2230 5102 2525 5134 --μιμοιιιά
2561 5111 2649 5132 η--ο
2680 5100 2914 5158 τιιςιρηηί.
2964 5098 3116 5153 irrita
3157 5105 3375 5152 maneat
3403 5097 3696 5151 secundum
3726 5108 3805 5145 re-

3361 5185 3420 5200 ⁸·-
3518 5188 3577 5212 ,2-
3609 5201 3627 5214 η
3650 5186 3776 5214 ,μη
