3916 5478
105 516 182 586 tsi
687 514 1240 584 INTERPRETATIO
1280 522 1528 584 SYNODI
1572 523 1657 588 vn
1695 524 2102 583 GENERALIS.
2144 556 2214 566 —
2251 523 2458 610 ACTqu
2493 523 2624 583 VIII.

3203 530 3343 608 tea,

105 643 248 700 tribus
267 638 354 711 qui
381 638 519 710 apud
542 635 773 693 Nicaeam
800 647 1193 702 convenerunt,
1244 639 1295 693 in
1329 638 1509 710 regula
1541 638 1634 693 de-
1662 642 1706 702 Λ
1737 651 1767 690 a
1793 636 2008 706 proprio
2037 636 2360 706 resipucrint
2390 635 2622 692 fortasse
2651 651 2896 694 excessu.
2923 638 3148 710 Oportet
3166 641 3314 721 enim

105 734 277 789 ﬁnitum
310 739 407 795 est,
441 746 558 801 qua:
592 730 721 785 dicit
748 729 902 803 (Can.
928 731 1042 802 tv):
1085 732 1403 801 Episcopum
1433 747 1633 786 conve-

102 824 167 878 uit
187 821 397 875 maxime
423 819 632 887 quidem
659 820 727 873 ab
751 820 1021 885 omnibus,
1054 821 1145 890 qui
1175 830 1300 875 sunt
1331 821 1382 874 in
1421 820 1635 890 provin-

103 914 184 977 cia,
208 912 460 982 episcopis
486 910 742 965 ordinari.
789 910 844 965 Si
884 919 1064 965 autem
1099 913 1201 967 hoc
1232 910 1445 966 ditlicile
1475 911 1636 965 fuerit

104 1014 176 1060 aut
209 1012 414 1074 propter
456 1003 742 1059 instantem
788 1006 1166 1060 necessitatem
1191 1046 1205 1071 ,
1267 1014 1360 1059 aut
1415 1015 1637 1076 promer

103 1093 273 1150 itineris
309 1091 715 1161 longitudinem,
770 1093 942 1149 tribus
989 1103 1166 1149 tamen
1211 1095 1534 1149 omnimodis
1582 1095 1633 1148 in

103 1186 290 1254 idipsum
313 1182 775 1249 convenientibus,
821 1192 879 1238 et
903 1183 1020 1238 aliis
1050 1199 1146 1254 per
1172 1185 1381 1240 litteras
1409 1200 1633 1241 consen-

103 1277 350 1343 tientibus,
403 1288 530 1332 tunc
579 1279 915 1334 consecratio
971 1279 1082 1334 fiat.
1143 1279 1401 1336 Firmitas
1455 1290 1635 1335 autem

102 1387 246 1426 eorum
270 1385 386 1441 qua:
407 1379 692 1441 geruntur,
723 1386 822 1440 per
845 1388 1278 1444 unamquamque
1299 1373 1634 1445 provinciam

103 1461 466 1534 metropolitano
497 1461 766 1518 tribuatur
800 1463 1050 1519 antistiti.

789 1595 880 1651 IV.

132 1709 254 1776 Quod
279 1707 639 1764 abstinendum
665 1709 733 1763 sit
760 1709 1014 1833 episcopis
1045 1710 1110 1764 ab
1141 1711 1283 1765 omni
1309 1711 1422 1766 dati
1447 1729 1598 1767 acce-

648 1828 654 1833 .
748 1796 780 1833 υ
806 1796 942 1833 sane.
1113 1807 1115 1809 ι

648 1828 654 1833 .
748 1796 942 1848 puone.
1113 1807 1115 1809 ί

156 1890 444 1946 Praedicator
471 1890 729 1946 Ecclesiae
775 1890 976 1946 Paulus
1014 1892 1228 1949 divinus
1268 1894 1544 1964 apostolus
1571 1911 1632 1950 ac

105 1999 136 2038 5'
170 1997 396 2085 amnem
440 1997 653 2085 ξ’θηθηδ
696 1982 1058 2085 Εβδθδίρξωξξ
1103 1986 1474 2085 Ρτίξδδγίξξίδν.
1515 1989 1636 2085 ,ἱηιο
1665 2010 1709 2068 Β
1738 2011 1970 2065 cundum
2003 2011 2353 2082 apostolicam
2384 2012 2620 2084 regulam
2652 2027 2770 2082 quze
2799 2014 2929 2068 dicit
2963 2013 3119 2085 (Can.
3149 2014 3275 2085 xxx)

105 2089 202 2128 vero
239 2082 286 2129 et
323 2073 466 2129 omni
511 2084 741 2129 sacratae
791 2073 1140 2139 multitudini,
1191 2076 1264 2130 ita
1318 2078 1636 2133 tiducialiter

106 2164 322 2233 perhibuit
350 2165 539 2221 dicens
575 2183 588 2218 :
622 2165 926 2236 Argentum,
963 2175 1054 2221 aut
1084 2182 1296 2234 aurum,
1328 2179 1419 2222 aut
1449 2181 1638 2224 vestem

107 2257 259 2312 nullius
283 2261 551 2330 concupiui
577 2274 596 2311 :
624 2261 802 2314 omnia
831 2261 1034 2316 ostendi
1066 2263 1226 2327 vobis,
1275 2264 1521 2333 quoniam
1562 2264 1636 2318 sic

106 2350 343 2406 laborantes
380 2362 583 2423 oportet
615 2355 876 2425 suscipere
905 2355 1142 2424 inﬁrmos
1178 2356 1316 2426 (Act.
1343 2357 1438 2427 xx)
1464 2372 1477 2410 :
1506 2356 1636 2412 bea-

108 2444 185 2497 tius
209 2444 508 2501 existimans
537 2446 689 2502 dare.
720 2446 950 2517 Propter
975 2447 1117 2517 quod
1148 2458 1203 2504 et
1232 2465 1330 2505 nos
1359 2451 1532 2505 edocti
1567 2452 1635 2506 ab

105 2549 152 2588 eo
172 2535 442 2604 definimus,
476 2537 786 2594 nullatenus
815 2539 1124 2609 episcopum
1153 2539 1324 2610 turpis
1349 2539 1484 2595 lucri
1513 2556 1637 2612 gra-

106 2624 157 2678 tia
181 2627 460 2698 excogitare
501 2629 572 2684 ad
623 2629 962 2684 excusandas
1000 2630 1378 2686 excusationes
1421 2630 1473 2685 in
1511 2646 1640 2700 pec-

107 2717 224 2783 catis,
257 2728 307 2772 et
342 2728 603 2789 expetere
648 2735 838 2774 aurum
882 2719 969 2774 vel
1011 2729 1291 2792 argentum
1336 2731 1430 2776 aut
1476 2723 1634 2778 aliam

104 2812 292 2880 speciem
315 2814 378 2868 ab
408 2813 701 2885 episcopis,
734 2814 819 2869 vel
847 2813 1080 2880 clericis,
1118 2824 1209 2869 aut
1236 2816 1514 2872 monachis
1544 2817 1636 2887 qui

104 2903 178 2956 sub
207 2904 307 2972 ipso
336 2914 477 2960 sunt.
516 2905 612 2960 Ait
642 2906 788 2960 enim
815 2905 1102 2976 Apostolus
1134 2925 1148 2962 :
1195 2905 1375 2978 Iniqui
1423 2925 1636 2979 regnum

107 2992 176 3048 Dei
201 3012 288 3050 non
311 2997 648 3066 possidebunt
698 2996 749 3069 (1
793 2994 914 3052 Cor.
959 2997 1068 3068 v1);
1116 2997 1184 3053 Et
1227 3015 1240 3052 :
1287 2996 1412 3052 Non
1454 2998 1636 3052 debent

103 3083 177 3150 ﬁlii
206 3087 483 3154 parentibus
533 3088 911 3152 tltesaurizare,
958 3088 1048 3141 sed
1095 3096 1337 3156 parentes
1384 3087 1510 3156 ﬁliis
1550 3086 1635 3160 (11

105 3173 196 3228 Cor.
235 3177 340 3248 xn).
391 3177 657 3249 Quisquis
700 3193 829 3249 ergo
874 3187 1096 3250 propter
1138 3179 1475 3234 exactionem
1518 3176 1636 3231 auri

105 3266 166 3319 vel
188 3267 386 3324 alterius
411 3268 705 3340 cujuslibet
732 3269 954 3339 speciei,
989 3277 1081 3324 aut
1115 3277 1334 3340 propter
1358 3269 1635 3340 proprium

1736 743 1830 783 eos
1859 729 2030 799 magis
2057 728 2316 783 accedere
2341 728 2408 782 ad
2438 728 2631 795 Deum,
2657 737 2858 784 etcum
2892 732 3124 787 contrito
3150 729 3317 789 corde

1737 821 2108 876 remissionem
2153 819 2309 888 hujus
2350 823 2556 890 peccati
2595 831 2650 876 et
2687 822 3072 894 indulgentiam
3107 834 3313 896 petere,

1735 921 1789 967 et
1828 929 1931 967 non
1970 913 2185 980 gloriari
2218 913 2270 966 in
2305 913 2489 969 illicito
2521 914 2666 969 dato.
2707 915 2874 970 Juxta
2921 917 3063 971 enim
3102 927 3176 972 est
3201 917 3314 973 Do-

1737 1004 1908 1055 minus
1939 1001 2018 1055 Itis
2044 1003 2134 1072 qui
2159 1001 2406 1054 tribulato
2436 1012 2555 1055 sunt
2583 1003 2738 1057 corde
2765 1002 2937 1076 (Psal.
2963 1007 3183 1072 xxxm).
3211 1006 3317 1063 E08

1738 1094 1902 1166 igitur
1927 1095 2017 1165 qui
2049 1095 2349 1165 gloriantur
2377 1110 2435 1149 se
2459 1110 2557 1164 per
2585 1095 2858 1150 dattonem
2894 1097 3014 1149 auri
3039 1096 3318 1153 ordinatos

1737 1185 1792 1240 in
1836 1185 2084 1250 ecclesia,
2132 1193 2188 1239 et
2231 1185 2285 1239 in
2335 1185 2438 1240 hac
2487 1184 2718 1256 maligna
2768 1186 3155 1241 consuetudine
3198 1201 3319 1256 quae

1739 1275 1940 1330 alienat
1974 1292 2004 1329 a
2042 1275 2151 1330 Deo
2197 1284 2252 1328 et
2297 1276 2442 1330 omni
2483 1276 2818 1343 sacerdotio,
2869 1285 3119 1346 sperant,
3158 1287 3213 1332 et
3250 1292 3318 1332 ex

1737 1365 1841 1420 hoc
1880 1365 2174 1436 impudenti
2208 1365 2348 1421 facie
2377 1375 2432 1421 et
2471 1382 2577 1422 non
2610 1377 2798 1438 operto
2831 1382 2926 1424 ore
2960 1369 3322 1438 exprobabili-

1736 1458 1838 1514 bus
1876 1458 2057 1514 verbis
2097 1474 2192 1514 eos
2217 1459 2307 1528 qui
2339 1459 2408 1513 ob
2437 1459 2693 1514 virtutem
2735 1460 2860 1514 vitae
2900 1476 2931 1515 a
2974 1469 3162 1516 sancto
3200 1460 3320 1531 Spi-

1737 1551 1843 1605 ritu
1867 1550 2023 1605 electi
2053 1559 2108 1604 et
2134 1550 2414 1606 constituti
2437 1550 2554 1606 sine
2580 1533 2796 1606 datione
2821 1552 2937 1605 auri
2965 1560 3123 1618 sunt,
3163 1552 3322 1606 inho-

1738 1642 2178 1713 norant;'primo
2205 1644 2419 1712 quidem
2449 1645 2798 1699 novissimum
2823 1645 3044 1716 gradum
3073 1645 3320 1715 accipere

1738 1733 1819 1788 sui
1869 1733 2077 1789 ordinis
2119 1735 2442 1790 definimus:
2481 1737 2624 1806 quod
2673 1736 2719 1791 si
2767 1737 3180 1806 permanserint,
3224 1752 3334 1806 per.

1737 1825 2036 1896 epitimium
2069 1827 2433 1900 corrigantur.
2467 1828 2523 1883 Si
2556 1844 2684 1884 vero
2715 1829 2835 1899 quis
2861 1829 3119 1885 claruerit
3158 1845 3321 1900 super

1737 1919 2149 1974 consecratione
2192 1920 2296 1974 hoc
2342 1920 2631 1990 aliquando
2668 1920 2889 1986 faciens,
2935 1910 3198 1976 efﬁciatur
3231 1935 3319 1976 se-

1741 2100 1796 2155 Si
1843 2102 1962 2172 quis
2011 2103 2296 2172 episcopus
2341 2116 2438 2173 per
2488 2104 2772 2172 pecuniam
2818 2097 3130 2175 dignitatem
3183 2105 3322 2160 hanc

1738 2193 2053 2259 obtinuerit,
2102 2194 2187 2249 vel
2236 2195 2518 2265 presbyter
2563 2187 2656 2249 aut
2691 2195 2970 2261 diaconus,
3021 2188 3324 2267 deponatur

1737 2295 1793 2342 et
1822 2287 1934 2357 ipse
1961 2295 2016 2342 et
2044 2288 2133 2357 qui
2164 2303 2284 2342 eum
2317 2288 2654 2346 consecravit
2681 2329 2695 2354 ,
2744 2297 2800 2344 et
2829 2288 3114 2344 excidatur
3143 2289 3323 2344 omni-

1736 2381 1911 2437 modis
1938 2382 2101 2436 etiam
2131 2398 2160 2436 a
2191 2384 2571 2438 communione
2591 2423 2607 2449 ,
2655 2383 3106 2453 quemadmodum
3137 2382 3324 2438 Simon

1741 2470 1926 2542 Magus
1954 2486 1983 2527 a
2016 2487 2103 2527 me
2130 2471 2313 2528 Petro.
2347 2471 2611 2527 Similiter
2644 2481 2698 2527 et
2719 2470 2874 2541 juxta
2911 2462 3202 2551 secundam
3239 2487 3328 2528 re-

1736 2564 1914 2634 gulam
1960 2573 2270 2619 sanctorum
2316 2565 2537 2619 Patrum
2583 2564 2674 2634 qui
2734 2564 2875 2634 apud
2930 2549 3323 2619 Chalcedonam

1737 2663 2121 2718 convenerunt,
2156 2671 2273 2724 quae
2315 2656 2426 2710 ait:
2460 2654 2518 2710 Si
2557 2655 2679 2724 quis
2719 2654 3003 2724 episcopus
3032 2668 3130 2722 per
3156 2668 3322 2723 pecu-

1738 2746 1859 2800 nias
1889 2746 2356 2801 consecrationem
2390 2744 2603 2806 fecerit,
2631 2753 2685 2799 et
2719 2744 2819 2798 sub
2852 2744 3027 2813 pretio
3057 2743 3326 2814 redegerit

1737 2838 1964 2909 gratiam
2007 2852 2126 2907 quae
2171 2853 2276 2892 non
2328 2846 2505 2908 potest
2540 2836 2716 2902 veudi,
2753 2835 3192 2906 ordinaveritque
3227 2849 3326 2905 per

1737 2930 1995 2999 pecunias
2023 2930 2360 2999 episcopum,
2398 2929 2481 2984 vel
2527 2929 2995 2999 cliorepiscopum,
3037 2927 3153 2984 sive
3196 2942 3323 2998 pre-

1737 3023 1984 3094 sbyteros
2011 3032 2104 3076 aut
2133 3023 2410 3090 diaconos,
2440 3033 2533 3078 aut
2574 3022 2862 3093 quemdam
2903 3036 3090 3077 eorum
3133 3017 3246 3091 qui'
3269 3021 3326 3077 in

1739 3111 1884 3166 clero
1909 3121 2368 3167 connumerantur
2400 3129 2415 3166 :
2445 3121 2537 3166 aut
2561 3111 2914 3182 praeposuerit
2948 3125 3044 3181 per
3067 3109 3327 3181 pecunias

1739 3216 2081 3258 teconomum
2111 3203 2195 3258 vel
2224 3202 2587 3268 defensorem,
2620 3203 2734 3258 sive
2758 3201 3201 3265 mansionarium,
3233 3208 3330 3256 aut

1738 3308 1960 3364 prorsus
1985 3307 2310 3362 quemquam
2339 3293 2429 3363 qui
2459 3291 2559 3348 sub
2591 3292 2830 3363 regulam
2854 3299 2958 3358 est,
2991 3290 3164 3362 turpis
3188 3289 3324 3346 lucri

103 3359 248 3414 vilium
288 3359 590 3434 [allectum]
638 3361 888 3417 inventus
931 3360 1098 3417 fuerit
1139 3376 1393 3417 coercens
1422 3377 1450 3414 a
1482 3361 1639 3416 mini-
1666 3375 1710 3437 ρ
1739 3359 1916 3460 ἐνθείς,
1949 3405 1962 3440 ε
1996 3359 2088 3456 gini
2130 3359 2233 3441 hac
2272 3359 2496 3442 ροιξεηυε
2521 3359 2686 3441 tueri}
2714 3400 2872 3457 agere
2895 3425 2908 3450 ’
2957 3384 3002 3440 si
3050 3359 3329 3439 οδηνεοιυε

104 3451 247 3516 sterio,
273 3453 350 3509 vel
383 3462 737 3524 sequestrans
771 3453 1005 3523 aliquem
1048 3454 1364 3509 clericorum
1407 3454 1498 3523 qui
1538 3454 1637 3509 sub

105 3555 145 3593 se
163 3542 354 3614 degunt,
379 3555 472 3600 aut
498 3544 810 3599 venerabile
834 3545 1086 3616 templum
1108 3546 1385 3611 claudens,
1410 3563 1478 3600 ne
1501 3546 1550 3599 in
1574 3560 1637 3601 eo

104 3629 173 3687 Dei
197 3635 477 3692 ministeria
505 3635 958 3701 celebrentur,ad
988 3636 1258 3692 iusensata
1288 3652 1436 3692 suam
1467 3645 1638 3692 trans-

105 3724 281 3782 mittens
329 3727 624 3793 insaniam,
652 3726 960 3783 insensatus
987 3729 1256 3783 veraciter
1280 3736 1393 3792 est;
1443 3743 1506 3781 ac
1544 3743 1638 3797 per

101 3813 195 3881 hoc,
241 3817 393 3872 simili
439 3832 624 3889 poena:
668 3831 734 3872 eo
781 3815 1041 3886 subjecto,
1091 3826 1441 3871 convertatur
1487 3817 1639 3871 dolor

101 3906 190 3975 ejus
226 3908 272 3964 in
306 3919 466 3982 caput
505 3911 648 3982 ejus,
695 3919 756 3965 ut
801 3911 854 3965 in
899 3919 1353 3982 transgressorem
1399 3904 1655 3965 mandati

103 4001 172 4058 Dei
207 4015 253 4061 et
296 4008 676 4064 mandatorum
709 4005 1148 4075 apostolicorum.
1186 4004 1438 4073 Prazcipit
1495 4003 1638 4057 enim

103 4103 141 4148 et
172 4094 341 4154 Petrus
384 4097 708 4170 principalis
753 4096 1114 4168 apostolorum
1155 4094 1437 4149 summitas
1471 4111 1484 4148 :
1527 4092 1637 4147 Pa-

102 4189 213 4254 scite,
238 4191 318 4261 qui
361 4193 416 4245 in
461 4191 608 4247 vobis
653 4200 747 4256 est,
801 4205 1004 4261 gregem
1031 4187 1129 4242 Dei
1173 4204 1275 4242 non
1315 4196 1512 4250 coacte,
1550 4186 1640 4240 sed

103 4292 335 4348 spontanee
375 4283 669 4339 secundant
706 4283 915 4355 Deum:
942 4298 1046 4335 non
1084 4280 1248 4351 turpis
1287 4280 1420 4333 lucri
1445 4280 1639 4350 gratia,

103 4373 170 4423 sed
204 4387 417 4447 prompte
461 4390 480 4428 :
542 4391 708 4446 neque
758 4386 812 4428 ut
859 4373 1184 4428 dominantes
1230 4373 1286 4426 in
1330 4370 1496 4436 clero,
1552 4370 1641 4426 sed

106 4460 238 4525 forma
264 4466 380 4535 facti
405 4467 580 4539 gregis
609 4484 630 4520 :
659 4476 708 4519 et
753 4481 870 4519 cum
916 4464 1217 4534 apparuerit
1266 4465 1502 4534 princeps
1549 4480 1635 4534 ραι

1740 3477 1940 3544 fuerit,
1989 3477 2192 3548 proprii
2243 3477 2441 3548 gradus
2493 3476 2794 3546 periculmn
2838 3475 3028 3529 subeat
3072 3491 3084 3527 :
3131 3481 3186 3528 et
3232 3473 3328 3543 qui

1741 3576 2090 3624 consecratus
2119 3577 2224 3633 est,
2256 3568 2390 3622 nihil
2416 3558 2664 3638 proﬁciat
2693 3582 2759 3621 ex
2791 3563 3203 3619 consecratione
3241 3562 3335 3620 vel.

1739 3659 2078 3731 promotione
2109 3673 2229 3729 qua:
2258 3673 2356 3728 per
2381 3658 2807 3728 negotiationem
2850 3653 3039 3710 etl‘ecta
3069 3665 3183 3721 est;
3233 3654 3328 3710 sed

1740 3753 1811 3807 sit
1854 3752 2065 3807 alienus
2113 3766 2164 3806 at
2195 3751 2456 3821 dignitate
2504 3760 2561 3805 et
2607 3747 2748 3822 [seu]
2781 3747 3141 3804 sollicitudine
3167 3761 3330 3817 quam

1740 3855 1838 3912 per
1867 3841 2126 3912 pecunias
2154 3849 2479 3895 consecutus
2513 3847 2615 3894 est.
2655 3837 2712 3892 Si
2744 3852 2887 3898 vero.
2909 3835 3032 3907 quis
3065 3835 3330 3914 mediator

1741 3930 2052 4001 apparuerit
2100 3931 2152 3984 in
2206 3927 2513 3999 hujusmodi
2564 3927 2808 3996 turpibus
2853 3934 2908 3981 et
2951 3924 3330 3989 illicitisdatis

1744 4021 1955 4096 [lucris]
1983 4039 1998 4078 :
2029 4022 2075 4078 si
2105 4022 2322 4099 quidem
2370 4020 2600 4076 clericus
2646 4018 2842 4084 fuerit,
2895 4016 3113 4088 proprio
3158 4013 3330 4086 gradu

1742 4112 1958 4169 decidat
1986 4127 2001 4166 :
2035 4113 2080 4168 si
2112 4126 2239 4168 vero
2267 4110 2436 4166 laicus
2469 4109 2553 4165 vel
2591 4108 2911 4176 monachus,
2955 4103 3326 4163 excommuni-

1743 4216 1918 4264 εθιυτ.

2497 4273 2584 4328 Vl.

1959 4369 2029 4425 Ut
2055 4368 2303 4439 efﬁciatur
2323 4368 2504 4422 loculis
2527 4366 2756 4436 synodus
2780 4379 2872 4434 per
2893 4379 3112 4417 annum.

1816 4487 2079 4556 Quoniam
2106 4485 2323 4555 quidem
2351 4482 2534 4554 regula
2560 4491 2663 4548 est,
2686 4497 2806 4551 qua:
2832 4480 2964 4534 dicit
2983 4479 3166 4550 (Cone.
3203 4476 3352 4543 Nic.

106 4563 292 4622 uorum,
325 4558 623 4628 percipietis
669 4554 1141 4610 immarcessibilem
1171 4553 1356 4628 glorite
1395 4570 1641 4608 coronam
1745 4553 1865 4650 cap:
1898 4579 1952 4651 5)
1981 4596 1996 4632 ε
2029 4553 2194 4632 Bis'in
2222 4591 2362 4630 anno
2388 4553 2484 4645 ρετ
2515 4572 2756 4644 singulas
2782 4571 3088 4640 provincias
3115 4577 3347 4640 oportet.

107 4645 143 4714 (ι
170 4647 290 4706 Ρειτο
318 4652 392 4723 ν)·
959 4653 966 4658 ’
1748 4645 1861 4725 fieri
1889 4645 1986 4740 per
2014 4675 2338 4724 conventum
2365 4664 2704 4735 episcoprum
2722 4661 2999 4732 regulares
3023 4660 3332 4730 inquisitio-

816 4740 881 4797 γ’
1671 4747 1724 4806 Ῑ)
1750 4775 1846 4816 nes
1867 4773 1882 4812 :
1903 4770 2121 4829 propter
2142 4755 2512 4827 fatigationem
2541 4762 2595 4809 et
2620 4760 2678 4806 ut
2703 4759 3004 4820 opportune
3034 4751 3334 4805 habeantur

111 4846 229 4929 Quod
259 4856 339 4929 qui
363 4857 696 4929 exprobrant
725 4854 1048 4929 clericis,eo_
1080 4855 1218 4929 quod
1258 4853 1487 4929 ordinati
1524 4862 1646 4908 sunt
1750 4855 1817 4909 ad
1847 4853 1948 4907 iter
1976 4851 2114 4927 [Gr.,
2143 4849 2286 4921 quod
2320 4849 2503 4919 inopia
2528 4847 2774 4904 laborent
2813 4843 2881 4898 ad
2917 4843 3045 4917 iter]
3071 4839 3337 4913 agendum

137 4924 179 4976 in
209 4924 405 4982 ecclesia
432 4924 544 4982 sine
582 4926 746 4992 datis,
775 4927 1002 4996 epitimio
1031 4924 1280 4999 [mulctte]
1319 4924 1608 4994 subjacent.
1749 4947 1804 5005 hi
1831 4946 1921 5017 qui
1946 4924 2306 5019 cbngregandi
2332 4951 2486 5012 sum,
2519 4959 2542 4988 ο
2577 4936 2896 4997 deﬁnierunt
2917 4935 3071 5008 (οαη,
3093 4935 3147 5001 8)
3175 4941 3340 4988 sextae

1751 5042 1938 5114 synodi
1978 5039 2151 5101 sancti
2184 5040 2392 5100 Patres,
2426 5039 2591 5101 omni
2613 5031 2953 5090 excusatione
2989 5038 3195 5086 remota
3230 5041 3345 5080 mo-

1750 5136 1832 5190 dis
1860 5139 2117 5194 omnibus
2143 5130 2312 5188 semel
2343 5129 2399 5184 in
2448 5149 2608 5200 anno
2640 5121 2778 5186 fieri,
2805 5129 2859 5174 et
2900 5122 3186 5194 depravata
3226 5132 3350 5217 cor:

1753 5227 1873 5298 rigi.
1903 5227 2059 5287 Hunc
2096 5241 2228 5296 ergo
2271 5236 2579 5296 canoan
2611 5228 2670 5276 et
2701 5225 2794 5264 nos
2829 5225 3182 5269 renovamus:
3218 5216 3273 5262 et
3312 5216 3353 5260 si

1752 5313 2039 5391 quisquani
2096 5318 2354 5387 princeps
2392 5312 2694 5388 inventus
2733 5302 2884 5356 fuerit
2915 5305 3018 5363 hoc
3067 5301 3364 5378 prohibere,

2467 5415 2518 5437 cx
2541 5425 2551 5446 τ
2577 5401 2693 5446 ,μαῖα
2715 5407 2834 5428 ‘1an
2861 5397 3369 5436 malrnnn‘ilonl‘“““‘

163 5047 420 5108 Peccatum
470 5054 541 5109 ad
585 5060 822 5108 mortem
871 5062 972 5118 est,
1014 5038 1227 5123 quando
1265 5051 1480 5121 quidam
1525 5068 1648 5122 pec-

113 5151 259 5198 cantes
284 5145 565 5202 incorrecti
592 5143 916 5218 persistunt.
958 5144 1071 5200 lloc
1104 5159 1234 5200 vero
1272 5143 1506 5199 deterius
1540 5154 1644 5210 est,

116 5233 148 5286 si
178 5244 222 5290 et
255 5249 560 5312 arroganter
595 5236 734 5296 elati
777 5237 1056 5309 insurgunt
1098 5239 1358 5293 adversus
1390 5237 1648 5306 pietatem

113 5335 153 5380 et
185 5330 478 5400 veritatem;
515 5341 579 5410 _et
627 5327 982 5403 praeferentes
1033 5344 1339 5385 mammona
1382 5328 1474 5383 Dei
1521 5333 1656 5407 obe-g

685 5419 998 5462 ιη’·νιιῆυιῖιιιις
1028 5420 1137 5452 Λῖιιη
1169 5436 1267 5452 ηαδστ
