3916 5886
553 336 662 433 iss

1707 379 2071 443 ANASTASII
2110 389 2652 450 BlBLlOTi‘iECARll

3713 414 3799 474 484

548 485 728 562 aliqua
761 492 1062 550 rationabili
1099 495 1410 563 occasione,
1444 499 1724 555 canonicis
1751 503 1926 571 pcenis
1960 503 2142 574 subja-
2170 512 2218 571 Α
2250 511 2540 567 reticorum
2588 513 2760 570 libris.
2804 513 2863 571 Si
2888 529 3020 574 vero
3053 519 3174 588 quis
3216 520 3467 580 inventus
3508 525 3669 582 fuerit
3706 532 3800 588 hac

548 593 682 652 ceal.
720 583 856 638 Dum
888 593 1064 642 autem
1115 589 1349 660 synodus
1395 591 1573 660 agitur
1606 589 1745 663 [Gr.,
1781 594 1997 665 Synodo
2037 613 2135 652 au-

549 687 656 733 tem
694 681 934 753 peracta]
968 698 1130 754 super
1155 685 1430 741 canonicis
1450 695 1503 741 et
1531 689 1851 759 evangellcis
1882 694 2133 764 negotiis,

545 782 757 842 oportet
783 786 1137 846 congregatos
1163 779 1442 850 episcopos
1469 780 1522 834 in
1553 782 1902 838 meditatione
1933 794 1986 840 et
2029 787 2135 841 soi-

543 863 814 920 licitndine
854 866 968 920 ﬁeri
1000 868 1473 924 custodiendorum
1517 871 1819 927 divinorum
1861 883 1916 928 et
1957 875 2133 931 vivifi-

544 970 729 1011 corum
780 957 992 1013 Domini
1044 960 1418 1016 mandatorum
1448 981 1460 1016 :
1492 963 1544 1018 in
1576 965 1943 1022 custodiendis
1985 968 2129 1022 enim

541 1047 644 1102 illis
689 1048 969 1105 retributio
1014 1051 1211 1118 multa;
1249 1055 1371 1124 quia
1398 1063 1452 1110 et
1499 1055 1718 1111 lucerna
1767 1059 2127 1116 mandatum:

540 1138 625 1191 lex
655 1148 837 1194 autem
876 1141 988 1207 lux,
1020 1150 1073 1197 et
1101 1143 1187 1197 via
1217 1143 1340 1198 vitae
1381 1146 1590 1216 argutio
1621 1157 1675 1203 et
1716 1147 1995 1220 disciplina
2041 1160 2129 1207 est

542 1228 725 1297 (l’rcu.
757 1229 865 1301 vt);
896 1240 949 1285 et
978 1233 1287 1288 mandatum
1320 1234 1525 1290 Domini
1555 1236 1788 1292 lucidum
1818 1240 2126 1298 illuminans

540 1320 723 1375 oculos
751 1320 923 1392 (Paul.
956 1323 1131 1395 xvin).
1166 1324 1472 1397 Porro.non
1521 1328 1717 1384 habeat
1756 1333 2125 1402 metropolita-

539 1427 642 1467 nus
675 1411 944 1468 licentiam
993 1431 1061 1470 ex
1109 1417 1193 1472 his
1222 1433 1341 1487 qua:
1384 1417 1560 1474 defert
1605 1421 1890 1492 episcOpus
1928 1440 2116 1480 secum

532 1503 988 1575 sivejumentum,
1018 1507 1130 1562 sive
1160 1507 1317 1562 aliam
1362 1510 1593 1580 speciem
1621 1512 1927 1581 expetendi.
1967 1514 2122 1582 Quod

531 1594 576 1650 si
604 1595 705 1652 hoc
728 1598 901 1668 egisse
930 1599 1206 1655 convictus
1236 1598 1417 1667 fuerit,
1446 1601 1620 1657 solvat
1645 1603 2025 1675 quadruplum.

1262 1729 1373 1788 νη.

531 1841 683 1908 Quod
704 1841 895 1906 temula
918 1845 1117 1922 nouiter
1133 1845 1245 1902 sine
1261 1845 1536 1902 reconditis
1559 1857 1858 1922 sanctorum
1881 1850 2111 1922 reliquiis

936 1915 1175 1972 dedicata
1198 1927 1429 1987 oporteat
1451 1915 1700 1990 suppleri,

597 2025 688 2084 Ait
711 2025 910 2086 Paulus
935 2027 1149 2084 divinus
1176 2029 1450 2098 apostolus
1477 2047 1490 2084 :
1523 2029 1882 2096 Quorumdam
1903 2043 2115 2102 peccata

525 2118 802 2188 manifesta
848 2131 990 2185 sunt,
1037 2121 1385 2190 quorumdam
1431 2131 1605 2181 autem
1645 2131 1694 2176 et
1725 2123 2114 2195 subsequuntur

523 2208 575 2280 (ι
619 2207 753 2267 Tim.
792 2209 870 2281 v).
926 2211 1172 2272 Peccatis
1202 2225 1331 2282 ergo
1382 2213 1856 2283 prmvenientibns,
1902 2224 1957 2270 et
2008 2215 2112 2272 alia

523 2309 744 2368 peccata
776 2300 860 2364 his
888 2302 1159 2362 accidunt.
1197 2301 1420 2372 impiam
1449 2303 1631 2375 itaque
1659 2305 1996 2366 Christianos
2019 2323 2112 2364 ac—

520 2391 826 2448 cusantium
877 2391 1124 2450 hatresim
1181 2401 1237 2448 et
1291 2393 1410 2456 alia:
1460 2393 1760 2465 impietates
1808 2395 2110 2454 subsecutae

517 2489 663 2536 sunt.
692 2480 844 2546 Sicut
865 2482 1008 2542 enim
1030 2481 1413 2547 venerabilium
1437 2483 1730 2556 imaginum
1753 2486 1956 2548 vultum
1987 2488 2109 2544 abs-

519 2570 756 2628 tulerunt
800 2572 868 2628 ab
913 2571 1177 2642 Ecclesia,
1221 2572 1294 2636 ita
1343 2583 1400 2632 et
1440 2573 1574 2632 alios
1615 2577 1877 2648 quosdam
1927 2593 2108 2640 mores

515 2664 903 2734 deseruerunt;
928 2682 1065 2737 quos
1095 2675 1151 2732 et
1176 2677 1389 2740 oportet
1418 2671 1693 2741 renovari,
1736 2680 1792 2728 et
1813 2675 2108 2734 secundum.

511 2757 770 2836 scriptam
811 2768 867 2816 et
907 2775 1016 2822 non
1045 2760 1303 2838 scriptam
1335 2762 1725 2834 legislationem
1753 2764 1930 2824 denuo
1959 2767 2101 2830 deti.

513 2850 653 2908 neri.
693 2849 968 2923 Quotquot
1011 2867 1139 2924 ergo
1168 2853 1494 2914 venerabilia
1546 2854 1746 2926 templa
1794 2867 2107 2916 consecrata

513 2947 638 2996 sunt
667 2940 872 3010 absque
908 2943 1112 3004 sanctis
1145 2944 1388 3020 reliquiis
1439 2955 1771 3020 martyrum,
1820 2947 2106 3009 deﬁnimus

510 3028 568 3094 in
617 3031 698 3094 eis
736 3031 1084 3101 reliquiarum
1132 3050 1234 3090 una
1267 3019 1411 3098 Icum
1465 3037 1624 3094 solita
1677 3039 1923 3096 oratione
1975 3039 2094 3098 ﬁeri

514 3120 858 3190 trusitionem.
888 3121 1022 3186 Etsi
1066 3139 1096 3178 a
1121 3128 1372 3196 praesenti
1405 3137 1647 3200 tempore
1675 3133 1922 3192 inventus
1941 3135 2104 3202 fuerit

520 3211 814 3282 episcopus
850 3213 1054 3284 absque
1079 3215 1303 3287 lipsanis
1332 3233 1655 3280 consecrare
1694 3225 1968 3294 templum,
2014 3229 2104 3284 tie-.-

512 3315 767 3373 ponatnr,
792 3312 853 3366 ut
888 3303 979 3364 ille
1013 3308 1106 3378 qui
1135 3309 1536 3375 ecclesiasticas
1578 3315 1894 3378 traditiones
1921 3327 2098 3376 trans-

509 3396 775 3466 greditur.

1239 3493 1372 3556 Vili.

510 3599 664 3668 Quod
701 3601 952 3660 Hebraeo:
985 3619 1090 3660 non
1121 3616 1357 3683 oporteat
1384 3609 1564 3683 recipi,
1600 3611 1701 3667 nisi
1729 3613 1862 3683 forte
1886 3628 1952 3668 es
1986 3615 2098 3670 siu-

893 3691 1012 3738 cero
1042 3677 1197 3736 corde
1223 3681 1458 3740 converti
1485 3677 1706 3750 fuerint.

577 3784 845 3851 Quoniam
874 3794 1120 3843 errantes
1155 3787 1211 3842 hi
1240 3790 1332 3860 qui
1367 3804 1433 3844 ex
1468 3790 1816 3850 Hebrteorum
1841 3799 2099 3869 supersti-

509 3874 655 3932 tione
684 3878 1008 3944 consistunt,
1039 3879 1375 3937 subsannare
1397 3897 1456 3938 se
1485 3882 1761 3941 Christum
1786 3887 1952 3944 Deum
1976 3891 2094 3946 exi-

509 3966 749 4033 stimant,
784 3968 1100 4027 simulantes
1123 3969 1569 4042 Christianiaare,
1593 3977 1768 4047 ipsum
1798 3990 1977 4038 autem
2003 3999 2097 4038 ne-

505 4067 659 4130 gant,
689 4058 828 4114 clam
861 4069 918 4115 et
948 4060 1178 4118 latenter
1201 4061 1623 4133 sabbatiaantes,
1656 4079 1713 4124 et
1750 4069 1855 4126 alia
1880 4070 2093 4128 Judae-

503 4164 624 4204 rum
656 4165 807 4206 more
841 4150 1104 4209 facientes
1131 4169 1145 4206 :
1174 4153 1461 4212 deﬁnimus
1505 4158 1606 4214 hos
1650 4174 1828 4231 neque
1860 4162 1912 4218 in
1941 4179 2092 4219 com-

503 4240 839 4310 munionem,
868 4258 1043 4314 neque
1070 4243 1124 4298 in
1155 4245 1476 4315 orationem,
1511 4264 1685 4320 neque
1720 4251 1774 4307 in
1801 4253 2090 4310 ecclesiam

500 4333 736 4405 suscipi;
793 4334 888 4391 sed
943 4333 1226 4392 manifeste
1272 4337 1381 4394 sint
1434 4341 1727 4398 secundum
1776 4344 2090 4416 religionem

498 4441 651 4482 suam
676 4426 888 4485 Hebraei
917 4445 931 4482 :
965 4443 1142 4499 neque
1162 4445 1364 4501 pueros
1390 4446 1578 4490 eorum
1599 4434 1887 4506 baptizari,
1913 4453 2086 4508 neque

503 4535 720 4577 servum
758 4522 865 4576 emi
911 4522 996 4578 vel
1040 4524 1246 4594 acquiri
1278 4522 1423 4597 [Gr.,
1455 4541 1636 4584 emere
1661 4529 1744 4585 vel
1767 4531 2088 4604 possidere],

2241 603 2548 671 occultare,
2601 606 2864 676 siquidem
2919 610 3202 682 episcopus
3251 621 3343 669 aut
3385 619 3693 688 presbyter,
3735 624 3800 678 rei

2239 695 2496 752 diaconus
2535 697 2720 765 fuerit,
2757 699 3057 771 deponatur
3089 724 3102 759 ε
3146 705 3194 762 si
3233 722 3364 764 vero
3407 712 3705 768 monachus
3729 721 3802 770 aut

2235 786 2428 858 laicus,
2460 791 2971 851 anathematizetur.

2235 1014 2388 1082 Quod
2440 1034 2571 1102 non
2601 1031 2835 1102 oporteat
2874 1023 3120 1102 clericum
3172 1027 3460 1102 religtquere
3518 1031 3798 1102 parochiam

2301 1105 2473 1171 suam,
2524 1099 2572 1145 et
2624 1091 2693 1148 ad
2748 1092 2909 1148 aliam
2950 1096 3174 1150 transire
3230 1091 3423 1174 absque
3477 1091 3664 1156 notitia
3707 1105 3800 1178 epi-

2304 1175 2464 1228 scopi.

2303 1272 2564 1339 Quoniam
2595 1276 2809 1358 quidam
2835 1279 3152 1336 clericorum
3177 1285 3633 1360 parvipendentes
3658 1302 3800 1345 cano-

2229 1365 2407 1420 nicam
2447 1371 2927 1439 constitutionem,
2972 1376 3278 1450 relinquunt
3319 1380 3638 1449 parochiam
3688 1399 3796 1456 pro-

2224 1458 2420 1527 priam,
2453 1461 2616 1516 et'ad
2656 1462 2791 1519 alias
2831 1468 3117 1534 parochias
3156 1469 3461 1536 convolant,
3487 1481 3542 1527 et
3583 1474 3798 1530 maxime

2226 1548 2278 1602 in
2319 1550 2420 1605 hac
2452 1552 2561 1609 Deo
2601 1557 2864 1612 servanda
2894 1560 3042 1630 regia
3070 1562 3201 1616 urbe
3230 1578 3350 1617 sese
3371 1565 3513 1634 apud
3543 1566 3799 1636 principes

2222 1640 2439 1714 locant,
2477 1645 2532 1704 in
2582 1661 2766 1710 eorum
2817 1652 3073 1710 oratoriis
3119 1653 3312 1714 missas
3362 1654 3666 1718 facientes;
3715 1658 3799 1721 bos

2221 1732 2425 1802 absque
2461 1739 2681 1805 proprio
2710 1739 2963 1811 episcopo
2987 1751 3042 1797 et
3075 1741 3678 1815 Constantinopolitano
3713 1762 3796 1802 an-

2222 1823 2389 1881 tistite
2441 1842 2546 1888 non
2602 1827 2730 1886 licet
2777 1832 3054 1902 suscipere
3113 1835 3168 1890 in
3218 1835 3462 1906 qualibet
3512 1837 3677 1892 domo
3727 1837 3796 1894 rei

2218 1917 2448 1974 ecclesia
2475 1934 2490 1976 :
2521 1922 2665 1992 quod
2687 1923 2732 1982 si
2765 1923 2870 1980 hoc
2902 1923 3112 1995 fecerit,
3149 1936 3205 1984 et
3247 1930 3318 1984 ita
3351 1931 3795 2000 perseveraverit,

2219 2008 2536 2082 deponatur.
2577 2012 2850 2088 Quotquot
2880 2025 3062 2078 autem
3097 2034 3220 2082 cum
3250 2021 3591 2078 conscientia
3613 2023 3794 2093 praedi-

2217 2109 2429 2158 ctorum
2458 2103 2562 2160 hoc
2596 2104 2827 2168 fecerint
2854 2110 3218 2178 sacerdotum,
3244 2127 3352 2168 non
3387 2112 3520 2169 licet
3545 2113 3629 2170 eis
3657 2130 3796 2170 mun-

2217 2196 2384 2252 danas
2415 2205 2470 2252 et
2507 2200 2796 2265 saeculares
2833 2217 2993 2260 curas
3025 2205 3320 2275 suscipere,
3350 2206 3657 2277 praesertim
3686 2223 3792 2264 cum

2217 2285 2320 2344 ltoc
2344 2303 2506 2360 agere
2527 2293 2922 2363 prohibeantur
2950 2311 2980 2352 a
3006 2296 3179 2359 sacris
3201 2299 3522 2355 canonibus.
3550 2300 3794 2371 Quisquis

2217 2388 2395 2436 autem
2427 2385 2738 2455 apparuerit
2763 2401 2972 2455 eorum,
3000 2388 3092 2459 qui
3118 2389 3372 2446 dicuntur
3411 2389 3676 2459 majores,
3712 2406 3793 2446 cu-

2216 2487 2329 2530 ram
2365 2482 2568 2542 tenere,
2593 2477 2937 2546 autdesinat,
2975 2488 3069 2536 aut
3105 2481 3406 2551 deponatur
3439 2499 3453 2536 :
3493 2483 3678 2553 potius
3703 2499 3790 2538 au-

2215 2569 2322 2620 tent
2372 2574 2588 2624 maneat
2631 2569 2699 2628 ad
2730 2571 3099 2640 magisterium
3150 2581 3258 2628 tam
3301 2589 3599 2645 puerorum
3644 2592 3791 2646 quam

2212 2654 2560 2725 famulorum,
2594 2659 2834 2732 relegens
2857 2663 2938 2724 eis
2963 2662 3172 2724 divinas
3202 2664 3520 2737 Scripturas
3549 2683 3566 2723 :
3607 2670 3675 2726 ad
3701 2671 3792 2726 hoc

2212 2750 2356 2806 enim
2381 2751 2545 2812 etiam
2575 2753 2936 2817 sacerdotium
2961 2767 3284 2824 consecutus
3308 2768 3413 2817 est.

2958 2890 3045 2946 XI.

2316 2985 2471 3050 Quod
2499 2995 2733 3056 oporteat
2761 3001 3050 3070 ceconomos
3074 3005 3183 3072 esse
3208 3005 3261 3044 ιη
3290 2989 3569 3062 episcOpiis
3606 3009 3670 3047 ac

2833 3069 3152 3114 ntttttateriis.

2277 3171 2409 3228 Cum
2439 3173 2608 3230 simus
2636 3175 2905 3232 debitores
2945 3192 3132 3233 omnes
3160 3192 3342 3233 sacras
3369 3177 3588 3234 litteras
3617 3188 3786 3236 Custo-

2131 3255 2174 3318 C
2206 3262 2341 3328 dire,
2370 3272 2423 3320 et
2449 3281 2567 3320 eam
2597 3282 2716 3336 qua:
2745 3266 2894 3333 dicit,
2926 3267 2979 3322 in
3013 3283 3332 3346 unaquaque
3373 3269 3607 3326 eet-.lesia
3649 3287 3781 3327 oeco-

2201 3371 2390 3412 nomos
2419 3371 2539 3412 esse
2568 3353 2747 3429 (Cone.
2775 3357 3017 3413 Clmlced.
3039 3357 3167 3416 ‘can.
3197 3360 3308 3432 26),
3331 3362 3510 3417 modis
3546 3365 3784 3419 erunibus

2200 3445 2560 3504 inviolabilem
2583 3466 2904 3506 conservare
2926 3451 3201 3508 debemus.
3225 3453 3291 3507 Et
3319 3454 3364 3508 si
3386 3455 3614 3525 quidem
3641 3473 3784 3512 unus.

2199 3541 2426 3612 quisque
2464 3543 2912 3616 metrOpolitanus
2960 3543 3014 3598 in
3044 3561 3138 3600 sua
3180 3545 3407 3602 ecclesia
3447 3549 3785 3606 constituerit

2199 3646 2561 3701 oscouomum,
2587 3635 2723 3690 bene
2753 3635 2938 3706 utique
2967 3653 2980 3690 :
3007 3635 3089 3692 sin
3117 3645 3317 3704 autem,
3345 3654 3416 3695 ex
3464 3641 3784 3696 auctoritate

2197 3725 2415 3797 propria
2473 3725 2618 3800 [Gr.,
2655 3727 2900 3804 speciali]
2947 3728 3490 3812 ConstantinOpoleos
3542 3733 3782 3805 episeopo

2199 3817 2415 3894 licentia
2441 3828 2525 3875 est
2555 3821 2896 3892 praeponendi
2925 3835 3264 3879 meonomum
3295 3823 3348 3880 in
3382 3825 3506 3896 ejus
3533 3827 3778 3886 ecclesia:

2198 3911 2446 3968 similiter
2474 3919 2528 3968 et
2556 3913 3007 3986 metropolitanis,
3037 3916 3081 3971 Si
3108 3913 3344 3988 episcopi
3391 3919 3486 3988 qui
3526 3921 3628 3976 sub
3659 3920 3782 3990 ipsis

2198 4014 2341 4069 sunt,
2375 4022 2480 4061 non
2506 4006 2803 4080 sategeriut
2834 4023 3144 4064 oeconomos
3181 4015 3420 4066 statuere
3463 4012 3521 4066 in
3553 4014 3665 4069 suis
3687 4029 3777 4070 ec-

2197 4095 2397 4154 clesiis.
2424 4096 2482 4154 1d
2512 4097 2687 4184 ipsum
2719 4108 2896 4160 autem
2923 4101 3245 4158 servandum
3271 4106 3355 4160 est
3383 4103 3554 4162 etiam
3585 4104 3639 4161 in
3663 4119 3776 4162 mo-

2197 4187 2466 4246 nasteriis.

2923 4283 3037 4341 ΧΠ.

2233 4401 2386 4469 Quod
2416 4417 2532 4488 non,
2553 4410 2782 4488 oporteat
2805 4402 3484 4488 episcopum.velabbatem.
3516 4405 3741 4464 alienare

2406 4472 2532 4546 quid
2555 4471 2616 4526 de
2638 4471 2885 4554 proastiis
2915 4471 3270 4556 [suburbanis]
3296 4473 3556 4532 ecclesite.

499 4611 558 4669 Si
585 4629 713 4670 vero
742 4629 809 4669 ex
832 4614 1044 4671 sincero
1068 4586 1232 4671 corde
1270 4586 1334 4673 ac
1370 4586 1477 4674 ﬁde
1519 4586 1848 4676 converterit
1878 4637 1936 4677 se
1964 4586 2088 4692 quis
2114 4626 2166 4687 D
2251 4586 2523 4692 ,Qlﬁsqujs
2569 4587 2853 4692 ePismpuf
2895 4587 3142 4692 “ﬁamus
3173 4587 3455 4692 fueritve].
3504 4593 3671 4650 abbas
3705 4591 3771 4646 de

495 4721 702 4774 eorum,
731 4715 785 4762 et
813 4707 1091 4764 confessus
1127 4708 1294 4764 fuerit
1328 4725 1394 4766 ex
1428 4719 1538 4767 toto
1579 4713 1768 4778 corde,
1799 4714 2086 4785 divulgans

495 4815 674 4856 mores
702 4815 892 4855 eorum
920 4808 976 4855 et
999 4816 1110 4868 res,
1149 4809 1208 4856 ut
1235 4802 1326 4857 alii
1367 4804 1533 4862 etiam
1563 4815 1862 4876 arguantur
1882 4815 1936 4862 et
1961 4823 2084 4864 cor-

496 4891 778 4962 rigantur;
811 4893 957 4948 bunc
979 4893 1179 4964 suscipi
1205 4903 1260 4949 et
1283 4897 1570 4966 baptizari,
1603 4907 1659 4954 et
1696 4915 1893 4969 pueros
1918 4902 2034 4972 ejus
2065 4919 2080 4956 ι

496 4984 625 5053 quin
650 4992 705 5039 et
728 4984 1007 5041 observari
1031 4999 1124 5041 eos
1160 4983 1373 5058 [cautos
1399 4989 1546 5044 reddi
1552 4988 1588 5060 j,
1621 4999 1679 5044 ut
1717 4991 1975 5046 recedant
2014 4992 2084 5047 ab

495 5075 773 5133 Hebraicis
820 5079 1310 5148 adinventionibus,
1359 5081 1685 5142 deﬁnimus:
1719 5083 1855 5140 alias
1898 5093 2077 5140 autem

495 5169 806 5226 nullatenus
828 5171 1214 5229 admittendos.

1248 5307 1339 5370 lx.

566 5410 646 5468 De
700 5429 804 5468 non
859 5413 1220 5494 abscondendo
1271 5421 1401 5476 libra
1465 5421 1694 5494 quolibet
1747 5424 2002 5488 [transeas

923 5483 1244 5543 Christianos
1271 5483 1648 5548 accusantium.

565 5595 759 5651 Omnia
779 5593 1050 5666 puerilitia
1075 5596 1318 5668 ludibria,
1348 5603 1669 5675 insanasque
1691 5606 2074 5668 debacchatioo

498 5703 592 5743 nes
613 5695 777 5764 atque
819 5685 1146 5758 conscripta,
1191 5703 1308 5757 quae
1335 5691 1469 5748 falso
1515 5704 1703 5751 contra
1745 5697 2076 5758 venerabiles

2190 4677 2401 4732 salariis
2467 4676 2643 4750 [agris
2685 4695 2774 4732 seu
2820 4677 3032 4752 fundis]
3102 4680 3358 4751 episc0pii
3410 4683 3529 4737 sive
3593 4700 3769 4738 mona-

2188 4769 2335 4828 sterii
2367 4768 2656 4832 transferre
2683 4770 2976 4842 quidquam
2999 4771 3050 4827 in
3082 4773 3386 4848 principum
3436 4791 3661 4846 manus,
3686 4775 3767 4830 vel

2186 4861 2347 4924 etiam
2379 4856 2467 4918 alii
2490 4877 2736 4932 persona:
2764 4862 3042 4934 conferre,
3073 4861 3283 4931 irritum
3314 4865 3389 4926 sit
3415 4868 3562 4938 quod
3591 4868 3763 4922 datum

2185 4963 2303 5006 esse
2330 4951 2659 5018 constiterit,
2693 4952 2988 5007 secundum
3016 4951 3156 5024 [Gr.,
3197 4952 3350 5006 irrita
3397 4955 3469 5009 sit
3519 4957 3760 5011 alienatio

2184 5041 2502 5116 secundum]
2521 5058 2779 5098 canonem
2801 5051 3109 5099 sanctorum
3133 5044 3504 5115 apostolorum
3525 5048 3616 5119 qui
3641 5049 3764 5103 dicit

2187 5135 2324 5206 (can.
2352 5137 2441 5208 59)
2468 5154 2478 5190 :
2505 5135 2754 5192 Omnium
2777 5135 3263 5191 ecclesrasticarum
3286 5151 3473 5192 rerum
3490 5139 3762 5210 episcopus

2187 5225 2599 5282 sollicitudinem
2627 5226 2841 5290 habeat,
2873 5234 2927 5282 et
2956 5226 3225 5297 dispenset
3254 5242 3349 5284 eas
3378 5235 3636 5301 tanquam
3657 5230 3757 5286 Deo

2184 5319 2604 5392 contemplante;
2656 5337 2760 5378 non
2811 5319 2970 5376 liccat
3013 5331 3186 5376 autem
3218 5321 3266 5377 ei
3302 5319 3568 5380 fraudare
3609 5323 3752 5394 quid-

2183 5430 2343 5496 quam
2382 5432 2444 5471 ex
2473 5416 2598 5483 illis,
2634 5415 2717 5471 vel
2745 5415 2990 5489 cognatis
3031 5413 3259 5488 propriis
3288 5413 3498 5472 donare
3526 5431 3643 5488 qua!
3669 5414 3750 5471 Dei

2181 5519 2324 5563 sunt.
2359 5509 2509 5576 Quod
2549 5511 2592 5564 si
2621 5525 2884 5580 pauperes
2928 5510 3146 5574 fuerint,
3187 5517 3245 5563 ut
3287 5509 3621 5580 pauperibus
3657 5511 3752 5565 lar-

2178 5604 2352 5675 giatur
2382 5619 2394 5665 :
2421 5605 2511 5658 sed
2558 5620 2660 5660 non
2707 5605 2803 5659 sub
2832 5620 3015 5659 corum
3045 5606 3325 5663 occasione
3366 5621 3490 5674 qua:
3523 5617 3646 5661 sunt
3672 5620 3748 5659 cc-

2178 5693 2354 5752 clesiu:
2384 5694 2768 5756 defraudentur
2797 5695 2939 5768 [Gr.,
2971 5694 3279 5767 venundetl.
3319 5695 3482 5763 Quod
3510 5703 3564 5752 et
3599 5711 3744 5751 CXCII-

500 5779 756 5848 imagines
786 5779 928 5835 facta
957 5788 1102 5848 sunt,
1142 5778 1258 5834 dari
1291 5794 1500 5854 Oportet
1532 5786 1584 5841 in
1623 5789 1896 5857 t-piscopio
1935 5789 2077 5844 Con-
2175 5786 2440 5842 sationem
2486 5786 2528 5840 si
2560 5787 2960 5857 prretenderint,
3011 5787 3263 5848 damnum
3291 5787 3501 5857 facere.
3544 5797 3601 5844 ει
3627 5781 3744 5850 nihil
