3916 5560
84 468 188 527 485
767 469 1321 537 INTERPRETATIO
1360 470 1609 529 SYNODI
1646 472 1668 525 l

1778 469 2173 531 GENERALIS.
2210 501 2283 513 —
2312 470 2518 531 ACTIO
2555 470 2692 531 νιιι.
3263 471 3376 530 ι86

85 590 171 659 qui
202 605 304 669 per
331 604 456 645 .oca
491 590 578 646 illa
609 599 761 661 sunt,
805 591 1076 657 tribuatur
1099 608 1228 665 ager
1254 593 1339 648 vel
1382 593 1563 660 locus,
1591 593 1687 655 sed
1714 599 1765 658 Α
1791 593 1895 651 hoc
1930 594 2089 657 debet
2123 609 2379 667 manere,
2414 603 2470 649 et
2507 595 2562 653 in
2601 610 2709 653 una
2741 593 2909 651 locari
2950 594 3204 660 ecclesia.
3242 595 3376 665 Qui.

85 680 298 736 clericis
326 679 416 735 vel
459 676 895 752 agricultoribus,
952 680 1104 751 Quod
1151 683 1196 741 si
1237 678 1527 747 calliditate
1559 701 1688 740 usus
1791 685 1936 745 enim
1967 699 2064 756 per
2096 693 2253 756 turpe
2289 685 2500 751 lucrum
2539 685 2592 747 in
2632 686 3013 749 ecclesiasticis
3058 688 3220 749 rebus
3263 687 3378 751 cill—

85 770 265 839 fuerit,
296 781 355 826 et
381 788 416 826 a
442 772 634 828 colono
657 774 738 828 vel
764 773 963 839 clerico
983 774 1175 831 emerit
1197 776 1446 851 princeps
1472 791 1681 848 agrum;
1788 776 2026 843 ciuntur,
2056 776 2231 839 aliena
2260 777 2565 841 consistunt
2591 793 2621 841 a
2645 778 2773 841 Deo.
2801 780 2882 841 Ad
2909 781 3032 841 vitae
3057 796 3188 837 vero
3208 781 3371 856 hujus

82 867 246 931 etiam
276 865 359 923 sic
394 867 552 931 irrita
597 867 668 924 sit
696 868 952 939 venditio,
986 877 1042 925 et
1074 869 1391 925 restituatur
1411 870 1684 943 episc0pio
1788 866 2168 927 necessitatem
2199 868 2378 931 studia
2431 877 2557 929 sunt
2604 870 2816 933 diversa
2847 887 2861 931 ζ
2897 887 2964 933 ex
2998 871 3083 935 bis
3120 886 3250 934 vero
3283 873 3376 944 qui

82 956 162 1009 vel
206 959 550 1015 monasterio
580 977 595 1012 :
623 967 678 1013 et
716 959 1000 1033 episcopus
1026 959 1110 1014 vel
1140 961 1307 1019 abbas
1350 963 1451 1017 hoc
1480 960 1685 1029 faciens
1788 958 2053 1026 voluerit.
2107 961 2360 1031 acquirat
2407 960 2656 1031 corporis
2705 970 3028 1032 opportuna.
3086 962 3176 1023 Ait
3231 963 3377 1023 enim

82 1047 396 1123 abjiciatur,
454 1050 737 1127 episcopus
787 1050 1004 1122 quidem
1059 1051 1127 1107 ab
1172 1052 1467 1125 episcopio,
1515 1052 1683 1115 abbas
1785 1052 2122 1124 Apostolus:
2159 1052 2242 1117 Αα
2271 1070 2335 1115 ea
2368 1069 2486 1131 quae
2519 1054 2649 1109 mihi
2689 1070 2818 1125 opus
2855 1065 3038 1122 erant,
3068 1063 3118 1115 et
3163 1055 3244 1116 Itis
3288 1056 3378 1128 qui

83 1149 264 1193 autem
304 1156 336 1193 a
390 1141 742 1208 monasterio,
792 1150 1051 1213 tanquam
1097 1142 1191 1214 qui
1236 1144 1496 1219 dispergit
1542 1145 1680 1202 male
1785 1161 1988 1198 mecum
2023 1154 2177 1209 sunt,
2218 1144 2645 1205 ministratorum
2682 1163 2871 1207 manus
2898 1147 3013 1207 ista
3042 1147 3199 1220 (Art.
3229 1163 3299 1207 xx
3326 1148 3366 1220 ).

83 1246 198 1302 quae
231 1247 347 1287 non
375 1233 618 1306 collegit.
756 1240 759 1243 '
1782 1233 1853 1289 Et
1900 1236 2018 1291 haec
2063 1236 2281 1306 quidem
2334 1236 2387 1291 in
2438 1236 2542 1292 hac
2587 1252 2618 1295 a
2668 1237 2776 1292 Deo
2813 1240 3183 1294 conservanda
3223 1239 3372 1297 urbe.

809 1324 946 1393 XIII.

115 1436 269 1505 Qud
296 1440 355 1494 in
379 1457 583 1511 magna
608 1443 947 1517 destinatione
970 1445 1082 1517 sint
1104 1445 1182 1512 Iri,
1207 1448 1297 1517 qui
1319 1451 1641 1505 monasteria

441 1514 742 1567 communia
769 1512 970 1582 faciunt
993 1512 1314 1573 habitacula.

146 1622 419 1691 Quoniam
458 1636 680 1698 propter
707 1628 1104 1699 calamitatem,
1144 1650 1265 1706 qua:
1300 1650 1399 1708 pro
1436 1638 1676 1708 peccatis

83 1718 275 1771 nostris
305 1716 363 1771 in
394 1718 644 1775 ecclesiis
681 1719 829 1778 facta
867 1730 971 1789 est,
1020 1726 1289 1798 subrepta:
1336 1736 1463 1783 sunt
1488 1742 1519 1785 a
1560 1730 1678 1801 qui-

82 1807 302 1862 busdam
340 1808 478 1866 viris
504 1812 751 1881 qua-dam
782 1817 1123 1873 venerabiles
1148 1819 1359 1888 domus,
1393 1830 1501 1877 tam
1532 1824 1673 1880 vide-

83 1896 203 1954 licet
227 1900 529 1972 episcopis,
560 1919 722 1975 quam
750 1910 1100 1978 monasteria,
1128 1918 1183 1967 et
1202 1913 1343 1969 facta
1374 1924 1499 1970 sunt
1522 1933 1672 1973 com-

83 1990 257 2051 munia
290 1991 600 2050 diversoria
630 2013 645 2050 :
692 1997 740 2052 si
774 1999 992 2071 quidem
1032 1994 1302 2059 voluerint
1348 2005 1384 2060 ii
1417 2008 1507 2077 qui
1559 2009 1675 2065 haec

86 2080 349 2150 retinent,
406 2085 639 2142 reddere
690 2103 786 2157 ea,
843 2100 902 2147 ut
947 2097 1242 2152 secundum
1294 2099 1674 2171 antiquitatem

93 2173 232 2246 εει,
281 2177 336 2231 in
384 2180 678 2248 pristinum
728 2186 953 2260 statum]
996 2188 1384 2258 instaurentur,
1432 2192 1571 2249 bene
1620 2201 1677 2251 et

82 2268 277 2337 optime
313 2286 327 2323 :
357 2270 627 2343 alioquin,
658 2275 703 2329 sl
726 2275 794 2331 de
818 2289 1033 2335 sacrate
1054 2281 1299 2354 catalogo
1323 2283 1546 2351 fuerint,
1574 2286 1675 2341 hos

82 2362 264 2431 deponi
296 2365 647 2435 praecipimus
698 2384 713 2422 ι
762 2368 810 2424 si
843 2385 974 2427 vero
1013 2374 1261 2430 monachi
1291 2375 1375 2429 vel
1404 2375 1544 2442 laici,
1577 2390 1674 2432 ex-

78 2457 467 2511 communicari
516 2474 654 2530 quos
709 2462 966 2520 nimirum
1021 2476 1236 2524 constat
1274 2470 1672 2530 condemnatos

78 2562 187 2600 esse
216 2563 247 2600 a
274 2548 441 2605 Patre
460 2559 519 2606 et
540 2550 680 2607 Filio
701 2563 757 2609 et
781 2554 985 2627 Spiritu
1009 2566 1227 2627 sancto;
1260 2570 1313 2616 et
1339 2562 1670 2634 deputentur

80 2639 159 2693 ubi
190 2641 398 2697 vermis
432 2658 542 2698 non
593 2646 846 2713 moritur,
874 2656 931 2704 et
975 2648 1117 2721 ignis
1154 2667 1258 2706 non
1306 2655 1672 2726 exstinguitur

1782 1325 2050 1395 Caeterum
2092 1329 2145 1387 in
2180 1329 2323 1391 villis
2359 1345 2480 1407 qua:
2517 1329 2649 1395 furis
2682 1340 2840 1410 sunt,
2880 1344 3103 1409 propter
3138 1332 3375 1409 inopiam

1782 1418 2063 1481 hominum
2091 1419 2452 1491 indulgeatur.

2514 1531 2651 1588 XVI.

1887 1619 2045 1686 Quod
2071 1636 2176 1677 non
2198 1631 2438 1693 oporteat
2463 1632 2732 1678 sacratum
2760 1624 2929 1679 uirum
2956 1624 3270 1680 vestimentis

2352 1693 2597 1765 pretiosis
2636 1695 2808 1757 indui.

1851 1802 2041 1861 Omnia
2070 1803 2337 1876 iactantia
2375 1816 2430 1863 et
2467 1817 2729 1863 ornatura
2760 1807 3058 1880 corporalis
3088 1809 3261 1865 aliena
3290 1817 3375 1867 est

1777 1913 1808 1953 a
1838 1907 2056 1955 sacrato
2078 1900 2290 1955 ordine.
2318 1899 2426 1955 Eos
2449 1914 2578 1972 ergo
2605 1901 2887 1973 episcopos
2915 1901 3000 1956 vel
3030 1901 3258 1958 clericos
3280 1903 3372 1973 qui

1704 1962 1749 2024 Β
1778 2003 1840 2045 se
1863 1988 2084 2061 {algidis
2113 1997 2169 2045 et
2191 1989 2356 2046 claris
2385 1962 2623 2047 vestibus
2640 1962 2877 2057 ornant,
2910 1992 3186 2049 emendari
3212 1962 3374 2063 opor-

1780 2090 1873 2138 tet.
1896 2081 2050 2151 Quod
2069 2084 2114 2140 si
2139 2083 2193 2138 in
2216 2083 2319 2140 hoc
2342 2085 2773 2155 permanserint,
2797 2086 3040 2157 epitimio
3066 2086 3368 2143 tradantur.

1779 2173 2051 2231 Similiter
2113 2189 2210 2232 cos
2245 2174 2335 2246 qui
2377 2177 2671 2248 unguentis
2709 2177 3064 2249 inunguatur.
3106 2170 3370 2246 Quoniam

1776 2282 1908 2324 vero
1936 2267 2121 2327 radice
2148 2268 2531 2325 amaritudinis
2558 2279 2750 2325 exorta
2769 2309 2784 2335 ,
2812 2268 3202 2325 contaminatio
3229 2270 3370 2325 facta

1775 2368 1863 2416 est
1898 2360 1951 2415 in
1991 2359 2257 2416 catholica
2289 2360 2530 2417 Ecclesia
2557 2361 2896 2417 Christianos
2923 2361 3369 2417 calumniantium

1774 2451 2036 2515 limosis,
2069 2452 2236 2507 etiam
2270 2453 2325 2508 hi
2357 2453 2447 2523 qui
2479 2453 2623 2509 hanc
2657 2459 3013 2524 receperunt,
3044 2468 3148 2508 non
3189 2453 3362 2509 Solum

1784 2546 2142 2617 imaginariae
2169 2547 2412 2617 picturas
2439 2546 2734 2603 abominati
2766 2554 2925 2612 sunt,
2958 2547 3050 2602 sed
3070 2555 3125 2600 et
3143 2561 3360 2603 omnem

1774 2636 2135 2693 reverentiam
2166 2636 2510 2708 repulerunt,
2539 2651 2634 2693 eos
2659 2638 2750 2708 qui
2782 2637 3032 2707 religiose
3061 2651 3125 2691 ac
3152 2637 3242 2706 pie
3274 2636 3352 2689 vi-

76 2731 200 2799 tisa.
230 2750 359 2789 Lm
386 2752 401 2795 ;
434 2734 611 2792 Nare.
644 2738 723 2809 ix)
751 2758 763 2794 :
794 2739 931 2809 Quia
952 2743 1073 2799 voci
1121 2742 1331 2800 Domini
1372 2747 1668 2804 adversan-

1778 2737 1906 2784 vunt
1932 2727 2267 2785 oﬂ’endentes
2293 2727 2460 2801 [odio
2487 2726 2792 2800 habentes]
2826 2744 2839 2781 :
2870 2741 2934 2782 ac
2962 2738 3061 2797 per
3086 2727 3189 2782 hoc
3216 2741 3368 2781 coma

75 2833 172 2889 tur,
200 2841 327 2896 quae
350 2827 487 2882 dicit
515 2846 530 2883 :
565 2828 691 2885 Non
732 2831 945 2901 faciatis
964 2834 1174 2889 domum
1207 2834 1384 2893 Patris
1428 2839 1531 2894 mei
1571 2839 1668 2896 do-

74 2928 205 2969 mum
229 2918 607 2988 negotiationis
633 2920 816 2979 (Joan.
842 2925 933 2995 tt.)

799 3052 938 3113 XIV.

72 3137 218 3202 Quod
257 3155 366 3197 non
411 3154 652 3228 aportcttt
680 3145 793 3228 sine
834 3149 1383 3228 manusimposilionc
1404 3153 1571 3228 legere
1610 3158 1664 3223 iit

512 3214 729 3272 collecta
750 3234 907 3291 super
932 3214 1223 3279 umbonem.

137 3321 273 3419 Quia
303 3325 439 3419 ordo
475 3326 637 3419 debet
687 3327 741 3384 in
788 3333 1093 3391 sacratione
1140 3333 1285 3409 [Gr.,
1336 3340 1661 3419 sacerdotio]
1688 3344 1736 3409 C

70 3415 357 3484 custodiri,
389 3418 645 3476 omnibus
666 3419 833 3492 liquet
863 3442 876 3479 :
910 3433 1109 3483 etcum
1138 3427 1412 3501 diligentia
1444 3415 1665 3490 conser;

70 3516 195 3595 vare
222 3509 515 3567 sacerdotii
558 3514 926 3589 promotioncs
943 3558 957 3583 ,
1002 3517 1114 3575 Deo
1141 3529 1223 3576 est
1249 3538 1474 3595 prorsus
1502 3542 1675 3594 accc-_

65 3594 236 3676 ptum.
267 3595 337 3686 Et
372 3601 635 3683 quoniam
664 3603 910 3663 videmus
936 3607 1054 3666 sine
1092 3594 1286 3668 manus
1317 3613 1665 3686 impositione,

66 3698 115 3785 a.
149 3688 375 3757 parvula
435 3701 595 3750 aetate
651 3704 933 3755 tonsuram
983 3699 1166 3759 clerici
1205 3707 1467 3777 quosdam
1518 3708 1663 3773 acci-

62 3784 301 3845 pientes,
354 3784 595 3840 nondum
647 3787 714 3843 ab
758 3789 1010 3862 episcopo
1060 3809 1252 3849 manus
1319 3796 1664 3868 impositione

63 3880 318 3943 percepta
347 3888 512 3946 super
542 3879 830 3938 ambonem
855 3881 1229 3957 irregulariter
1258 3887 1312 3945 in
1342 3889 1562 3948 collecta
1584 3892 1664 3948 lc-

63 3972 275 4031 gectcs,
304 3968 671 4041 praecipimus,
704 3974 899 4031 amodo
926 3975 981 4032 id
1008 3978 1232 4037 minime
1258 3980 1375 4037 ﬁeri
1394 4001 1407 4039 :
1425 3984 1662 4055 idipsum

64 4066 284 4125 quoque
330 4061 765 4119 conservandum
813 4071 897 4122 cst
943 4066 1109 4123 etiam
1158 4068 1300 4126 inter
1340 4073 1661 4131 monachos.

66 4141 313 4202 hectoris
371 4158 553 4206 autem
622 4168 816 4211 manus
861 4156 1260 4229 impositionem
1311 4160 1531 4219 licentia
1576 4173 1664 4229 est

64 4235 354 4308 unicuique
380 4238 567 4298 abbati
613 4242 669 4299 in
705 4247 927 4319 proprio
964 4251 1294 4308 monasterio
1322 4252 1663 4319 solummodo

62 4326 317 4396 faciendi,
356 4333 402 4388 si
443 4335 707 4399 duntaxat
739 4340 921 4397 abbati
964 4358 1156 4401 manus
1199 4345 1471 4420 impositio
1514 4349 1662 4408 facta

61 4430 324 4477 noscatur
348 4422 415 4479 ab
439 4427 692 4499 episcopo
718 4432 1012 4497 secundum
1046 4452 1250 4493 morem
1276 4438 1660 4510 praeﬁciendo-

63 4513 469 4605 {um‘abbatum
491 4558 507 4586 ,
536 4519 660 4575 dum
693 4529 906 4579 constet
942 4522 1091 4585 illum
1119 4544 1238 4585 esse
1260 4531 1657 4605 presbyterum.

63 4600 246 4658 Simili
298 4607 455 4664 modo
510 4612 806 4671 secundum
876 4615 1153 4688 antiquam
1215 4600 1661 4680 consuetudinem

1771 2823 1954 2894 pietur
2001 2822 2057 2877 in
2114 2822 2196 2878 cia
2240 2821 2384 2892 quod
2432 2821 2695 2892 scriptum
2736 2826 2821 2877 est
2849 2836 2865 2875 ι
2895 2818 3243 2875 Abominatio
3282 2827 3367 2875 est

1770 2914 2047 2986 peccatori
2081 2913 2178 2971 Dei
2208 2914 2403 2970 cultus.
2438 2913 2606 2985 igitur
2643 2912 2690 2970 si
2737 2913 2943 2969 inventi
2982 2912 3185 2969 fuerint
3222 2913 3367 2968 deri—

1772 3006 1962 3067 dentes
1996 3020 2092 3062 eos
2136 3004 2455 3076 qui'vilibus
2483 3012 2539 3060 et
2566 3003 2835 3075 religiosis
2863 3003 3202 3060 vestimentis
3227 3004 3367 3059 ami~

1770 3099 1845 3155 cti
1890 3106 2049 3164 sunt,
2079 3112 2177 3169 per
2223 3097 2527 3167 epitimium
2567 3097 2929 3166 corrigantur.
2979 3093 3186 3153 Priscis
3220 3094 3366 3152 enim

1771 3188 2105 3260 temporibus
2129 3188 2307 3244 omnis
2333 3194 2580 3244 sacratus
2611 3186 2695 3241 vir
2724 3198 2847 3247 cum
2876 3185 3137 3243 mediocri
3166 3201 3231 3241 ac
3274 3185 3364 3241 vili

1767 3290 1923 3338 veste
1948 3281 2393 3337 conversabatur.
2421 3279 2593 3336 Omne
2615 3279 2814 3350 quippe
2841 3274 2984 3348 quod
3010 3292 3114 3333 non
3145 3287 3368 3348 propter

1768 3373 2151 3430 necessitatem
2180 3387 2334 3428 suam
2352 3410 2366 3438 ,
2398 3371 2493 3426 sed
2522 3379 2745 3442 propter
2772 3377 3113 3425 venustatem
3155 3369 3355 3438 accipi-

1776 3474 1885 3532 tur,
1940 3464 2193 3521 elationis
2240 3463 2404 3519 habet
2451 3461 2778 3517 ealumniam
2824 3459 3027 3533 [luxus
3060 3459 3224 3514 habet
3261 3458 3368 3513 cri-

1771 3557 1921 3630 men]
1948 3556 2405 3627 quemadmodum
2432 3570 2658 3626 magnus
2681 3554 2753 3609 ait
2776 3552 3026 3609 Basilius.
3052 3551 3158 3609 Sed
3191 3567 3368 3625 neque

1775 3668 1843 3708 ex
1880 3651 2073 3706 sericis
2103 3652 2337 3707 texturis
2367 3659 2578 3712 vestem
2606 3649 2728 3720 quis
2764 3649 3027 3704 variatam
3067 3648 3325 3704 induebat
3347 3688 3362 3715 ,

1769 3755 1950 3811 neque
1989 3740 2297 3811 apponebat
2335 3740 2612 3801 variorum
2656 3738 2899 3799 colorum
2936 3749 3263 3803 ornamenta
3307 3738 3364 3795 in

1771 3831 2175 3887 summitatibus
2216 3832 2686 3887 vestimentorum.
2729 3830 3034 3886 Audierant
3075 3837 3259 3885 autem
3292 3844 3362 3884 ex

1776 3922 2004 3979 deisona
2036 3921 2218 3993 lingua
2241 3962 2256 3988 ,
2286 3922 2413 3994 quia
2439 3923 2531 3995 qui
2559 3921 2803 3981 mallibus
2826 3921 3138 3990 vcstiuntur,
3171 3922 3229 3978 in
3266 3920 3368 3977 do-

1769 4016 1940 4074 mibus
1966 4033 2146 4088 regum
2186 4025 2308 4081 sunt
2338 4015 2572 4090 (Hattlt.
2603 4033 2657 4075 XI
2678 4016 2722 4090 ).

2476 4147 2640 4206 XVII.

1774 4243 1843 4300 Ut
1862 4244 1950 4317 qui
1972 4259 2075 4317 non
2095 4243 2251 4299 habet
2267 4258 2329 4299 ea
2343 4256 2459 4315 qua?
2478 4241 3068 4317 adrconsumgmationcm
3082 4240 3362 4317 sufﬁciant,

1900 4316 2115 4371 minima
2144 4314 2437 4371 oratoriam
2458 4315 2727 4384 aediﬁcare
2747 4315 2961 4368 domum
2986 4314 3229 4382 incipiat.

1841 4431 1977 4500 Quia
2008 4431 2227 4502 quidam
2262 4431 2650 4486 monachorum
2681 4431 2999 4485 deserentes
3030 4427 3363 4483 monasteria

1769 4543 1865 4583 sua
1890 4568 1905 4594 ,
1937 4541 2173 4598 prteesse
2199 4525 2517 4581 anhelantes
2538 4564 2554 4590 ,
2587 4532 2641 4578 et
2671 4521 2891 4578 obedire
2916 4529 3206 4577 renuentes
3231 4560 3246 4586 ,
3277 4518 3361 4574 in-

1768 4616 1972 4672 choent
2000 4626 2316 4672 construere
2346 4614 2616 4671 oratorias
2643 4613 2832 4669 domos
2851 4653 2866 4678 ,
2898 4628 2963 4668 ea
2994 4627 3113 4683 qua:
3142 4611 3207 4667 ad
3241 4626 3364 4682 pcr-

61 4695 477 4791 chill'FPi‘icopos
520 4706 885 4778 ρτωεεριίοιιθ
927 4707 1048 4782 [per
1070 4710 1508 4789 prteceptioneni]
1546 4718 1746 4791 epi-])
1774 4706 2060 4764 rectionem
2104 4707 2409 4763 necessaria
2449 4713 2577 4790 sunt
2622 4719 2728 4760 non
2766 4703 3028 4761 habentes
3060 4722 3073 4757 :
3120 4701 3365 4781 quisquis

61 4787 223 4859 scopi
249 4801 449 4863 oportet
482 4810 807 4866 promovere
833 4787 1086 4859 lectores.

794 4914 911 4973 XV.

220 4998 364 5068 Quod
391 5023 494 5064 non
521 5018 761 5082 oporteat
793 5008 1040 5093 clericum
1060 5013 1263 5073 duabus
1287 5015 1515 5082 ecclesiis

662 5097 1063 5147 connumerart.

134 5185 380 5247 Clericus
426 5193 490 5250 ab
536 5190 774 5257 instanti
813 5202 1054 5269 tempore
1091 5215 1197 5263 non
1232 5216 1663 5277 committeretur

62 5280 121 5335 in
157 5280 367 5336 duabus
402 5288 648 5344 ορριρείία,
704 5288 1107 5338 Nmmtintinnic
1148 5297 1293 5332 anim
1328 5308 1409 5342 om
1456 5302 1560 5362 1mg
1600 5322 1653 5370 θ.

1774 4800 1943 4874 igitur
1991 4799 2095 4863 hoc
2144 4798 2295 4856 visus
2340 4786 2504 4865 fuerit
2549 4812 2745 4873 agere,
2793 4796 3149 4869 prohibeatur
3190 4810 3218 4849 a
3260 4794 3363 4849 loci

1775 4894 2049 4966 episcopo.
2081 4894 2153 4950 At
2181 4908 2312 4950 vero
2349 4890 2396 4959 si
2437 4901 2682 4966 sumptus
2715 4888 3044 4947 sufﬁcientes
3086 4887 3152 4953 ad
3192 4886 3366 4956 pet-fe-

1775 4988 2010 5045 ctionem
2037 4986 2313 5054 habuerit,
2345 4998 2466 5058 quae
2495 4985 2564 5042 ah
2593 4987 2708 5069 ipso
2738 4980 3136 5045 desiderantur,
3167 4978 3232 5033 ad
3264 4984 3372 5032 ter-

1777 5079 1985 5136 minum
2014 5079 2409 5151 perducantur.
2439 5074 2679 5149 idipsum
2711 5079 2892 5137 autem
2937 5072 3263 5133 servandum
3292 5074 3374 5124 est

1774 5172 1941 5231 etiam
1970 5185 2135 5255 super
2162 5170 2314 5230 laicis
2349 5175 2406 5226 et
2433 5167 2673 5230 clericis.

1991 5398 2001 5404 ‘
2051 5417 2132 5441 mn
2159 5407 2364 5480 πηοτιυς
2394 5308 2982 5480 femxixilitabitaretn
3008 5393 3313 5477 episcopi“.

2594 5471 2936 5518 mnnnsteriig
2948 5514 2958 5518 ,
