3916 5558
531 383 638 445 487

530 604 725 667 petur:
757 597 805 653 si
833 588 1399 669 autem‘permanserit
1422 640 1439 667 ,
1479 601 1802 672 deponatur.
1849 601 2023 660 Porro
2062 605 2111 662 si

531 686 823 757 contigerit
851 687 905 743 in
937 688 1194 759 proastiis
1222 689 1454 747 feminas
1479 706 1600 748 esse
1618 732 1635 760 ,
1660 700 1716 749 et
1739 693 1973 749 voluerit
1999 696 2112 767 epi-

530 791 725 849 scopus
765 777 852 834 vel
894 778 1064 836 abbas
1110 781 1213 837 iter
1260 782 1328 837 ad
1372 796 1466 839 eas
1507 782 1673 857 [Gr.,
1698 784 1864 859 illuc]
1896 786 2109 854 facere,

530 877 803 939 praesente
829 870 1083 942 episcopo
1110 872 1194 929 vel
1224 873 1419 931 abbate
1447 866 1757 934 nullatenus
1799 879 2110 934 monasterii

529 972 668 1029 opus
694 958 875 1015 facere
904 972 972 1016 eo
1003 969 1245 1033 tempore
1270 963 1481 1020 mulieri
1512 965 1709 1034 liceat,
1744 967 1838 1024 sed
1866 982 2111 1025 seorsum

530 1058 771 1107 moretur
812 1050 869 1107 in
917 1051 1024 1109 alio
1071 1053 1228 1121 loco,
1277 1057 1451 1113 donec
1491 1054 1781 1129 episcopus
1820 1058 1906 1116 vel
1943 1054 2123 1117 abbas

529 1143 750 1200 recedat
773 1151 999 1217 propter
1026 1144 1489 1217 irreprehensibili
1499 1156 1546 1203 ta
1556 1156 1686 1205 tem.

1265 1256 1404 1313 XIX.

532 1341 597 1400 Ut
624 1347 737 1425 sine
762 1345 1063 1403 dationibus
1089 1349 1392 1425 sponsiones
1420 1348 1809 1425 [admissiones]
1840 1369 2115 1409 sacrorum

599 1420 834 1559 girorum
863 1457 880 1485 ,
933 1421 1313 1475 monachorum
1364 1420 1568 1494 quoque
1614 1437 1678 1479 ac
1730 1420 2113 1483 monachorum

643 1498 758 1543 ant.
1388 1544 1393 1549 .

643 1498 758 1543 ant.

596 1602 656 1657 In
703 1611 913 1661 tantum
966 1603 1190 1664 inolevit
1234 1606 1476 1664 avaritiae
1514 1608 1726 1667 facinus
1771 1610 1827 1667 in
1871 1618 2115 1668 rectores

528 1691 882 1749 ecclesiarum
908 1735 924 1763 ,
969 1703 1031 1751 ut
1076 1696 1239 1752 etiam
1289 1698 1509 1769 quidam
1555 1715 1745 1757 eorum
1789 1701 1881 1773 qui
1926 1703 2116 1758 dicun-

528 1794 616 1840 tur
679 1786 914 1859 religiosi
979 1788 1082 1845 viri
1149 1797 1310 1861 atque
1378 1792 1664 1862 mulieres,
1731 1794 2113 1853 obliviscentes

1724 386 2085 455 ANASTASII
2120 393 2667 475 BIBLIOTIIECARII

534 505 588 561 in
618 503 949 563 monasterio
976 503 1044 562 ad
1071 520 1208 578 Opus
1236 502 1521 565 ministerii
1562 508 1823 582 alicujus,
1865 511 2111 585 increpe-
2135 520 2192 584 Α

3688 407 3775 472 188

2929 513 3069 574 XXI.

2215 635 2368 704 Quod
2408 652 2510 691 non
2539 642 2774 708 oporteat
2814 634 3098 708 monachos
3139 633 3375 708 deserere
3410 634 3627 705 prapria
3675 651 3777 690 mo-

2582 707 2832 773 nasteria,
2858 716 2908 761 et
2933 707 3158 762 transire
3186 707 3240 760 in
3267 707 3396 761 alia.

2281 821 2399 877 Non
2426 833 2676 894 oportere
2700 822 3023 877 monaclmm
3050 820 3135 877 vel
3163 821 3485 877 monacham
3525 828 3782 876 monaste-

2212 911 2353 968 rium
2409 914 2686 983 proprium
2735 912 3064 984 relinquere,
3114 921 3169 968 et
3221 913 3288 967 ad
3345 910 3450 966 alia
3497 911 3776 982 proﬁcisci.

2212 1006 2365 1074 Quod
2386 1006 2432 1061 si
2463 1006 2750 1076 contigerit
2773 1005 2899 1070 hoc,
2942 1005 3107 1075 recipi
3139 1006 3283 1061 hunc
3309 1004 3550 1075 hospitio
3577 1018 3781 1059 necesse

2129 1163 2135 1170 ,
2210 1103 2295 1151 est
2326 1112 2339 1149 :
2370 1094 2571 1151 assumi
2598 1103 2780 1151 autem
2819 1110 2944 1152 eum
2970 1095 3089 1151 sine
3127 1094 3408 1150 voluntate
3440 1092 3657 1150 abbatis
3680 1090 3781 1163 ejus

2212 1200 2319 1241 non
2349 1185 2619 1242 convenit.

2924 1255 3088 1313 XXII.

2213 1370 2367 1440 Quod
2393 1378 2625 1442 oporteat
2649 1369 3089 1443 cumgratiarum
3117 1369 3321 1443 actione
3360 1377 3411 1424 et
3438 1368 3587 1443 omni
3618 1370 3780 1441 parci-

2282 1440 2499 1497 tate'ac
2544 1440 2826 1496 reverentia
2870 1441 3174 1510 monachos,
3227 1440 3273 1494 si
3325 1440 3628 1511 contigerit,
3677 1456 3780 1496 euut

2283 1512 2493 1584 feminis
2520 1512 2861 1569 manducare.
3056 1588 3061 1595 ξ

2283 1623 2395 1680 Deo
2438 1622 2655 1693 quidem
2703 1628 2871 1679 totum
2913 1620 3272 1686 committere,
3309 1629 3366 1677 et
3407 1636 3518 1676 non
3565 1621 3783 1692 pmpriis

2213 1713 2580 1771 voluntatibus
2627 1712 2926 1779 deservire,
2963 1728 3157 1785 magna
3204 1727 3294 1769 res
3338 1719 3468 1769 est:
3503 1711 3626 1767 Sive
3662 1713 3782 1765 enim

2212 1807 2567 1871 manducetis,
2584 1805 2688 1861 sive
2701 1804 2892 1871 bibitis,
2917 1804 3130 1865 divinus
3141 1803 3433 1881 Apostolus
3445 1802 3604 1869 dicit,
3624 1803 3783 1865 omnia

528 1878 905 1970 mandatorum
959 1881 1203 1951 Domini,
1260 1884 1618 1955 decipiantur,
1664 1895 1720 1943 et
1771 1903 1871 1960 per
1919 1904 2111 1945 aurum
2138 1896 2186 1959 B
2213 1898 2269 1952 in
2286 1896 2508 1970 gloriam
2528 1895 2623 1952 Dei
2651 1896 2808 1968 facite
2823 1895 2873 1967 (ι
2895 1878 3533 1968 Cor.x).Christusvergo
3548 1896 3781 1951 Deusno-

529 1968 780 2026 introitus
831 1967 1259 2048 [receptiones]
1313 1979 1682 2035 accedentium
1739 1988 1849 2036 tam
1906 1982 1975 2038 ad
2024 1998 2111 2039 sa-

529 2068 739 2115 cratum
799 2062 1082 2131 ordinem,
1154 2081 1314 2137 quam
1382 2069 1452 2125 ad
1518 2071 1875 2128 monasticam
1942 2074 2111 2131 vitam

528 2148 781 2206 efficiant.
831 2150 986 2210 Unde
1036 2156 1137 2224 fit,
1187 2166 1247 2213 ut
1295 2175 1526 2231 quorum
1582 2162 1796 2220 initium
1845 2165 2137 2237 improba-'

528 2244 634 2299 bile
678 2253 797 2312 est,
846 2248 1025 2304 omnia
1073 2250 1185 2308 sint
1226 2253 1601 2326 projicienda,
1648 2265 1709 2313 ut
1754 2274 1983 2333 magnus
2034 2262 2112 2320 ait

527 2333 773 2391 Basilius.
826 2334 1010 2409 Neque
1060 2341 1206 2397 enim
1252 2342 1363 2401 Deo
1404 2359 1523 2416 per,
1549 2360 1857 2406 mammona
1903 2352 2111 2410 servire

532 2425 680 2483 licet.
711 2427 769 2484 Si
792 2430 914 2500 quis
940 2446 1070 2504 ergo
1100 2433 1352 2492 inventus
1367 2434 1532 2493 fuerit
1551 2438 1655 2495 hoc
1683 2438 1906 2509 faciens,
1922 2441 1968 2498 si
1992 2443 2112 2514 qui-

528 2521 649 2579 dem
683 2524 966 2596 episcopus
1013 2528 1100 2584 vel
1144 2529 1310 2587 abbas
1337 2531 1625 2601 exstiterit,
1666 2533 1750 2590 vel
1775 2533 1999 2605 quilibet
2044 2537 2113 2594 de

527 2626 740 2672 sacrato
780 2617 1028 2689 collegio,
1076 2628 1171 2675 aut
1208 2621 1435 2691 desinat,
1465 2633 1560 2680 aut
1598 2624 1917 2699 deponatur,
1955 2628 2110 2701 juxta

526 2706 816 2764 secundam
868 2709 1106 2783 regulam
1151 2713 1322 2770 sancti
1373 2714 1827 2774 Chalcedonensis
1872 2719 2106 2777 concilii.

525 2800 815 2858 Abbatissa
845 2817 974 2860 vero
1014 2801 1265 2874 ejiciatur
1304 2805 1371 2861 de
1399 2808 1749 2875 monasterio,
1773 2817 1829 2864 et
1866 2811 2112 2868 tradatur

527 2889 579 2945 in
604 2892 708 2948 alio
731 2895 1058 2953 monasterio
1075 2897 1143 2953 ad
1162 2896 1569 2969 subjectionem.
1594 2898 1854 2958 Similiter
1867 2912 1923 2958 et
1943 2904 2111 2962 abbas

527 2983 618 3051 qui
667 2999 774 3043 non
822 2986 1071 3043 habuerit
1114 3003 1308 3045 manus
1344 2990 1753 3068 impositionem}
1784 2972 2139 3069 presbyteris

526 3074 697 3132 Porro
736 3092 857 3148 qua:
901 3078 1029 3136 filiis
1080 3095 1112 3135 a
1160 3082 1477 3151 parentibus
1520 3084 1719 3141 dantur
1758 3100 1911 3143 more
1947 3087 2107 3156 dotis,

525 3164 612 3220 vel
652 3166 697 3221 si
746 3181 852 3238 qua
879 3183 944 3224 ex
988 3168 1221 3241 propriis
1265 3170 1429 3227 rebus
1477 3174 1740 3243 acquisita
1789 3173 2107 3244 offeruntur;

2215 1998 2328 2045 ster
2346 1988 2398 2043 in
2412 1988 2718 2062 Evangeliis
2737 1988 2851 2045 suis
2866 1987 3017 2045 initia
3038 1998 3383 2069 peccatorum
3401 1988 3651 2044 recidere
3669 2003 3784 2058 pra:-

2211 2082 2372 2153 cepil.
2397 2079 2515 2138 Non
2538 2082 2686 2149 enim,
2711 2082 2944 2138 mtechia
2971 2083 3039 2138 ab
3061 2097 3127 2138 eo
3154 2090 3362 2139 tantum
3387 2080 3782 2151 inhibetur,sed

2213 2183 2268 2231 et
2291 2174 2459 2233 motio
2480 2174 2827 2247 cogitationis
2848 2175 2916 2232 ad
2938 2174 3184 2231 moechis:
3203 2175 3559 2231 commissum
3580 2174 3784 2229 damna-

2216 2276 2323 2335 tur,
2352 2268 2644 2325 dieenteeo
2672 2286 2685 2322 :
2711 2267 2813 2334 Qui
2837 2267 3023 2324 viderit
3047 2268 3314 2324 mulierem
3336 2267 3783 2339 adeoncupisceu-

2212 2360 2338 2415 dum
2355 2377 2469 2417 eam
2475 2362 2592 2433 jam
2607 2362 2889 2417 moechatus
2901 2369 2975 2417 es't
2988 2378 3103 2418 eam
3117 2363 3172 2417 in
3185 2362 3341 2421 corde
3350 2377 3448 2417 suo
3472 2360 3695 2433 (Manli.
3713 2359 3780 2429 v.)

2209 2448 2348 2506 Hinc
2384 2465 2514 2523 ergo
2552 2451 2751 2519 edocti,
2796 2452 3152 2524 cogitationes
3198 2452 3462 2509 debemus
3511 2451 3779 2508 mundare.

2210 2539 2345 2596 Nam
2373 2543 2474 2599 etsi
2499 2543 2679 2599 omnia
2707 2544 2895 2611 licent,
2922 2545 3018 2600 sed
3047 2545 3367 2601 nonomnia
3393 2544 3712 2614 expediunt,
3729 2551 3782 2597 ut

2210 2650 2276 2693 ex
2303 2636 2594 2709 apostolica
2611 2648 2750 2695 voce
2769 2639 3026 2695 docemur
3062 2637 3115 2712 (Ι
3141 2638 3264 2695 Cor.
3289 2637 3780 2709 vi)..Necessarium

2209 2743 2336 2801 ergo
2365 2737 2449 2786 est
2480 2732 2627 2787 omni
2655 2730 2859 2789 homini
2887 2726 3232 2797 manducare,
3276 2741 3336 2787 ut
3374 2733 3546 2788 vivat.
3574 2731 3646 2787 Et
3671 2730 3778 2802 qui-

2210 2822 2332 2880 dem
2376 2823 2518 2882 inter
2543 2839 2659 2891 eos,
2700 2824 2898 2895 quibus
2930 2824 3040 2878 vita
3086 2831 3171 2878 est
3198 2822 3514 2894 nuptiarum
3543 2833 3600 2879 et
3645 2833 3782 2876 nato-

2210 2932 2360 2984 rum,
2413 2927 2575 2989 atque
2612 2915 2819 2973 laicaiis
2853 2915 3119 2983 affectus,
3166 2915 3500 2973 manducare
3554 2915 3699 2972 viros
3732 2924 3781 2969 et

2209 3007 2468 3064 mulieres
2492 3006 2672 3075 simul,
2700 3007 2833 3063 nulli
2862 3007 3180 3064 detractioni
3206 3016 3388 3078 patet;
3424 3014 3641 3062 tantum
3666 3007 3779 3062 utei

2211 3099 2301 3171 qui
2326 3099 2415 3154 dat
2439 3115 2644 3167 escam,
2670 3100 2872 3173 gratias
2891 3090 3053 3170 agant
3078 3119 3090 3154 :
3114 3108 3170 3156 et
3191 3116 3296 3157 non
3318 3102 3387 3157 ab
3409 3102 3493 3157 eis
3514 3117 3614 3173 per
3633 3115 3779 3172 quas-

2212 3193 2332 3248 dam
2358 3191 2675 3266 thymelicas
2696 3193 2997 3265 voluptates
3012 3193 3229 3251 Satanae
3250 3193 3429 3266 imago
3445 3195 3778 3250 cantantibus

527 3259 903 3329 proﬁtentibus
928 3261 1013 3317 his
1042 3262 1132 3334 qui
1181 3278 1245 3320 ea
1289 3263 1523 3321 oﬂ'erunt
1560 3268 1671 3323 Deo
1705 3269 1929 3326 dicanda
1966 3268 2107 3344 [Gr.,

2215 3256 2541 3356 citharisque
2602 3294 2765 3358 atque
2821 3256 3154 3344 meretriciis
3211 3288 3649 3344 contortionibus
3689 3286 3777 3343 coli

527 3351 757 3426 dicata],
777 3353 1089 3423 definimus,
1131 3355 1247 3413 sive
1271 3359 1760 3429 perseveraverint,
1803 3360 1918 3417 sive
1958 3365 2108 3419 exie-

528 3443 659 3511 rint,
687 3460 907 3502 manere
930 3446 1021 3502 illa
1061 3448 1113 3503 in
1145 3450 1473 3506 monasterio
1498 3450 1792 3509 secundum
1818 3455 2111 3526 repromis-

526 3538 729 3595 sionem
754 3538 1015 3611 ipsorum,
1043 3539 1144 3597 nisi
1166 3538 1332 3597 fuerit
1355 3540 1513 3614 culpa
1540 3541 1769 3614 prmlati.

1255 3655 1375 3712 XX.

530 3740 683 3808 Quod
714 3758 819 3799 non
849 3753 1083 3822 oporteat
1110 3747 1299 3822 amotio
1324 3746 1518 3819 duplex
1546 3751 1918 3822 monasterium
1947 3752 2067 3822 ﬁeri
2087 3767 2110 3810 :

960 3825 1007 3871 et
1032 3814 1098 3871 de
1122 3817 1297 3887 duplis
1320 3814 1670 3877 monasteriis.

600 3928 680 3983 Ex
721 3931 825 3984 boc
862 3929 1166 3998 definimus,
1203 3932 1427 3990 minime
1454 3934 1649 4006 duplex
1694 3935 1810 3993 fieri
1841 3946 2110 3994 monaste-

530 4018 702 4084 rium;
760 4019 887 4089 quia
936 4020 1247 4077 scandalum
1296 4023 1350 4079 id
1401 4031 1457 4080 et
1498 4024 1879 4083 oi'fendieulum
1928 4028 2135 4084 multis-

529 4108 775 4164 cillcitur.
825 4109 885 4166 Si
910 4126 1039 4168 vero
1063 4112 1228 4185 aliqui
1266 4129 1389 4171 cum
1424 4117 1668 4188 cognatis
1709 4117 2106 4189 abrenuntiare,

529 4211 584 4257 et
614 4203 963 4260 monasticam
993 4205 1157 4262 vitam
1199 4208 1398 4265 sectari
1426 4208 1712 4279 voluerint,
1750 4211 1947 4269 debent
1989 4214 2110 4285 qui-

531 4292 653 4348 dem
677 4294 775 4350 viri
804 4294 1043 4352 virorum
1074 4297 1220 4354 adire
1248 4299 1573 4368 emnohium,
1599 4300 1813 4359 feminae
1838 4318 1967 4361 vere
1989 4319 2110 4360 mu-

531 4374 720 4439 lierum
754 4386 967 4457 ingredi
998 4389 1383 4446 monasterium
1414 4405 1429 4446 :
1459 4391 1512 4446 in
1554 4392 1658 4450 hoc
1692 4395 1835 4451 enim
1866 4395 2110 4468 placatur

530 4476 689 4533 Deus.
749 4476 880 4548 Qua:
927 4489 1107 4538 autem
1157 4483 1418 4540 hactenus
1473 4493 1601 4541 sunt
1651 4486 1831 4559 dupla,
1890 4497 2109 4545 teneant

529 4571 823 4627 secundum
870 4572 1108 4645 regulam
1155 4575 1325 4632 sancti
1368 4576 1544 4634 Patris
1581 4580 1750 4635 nostri
1799 4578 2003 4649 Basilii,
2050 4591 2107 4638 et

529 4662 823 4718 secundum
874 4654 1286 4738 praeceptionem
1332 4667 1447 4738 ejus
1498 4670 1570 4726 ita
1614 4670 1933 4729 formentur.
1990 4673 2107 4731 Non

532 4752 777 4809 habitent
826 4754 881 4810 in
912 4770 1018 4812 uno
1047 4748 1375 4816 monasterio
1413 4761 1661 4818 monachi
1689 4771 1746 4819 et
1785 4768 2106 4822 monachae:

530 4843 854 4900 adulterium
893 4846 1038 4902 enim
1068 4847 1343 4921 intercipit
1369 4851 1844 4937 cohabitationem.
1875 4855 1990 4913 Non
2014 4859 2130 4936 ha-_

532 4936 664 4994 beat
690 4938 897 4994 aditum
924 4940 1223 4998 monachus
1248 4943 1316 4998 ad
1346 4945 1685 5014 monacham,
1708 4936 1806 5004 vel
1849 4951 2112 5007 monacha

532 5026 600 5081 ad
629 5029 953 5085 monachum
1000 5040 1209 5089 secreto
1236 5020 1304 5087 ad
1339 5033 1768 5094 collocationem.
1807 5038 1926 5096 Non
1953 5041 2115 5098 cubet

535 5119 831 5175 monachus
874 5121 928 5176 in
958 5121 1207 5180 muliebri
1256 5127 1606 5195 monasterio,
1656 5144 1832 5201 neque
1869 5132 2111 5204 singula-

537 5207 671 5263 riter
713 5224 837 5265 cum
880 5215 1143 5270 mo’nacha
1182 5216 1498 5275 convivetur
1533 5233 1549 5273 :
1588 5228 1644 5276 et
1670 5223 1888 5292 quando
1926 5240 2115 5283 neces-

537 5299 681 5354 saria
716 5300 843 5356 vitae
865 5317 897 5357 a
921 5304 1156 5361 virorum
1185 5317 1339 5377 parte
1361 5310 1429 5365 ad
1462 5310 1735 5381 regulares
1776 5313 2112 5382 deferuntur,

537 5396 690 5434 Ml”
740 5397 955 5442 “on-3m
1011 5392 1127 5436 him
1171 5398 1430 5446 ςδιιείὲίιὶίειί
1479 5400 1750 5456 abbatissa
1796 5407 2110 5450 mnnasmarii

2209 3378 2475 3434 videatur.
2515 3378 2724 3446 Quibus
2772 3377 2918 3454 [Gr.,
2964 3390 3159 3454 etnon
3190 3397 3290 3453 per
3320 3398 3376 3452 q.
3412 3391 3451 3436 ι.
3496 3397 3551 3436 v.
3581 3382 3683 3437 hoc
3706 3388 3779 3435 est

2209 3470 2480 3525 satanicas
2512 3470 2827 3537 cantilenas,
2866 3472 3214 3543 citharasque
3247 3484 3303 3527 et
3339 3471 3679 3529 merctrieias
3707 3471 3781 3525 in-

2209 3559 2469 3617 ﬂexiones
2520 3578 2535 3615 :
2589 3562 2806 3637 quibus]
2864 3565 3209 3636 superveniet
3256 3564 3576 3634 prophetica
3626 3562 3781 3618 male—

2209 3652 2396 3721 dictio,
2427 3669 2545 3725 quce
2574 3654 2646 3710 ita
2669 3656 2836 3712 dicit:
2874 3655 2961 3713 Vte
2983 3659 3074 3729 qui
3095 3674 3213 3711 cum
3239 3658 3449 3713 cithara
3470 3666 3521 3712 et
3540 3656 3777 3728 psalterio

2208 3744 2386 3801 vinum
2409 3746 2609 3812 bibunt,
2651 3766 2807 3820 opera
2842 3760 3014 3806 autem
3047 3750 3255 3805 Domini
3287 3768 3390 3807 non
3419 3752 3707 3815 intuentur,
3732 3758 3779 3805 et

2210 3851 2367 3906 opera
2417 3853 2668 3892 manuum
2713 3838 2826 3909 ejus
2874 3857 2977 3895 non
3017 3840 3312 3913 intelligunt
3346 3841 3482 3913 (Isa.
3523 3843 3601 3913 v).
3649 3841 3777 3898 Etsi

2209 3943 2437 3998 usquam
2484 3928 2686 3985 fuerint
2725 3929 2865 3985 inter
2889 3929 3225 3988 Christianos
3255 3931 3588 4002 hujusmodi,
3613 3934 3776 3990 corri-

2210 4030 2424 4094 gantur.
2479 4020 2574 4076 Sin
2614 4020 2814 4087 autem,
2863 4022 3146 4080 obtineant
3187 4026 3348 4095 super
3375 4029 3457 4082 eis
3498 4042 3621 4097 quae
3659 4034 3777 4081 sunt

2210 4124 2335 4171 ante
2369 4129 2466 4171 nos
2518 4113 2837 4186 regulariter
2865 4116 3027 4172 edita.
3076 4115 3282 4184 Quibus
3321 4127 3502 4174 autem
3550 4118 3655 4173 vita
3695 4126 3775 4173 est

2210 4205 2449 4262 solitaria
2488 4205 2693 4280 [quieta
2726 4216 2782 4263 et
2814 4206 3080 4281 solitaria]
3114 4219 3169 4265 et
3207 4211 3366 4268 unius
3399 4212 3589 4277 moris,
3617 4220 3672 4267 ut
3695 4211 3773 4267 eis

2208 4297 2456 4354 videlicet
2474 4298 2564 4370 qui
2598 4299 2803 4355 Domini
2821 4300 3010 4371 jugum
3041 4316 3100 4357 se
3127 4302 3398 4374 singulare
3423 4303 3608 4360 tollere
3626 4302 3773 4373 Spono

2208 4387 2354 4453 dent,
2384 4389 2572 4445 sedere
2596 4398 2650 4446 et
2675 4398 2856 4447 tacere
2875 4392 3147 4446 convenit.
3177 4392 3282 4449 Sed
3307 4403 3362 4449 et
3381 4393 3466 4449 his
3495 4395 3587 4465 qui
3609 4410 3773 4450 sacra-

2210 4491 2319 4538 tam
2360 4484 2572 4553 elegere
2623 4484 2811 4550 vitam,
2853 4484 3002 4541 nullo
3052 4486 3211 4541 modo
3236 4486 3359 4541 licet
3414 4497 3625 4544 secreto
3658 4503 3769 4543 cum

2211 4573 2526 4630 mulieribus
2578 4574 2893 4642 convivari;
2947 4576 3052 4631 nisi
3112 4575 3249 4632 forte
3296 4591 3420 4632 cum
3467 4579 3767 4649 quibusdam

2212 4664 2380 4719 Deum
2414 4664 2724 4720 timentibus
2749 4674 2804 4721 et
2829 4666 3144 4723 reverendis
3168 4666 3320 4735 viris,
3351 4668 3436 4724 vel
3469 4658 3631 4725 etiam
3665 4685 3768 4723 nm-

2211 4753 2465 4821 lieribus;
2495 4765 2759 4825 quatenus
2785 4763 2839 4811 et
2866 4755 2981 4828 ipsa
3008 4756 3311 4812 convivatio
3346 4758 3413 4813 ad
3438 4759 3767 4815 directionem

2210 4843 2506 4916 spiritalem
2548 4845 2919 4918 proficiat,‘etj
2943 4847 3103 4927 inter
3123 4844 3556 4921 consanguineos
3579 4864 3770 4923 quoque

2214 4932 2444 5006 idipsum
2468 4937 2749 4995 efficiatur.
2774 4939 3092 5010 Rursusque
3119 4941 3164 4996 si
3203 4942 3495 5012 contigerit
3516 4946 3570 4999 in
3601 4945 3770 4999 itinere

2214 5028 2538 5084 monachum
2587 5030 2673 5085 vel
2719 5021 3000 5086 sacratum
3049 5032 3223 5087 virum
3280 5032 3770 5094 non'circumferre

2215 5132 2331 5189 quae
2360 5119 2524 5176 victui
2566 5131 2860 5193 opportuna
2890 5132 3036 5190 sunt,
3073 5133 3128 5180 et
3154 5115 3374 5197 propter
3411 5133 3770 5188 necessitatem

2216 5210 2482 5268 divertere
2521 5214 2635 5269 sive
2662 5213 2719 5269 in
2757 5215 3151 5273 xenodochium
3178 5241 3180 5244 ν
3204 5218 3507 5292 [publicum
3555 5227 3772 5281 diverso-

2215 5299 2379 5375 rium]
2427 5302 2541 5358 sive
2586 5303 2642 5359 in
2680 5305 2895 5361 domum
2944 5308 3195 5381 alicujus,
3248 5310 3773 5372 licentiam'habebit

2216 5390 2320 5434 Ima
2347 5392 2575 5434 ἥιρει-*ΑΞ
2629 5405 2639 5410 ⁴
3026 5409 3131 5422 πμ.-
3162 5418 3184 5426 _
3274 5416 3309 5420 γ,
3328 5404 3449 5432 ,ῂᾳί
3610 5402 3617 5409 .
