3916 5766
138 387 238 460 889

824 394 1382 457 ιΝτΕιιΡιιΕτΑτιο
1416 394 1670 456 SYNODI
1707 395 1726 442 Ἰ

1833 393 2242 470 GENERALIS.
2265 424 2340 440 —
2364 392 2569 454 ACTIO
2607 394 2737 453 vin.

3300 393 3410 453 490

138 518 337 572 iactam
375 511 620 585 gentium
662 523 759 582 per
800 510 1074 568 Christum
1119 509 1544 581 redemptionem
1570 508 1722 564 valde
1750 515 1801 576 Α
1827 507 2004 565 sibilia
2052 508 2299 565 conferre
2351 518 2706 565 maturamus.
2778 507 2934 579 Saepe
2994 521 3227 580 namque
3280 469 3409 580 par-

139 605 630 678 bene.pr:evidens,
671 612 724 658 et
767 617 952 658 eorum
1003 600 1096 672 qui
1143 616 1239 672 per
1274 601 1446 672 ipsum
1477 599 1721 656 salvandi

139 710 290 755 erant
315 698 722 754 multitudinem
750 711 855 750 non
884 695 1170 766 ignorans,
1199 701 1260 748 ut
1281 709 1348 749 ex
1378 708 1604 764 persona
1629 692 1724 748 Dei

141 790 336 847 alicubi
367 788 746 861 pronuntiavit
773 787 858 842 his
887 787 976 856 qui
1009 801 1105 856 per
1132 784 1339 857 singula
1373 793 1612 856 tempora
1639 799 1725 840 sa-

141 875 356 940 crorum
408 882 714 938 sortiuntur
767 877 1181 952 praiposituram
1238 877 1490 944 ovilium,
1540 878 1654 933 haec
1708 896 1722 932 :

140 975 417 1032 Ambulate
454 991 548 1045 per
565 983 744 1045 portas
778 988 941 1040 meas,
981 981 1029 1026 et
1069 970 1239 1024 ducite
1258 969 1507 1041 populum
1531 986 1722 1035 meum,

138 1079 179 1123 et
207 1065 414 1137 lapides
435 1081 470 1119 α
496 1066 582 1120 via
604 1065 845 1137 projicite
867 1062 1003 1135 (lsa.
1051 1060 1209 1130 un).
1245 1060 1501 1129 Quzenam
1531 1060 1728 1116 intelli-

139 1165 336 1230 guntur
391 1166 590 1229 porta,
631 1155 734 1211 nisi
777 1151 1032 1210 divinitus
1082 1151 1354 1224 inspirata:
1409 1153 1722 1225 Scripturre,

141 1257 561 1320 sanctorumque
606 1249 991 1321 prophetarum
1038 1248 1241 1304 verba?
1289 1246 1418 1316 Quae
1469 1248 1723 1303 nimirum

140 1342 286 1412 quasi
332 1343 600 1413 quasdam
652 1339 1042 1397 intellectuales
1086 1351 1270 1412 portas
1328 1341 1724 1398 rationabilium

140 1443 383 1504 pastores
412 1431 678 1504 pecudum
711 1431 1118 1504 interpretando
1152 1431 1478 1502 aperientes,
1521 1430 1600 1487 sic
1632 1446 1725 1487 eas

142 1527 202 1583 ad
227 1526 400 1583 latum
423 1535 480 1582 et
503 1542 689 1583 verum
719 1527 995 1582 adducunt
1017 1528 1235 1593 ostium,
1263 1527 1514 1583 videlicet
1545 1527 1725 1582 Domi-

141 1633 260 1673 num
294 1628 544 1675 nostrum
580 1616 763 1675 Jesum
787 1618 1084 1684 Christum,
1112 1619 1202 1690 qui
1241 1634 1370 1674 vere
1404 1619 1470 1674 ad
1506 1619 1724 1674 Patrem

141 1711 290 1767 nobis
347 1709 529 1766 factus
570 1719 657 1767 est
702 1711 922 1775 ostium,
973 1709 1422 1780 quemadmodum
1467 1709 1582 1781 ipse
1624 1710 1723 1776 ait,

142 1802 258 1871 quia
283 1801 400 1872 Ego
429 1819 548 1857 sum
571 1802 761 1858 ostium
786 1801 968 1873 (Jonn.
1005 1801 1083 1872 ι).
1114 1800 1283 1855 Porro
1311 1799 1518 1871 lapides
1543 1788 1635 1871 qui
1669 1800 1723 1855 in

1829 613 1926 654 vus
1979 598 2217 654 calculus
2262 601 2472 672 magnis
2521 600 2843 657 commissus
2887 599 3189 672 lapidibus,
3235 615 3409 671 quan-

1827 699 1940 745 tum
2001 691 2054 744 in
2105 704 2164 745 se
2209 689 2344 757 fuit,
2389 691 2475 747 bis
2531 691 2959 747 immobilitatem
3017 707 3077 747 se
3116 689 3408 750 cuntulisse

1826 785 2120 841 simulavit.
2153 785 2282 853 Quis
2318 794 2497 841 autem
2526 794 2709 841 noster
2744 785 2816 840 sit
2838 800 3035 848 sermo,
3081 786 3134 841 in
3173 787 3408 842 medium

1824 878 2154 951 proferatur,
2191 893 2220 932 a
2269 877 2465 932 divinis
2503 877 2655 934 vobis
2701 877 3030 948 trapezitist
3078 877 3410 948 benignitate

1827 971 1994 1026 multa
2047 970 2439 1035 discutiendus,
2467 978 2522 1025 et
2547 970 2803 1025 divinitus
2838 970 3096 1042 inspirata
3129 970 3408 1042 Scriptura

1825 1062 2153 1134 probandus.
2205 1059 2251 1117 Ο
2317 1061 2681 1117 sacratissima
2735 1061 2918 1126 statio,
2979 1077 3193 1117 sursum
3245 1071 3410 1130 atque

1826 1155 2077 1208 deorsum
2128 1151 2399 1208 hominem
2431 1151 2498 1206 ad
2539 1143 2822 1222 imaginem
2855 1151 2948 1207 Dei
2996 1151 3194 1206 factum
3225 1151 3292 1206 ad
3319 1167 3408 1207 re-

1825 1244 2141 1299 ctitudinem
2169 1242 2364 1298 iterato
2380 1241 2622 1298 salvate:
2653 1250 2708 1298 et
2733 1242 2962 1301 reditum
2990 1243 3056 1296 ad
3087 1241 3408 1311 originalem

1826 1337 2306 1408 pulchritudinem,
2334 1350 2452 1406 qua:
2476 1351 2574 1407 per
2608 1334 2868 1391 incuriam
2899 1334 3107 1391 sublata
3157 1344 3260 1401 est,
3291 1351 3411 1390 rur-

1825 1443 1918 1483 sus
1943 1442 2039 1500 per
2075 1441 2259 1483 curam
2291 1427 2340 1482 ei
2373 1425 2684 1482 mereamini
2710 1425 3090 1499 [mercamini].
3122 1425 3234 1481 Hoc
3264 1419 3408 1481 enim

1826 1519 1940 1575 sive
1961 1519 2370 1575 observationes
2402 1516 2653 1586 legalium
2689 1516 3082 1580 mandatorum,
3132 1517 3246 1571 sive
3268 1515 3406 1571 rela-

1827 1610 2003 1666 tiones
2027 1610 2321 1674 hominum,
2365 1609 2455 1681 qui
2501 1623 2651 1664 more
2677 1607 2914 1664 historia:
2934 1608 3071 1664 bene
3111 1607 3336 1663 aliterve
3356 1608 3410 1663 in

1827 1701 2023 1759 saeculo
2073 1701 2374 1757 conversati
2423 1708 2570 1767 sunt,
2613 1700 2726 1756 sive
2775 1715 2928 1755 sacra
2953 1689 3280 1771 psalmorum
3301 1700 3414 1754 elo-

1826 1793 1974 1865 quia,
2035 1794 2149 1849 sive
2197 1791 2565 1864 proverbiales
2627 1790 2889 1846 doctrina:
2936 1789 3191 1845 moralem
3255 1791 3412 1846 nobis

141 1895 218 1950 vi;
245 1895 476 1966 projecii
500 1902 647 1958 sum,
670 1893 922 1951 scandala
951 1893 1090 1950 forte
1111 1903 1237 1949 sunt
1260 1892 1527 1949 haeretica
1540 1892 1728 1948 factio-
1754 1892 1802 1954 Β
1831 1895 2115 1941 narrantes
2143 1883 2560 1955 philosophiam,
2605 1898 2703 1954 per
2748 1881 2972 1937 nmltam
2999 1880 3410 1937 sollicitudinem

143 1987 239 2052 nis,
265 2002 387 2058 quae
415 1986 583 2042 veluti
627 1983 845 2058 quidam
877 1987 1079 2058 lapides
1123 1985 1244 2041 ﬁdei
1291 1996 1492 2042 nostr:e
1517 1987 1727 2042 semitae

142 2077 406 2149 apposita,
445 2091 540 2133 eos
593 2077 684 2148 qui
737 2076 802 2131 ad
849 2075 1123 2132 Christum
1173 2076 1264 2147 qui
1322 2091 1447 2131 vera
1491 2084 1574 2130 est
1615 2076 1726 2142 via,

143 2181 431 2238 properare
458 2166 666 2232 volunt,
708 2165 871 2236 impie
915 2165 1174 2235 impedire
1210 2173 1524 2236 proeuraut,
1555 2179 1731 2235 quan-

147 2266 252 2312 tum
293 2257 347 2312 in
389 2271 451 2313 se
481 2264 586 2324 est,
621 2257 725 2312 iter
754 2257 833 2312 eis
867 2255 1056 2311 salutis
1100 2255 1353 2311 claudere
1381 2253 1723 2311 festinantes.

144 2346 457 2418 Rursusque
513 2347 602 2404 via
649 2348 765 2404 haec
812 2346 1071 2402 Dominus
1114 2347 1300 2416 utique
1339 2355 1524 2400 noster
1571 2343 1728 2400 Jesus

143 2440 384 2497 Christus
413 2440 722 2513 conjicitur,
752 2441 888 2496 sicut
925 2441 1038 2512 ipse
1061 2441 1158 2506 ait,
1189 2440 1316 2510 quia
1349 2439 1459 2510 Ego
1496 2455 1611 2494 sum
1643 2439 1726 2494 via

142 2528 319 2600 (Joan.
354 2531 491 2598 xw).
516 2530 902 2587 [hereticorum
933 2545 1061 2601 ergo
1090 2530 1388 2596 scandulis,
1433 2545 1496 2584 ac
1531 2530 1576 2584 si
1609 2528 1727 2600 qui-

142 2619 363 2677 busdam
395 2622 684 2693 lapidibus,
718 2623 1055 2678 sacerdotum
1088 2621 1424 2694 peritissimi,
1451 2621 1728 2692 ingeniose

141 2713 270 2767 satis
313 2721 369 2768 et
411 2712 704 2768 artiﬁciose
751 2711 977 2768 ductore
1010 2712 1212 2783 Spiritu
1242 2729 1275 2767 a
1303 2711 1386 2766 via
1421 2722 1640 2775 nostra,
1675 2711 1728 2766 id

140 2817 220 2862 est
247 2807 374 2864 lidei
414 2807 623 2864 ratione
645 2807 886 2879 purgatis
906 2848 920 2873 ,
955 2825 1060 2864 non
1091 2807 1261 2863 solum
1291 2808 1390 2862 hos
1413 2816 1600 2863 contra
1629 2821 1724 2861 ca-

142 2902 251 2971 pita
276 2903 464 2956 eorum
500 2902 592 2971 qui
624 2901 742 2957 illos
763 2901 1029 2970 jecerant,
1057 2902 1314 2966 mittunt,
1347 2915 1532 2955 verum
1561 2897 1726 2954 etiam

147 2993 246 3047 hoc
273 2991 434 3047 modo
457 2992 707 3047 semitam
737 3007 856 3062 quae
879 2991 1026 3047 ducit
1064 2991 1130 3046 ad
1163 2991 1304 3045 viam
1330 2989 1476 3064 [for-t.
1510 2990 1724 3064 vitam],

146 3083 400 3154 subjectis
433 3083 679 3155 plebibus
703 3082 914 3139 facilem
955 3093 1009 3140 et
1045 3085 1228 3140 tritam
1257 3079 1526 3148 etiiciunt;
1559 3085 1633 3140 ita
1668 3094 1726 3142 ut

142 3178 352 3248 possint
375 3190 565 3246 sapere
588 3190 652 3232 ac
677 3176 856 3232 dicere
901 3193 914 3229 :
954 3176 1146 3230 Anima
1177 3184 1354 3230 nostra
1393 3175 1525 3230 sicut
1546 3194 1728 3248 passer

144 3277 319 3339 erepta
345 3277 420 3322 est
445 3267 510 3321 de
530 3266 715 3338 laqueo
736 3267 1056 3321 venantium.
1087 3265 1322 3337 Laqueus
1354 3268 1606 3322 contritus
1626 3278 1723 3336 est,

141 3368 189 3412 et
219 3375 313 3412 nos
332 3357 538 3412 liberati
565 3373 766 3412 sumus.
802 3357 1141 3429 Adjutoriuut
1175 3366 1410 3410 nostrum
1435 3357 1489 3410 in
1515 3359 1724 3414 nomine

143 3447 355 3503 Domini
388 3445 560 3518 (Psal.
598 3448 809 3518 cum).
843 3448 922 3503 En
955 3448 1120 3519 igitur
1145 3447 1357 3502 divinus
1382 3449 1724 3505 sacerdotum

143 3551 444 3596 conventus
473 3540 874 3597 Dominicorum
908 3541 1284 3596 mandatorum
1331 3554 1534 3611 sequax
1555 3581 1570 3607 ,
1618 3528 1725 3598 huc

143 3632 210 3686 ad
247 3632 557 3687 venerabile
594 3631 1008 3703 dispensationis
1045 3631 1594 3703 Christimysterium
1631 3648 1726 3705 pa-

143 3725 320 3780 ternis
337 3725 595 3781 doctrinis
625 3725 982 3782 ordinandum
1009 3735 1065 3781 et
1083 3725 1474 3781 enucleandum
1497 3742 1727 3784 concur-

143 3815 241 3868 rit.
272 3813 386 3870 Non
415 3816 568 3886 quasi
590 3815 693 3872 huc
731 3817 904 3888 ipsum
930 3817 1164 3888 primum
1190 3816 1433 3886 plebibus
1461 3818 1724 3889 praedica-

143 3908 348 3974 verint,
378 3923 499 3964 cum
535 3918 660 3966 ante
697 3910 1032 3981 octingentos
1073 3908 1242 3966 ferme
1284 3925 1456 3969 annos
1498 3912 1552 3968 in
1594 3913 1729 3970 orbe

146 4008 266 4055 toto
297 3998 455 4055 fuerit
496 4002 845 4072 praedicatum
882 4019 896 4055 :
937 4001 1030 4057 sed
1060 4003 1202 4073 quod
1253 4011 1463 4058 tantum
1490 4003 1728 4060 salutare

147 4093 456 4160 consilium,
483 4093 620 4164 quod
643 4110 744 4166 per
769 4108 892 4149 eum
918 4103 1352 4152 consummatum
1382 4103 1466 4152 est
1484 4136 1499 4163 ,
1532 4095 1728 4152 divina;

146 4186 448 4255 Scriptura:
516 4186 1050 4256 interpretationibus
1115 4189 1442 4245 lucidissime
1518 4189 1728 4262 populis

144 4277 567 4347 allapcruerunt,
595 4287 650 4332 et
685 4278 967 4334 haereticos
988 4279 1056 4334 ab
1087 4279 1201 4349 ipso
1228 4278 1398 4349 petris
1421 4278 1604 4335 allisos
1626 4280 1731 4352 spio

146 4370 294 4423 ritus
327 4384 414 4424 seu
440 4377 678 4426 stercora
704 4368 896 4441 [patris
919 4369 1101 4426 allisos
1124 4370 1349 4441 Spiritu,
1368 4387 1464 4428 ceu
1486 4380 1729 4429 stercora

142 4462 318 4516 valde
342 4477 568 4534 congrue
595 4462 986 4536 reputaverint]
1011 4462 1163 4518 valde
1184 4479 1481 4535 congruere
1510 4475 1729 4536 putave-

147 4553 263 4606 rint
299 4550 437 4623 [[ονι.
465 4556 716 4617 stercori,
744 4552 820 4607 vel
847 4567 944 4608 ceu
972 4553 1257 4626 stercora].
1288 4554 1564 4612 Noverunt
1582 4558 1725 4612 enim

143 4641 518 4712 propheticum
543 4657 729 4698 vocem
757 4643 858 4698 sibi
888 4643 1040 4714 quasi
1079 4659 1143 4698 ex
1185 4661 1416 4716 persona
1442 4647 1537 4702 Dei
1562 4648 1726 4703 etiam

147 4735 205 4786 in
259 4733 361 4788 hoc
395 4732 714 4788 clamantem
744 4749 757 4785 :
787 4732 1114 4801 Sacerdotes,
1155 4736 1333 4790 audite
1379 4746 1426 4790 et
1470 4746 1731 4791 contesta-

143 4823 292 4876 mini
337 4823 508 4877 domui
554 4821 724 4878 Israel
764 4823 965 4894 (Amos.
1009 4826 1103 4898 γι),
1147 4826 1288 4882 haud
1327 4825 1546 4881 dubium
1601 4828 1730 4898 quin

145 4912 403 4982 spiritali.
430 4913 637 4980 Quibus
671 4922 727 4968 et
749 4928 848 4969 nos
875 4929 1088 4985 quoque
1114 4926 1516 4984 concurrentes,
1546 4926 1733 4989 utpote

147 5007 311 5078 quod
341 5007 392 5062 in
425 5007 557 5078 ipsis
581 5017 664 5064 est
697 5008 901 5078 pariter
939 5010 1258 5076 sentientes,
1298 5010 1577 5081 splendido
1606 5012 1730 5068 huic

145 5101 332 5156 choro
363 5101 828 5171 congratulantur,
859 5110 914 5156 et
940 5117 1051 5171 pro:
1084 5103 1352 5158 desiderio
1386 5104 1579 5159 mentis
1606 5120 1730 5175 pen-

145 5209 294 5252 nam
318 5205 605 5261 moventes,
632 5194 779 5266 quod
807 5195 1061 5263 possibile
1087 5205 1168 5250 est
1196 5197 1244 5251 ei
1267 5195 1517 5252 conferre
1539 5197 1733 5269 satagi-

145 5273 312 5348 m’us,
331 5294 381 5340 et
405 5286 581 5342 verbis
604 5296 817 5356 tempus
837 5286 1147 5342 docentibus
1172 5301 1410 5358 przesens
1437 5288 1729 5357 celebrare,

146 5395 220 5434 ac
250 5379 637 5449 praeconiorum
664 5380 770 5434 hoc
797 5377 1014 5434 ﬂoribus
1034 5395 1293 5436 coronare
1314 5380 1590 5437 studemus
1615 5397 1736 5455 spc-

144 5469 430 5526 ctaculum
470 5484 484 5524 :
528 5470 656 5526 nihil
699 5470 845 5525 enim
894 5471 1173 5540 prohibet;
1228 5471 1354 5527 licet
1400 5473 1468 5527 ad
1519 5473 1571 5529 id
1619 5489 1738 5545 per-

143 5563 315 5617 fecte
368 5577 476 5605 η’·ὐ
534 5563 546 5576 ⁸
659 5563 670 5572 ’

1755 4609 1806 4669 D

1828 1986 2214 2050 exposuerunt.
2283 1974 2390 2031 Sed
2449 1973 2779 2046 impossibile
2827 1983 2945 2028 erat
3000 1972 3157 2029 facile
3208 1973 3412 2044 lapsam

1827 2078 2160 2142 peccatoque
2203 2066 2525 2124 submissum
2558 2074 2804 2120 naturam
2836 2071 3075 2120 nostram
3099 2063 3153 2118 in
3189 2077 3247 2118 se
3275 2063 3413 2118 anti-

1829 2161 2168 2234 quissimam,
2196 2175 2264 2216 ex
2285 2176 2387 2231 qua
2422 2159 2618 2215 cecidit
2642 2160 2695 2213 in
2722 2158 2921 2224 Adam,
2950 2158 3191 2229 recipere
3235 2157 3412 2229 digni-

1829 2265 2019 2310 tatem.
2071 2254 2202 2321 Quae
2242 2252 2492 2308 videlicet
2541 2252 2721 2324 potius
2745 2252 2893 2324 eguit
2919 2250 3025 2306 alia
3050 2251 3280 2322 quadam
3326 2267 3414 2308 ro-

1828 2345 1982 2400 busta
2011 2355 2065 2401 et
2092 2343 2488 2416 inexpugnabili
2534 2342 2740 2399 meliori
2771 2343 2986 2408 virtute,
3021 2358 3140 2413 quae
3170 2342 3313 2399 illam
3347 2359 3414 2399 ex

1812 2434 2045 2492 infirmo
2072 2436 2313 2492 ulcerum
2359 2435 2461 2492 sibi
2489 2434 2815 2505 turgentium
2855 2435 3134 2506 proposito
3173 2444 3410 2501 sanaret,

1827 2536 1883 2583 et
1913 2528 1979 2582 ad
2007 2527 2364 2582 robustiorem
2398 2525 2759 2581 valetudinem
2781 2541 2902 2582 cum
2940 2526 3173 2596 quodam
3203 2525 3411 2582 liberali

1828 2628 2117 2690 augmento
2167 2615 2466 2692 reduceret.
2516 2617 2628 2674 Hoc
2671 2617 2834 2688 igitur
2853 2633 2976 2673 cum
3021 2619 3184 2674 sciret
3233 2620 3414 2674 divino

1830 2709 2033 2780 Spiritu
2082 2719 2262 2766 motus
2289 2709 2674 2780 prophetarum
2714 2709 2936 2774 chorus,
2977 2707 3102 2763 alibi
3150 2709 3414 2779 aliterque

1830 2802 2016 2856 taliuin
2054 2802 2105 2856 ei
2146 2801 2408 2857 bonorum
2446 2801 2633 2856 nuntia
2671 2799 2912 2871 protulit,
2959 2799 3013 2855 in
3036 2815 3134 2856 suo
3174 2809 3413 2871 tempore

1829 2894 2200 2963 unusquisque
2246 2893 2565 2964 praedicens,
2619 2893 3113 2964 consempiternum
3169 2902 3224 2950 et
3286 2910 3416 2949 con-

1830 2989 2240 3046 substantialem
2275 2989 2368 3046 Dei
2413 2988 2590 3045 Patris
2630 2987 2826 3044 Filium
2853 2998 2909 3045 et
2946 2988 3181 3046 Verbum
3212 2989 3414 3046 divitiis

1827 3081 2088 3136 bonitatis
2120 3097 2230 3152 suae
2261 3080 2328 3136 ad
2362 3089 2603 3136 nostram
2648 3081 3044 3137 extremitatem
3087 3080 3412 3153 profectum,

1830 3183 2070 3229 nostram
2098 3171 2338 3244 perfecte
2360 3171 2599 3228 induisse
2625 3179 2893 3240 naturam,
2920 3182 2976 3230 et
2996 3173 3136 3231 hanc
3163 3173 3413 3230 invisibili

1752 3253 1798 3318 C
1827 3275 1883 3321 et
1912 3266 2004 3338 qui
2027 3266 2144 3322 sine
2178 3266 2404 3322 materia
2437 3273 2535 3330 est,
2567 3266 2691 3336 igne
2716 3267 3014 3322 divinitatis
3048 3282 3159 3324 suae
3186 3268 3238 3324 in
3274 3269 3416 3325 anti-

1828 3357 2089 3427 quitatem
2124 3357 2466 3413 reformasse.
2513 3356 2664 3414 Alius
2703 3358 2919 3429 quidem
2959 3359 3238 3431 innuptam
3285 3377 3418 3417 cou-

1825 3452 2129 3523 ceptionem
2177 3461 2232 3508 et
2286 3451 2687 3508 immaculatum
2724 3468 2790 3509 ac
2835 3454 3152 3524 virginalem
3199 3467 3414 3527 partum

1811 3542 2123 3616 praedicans
2147 3565 2160 3614 ;
2185 3547 2321 3602 alius
2335 3561 2462 3604 vero
2480 3556 2814 3618 potentatum
2842 3547 2997 3622 [forte
3020 3553 3412 3625 potentatuum]

1801 3630 2217 3703 'omnimodum,
2250 3638 2651 3703 exterminium,
2675 3647 2729 3694 et
2754 3639 3180 3696 imminutionem
3209 3658 3417 3713 praeva-

1803 3723 2108 3786 ricationis
2143 3746 2262 3802 quae
2304 3731 2539 3787 obtinuit
2570 3730 2638 3786 ab
2674 3731 2867 3798 Adam,
2915 3723 3050 3787 etin
3074 3731 3245 3788 Adam
3272 3732 3414 3790 facta

1827 3828 1913 3875 est
1935 3835 2104 3890 usque
2151 3819 2216 3874 ad
2246 3820 2443 3892 legem,
2490 3831 2650 3892 atque
2701 3821 2946 3878 diabolici
2993 3822 3152 3879 simul
3210 3824 3413 3881 delicti.

1827 3911 1980 3968 Alius
2007 3920 2186 3968 autem
2231 3913 2473 3984 ejusdem
2499 3923 2702 3969 satanas
2732 3929 2796 3971 ac
2822 3915 3143 3982 daemonum,
3176 3895 3268 3988 qui
3292 3932 3416 3974 cum

1824 4021 1895 4061 eo
1923 4015 2183 4076 apostatze
2209 4005 2334 4061 facti
2366 4014 2508 4072 sunt,
2536 4006 2812 4062 exitialem
2843 4007 3055 4064 ruinam
3091 4023 3121 4064 a
3151 4008 3290 4065 facie
3321 4026 3418 4081 ap-

1828 4096 2069 4168 parentis
2103 4095 2217 4164 Dei,
2242 4107 2407 4168 atque
2435 4097 2909 4168 incomparabilem
2931 4101 3224 4172 gratiarum
3250 4103 3419 4157 actio-

1829 4203 1952 4244 nem
1988 4188 2334 4259 Rcdenptori
2381 4188 2707 4246 aii‘erendam
2742 4205 2770 4244 a
2823 4192 2978 4248 nobis
3027 4193 3118 4263 qui
3152 4192 3416 4263 redempti

1828 4296 2037 4348 sumus,
2063 4296 2224 4352 super
2261 4282 2581 4354 largissimis
2613 4281 2771 4338 bouis
2797 4298 2917 4353 qua:
2946 4284 2998 4337 in
3024 4285 3180 4339 nobis
3201 4296 3414 4356 patrata

1810 4373 1977 4429 "simt.
2005 4373 2100 4428 Ast
2125 4373 2262 4430 alius
2283 4374 2642 4430 voluntariam
2668 4375 2933 4430 incarnati
2964 4375 3059 4432 Dei
3084 4379 3413 4447 passionem,

1828 4473 1884 4520 et
1914 4464 1965 4518 in
2001 4463 2269 4518 infernum
2316 4463 2741 4529 descensionem,
2774 4472 2828 4520 et
2876 4481 3065 4521 rursus
3093 4480 3155 4521 ex
3202 4467 3416 4524 inferno

1831 4557 2064 4612 validum
2113 4557 2342 4611 reditum
2373 4571 2496 4611 cum
2524 4557 2824 4622 animabus,
2857 4573 2976 4626 quae
3018 4559 3416 4618 iuevitabilibus

1831 4646 1937 4702 illis
1959 4647 2188 4702 vinculis
2216 4645 2556 4702 tenebantur.
2604 4646 2753 4703 Alius
2792 4663 2920 4703 vero
2951 4649 3243 4720 gloriosum
3266 4667 3296 4706 a
3319 4667 3418 4706 no-

1832 4737 1917 4792 bis
1949 4737 2014 4790 ad
2064 4737 2278 4791 Patrem
2332 4737 2423 4808 qui
2451 4737 2502 4792 in
2550 4738 2701 4794 oculis
2747 4746 2847 4804 est,
2881 4753 3206 4811 regressum,
3258 4751 3312 4798 et
3346 4745 3416 4801 ad

1833 4827 2012 4884 Patris
2060 4830 2334 4886 dexteram
2361 4831 2686 4887 sessionem:
2714 4831 2849 4887 alius
2879 4841 3058 4890 autem
3088 4819 3419 4892 descenden;

1837 4933 1942 4978 tem
1975 4922 2041 4976 de
2070 4919 2212 4976 cmlo
2258 4921 2414 4978 nobis
2444 4923 2717 4989 collatum,
2749 4924 2838 4993 qui
2870 4923 2923 4978 in
2959 4927 3120 4992 illum
3148 4927 3419 4983 credimus

1837 5011 1980 5085 [ατη
2002 5011 2216 5087 ἄφθονον,
2245 5014 2301 5069 id
2330 5023 2427 5080 est,
2458 5013 2760 5086 cepiosum]
2788 5014 2903 5069 sine
2934 5014 3157 5082 invidia,
3185 5015 3422 5088 Spiritus

1836 5105 2154 5172 adventum;
2184 5113 2238 5160 et
2271 5107 2325 5163 in
2369 5121 2558 5163 omnes
2580 5117 2764 5182 gentes
2793 5111 3119 5179 evangelicae
3164 5109 3424 5179 praedica-

1837 5198 1999 5254 tionis
2038 5199 2326 5257 circuitum
2355 5198 2788 5258 velocissimum:
2818 5205 2870 5252 et
2895 5206 3050 5268 quod
3079 5195 3202 5259 hinc
3224 5200 3426 5257 factum

1835 5301 1917 5348 est
1942 5309 2038 5362 per
2059 5295 2246 5349 orbem
2272 5305 2541 5353 terrarum
2566 5295 2826 5351 idolorum
2848 5298 3222 5355 omnimodum
3249 5305 3428 5350 exter-
3501 5325 3506 5329 «

1824 5383 2082 5450 "minium,
2111 5400 2207 5456 per
2233 5385 2489 5442 mundam
2507 5386 2870 5442 reversionem
2894 5388 2968 5442 ad
3000 5399 3238 5458 unumet
3258 5386 3428 5442 solum

1833 5489 2022 5529 verum
2070 5475 2235 5530 Deum
2289 5482 2536 5532 nostrum
2597 5476 2864 5540 eﬂ'ectam,
2917 5488 3091 5553 atque
3139 5481 3431 5548 impragter-

1894 5564 1903 5568 ‘
2121 5576 2131 5582 ·
2159 5565 2172 5578 ⁸
2234 5584 2338 5608 -θνιι
2390 5565 2631 5630 Ιειινῖτιῐη,
2661 5580 2782 5638 qua:
2811 5564 2884 5618 illi
2913 5582 2947 5621 a
3003 5573 3156 5629 nobis
3180 5583 3273 5638 ρει·
3315 5564 3430 5621 ιιηί⁴

3064 5666 3183 5688 vi..-
3217 5657 3435 5694 ωτι-ειη»-
