3916 5512
492 446 594 503 491

1657 407 2020 536 ΑΝΑδτᾼδιι
2059 403 2604 505 BtnLtorchanu

3664 422 3754 516 ut

3679 519 3688 534 ι

486 568 598 630 tur.
629 557 760 625 Qua:
789 555 970 612 omnia
991 554 1219 622 veritate
1264 553 1598 626 temporibus
1625 555 1739 612 suis
1790 555 2076 623 terminata
2105 547 2157 620 Α
2181 557 2584 631 qualescunque
2606 539 2948 622 difﬁcultates
2979 559 3210 618 viriliter
3236 562 3549 636 subeundas
3571 567 3755 632 adhor-

485 658 634 716 sunt,
685 657 740 704 et
800 648 960 702 ﬁnem
995 646 1456 718 gloriosissimum
1513 658 1883 720 susceperunt.
1938 648 2078 718 Audi

485 742 652 823 igitur
678 741 902 802 Paulum
929 755 1124 820 magna
1151 754 1281 795 voce
1324 739 1670 816 clamantem,
1715 749 1770 797 et
1801 741 2080 812 veritatem

480 838 646 894 istam
672 833 1109 889 eorroborautem
1135 831 1307 910 :Deus
1335 832 1700 903 manifestatus
1722 841 1794 890 est
1822 833 1875 888 in
1897 849 2076 899 carne,
2114 825 2118 830 ’

478 927 808 1006 justiﬁcutus
844 926 1008 982 estin
1031 924 1240 994 spiritu,
1279 925 1522 995 apparuit
1571 924 1790 1004 angelis,
1823 925 2080 997 praedica-

476 1029 570 1086 tus
606 1029 680 1074 est
722 1017 978 1096 gentibus,
1025 1017 1257 1096 creditus
1288 1024 1376 1094 est.
1409 1017 1465 1095 in
1513 1017 1741 1095 mundo,
1781 1027 2079 1089 assumptus

484 1124 559 1172 est
583 1112 636 1166 in
660 1111 849 1183 gloria.
887 1109 943 1180 (Ι
976 1108 1108 1166 Tim.
1141 1110 1248 1186 ut.)
1282 1107 1530 1186 O‘magni
1546 1109 1790 1186 doctoris
1829 1109 2080 1180 affectum

487 1203 789 1278 [aifatum]!
827 1204 985 1270 Deus,
1030 1201 1226 1281 inquit,
1257 1201 1638 1268 ntanifestatus
1685 1210 1769 1260 est
1807 1203 1862 1258 in
1892 1217 2077 1268 carne,

478 1297 629 1371 quod
655 1305 739 1352 est
761 1296 1002 1352 omnium
1033 1295 1296 1351 bonorum
1334 1308 1522 1360 causa,
1554 1294 1873 1354 indeficiens
1901 1295 2085 1370 dona-

488 1391 584 1458 tio,
618 1388 1083 1446 suth’cientissimae
1105 1387 1322 1456 divitia,
1352 1389 1603 1462 perennis
1628 1404 1733 1460 non
1767 1389 2082 1461 auferendo-

487 1502 611 1542 rum
633 1487 1017 1542 charismatum
1045 1483 1188 1551 fons,
1212 1483 1534 1553 insatiabilis
1559 1482 1912 1553 esurientium
1933 1495 2079 1548 esca,

486 1578 732 1634 vivificus
774 1577 839 1632 de
887 1575 1024 1632 coelo
1065 1575 1243 1646 panis,
1290 1573 1436 1646 jugis
1463 1573 1759 1646 sitientium
1815 1573 1982 1640 rivus,
2015 1587 2081 1636 ex

487 1686 594 1741 quo
635 1669 725 1739 qui
777 1668 993 1734 biberit,
1022 1682 1125 1722 non
1175 1667 1325 1733 sitiet
1371 1665 1426 1734 in
1464 1653 1726 1722 aeternum
1776 1663 2079 1736 (Joan.tv).

485 1759 584 1814 His
629 1745 1004 1814 inatiifestatus
1045 1763 1128 1812 est
1172 1755 1226 1811 in
1254 1770 1455 1814 carne:
1507 1756 1600 1811 sed
1632 1763 1688 1824 et
1733 1754 1952 1824 mundo,
1985 1754 2080 1822 ait,

486 1851 729 1907 creditus
753 1858 855 1906 est.
879 1849 1158 1917 Quomodo
1197 1849 1437 1918 creditus
1466 1857 1550 1904 est
1594 1848 1647 1905 in
1705 1847 1943 1904 mundo?
1973 1847 2080 1912 dic,

484 1944 643 1999 beate
690 1942 891 1997 Paule:
939 1942 1121 1998 lmbue
1146 1949 1200 1996 et
1240 1955 1340 1996 nos
1364 1955 1430 2009 ex
1459 1939 1670 1996 areanis
1703 1939 1810 1995 illis
1836 1938 2079 2004 vocibus,
2113 1940 2376 2011 leianis
2429 1941 2478 1995 in
2539 1957 2756 1998 causam
2805 1944 3048 2000 criminis
3097 1944 3449 2016 irrogabitur.

488 2032 684 2102 quibus
730 2033 783 2088 in
815 2031 1012 2088 abditis
1037 2031 1271 2102 paradisi
1313 2032 1550 2087 imbutus
1579 2045 1658 2087 es.
1689 2030 1873 2086 lmbue
1917 2031 2080 2095 etiam

489 2138 634 2178 nunc
669 2123 1072 2194 praedicatione,
1111 2122 1264 2192 cujus
1293 2124 1534 2193 creditus
1565 2138 1624 2179 es
1652 2124 1704 2178 in
1735 2138 1924 2180 omnes
1948 2138 2079 2194 gen-

493 2223 573 2269 tes
625 2214 945 2285 prtedieator
990 2223 1046 2269 et
1075 2214 1349 2284 apostolus
1378 2214 1512 2270 fieri.
1554 2213 1779 2269 infunde
1831 2213 2081 2283 prmscnti

488 2304 742 2368 Ecclesiae
790 2304 1036 2364 veritatis
1080 2304 1324 2368 verbum,
1363 2305 1645 2376 exstingue
1673 2303 1944 2375 spiritales
1976 2305 2083 2358 ha:-

491 2398 782 2454 reticorum
809 2396 980 2462 visus,
1010 2405 1070 2452 ut
1094 2397 1363 2470 quondam
1382 2395 1582 2468 Elymae
1599 2396 1737 2466 magi
1763 2395 1897 2466 (Act.
1928 2394 2079 2463 xm):

493 2490 736 2561 exprime
762 2504 886 2544 eum
935 2487 1128 2550 fiducia
1159 2488 1575 2559 dispensationis
1613 2486 1948 2559 mysterium.
1979 2485 2082 2540 Lo-

492 2580 679 2652 queris
709 2579 853 2634 enim
893 2579 1056 2634 etiam
1098 2587 1218 2649 post
1253 2586 1479 2634 mortem
1522 2592 1682 2633 voces
1711 2575 2081 2639 excellentius,

491 2680 546 2728 et
576 2671 818 2742 operaris
865 2671 916 2724 in
949 2670 1141 2740 spiritu
1171 2685 1504 2740 quaecunque
1552 2670 1649 2724 vis.
1684 2668 1857 2723 Etiam
1911 2667 2085 2737 inquit

493 2763 718 2818 doctor:
764 2760 895 2816 Mihi
939 2761 1152 2816 minimo
1195 2760 1424 2816 omnium
1480 2770 1779 2816 sanctorum
1834 2758 1960 2812 data
2011 2767 2084 2812 est

489 2856 660 2927 gratia
690 2855 800 2909 lucc
848 2855 901 2907 in
954 2854 1210 2926 gentibus,
1259 2853 1648 2926 euangelizandi
1715 2852 1962 2906 videlicet
2007 2851 2086 2904 in-

493 2947 816 3019 t'estigabiles
856 2949 1063 3002 divitias
1095 2945 1314 3012 Christi,
1346 2956 1393 3002 et
1438 2945 1774 3004 illuminandi
1801 2960 2000 3007 attines,
2025 2958 2085 2996 ac

497 3039 738 3104 docendi,
798 3055 914 3108 qua:
959 3039 1022 3092 sit
1065 3039 1382 3108 dispensatio
1436 3035 1664 3107 mysterii
1717 3031 2008 3088 absconditi
2054 3049 2086 3086 a

494 3129 702 3183 swculis
757 3146 788 3182 a
839 3127 1080 3191 Domino,
1137 3129 1224 3198 qui
1274 3127 1450 3180 omnia
1501 3127 1689 3181 creavit
1738 3125 1954 3195 (Ep/tes.
2003 3123 2085 3193 ιιι)

497 3220 835 3289 Quaprmitcr
876 3219 1084 3274 audite:
1137 3217 1383 3272 Creditus.
1434 3227 1530 3284 est,
1568 3218 1725 3283 dixit,
1764 3217 1821 3270 in
1869 3216 2085 3283 mundo,

499 3313 843 3368 reconcilians
875 3313 1049 3366 omnia
1075 3313 1129 3365 in
1154 3311 1444 3376 semetipso,
1470 3320 1515 3366 et
1541 3309 1826 3381 paciﬁcans
1847 3325 1938 3380 per
1963 3325 2088 3364 sun-

496 3408 702 3478 gnirmn
747 3406 914 3462 crucis
969 3421 1098 3470 sua’,
1143 3404 1246 3458 sive
1291 3420 1406 3476 qua:
1458 3404 1510 3457 in
1551 3393 1713 3471 terra,
1750 3403 1854 3480 sive
1877 3418 1993 3474 qua:
2032 3401 2086 3458 in

497 3497 636 3552 cwlis
659 3507 778 3552 sunt
805 3496 1028 3568 (Coloss.
1060 3496 1119 3567 ι).
1159 3495 1202 3552 0
1229 3496 1516 3551 sublimem
1562 3495 1703 3549 hanc
1741 3494 2084 3564 praedicatio-

497 3591 651 3645 nem!
693 3589 736 3645 Ο
769 3585 1186 3644 inenarrabilem
1212 3587 1369 3641 istam
1393 3585 1854 3642 miscricordiam!
1892 3582 2090 3652 Unigc-

499 3686 644 3739 nitus
673 3683 842 3739 Filius
874 3683 962 3750 Dei
991 3682 1166 3735 omnia
1205 3682 1257 3734 in
1310 3682 1486 3752 seipso
1519 3679 1872 3736 reconcilians
1903 3676 2090 3749 pacili-

499 3775 644 3830 cavit
671 3789 764 3843 per
808 3771 1119 3841 sanguinem
1163 3771 1340 3826 crucis
1387 3786 1516 3824 suae.
1555 3769 1622 3824 Et
1668 3769 1936 3840 quomodo
1968 3766 2086 3840 qui-

500 3870 622 3923 dam
660 3875 782 3937 post
821 3874 1026 3920 tantum
1081 3862 1401 3929 ineffabilem
1454 3863 1948 3918 reconciliationem
1983 3875 2081 3914 nos

499 3960 614 4016 fleri
653 3959 892 4030 priorum
947 3956 1325 4012 seditiosorum
1378 3956 1718 4010 inimicorum
1775 3954 2086 4008 allii-munt?

500 4050 778 4120 Quomodo
823 4057 945 4119 post
976 4048 1135 4110 unius
1187 4055 1242 4101 et
1276 4046 1441 4102 solius
1481 4046 1590 4101 veri
1635 4047 1724 4101 Dei
1756 4046 2081 4116 agnitionem

501 4147 730 4201 adorare
762 4144 900 4200 idola
927 4143 1263 4199 Christianos
1293 4143 1472 4196 dicere
1504 4141 1618 4196 ausi
1655 4141 1818 4196 sunt?
1849 4141 2083 4195 haeser-

501 4241 594 4293 tizn
627 4254 749 4293 cum
780 4237 1036 4308 propheta
1090 4234 1454 4289 omnimodam
1484 4233 1674 4287 horum
1705 4232 2080 4287 comminatio-

502 4346 623 4384 nem
654 4327 1048 4399 quodannuodo
1079 4325 1274 4381 clamet
1304 4335 1357 4381 ct
1387 4325 1530 4380 dicat
1558 4343 1570 4379 :
1619 4325 1686 4378 In
1740 4324 1822 4378 die
1853 4323 1943 4376 illa
1986 4340 2082 4394 ap-

498 4422 698 4494 parebit
733 4421 1009 4486 Dominus,
1039 4429 1085 4474 et
1113 4419 1473 4474 exterminabit
1496 4419 1617 4474 deos
1641 4419 1869 4489 gentium
1897 4427 2082 4471 terra':

498 4523 544 4564 et
584 4511 822 4565 adorabit
863 4527 978 4565 eum
1009 4511 1362 4580 unusquisque
1399 4508 1601 4564 deloco
1625 4523 1742 4573 suo,
1781 4523 1956 4560 omnes
2001 4506 2083 4560 in-

497 4602 629 4658 sula:
653 4602 881 4674 gentium
908 4599 1092 4674 {Zac/c.
1136 4601 1273 4671 xm).
1307 4601 1440 4656 Ecce
1477 4597 1880 4654 subversionem
1915 4595 2083 4651 idolo-

499 4715 636 4764 rum,
671 4708 726 4752 et
768 4697 874 4752 Deo
909 4697 1284 4751 celebrandam
1330 4695 1696 4750 adorationem
1746 4694 1815 4748 ab
1846 4709 2080 4762 nnnquo-
2112 4695 2159 4755 D

497 4807 601 4862 que
626 4789 693 4844 de
715 4790 831 4845 loco
861 4805 957 4844 suo
988 4788 1309 4844 audivimus.
1354 4788 1630 4855 Quomodo
1665 4787 1948 4860 igiturnos
1988 4786 2079 4856 qui

498 4884 602 4938 hoc
634 4882 858 4952 agimus,
888 4879 1245 4935 idololatriam
1283 4895 1537 4934 exercere
1567 4878 1923 4934 accusamur?
1950 4876 2081 4944 Quis

497 4980 676 5027 autem
707 4980 761 5025 et
799 4970 1018 5025 omnino
1065 4978 1246 5040 posset
1286 4969 1338 5022 in
1394 4969 1766 5037 antiquitatem
1816 4967 2078 5022 idolorum

497 5076 741 5115 errorem
772 5076 1031 5116 renovare
1080 5077 1240 5130 super
1284 5060 1516 5115 terram?
1548 5061 1602 5114 Si
1642 5061 1786 5115 enim
1818 5059 2083 5130 nequissi-

637 5152 646 5160 -
738 5164 772 5168 --
809 5165 850 5167 κ-
997 5151 1022 5178 -=
1077 5167 1172 5188 --ιιν
1229 5151 1342 5198 hmo.
1395 5149 1692 5206 nlacantur.
1752 5151 1854 5204 hoc
1902 5150 2081 5204 facere

2165 656 2326 725 ltans,
2371 649 2654 706 veritatem
2689 649 2852 720 dicet,
2899 665 3022 706 cum
3067 661 3311 708 asserat:
3353 653 3635 725 Conﬁdite,
3685 675 3757 730 ego

2182 740 2282 795 viri
2307 741 2561 796 mundum
2589 740 2781 811 (Joan.
2818 741 2982 816 xvi)?
3011 742 3068 800 Si
3106 745 3250 800 enim
3289 745 3434 816 quod
3461 746 3554 804 hic
3580 748 3757 812 vicisse

2181 844 2241 886 se
2262 832 2608 902 repromittit,
2638 831 2741 894 hoc
2768 832 2845 888 illi
2875 834 3159 898 valuerunt
3183 853 3374 911 rursus

2181 938 2306 1000 pem
2340 923 2574 991 auferre,
2603 941 2710 980 non
2744 926 2929 997 utique
2971 913 3237 1000 talequid
3275 930 3760 1004 victoriainomina-

2181 1015 2350 1084 bitur,
2395 1033 2497 1072 nec
2545 1016 2688 1072 inter
2727 1018 2888 1092 fortia
2928 1019 3069 1076 facta
3107 1025 3610 1094 connumerabitur.
3641 1024 3759 1093 Nam

2183 1107 2454 1184 quomodo
2510 1107 2737 1164 victoria
2785 1109 2910 1178 erit,
2965 1109 3009 1166 si
3054 1110 3314 1188 liberator
3364 1111 3675 1189 [liberatos]
3717 1119 3759 1174 in

2185 1197 2348 1254 finem
2403 1199 2626 1256 minime
2666 1200 2985 1277 lucrifaciat,
3018 1203 3114 1260 sed
3168 1205 3436 1274 similibus
3474 1208 3546 1262 ab
3573 1207 3657 1264 bis
3687 1211 3761 1280 qui

2181 1290 2338 1364 prius
2358 1291 2596 1364 superati
2623 1292 2858 1360 fuerant,
2890 1292 3273 1371 luctamiuibus
3299 1295 3583 1372 redigatur
3613 1299 3762 1372 [redi-

2182 1381 2446 1462 gantur]?
2478 1396 2661 1439 verum
2693 1399 2795 1440 nec
2820 1385 3108 1454 similibus,
3133 1387 3226 1460 sed
3265 1387 3625 1456 fortioribus?
3647 1391 3762 1450 Nam

2181 1477 2462 1550 possidere
2509 1479 2638 1550 quid
2688 1489 2742 1536 et
2771 1481 3019 1552 perdere,
3067 1482 3188 1554 plus
3238 1484 3396 1551 mihi,
3455 1501 3624 1556 quam
3675 1501 3764 1553 non

2176 1566 2508 1651 'acquisitum
2535 1589 2641 1630 non
2680 1574 2980 1650 possidere,
3016 1575 3069 1632 in
3101 1576 3368 1636 rationem
3393 1579 3764 1648 imbecillitatis

2187 1662 2545 1734 reputabitur.
2561 1663 2728 1720 Porro
2746 1665 2832 1720 uhi
2851 1676 3011 1736 putas
3027 1666 3295 1732 idolorum
3311 1679 3493 1730 status
3509 1669 3762 1746 [stratus],

2187 1755 2279 1828 qui
2326 1756 2428 1813 hoc
2467 1756 2707 1814 dicentes
2731 1758 3009 1829 posuistis,
3039 1760 3234 1817 aiunt?
3262 1761 3331 1818 Et
3359 1763 3406 1818 si
3436 1763 3495 1818 in
3549 1765 3765 1835 antiquis

2189 1848 2605 1904 dacmonicorum
2632 1849 2950 1922 templorum
2979 1852 3215 1923 sedibus,
3242 1854 3484 1910 nondum
3509 1856 3615 1912 hoc
3631 1855 3766 1923 Chri-

3533 1947 3765 2014 Videmus

2186 2034 2331 2090 enim
2384 2035 2638 2108 reliquias
2682 2036 2734 2092 in
2786 2037 3106 2106 quibusdam
3142 2037 3274 2096 locis
3310 2040 3622 2110 priscorum
3672 2041 3764 2098 dte-

2159 2126 2526 2183 ,monicorum
2598 2127 2918 2197 templorum
2995 2143 3026 2182 a
3100 2129 3372 2185 veteribus
3455 2129 3764 2197 derelictas,

2187 2221 2257 2276 ad
2304 2236 2576 2292 pompam,
2625 2230 2682 2278 ut
2731 2236 2877 2288 reor,
2926 2237 3114 2278 eorum
3160 2223 3251 2292 qui
3305 2223 3359 2278 in
3410 2222 3502 2280 his
3543 2224 3762 2280 immota.

2187 2325 2422 2382 verunt;
2474 2315 2556 2372 vel
2619 2315 2778 2372 etiam
2833 2317 2898 2371 ad
2945 2318 3300 2386 memoriam,
3341 2320 3494 2389 (ιιιοὰ
3541 2333 3638 2376 nos
3692 2334 3765 2375 re-

2186 2409 2389 2479 dempti
2442 2424 2650 2476 sumus,
2703 2418 2756 2465 ct
2810 2411 2864 2466 in
2926 2413 3219 2484 gratiarum
3278 2412 3529 2470 actiones
3586 2414 3767 2468 ducen-

2188 2512 2294 2558 tem
2360 2517 2460 2572 per
2527 2501 2769 2558 visibiles
2829 2502 3181 2572 inﬁrmasque
3244 2501 3643 2562 formationes:
3708 2518 3766 2559 ex

2184 2596 2382 2666 quibus
2464 2595 2893 2653 Christianorum
2970 2597 3360 2658 abominabiles
3428 2596 3595 2653 facta:
3657 2604 3766 2653 sunt

2185 2690 2430 2755 culturm,
2456 2706 2484 2744 a
2509 2694 2705 2760 quibus
2728 2706 2822 2761 per
2845 2690 3118 2745 Christum
3149 2692 3321 2759 erepti
3348 2705 3570 2755 sumus,
3596 2691 3693 2745 nisi
3716 2692 3762 2744 in

2187 2782 2664 2840 Cbristianissimis
2695 2785 2808 2840 haec
2879 2785 3127 2853 inquiunt
3146 2825 3158 2848 ,
3187 2783 3439 2840 ecclesiis
3467 2786 3668 2840 nostris
3692 2785 3763 2838 iu-

2188 2879 2520 2933 venireutur.
2551 2877 2593 2933 Ο
2615 2877 2932 2948 pravitatem
2958 2893 3078 2948 quae
3101 2877 3225 2934 hinc
3251 2876 3490 2932 efﬁcitur
3516 2879 3530 2930 !
3556 2894 3592 2932 ο
3610 2876 3762 2947 pessi-

2187 2987 2330 3028 mam
2367 2971 2754 3040 blasphemiam
2794 2973 2806 3024 ι
2847 2970 3124 3038 Quomodo
3167 2972 3336 3037 enim,
3390 2971 3487 3026 ubi
3536 2970 3764 3026 Christus

2189 3071 2350 3134 caput
2377 3071 2430 3117 et
2457 3061 2861 3118 fundamentum
2893 3071 2976 3117 est
2996 3063 3288 3117 secundum
3315 3063 3762 3132 sapientissimum

2188 3153 2412 3210 Paulum
2443 3153 2497 3224 (Ι
2529 3153 2650 3208 Cor.
2686 3155 2790 3223 In),
2825 3155 2928 3210 hoc
2960 3154 3076 3209 fieri
3109 3156 3341 3224 poterit?
3368 3155 3632 3210 Fraudati
3659 3167 3764 3209 vere

2190 3262 2376 3302 sumus
2404 3261 2499 3317 spe
2525 3261 2625 3302 nos
2651 3246 2942 3302 Christiani
2975 3265 2986 3300 :
3013 3247 3219 3317 decepti
3243 3263 3436 3303 sumus
3463 3251 3629 3303 etiam
3648 3264 3766 3319 pcr-

2113 3316 2159 3379 C
2191 3339 2490 3396 dicatorum
2518 3326 2759 3404 vocibus,
2805 3339 2894 3410 qui
2927 3340 3088 3394 etiam
3138 3341 3300 3394 Deum
3327 3341 3490 3396 nobis
3522 3357 3552 3394 ει
3593 3316 3765 3394 (immo-

2188 3431 2400 3486 niorum
2443 3430 2821 3499 superstitione
2866 3446 2965 3485 nos
3015 3431 3367 3485 liberaturum
3423 3431 3477 3485 in
3529 3431 3761 3485 ηιιιιιεέειιη

2187 3523 2400 3579 venisse
2444 3521 2892 3593 praedicaverunt.
2934 3522 3210 3590 Quomodo
3238 3523 3405 3575 etiam
3439 3522 3548 3576 hoc
3573 3523 3764 3593 penitus

2188 3615 2384 3670 dicere
2405 3615 2728 3683 potuerunt?
2757 3613 2889 3668 Natu
2919 3614 3394 3682 interrogaverunt
3422 3613 3577 3685 [fort
3610 3614 3760 3667 inter-

2188 3705 2462 3778 rogemus]
2501 3720 2595 3761 eos
2627 3705 2717 3774 qui
2749 3705 2827 3761 sic
2855 3706 3087 3774 sapiunt.
3122 3705 3313 3760 Utrum
3343 3704 3449 3760 hoc
3476 3705 3650 3776 imgine
3674 3719 3760 3757 no-

2185 3806 2298 3853 stro
2326 3798 2672 3868 permittente
2691 3797 2890 3851 factum
2916 3798 3007 3862 sit,
3039 3813 3103 3850 an
3135 3796 3276 3850 forte
3317 3797 3535 3852 volente
3564 3797 3756 3867 quidem

2185 3903 2254 3944 ne
2285 3887 2459 3953 ﬁeret,
2493 3905 2600 3944 non
2638 3889 2846 3943 valente
2875 3897 3050 3943 tamen
3088 3889 3335 3943 auxiliari
3372 3908 3385 3942 :
3425 3899 3482 3944 et
3510 3888 3758 3961 quomodo

2184 3979 2575 4049 subsequenter
2595 3980 2698 4034 hoc
2727 3996 2831 4035 non
2860 3981 2930 4036 sit
2963 3980 3123 4034 totius
3146 3979 3502 4050 blasphemia!
3551 3979 3754 4033 Si'euim

2167 4085 2346 4126 verax
2384 4080 2464 4128 est
2500 4071 2899 4128 sacratissiums
2938 4071 3155 4135 Paulus,
3198 4071 3324 4125 diu»
3376 4072 3649 4126 Christum
3677 4070 3754 4124 Fio

2182 4162 2311 4216 lium
2344 4159 2457 4227 Dei,
2482 4163 2736 4218 virtutem
2764 4171 2818 4217 et
2839 4163 2930 4217 Dei
2955 4162 3271 4231 sapientiam
3300 4163 3550 4216 nominat
3571 4160 3617 4232 (1
3645 4158 3754 4214 Cor.

2165 4257 2248 4328 Δι),
2303 4256 2590 4325 quomodo,
2627 4270 2840 4326 qumso,
2895 4255 3059 4309 valuit
3087 4254 3262 4308 Patris
3300 4252 3751 4325 inexpugnabilem

2184 4349 2438 4403 virtutem
2469 4355 2524 4402 et
2555 4347 2899 4417 sapientiam,
2944 4363 3064 4416 qua)
3100 4346 3350 4400 omnilms
3391 4361 3517 4401 esse
3571 4344 3750 4404 tribuit,

2183 4441 2476 4509 quidquam
2508 4454 2697 4494 eorum
2729 4455 2849 4508 qua:
2874 4451 2999 4492 sunt
3021 4437 3387 4506 exsuperare?
3426 4436 3751 4505 Perspicuum

2182 4531 2324 4586 enim
2361 4539 2441 4586 est
2471 4531 2616 4602 quia,
2659 4531 2702 4585 si
2728 4529 2868 4585 istud
2907 4529 3029 4584 huic
3056 4529 3268 4592 accidit,
3292 4543 3392 4582 nec
3423 4528 3478 4582 id
3502 4529 3638 4598 quod
3665 4542 3750 4580 non

2181 4633 2265 4681 est
2291 4625 2424 4690 lucc,
2458 4640 2488 4679 a
2529 4623 2725 4679 talibus
2765 4623 3200 4678 accusationibus
3241 4619 3465 4691 pellent.
3501 4619 3751 4687 Quomodo

2183 4715 2326 4770 enim
2355 4714 2497 4770 Deus
2525 4715 2864 4785 omnipotens
2883 4754 2897 4780 ,
2924 4723 3112 4784 potens
3136 4720 3188 4766 ct
3217 4712 3376 4766 fortis
3411 4711 3577 4766 Pazer
3602 4711 3750 4764 adhuc

2183 4809 2412 4874 dicatur,
2453 4808 2497 4862 si
2543 4824 2662 4878 quae
2706 4824 2801 4862 sua
2856 4809 3065 4863 sublata
3111 4815 3236 4862 sunt
3274 4805 3503 4883 virtute,
3564 4803 3750 4860 subdita

2185 4901 2417 4956 inimicis
2445 4909 2570 4955 sunt
2592 4899 2819 4955 effecta?
2850 4901 2946 4956 Vel
2967 4915 3072 4970 quo
3095 4908 3248 4969 pacto
3273 4896 3448 4954 Filius
3476 4896 3688 4952 indulsit
3707 4894 3747 4946 in

2184 4991 2500 5056 Ecclesium,
2541 5006 2704 5061 quam
2731 4990 2951 5061 proprio
2977 4987 3236 5059 sanguine
3261 5003 3363 5041 suo
3403 4988 3512 5042 sibi
3542 4989 3747 5056 des‘poa-

2184 5085 2344 5148 savit,
2378 5082 2701 5137 immanibus
2744 5081 2921 5136 taliter
2944 5090 2999 5135 et
3029 5079 3560 5134 immisericordibus
3588 5088 3749 5132 rursus

2189 5176 2461 5232 deservire.
2499 5174 2813 5228 sniritibus?
2853 5172 3148 5240 praesertim
3181 5186 3304 5224 eum
3332 5170 3750 5242 hymnographas

3485 5274 3500 5288 ⁶
3511 5280 3620 5310 “"0
3648 5278 3750 5315 ωι-
