  <div class='ocr_page' id='page_1' title='image "/cluster/home/n/w/nwhite01/storage/ocr_20150623/129/hvd.32044015471709/252.png"; bbox 0 0 3916 5498; ppageno 0'>
   <div class='ocr_carea' id='block_1_1' title="bbox 123 525 230 586">
    <p class='ocr_par' dir='ltr' id='par_1_1' title="bbox 123 525 230 586">
     <span class='ocr_line' id='line_1_1' title="bbox 123 525 230 586; baseline 0 0"><span class='ocrx_word' id='word_1_1' title='bbox 123 525 230 586; x_wconf 72' lang='grc'><strong>498</strong></span> 
     </span>
    </p>
   </div>
   <div class='ocr_carea' id='block_1_2' title="bbox 812 518 1718 602">
    <p class='ocr_par' dir='ltr' id='par_1_2' title="bbox 812 518 1718 588">
     <span class='ocr_line' id='line_1_2' title="bbox 812 518 1718 588; baseline -0.001 0"><span class='ocrx_word' id='word_1_2' title='bbox 812 518 1370 588; x_wconf 71' lang='grc' dir='ltr'><strong>ΪΝἸἙΒΡΒΕΤΑΤΙΟ</strong></span> <span class='ocrx_word' id='word_1_3' title='bbox 1404 528 1487 588; x_wconf 78' lang='lat' dir='ltr'><strong>SY</strong></span> <span class='ocrx_word' id='word_1_4' title='bbox 1495 530 1653 588; x_wconf 83' lang='lat' dir='ltr'><strong>NODI</strong></span> <span class='ocrx_word' id='word_1_5' title='bbox 1695 531 1718 587; x_wconf 76' lang='lat'><em>\</em></span> 
     </span>
    </p>
   </div>
   <div class='ocr_carea' id='block_1_3' title="bbox 1819 518 2706 602">
    <p class='ocr_par' dir='ltr' id='par_1_3' title="bbox 1821 529 2706 589">
     <span class='ocr_line' id='line_1_3' title="bbox 1821 529 2706 589; baseline 0.001 -3"><span class='ocrx_word' id='word_1_6' title='bbox 1821 529 2229 589; x_wconf 81' lang='lat' dir='ltr'><strong>GENERALIS.</strong></span> <span class='ocrx_word' id='word_1_7' title='bbox 2250 529 2535 588; x_wconf 84' lang='lat' dir='ltr'><strong>--ACT10</strong></span> <span class='ocrx_word' id='word_1_8' title='bbox 2573 529 2706 588; x_wconf 76' lang='lat' dir='ltr'><strong>Vill.</strong></span> 
     </span>
    </p>
   </div>
   <div class='ocr_carea' id='block_1_4' title="bbox 3286 537 3390 594">
    <p class='ocr_par' dir='ltr' id='par_1_4' title="bbox 3286 537 3390 594">
     <span class='ocr_line' id='line_1_4' title="bbox 3286 537 3390 594; baseline 0.019 -2"><span class='ocrx_word' id='word_1_9' title='bbox 3286 537 3390 594; x_wconf 66' lang='grc'><strong>494</strong></span> 
     </span>
    </p>
   </div>
   <div class='ocr_carea' id='block_1_5' title="bbox 125 613 3392 717">
    <p class='ocr_par' dir='ltr' id='par_1_5' title="bbox 125 613 3392 717">
     <span class='ocr_line' id='line_1_5' title="bbox 125 613 3392 717; baseline 0.002 -18"><span class='ocrx_word' id='word_1_10' title='bbox 125 643 432 701; x_wconf 74' lang='lat' dir='ltr'><strong>ferociores</strong></span> <span class='ocrx_word' id='word_1_11' title='bbox 481 613 833 711; x_wconf 74' lang='lat' dir='ltr'><strong>construens,</strong></span> <span class='ocrx_word' id='word_1_12' title='bbox 881 655 1083 716; x_wconf 83' lang='lat' dir='ltr'><strong>quanto</strong></span> <span class='ocrx_word' id='word_1_13' title='bbox 1139 646 1260 702; x_wconf 90' lang='lat' dir='ltr'><strong>illos</strong></span> <span class='ocrx_word' id='word_1_14' title='bbox 1318 659 1414 701; x_wconf 88' lang='lat' dir='ltr'><strong>nos</strong></span> <span class='ocrx_word' id='word_1_15' title='bbox 1460 645 1709 709; x_wconf 87' lang='lat' dir='ltr'><strong>liberati,</strong></span> <span class='ocrx_word' id='word_1_16' title='bbox 1743 649 1788 708; x_wconf 83' lang='grc' dir='ltr'><strong>Α</strong></span> <span class='ocrx_word' id='word_1_17' title='bbox 1817 643 2050 699; x_wconf 80' lang='lat' dir='ltr'><strong>dicitur:</strong></span> <span class='ocrx_word' id='word_1_18' title='bbox 2085 642 2364 699; x_wconf 68' lang='lat' dir='ltr'><strong>Vobiscum</strong></span> <span class='ocrx_word' id='word_1_19' title='bbox 2419 660 2534 700; x_wconf 75' lang='lat' dir='ltr'><strong>sum</strong></span> <span class='ocrx_word' id='word_1_20' title='bbox 2581 641 2821 700; x_wconf 75' lang='lat' dir='ltr'><strong>omnibus</strong></span> <span class='ocrx_word' id='word_1_21' title='bbox 2869 644 3052 702; x_wconf 75' lang='lat' dir='ltr'><strong>diebus</strong></span> <span class='ocrx_word' id='word_1_22' title='bbox 3110 660 3272 717; x_wconf 75' lang='lat' dir='ltr'><strong>usque</strong></span> <span class='ocrx_word' id='word_1_23' title='bbox 3323 651 3392 704; x_wconf 82' lang='lat' dir='ltr'><strong>ad</strong></span> 
     </span>
    </p>
   </div>
   <div class='ocr_carea' id='block_1_6' title="bbox 126 725 1715 808">
    <p class='ocr_par' dir='ltr' id='par_1_6' title="bbox 126 725 1715 808">
     <span class='ocr_line' id='line_1_6' title="bbox 126 725 1715 808; baseline 0.001 -18"><span class='ocrx_word' id='word_1_24' title='bbox 126 747 176 791; x_wconf 84' lang='lat' dir='ltr'><strong>ut</strong></span> <span class='ocrx_word' id='word_1_25' title='bbox 199 739 530 808; x_wconf 81' lang='lat' dir='ltr'><strong>opinamur,</strong></span> <span class='ocrx_word' id='word_1_26' title='bbox 566 738 848 794; x_wconf 84' lang='lat' dir='ltr'><strong>irrisimus.</strong></span> <span class='ocrx_word' id='word_1_27' title='bbox 879 733 978 794; x_wconf 84' lang='lat' dir='ltr'><strong>Ubi</strong></span> <span class='ocrx_word' id='word_1_28' title='bbox 1007 747 1187 793; x_wconf 86' lang='lat' dir='ltr'><strong>autem</strong></span> <span class='ocrx_word' id='word_1_29' title='bbox 1216 725 1467 794; x_wconf 79' lang='lat' dir='ltr'><strong>continua</strong></span> <span class='ocrx_word' id='word_1_30' title='bbox 1501 737 1715 792; x_wconf 86' lang='lat' dir='ltr'><strong>miseri-</strong></span> 
     </span>
    </p>
   </div>
   <div class='ocr_carea' id='block_1_7' title="bbox 125 829 1717 901">
    <p class='ocr_par' dir='ltr' id='par_1_7' title="bbox 125 829 1717 901">
     <span class='ocr_line' id='line_1_7' title="bbox 125 829 1717 901; baseline 0 -17"><span class='ocrx_word' id='word_1_31' title='bbox 125 832 306 885; x_wconf 80' lang='lat' dir='ltr'><strong>cordia</strong></span> <span class='ocrx_word' id='word_1_32' title='bbox 360 841 748 895; x_wconf 77' lang='lat' dir='ltr'><strong>conservatur,</strong></span> <span class='ocrx_word' id='word_1_33' title='bbox 803 845 962 901; x_wconf 87' lang='lat' dir='ltr'><strong>quam</strong></span> <span class='ocrx_word' id='word_1_34' title='bbox 1027 832 1329 887; x_wconf 85' lang='lat' dir='ltr'><strong>secundum</strong></span> <span class='ocrx_word' id='word_1_35' title='bbox 1376 829 1717 885; x_wconf 70' lang='lat' dir='ltr'><strong>altitudinem&quot;</strong></span> 
     </span>
    </p>
   </div>
   <div class='ocr_carea' id='block_1_8' title="bbox 124 914 1716 996">
    <p class='ocr_par' dir='ltr' id='par_1_8' title="bbox 124 914 1716 996">
     <span class='ocr_line' id='line_1_8' title="bbox 124 914 1716 996; baseline 0 -18"><span class='ocrx_word' id='word_1_36' title='bbox 124 924 404 978; x_wconf 64' lang='lat' dir='ltr'><strong>caelestem</strong></span> <span class='ocrx_word' id='word_1_37' title='bbox 438 941 468 978; x_wconf 91' lang='lat' dir='ltr'><strong>a</strong></span> <span class='ocrx_word' id='word_1_38' title='bbox 505 914 646 980; x_wconf 80' lang='lat' dir='ltr'><strong>terra</strong></span> <span class='ocrx_word' id='word_1_39' title='bbox 692 925 949 979; x_wconf 81' lang='lat' dir='ltr'><strong>immensa</strong></span> <span class='ocrx_word' id='word_1_40' title='bbox 1003 916 1366 996; x_wconf 85' lang='lat' dir='ltr'><strong>[immensam]</strong></span> <span class='ocrx_word' id='word_1_41' title='bbox 1414 940 1573 994; x_wconf 82' lang='lat' dir='ltr'><strong>super</strong></span> <span class='ocrx_word' id='word_1_42' title='bbox 1616 938 1716 978; x_wconf 89' lang='lat' dir='ltr'><strong>nos</strong></span> 
     </span>
    </p>
   </div>
   <div class='ocr_carea' id='block_1_9' title="bbox 125 1007 1717 1088">
    <p class='ocr_par' dir='ltr' id='par_1_9' title="bbox 125 1007 1717 1088">
     <span class='ocr_line' id='line_1_9' title="bbox 125 1007 1717 1088; baseline 0.001 -19"><span class='ocrx_word' id='word_1_43' title='bbox 125 1017 488 1071; x_wconf 69' lang='lat' dir='ltr'><strong>ronﬁrmasse</strong></span> <span class='ocrx_word' id='word_1_44' title='bbox 535 1033 595 1071; x_wconf 85' lang='lat' dir='ltr'><strong>se</strong></span> <span class='ocrx_word' id='word_1_45' title='bbox 628 1007 962 1087; x_wconf 22' lang='lat' dir='ltr'><strong>ireprmnisit,</strong></span> <span class='ocrx_word' id='word_1_46' title='bbox 1003 1018 1146 1088; x_wconf 90' lang='lat' dir='ltr'><strong>quod</strong></span> <span class='ocrx_word' id='word_1_47' title='bbox 1179 1017 1380 1072; x_wconf 86' lang='lat' dir='ltr'><strong>indicat</strong></span> <span class='ocrx_word' id='word_1_48' title='bbox 1405 1016 1717 1070; x_wconf 83' lang='lat' dir='ltr'><strong>inﬁnitum?</strong></span> 
     </span>
    </p>
   </div>
   <div class='ocr_carea' id='block_1_10' title="bbox 129 1106 1717 1177">
    <p class='ocr_par' dir='ltr' id='par_1_10' title="bbox 129 1106 1717 1177">
     <span class='ocr_line' id='line_1_10' title="bbox 129 1106 1717 1177; baseline 0.002 -18"><span class='ocrx_word' id='word_1_49' title='bbox 129 1106 216 1159; x_wconf 78' lang='lat' dir='ltr'><strong>Vel</strong></span> <span class='ocrx_word' id='word_1_50' title='bbox 242 1107 526 1176; x_wconf 83' lang='lat' dir='ltr'><strong>quomodo</strong></span> <span class='ocrx_word' id='word_1_51' title='bbox 573 1108 880 1176; x_wconf 83' lang='lat' dir='ltr'><strong>iniquitates</strong></span> <span class='ocrx_word' id='word_1_52' title='bbox 920 1116 1136 1161; x_wconf 85' lang='lat' dir='ltr'><strong>nostras</strong></span> <span class='ocrx_word' id='word_1_53' title='bbox 1168 1107 1446 1177; x_wconf 83' lang='lat' dir='ltr'><strong>elongasse</strong></span> <span class='ocrx_word' id='word_1_54' title='bbox 1496 1121 1524 1159; x_wconf 84' lang='lat' dir='ltr'><strong>a</strong></span> <span class='ocrx_word' id='word_1_55' title='bbox 1564 1106 1717 1162; x_wconf 79' lang='lat' dir='ltr'><strong>nobis</strong></span> 
     </span>
    </p>
   </div>
   <div class='ocr_carea' id='block_1_11' title="bbox 127 1198 1716 1269">
    <p class='ocr_par' dir='ltr' id='par_1_11' title="bbox 127 1198 1716 1269">
     <span class='ocr_line' id='line_1_11' title="bbox 127 1198 1716 1269; baseline 0.004 -21"><span class='ocrx_word' id='word_1_56' title='bbox 127 1198 354 1262; x_wconf 74' lang='lat' dir='ltr'><strong>dicitur,</strong></span> <span class='ocrx_word' id='word_1_57' title='bbox 408 1209 671 1269; x_wconf 87' lang='lat' dir='ltr'><strong>quantum</strong></span> <span class='ocrx_word' id='word_1_58' title='bbox 705 1200 870 1254; x_wconf 87' lang='lat' dir='ltr'><strong>distat</strong></span> <span class='ocrx_word' id='word_1_59' title='bbox 902 1200 970 1254; x_wconf 85' lang='lat' dir='ltr'><strong>ab</strong></span> <span class='ocrx_word' id='word_1_60' title='bbox 1007 1201 1215 1254; x_wconf 83' lang='lat' dir='ltr'><strong>oriente</strong></span> <span class='ocrx_word' id='word_1_61' title='bbox 1245 1214 1414 1268; x_wconf 87' lang='lat' dir='ltr'><strong>usque</strong></span> <span class='ocrx_word' id='word_1_62' title='bbox 1459 1201 1524 1252; x_wconf 89' lang='lat' dir='ltr'><strong>ad</strong></span> <span class='ocrx_word' id='word_1_63' title='bbox 1571 1199 1716 1254; x_wconf 74' lang='lat' dir='ltr'><strong>occi-</strong></span> 
     </span>
    </p>
   </div>
   <div class='ocr_carea' id='block_1_12' title="bbox 125 1287 1714 1364">
    <p class='ocr_par' dir='ltr' id='par_1_12' title="bbox 125 1287 1714 1364">
     <span class='ocr_line' id='line_1_12' title="bbox 125 1287 1714 1364; baseline 0.003 -25"><span class='ocrx_word' id='word_1_64' title='bbox 125 1288 396 1342; x_wconf 75' lang='lat' dir='ltr'><strong>tlentalem</strong></span> <span class='ocrx_word' id='word_1_65' title='bbox 429 1287 664 1358; x_wconf 77' lang='lat' dir='ltr'><strong>plagam,</strong></span> <span class='ocrx_word' id='word_1_66' title='bbox 702 1290 842 1358; x_wconf 78' lang='lat' dir='ltr'><strong>quod</strong></span> <span class='ocrx_word' id='word_1_67' title='bbox 885 1290 1246 1349; x_wconf 73' lang='lat' dir='ltr'><strong>oninimodam</strong></span> <span class='ocrx_word' id='word_1_68' title='bbox 1274 1289 1714 1364; x_wconf 84' lang='lat' dir='ltr'><strong>‘redemptionem</strong></span> 
     </span>
    </p>
   </div>
   <div class='ocr_carea' id='block_1_13' title="bbox 125 1379 1719 1450">
    <p class='ocr_par' dir='ltr' id='par_1_13' title="bbox 125 1379 1719 1450">
     <span class='ocr_line' id='line_1_13' title="bbox 125 1379 1719 1450; baseline 0.001 -17"><span class='ocrx_word' id='word_1_69' title='bbox 125 1380 332 1449; x_wconf 79' lang='lat' dir='ltr'><strong>signal,</strong></span> <span class='ocrx_word' id='word_1_70' title='bbox 372 1379 422 1434; x_wconf 88' lang='lat' dir='ltr'><strong>si</strong></span> <span class='ocrx_word' id='word_1_71' title='bbox 459 1382 638 1433; x_wconf 84' lang='lat' dir='ltr'><strong>adhuc</strong></span> <span class='ocrx_word' id='word_1_72' title='bbox 677 1381 876 1434; x_wconf 81' lang='lat' dir='ltr'><strong>eisdem</strong></span> <span class='ocrx_word' id='word_1_73' title='bbox 913 1381 1253 1450; x_wconf 87' lang='lat' dir='ltr'><strong>implieamur</strong></span> <span class='ocrx_word' id='word_1_74' title='bbox 1299 1381 1612 1435; x_wconf 84' lang='lat' dir='ltr'><strong>erroribus?</strong></span> <span class='ocrx_word' id='word_1_75' title='bbox 1653 1380 1719 1434; x_wconf 83' lang='lat' dir='ltr'><strong>Et</strong></span> 
     </span>
    </p>
   </div>
   <div class='ocr_carea' id='block_1_14' title="bbox 126 1471 1715 1542">
    <p class='ocr_par' dir='ltr' id='par_1_14' title="bbox 126 1471 1715 1542">
     <span class='ocr_line' id='line_1_14' title="bbox 126 1471 1715 1542; baseline 0.001 -18"><span class='ocrx_word' id='word_1_76' title='bbox 126 1482 268 1526; x_wconf 83' lang='lat' dir='ltr'><strong>certe</strong></span> <span class='ocrx_word' id='word_1_77' title='bbox 296 1471 555 1530; x_wconf 75' lang='lat' dir='ltr'><strong>videmus</strong></span> <span class='ocrx_word' id='word_1_78' title='bbox 582 1474 907 1528; x_wconf 85' lang='lat' dir='ltr'><strong>medicorum</strong></span> <span class='ocrx_word' id='word_1_79' title='bbox 933 1472 1309 1542; x_wconf 84' lang='lat' dir='ltr'><strong>peritissimos,</strong></span> <span class='ocrx_word' id='word_1_80' title='bbox 1336 1486 1458 1528; x_wconf 88' lang='lat' dir='ltr'><strong>cum</strong></span> <span class='ocrx_word' id='word_1_81' title='bbox 1481 1471 1715 1540; x_wconf 75' lang='lat' dir='ltr'><strong>aliquem</strong></span> 
     </span>
    </p>
   </div>
   <div class='ocr_carea' id='block_1_15' title="bbox 127 1561 1714 1635">
    <p class='ocr_par' dir='ltr' id='par_1_15' title="bbox 127 1561 1714 1635">
     <span class='ocr_line' id='line_1_15' title="bbox 127 1561 1714 1635; baseline 0 -17"><span class='ocrx_word' id='word_1_82' title='bbox 127 1564 337 1618; x_wconf 82' lang='lat' dir='ltr'><strong>inﬁrmo</strong></span> <span class='ocrx_word' id='word_1_83' title='bbox 365 1561 598 1634; x_wconf 81' lang='lat' dir='ltr'><strong>corpore</strong></span> <span class='ocrx_word' id='word_1_84' title='bbox 623 1563 896 1634; x_wconf 74' lang='lat' dir='ltr'><strong>iacentem</strong></span> <span class='ocrx_word' id='word_1_85' title='bbox 933 1565 1067 1620; x_wconf 86' lang='lat' dir='ltr'><strong>artis</strong></span> <span class='ocrx_word' id='word_1_86' title='bbox 1101 1567 1212 1620; x_wconf 70' lang='lat' dir='ltr'><strong>sua:</strong></span> <span class='ocrx_word' id='word_1_87' title='bbox 1243 1564 1533 1635; x_wconf 79' lang='lat' dir='ltr'><strong>diligentiis</strong></span> <span class='ocrx_word' id='word_1_88' title='bbox 1560 1563 1714 1631; x_wconf 80' lang='lat' dir='ltr'><strong>adju-</strong></span> 
     </span>
    </p>
   </div>
   <div class='ocr_carea' id='block_1_16' title="bbox 127 1656 1714 1722">
    <p class='ocr_par' dir='ltr' id='par_1_16' title="bbox 127 1656 1714 1722">
     <span class='ocr_line' id='line_1_16' title="bbox 127 1656 1714 1722; baseline 0.001 -15"><span class='ocrx_word' id='word_1_89' title='bbox 127 1656 322 1718; x_wconf 77' lang='lat' dir='ltr'><strong>rcrint,</strong></span> <span class='ocrx_word' id='word_1_90' title='bbox 351 1666 411 1711; x_wconf 85' lang='lat' dir='ltr'><strong>et</strong></span> <span class='ocrx_word' id='word_1_91' title='bbox 443 1657 516 1709; x_wconf 84' lang='lat' dir='ltr'><strong>ad</strong></span> <span class='ocrx_word' id='word_1_92' title='bbox 548 1658 832 1711; x_wconf 71' lang='lat' dir='ltr'><strong>sanitatem</strong></span> <span class='ocrx_word' id='word_1_93' title='bbox 871 1657 1202 1719; x_wconf 74' lang='lat' dir='ltr'><strong>reduxerim,</strong></span> <span class='ocrx_word' id='word_1_94' title='bbox 1241 1671 1347 1722; x_wconf 81' lang='lat' dir='ltr'><strong>non</strong></span> <span class='ocrx_word' id='word_1_95' title='bbox 1378 1671 1500 1722; x_wconf 88' lang='lat' dir='ltr'><strong>cum</strong></span> <span class='ocrx_word' id='word_1_96' title='bbox 1532 1670 1656 1710; x_wconf 76' lang='lat' dir='ltr'><strong>mox</strong></span> <span class='ocrx_word' id='word_1_97' title='bbox 1683 1671 1714 1708; x_wconf 87' lang='lat' dir='ltr'><strong>a</strong></span> 
     </span>
    </p>
   </div>
   <div class='ocr_carea' id='block_1_17' title="bbox 128 1747 1716 1820">
    <p class='ocr_par' dir='ltr' id='par_1_17' title="bbox 128 1747 1716 1820">
     <span class='ocr_line' id='line_1_17' title="bbox 128 1747 1716 1820; baseline 0.001 -17"><span class='ocrx_word' id='word_1_98' title='bbox 128 1749 376 1817; x_wconf 65' lang='lat' dir='ltr'><strong>prmsenti</strong></span> <span class='ocrx_word' id='word_1_99' title='bbox 403 1747 1033 1820; x_wconf 71' lang='lat' dir='ltr'><strong>liberaveriut’passione</strong></span> <span class='ocrx_word' id='word_1_100' title='bbox 1050 1789 1064 1814; x_wconf 91' lang='lat'><strong>,</strong></span> <span class='ocrx_word' id='word_1_101' title='bbox 1095 1765 1205 1804; x_wconf 64' lang='lat' dir='ltr'><strong>suae</strong></span> <span class='ocrx_word' id='word_1_102' title='bbox 1232 1751 1555 1814; x_wconf 79' lang='lat' dir='ltr'><strong>subtrahere</strong></span> <span class='ocrx_word' id='word_1_103' title='bbox 1582 1750 1716 1804; x_wconf 85' lang='lat' dir='ltr'><strong>artis</strong></span> 
     </span>
    </p>
   </div>
   <div class='ocr_carea' id='block_1_18' title="bbox 126 1839 1713 1909">
    <p class='ocr_par' dir='ltr' id='par_1_18' title="bbox 126 1839 1713 1909">
     <span class='ocr_line' id='line_1_18' title="bbox 126 1839 1713 1909; baseline 0.001 -16"><span class='ocrx_word' id='word_1_104' title='bbox 126 1839 538 1909; x_wconf 73' lang='lat' dir='ltr'><strong>experientiam,</strong></span> <span class='ocrx_word' id='word_1_105' title='bbox 569 1841 660 1895; x_wconf 86' lang='lat' dir='ltr'><strong>sed</strong></span> <span class='ocrx_word' id='word_1_106' title='bbox 697 1849 845 1895; x_wconf 86' lang='lat' dir='ltr'><strong>certe</strong></span> <span class='ocrx_word' id='word_1_107' title='bbox 865 1839 988 1894; x_wconf 66' lang='lat' dir='ltr'><strong>vita:</strong></span> <span class='ocrx_word' id='word_1_108' title='bbox 1007 1840 1304 1896; x_wconf 70' lang='lat' dir='ltr'><strong>circuitum</strong></span> <span class='ocrx_word' id='word_1_109' title='bbox 1334 1840 1629 1902; x_wconf 75' lang='lat' dir='ltr'><strong>cautiorem</strong></span> <span class='ocrx_word' id='word_1_110' title='bbox 1663 1839 1713 1894; x_wconf 91' lang='lat' dir='ltr'><strong>ei</strong></span> 
     </span>
    </p>
   </div>
   <div class='ocr_carea' id='block_1_19' title="bbox 129 1929 1754 2000">
    <p class='ocr_par' dir='ltr' id='par_1_19' title="bbox 129 1929 1754 2000">
     <span class='ocr_line' id='line_1_19' title="bbox 129 1929 1754 2000; baseline 0 -17"><span class='ocrx_word' id='word_1_111' title='bbox 129 1945 218 2000; x_wconf 87' lang='lat' dir='ltr'><strong>per</strong></span> <span class='ocrx_word' id='word_1_112' title='bbox 245 1929 499 1999; x_wconf 71' lang='lat' dir='ltr'><strong>quaedam</strong></span> <span class='ocrx_word' id='word_1_113' title='bbox 546 1930 742 1984; x_wconf 75' lang='lat' dir='ltr'><strong>atutilia</strong></span> <span class='ocrx_word' id='word_1_114' title='bbox 786 1931 1130 2000; x_wconf 69' lang='lat' dir='ltr'><strong>prinmunire,</strong></span> <span class='ocrx_word' id='word_1_115' title='bbox 1167 1929 1397 1986; x_wconf 80' lang='lat' dir='ltr'><strong>valentia</strong></span> <span class='ocrx_word' id='word_1_116' title='bbox 1426 1929 1712 1990; x_wconf 86' lang='lat' dir='ltr'><strong>sollicitum</strong></span> <span class='ocrx_word' id='word_1_117' title='bbox 1749 1985 1754 1992; x_wconf 70' lang='grc'><strong>,</strong></span> 
     </span>
    </p>
   </div>
   <div class='ocr_carea' id='block_1_20' title="bbox 1817 734 3395 808">
    <p class='ocr_par' dir='ltr' id='par_1_20' title="bbox 1817 734 3395 808">
     <span class='ocr_line' id='line_1_20' title="bbox 1817 734 3395 808; baseline 0.004 -20"><span class='ocrx_word' id='word_1_118' title='bbox 1817 737 2312 790; x_wconf 70' lang='lat' dir='ltr'><strong>consummationem</strong></span> <span class='ocrx_word' id='word_1_119' title='bbox 2355 735 2534 790; x_wconf 68' lang='lat' dir='ltr'><strong>saculi</strong></span> <span class='ocrx_word' id='word_1_120' title='bbox 2567 734 2783 806; x_wconf 82' lang='lat' dir='ltr'><strong>(Matth.</strong></span> <span class='ocrx_word' id='word_1_121' title='bbox 2823 735 3054 808; x_wconf 79' lang='lat' dir='ltr'><strong>xxvm)?</strong></span> <span class='ocrx_word' id='word_1_122' title='bbox 3081 736 3276 794; x_wconf 83' lang='lat' dir='ltr'><strong>Verum</strong></span> <span class='ocrx_word' id='word_1_123' title='bbox 3309 754 3395 794; x_wconf 81' lang='lat' dir='ltr'><strong>sa-</strong></span> 
     </span>
    </p>
   </div>
   <div class='ocr_carea' id='block_1_21' title="bbox 1815 826 3409 901">
    <p class='ocr_par' dir='ltr' id='par_1_21' title="bbox 1815 826 3409 901">
     <span class='ocr_line' id='line_1_21' title="bbox 1815 826 3409 901; baseline 0.006 -20"><span class='ocrx_word' id='word_1_124' title='bbox 1815 827 2008 883; x_wconf 89' lang='lat' dir='ltr'><strong>lutaris</strong></span> <span class='ocrx_word' id='word_1_125' title='bbox 2062 826 2318 884; x_wconf 76' lang='lat' dir='ltr'><strong>fatebitur</strong></span> <span class='ocrx_word' id='word_1_126' title='bbox 2348 843 2471 893; x_wconf 81' lang='lat' dir='ltr'><strong>vox,</strong></span> <span class='ocrx_word' id='word_1_127' title='bbox 2521 829 2565 884; x_wconf 88' lang='lat' dir='ltr'><strong>si</strong></span> <span class='ocrx_word' id='word_1_128' title='bbox 2617 829 3094 900; x_wconf 86' lang='lat' dir='ltr'><strong>repromissionum</strong></span> <span class='ocrx_word' id='word_1_129' title='bbox 3143 831 3264 901; x_wconf 84' lang='lat' dir='ltr'><strong>ejus</strong></span> <span class='ocrx_word' id='word_1_130' title='bbox 3307 847 3409 890; x_wconf 83' lang='lat' dir='ltr'><strong>res.</strong></span> 
     </span>
    </p>
   </div>
   <div class='ocr_carea' id='block_1_22' title="bbox 1815 919 3396 991">
    <p class='ocr_par' dir='ltr' id='par_1_22' title="bbox 1815 919 3396 991">
     <span class='ocr_line' id='line_1_22' title="bbox 1815 919 3396 991; baseline 0.004 -17"><span class='ocrx_word' id='word_1_131' title='bbox 1815 935 1913 989; x_wconf 83' lang='lat' dir='ltr'><strong>per</strong></span> <span class='ocrx_word' id='word_1_132' title='bbox 1931 935 2093 989; x_wconf 82' lang='lat' dir='ltr'><strong>opera</strong></span> <span class='ocrx_word' id='word_1_133' title='bbox 2113 920 2168 975; x_wconf 87' lang='lat' dir='ltr'><strong>in</strong></span> <span class='ocrx_word' id='word_1_134' title='bbox 2195 919 2358 977; x_wconf 80' lang='lat' dir='ltr'><strong>tinem</strong></span> <span class='ocrx_word' id='word_1_135' title='bbox 2387 921 2713 991; x_wconf 81' lang='lat' dir='ltr'><strong>processisse</strong></span> <span class='ocrx_word' id='word_1_136' title='bbox 2742 937 2848 978; x_wconf 90' lang='lat' dir='ltr'><strong>non</strong></span> <span class='ocrx_word' id='word_1_137' title='bbox 2875 923 3155 978; x_wconf 85' lang='lat' dir='ltr'><strong>cernitur?</strong></span> <span class='ocrx_word' id='word_1_138' title='bbox 3181 923 3396 986; x_wconf 81' lang='lat' dir='ltr'><strong>Etenim</strong></span> 
     </span>
    </p>
   </div>
   <div class='ocr_carea' id='block_1_23' title="bbox 1817 1012 3396 1084">
    <p class='ocr_par' dir='ltr' id='par_1_23' title="bbox 1817 1012 3396 1084">
     <span class='ocr_line' id='line_1_23' title="bbox 1817 1012 3396 1084; baseline 0.002 -16"><span class='ocrx_word' id='word_1_139' title='bbox 1817 1012 2015 1068; x_wconf 88' lang='lat' dir='ltr'><strong>talibus</strong></span> <span class='ocrx_word' id='word_1_140' title='bbox 2045 1022 2171 1067; x_wconf 86' lang='lat' dir='ltr'><strong>tunc</strong></span> <span class='ocrx_word' id='word_1_141' title='bbox 2197 1027 2380 1068; x_wconf 88' lang='lat' dir='ltr'><strong>secum</strong></span> <span class='ocrx_word' id='word_1_142' title='bbox 2411 1013 2769 1070; x_wconf 82' lang='lat' dir='ltr'><strong>existentibus</strong></span> <span class='ocrx_word' id='word_1_143' title='bbox 2795 1018 2996 1070; x_wconf 81' lang='lat' dir='ltr'><strong>sanctis</strong></span> <span class='ocrx_word' id='word_1_144' title='bbox 3024 1015 3283 1084; x_wconf 83' lang='lat' dir='ltr'><strong>apostolis</strong></span> <span class='ocrx_word' id='word_1_145' title='bbox 3319 1025 3396 1071; x_wconf 87' lang='lat' dir='ltr'><strong>ta-</strong></span> 
     </span>
    </p>
   </div>
   <div class='ocr_carea' id='block_1_24' title="bbox 1817 1104 3400 1181">
    <p class='ocr_par' dir='ltr' id='par_1_24' title="bbox 1817 1104 3400 1181">
     <span class='ocr_line' id='line_1_24' title="bbox 1817 1104 3400 1181; baseline 0.006 -22"><span class='ocrx_word' id='word_1_146' title='bbox 1817 1104 1920 1160; x_wconf 82' lang='lat' dir='ltr'><strong>lem</strong></span> <span class='ocrx_word' id='word_1_147' title='bbox 1957 1106 2432 1176; x_wconf 84' lang='lat' dir='ltr'><strong>repromissionem</strong></span> <span class='ocrx_word' id='word_1_148' title='bbox 2463 1107 2700 1163; x_wconf 83' lang='lat' dir='ltr'><strong>donavit.</strong></span> <span class='ocrx_word' id='word_1_149' title='bbox 2732 1106 3012 1174; x_wconf 83' lang='lat' dir='ltr'><strong><em>Quomodo</em></strong></span> <span class='ocrx_word' id='word_1_150' title='bbox 3048 1110 3194 1165; x_wconf 90' lang='lat' dir='ltr'><strong>enim</strong></span> <span class='ocrx_word' id='word_1_151' title='bbox 3227 1125 3400 1181; x_wconf 83' lang='lat' dir='ltr'><strong>usque</strong></span> 
     </span>
    </p>
   </div>
   <div class='ocr_carea' id='block_1_25' title="bbox 1817 1199 3402 1271">
    <p class='ocr_par' dir='ltr' id='par_1_25' title="bbox 1817 1199 3402 1271">
     <span class='ocr_line' id='line_1_25' title="bbox 1817 1199 3402 1271; baseline 0.003 -18"><span class='ocrx_word' id='word_1_152' title='bbox 1817 1199 1886 1253; x_wconf 90' lang='lat' dir='ltr'><strong>ad</strong></span> <span class='ocrx_word' id='word_1_153' title='bbox 1917 1199 2435 1254; x_wconf 79' lang='lat' dir='ltr'><strong>consummationem</strong></span> <span class='ocrx_word' id='word_1_154' title='bbox 2463 1199 2519 1253; x_wconf 91' lang='lat' dir='ltr'><strong>hi</strong></span> <span class='ocrx_word' id='word_1_155' title='bbox 2547 1199 2602 1254; x_wconf 90' lang='lat' dir='ltr'><strong>in</strong></span> <span class='ocrx_word' id='word_1_156' title='bbox 2627 1214 2794 1254; x_wconf 88' lang='lat' dir='ltr'><strong>carne</strong></span> <span class='ocrx_word' id='word_1_157' title='bbox 2834 1211 3272 1270; x_wconf 85' lang='lat' dir='ltr'><strong>permanserunt,</strong></span> <span class='ocrx_word' id='word_1_158' title='bbox 3303 1201 3402 1271; x_wconf 83' lang='lat' dir='ltr'><strong>qui</strong></span> 
     </span>
    </p>
   </div>
   <div class='ocr_carea' id='block_1_26' title="bbox 1818 1289 3400 1361">
    <p class='ocr_par' dir='ltr' id='par_1_26' title="bbox 1818 1289 3400 1361">
     <span class='ocr_line' id='line_1_26' title="bbox 1818 1289 3400 1361; baseline 0.002 -16"><span class='ocrx_word' id='word_1_159' title='bbox 1818 1289 1980 1345; x_wconf 80' lang='lat' dir='ltr'><strong>etiam</strong></span> <span class='ocrx_word' id='word_1_160' title='bbox 2027 1289 2293 1344; x_wconf 86' lang='lat' dir='ltr'><strong>modicum</strong></span> <span class='ocrx_word' id='word_1_161' title='bbox 2350 1297 2473 1361; x_wconf 90' lang='lat' dir='ltr'><strong>post</strong></span> <span class='ocrx_word' id='word_1_162' title='bbox 2523 1304 2830 1361; x_wconf 78' lang='lat' dir='ltr'><strong>regressum</strong></span> <span class='ocrx_word' id='word_1_163' title='bbox 2884 1290 3001 1361; x_wconf 88' lang='lat' dir='ltr'><strong>ejus</strong></span> <span class='ocrx_word' id='word_1_164' title='bbox 3029 1290 3096 1346; x_wconf 85' lang='lat' dir='ltr'><strong>ad</strong></span> <span class='ocrx_word' id='word_1_165' title='bbox 3143 1291 3313 1348; x_wconf 82' lang='lat' dir='ltr'><strong>caelos</strong></span> <span class='ocrx_word' id='word_1_166' title='bbox 3341 1291 3400 1348; x_wconf 85' lang='lat' dir='ltr'><strong>in</strong></span> 
     </span>
    </p>
   </div>
   <div class='ocr_carea' id='block_1_27' title="bbox 1817 1381 3398 1457">
    <p class='ocr_par' dir='ltr' id='par_1_27' title="bbox 1817 1381 3398 1457">
     <span class='ocr_line' id='line_1_27' title="bbox 1817 1381 3398 1457; baseline 0.004 -24"><span class='ocrx_word' id='word_1_167' title='bbox 1817 1381 2267 1445; x_wconf 84' lang='lat' dir='ltr'><strong>vila&#39;manentes,</strong></span> <span class='ocrx_word' id='word_1_168' title='bbox 2303 1383 2576 1438; x_wconf 90' lang='lat' dir='ltr'><strong>communi</strong></span> <span class='ocrx_word' id='word_1_169' title='bbox 2629 1392 2837 1440; x_wconf 74' lang='lat' dir='ltr'><strong>natura:</strong></span> <span class='ocrx_word' id='word_1_170' title='bbox 2871 1383 3038 1440; x_wconf 80' lang='lat' dir='ltr'><strong>iuncti</strong></span> <span class='ocrx_word' id='word_1_171' title='bbox 3085 1393 3211 1440; x_wconf 88' lang='lat' dir='ltr'><strong>sunt</strong></span> <span class='ocrx_word' id='word_1_172' title='bbox 3259 1383 3398 1457; x_wconf 82' lang='lat' dir='ltr'><strong>lege,</strong></span> 
     </span>
    </p>
   </div>
   <div class='ocr_carea' id='block_1_28' title="bbox 1817 1471 3402 1545">
    <p class='ocr_par' dir='ltr' id='par_1_28' title="bbox 1817 1471 3402 1545">
     <span class='ocr_line' id='line_1_28' title="bbox 1817 1471 3402 1545; baseline 0.006 -21"><span class='ocrx_word' id='word_1_173' title='bbox 1817 1471 1983 1527; x_wconf 88' lang='lat' dir='ltr'><strong>vitam</strong></span> <span class='ocrx_word' id='word_1_174' title='bbox 2014 1483 2185 1528; x_wconf 84' lang='lat' dir='ltr'><strong>morte</strong></span> <span class='ocrx_word' id='word_1_175' title='bbox 2212 1474 2561 1530; x_wconf 76' lang='lat' dir='ltr'><strong>deserentes?</strong></span> <span class='ocrx_word' id='word_1_176' title='bbox 2609 1473 2804 1531; x_wconf 85' lang='lat' dir='ltr'><strong>Verum</strong></span> <span class='ocrx_word' id='word_1_177' title='bbox 2855 1476 2907 1530; x_wconf 93' lang='lat' dir='ltr'><strong>in</strong></span> <span class='ocrx_word' id='word_1_178' title='bbox 2958 1490 3056 1532; x_wconf 89' lang='lat' dir='ltr'><strong>nos</strong></span> <span class='ocrx_word' id='word_1_179' title='bbox 3091 1475 3402 1545; x_wconf 70' lang='lat' dir='ltr'><strong>huiusmodi</strong></span> 
     </span>
    </p>
   </div>
   <div class='ocr_carea' id='block_1_29' title="bbox 1820 1566 3402 1638">
    <p class='ocr_par' dir='ltr' id='par_1_29' title="bbox 1820 1566 3402 1638">
     <span class='ocr_line' id='line_1_29' title="bbox 1820 1566 3402 1638; baseline 0.004 -19"><span class='ocrx_word' id='word_1_180' title='bbox 1820 1566 2228 1636; x_wconf 79' lang='lat' dir='ltr'><strong>Evangeliorum</strong></span> <span class='ocrx_word' id='word_1_181' title='bbox 2281 1583 2476 1623; x_wconf 89' lang='lat' dir='ltr'><strong>munus</strong></span> <span class='ocrx_word' id='word_1_182' title='bbox 2510 1569 2804 1638; x_wconf 84' lang='lat' dir='ltr'><strong>pertransit</strong></span> <span class='ocrx_word' id='word_1_183' title='bbox 2835 1588 2845 1622; x_wconf 92' lang='lat'>:</span> <span class='ocrx_word' id='word_1_184' title='bbox 2880 1569 2970 1638; x_wconf 89' lang='lat' dir='ltr'><strong>qui</strong></span> <span class='ocrx_word' id='word_1_185' title='bbox 3025 1569 3273 1626; x_wconf 77' lang='lat' dir='ltr'><strong>videlicet</strong></span> <span class='ocrx_word' id='word_1_186' title='bbox 3309 1585 3402 1626; x_wconf 79' lang='lat' dir='ltr'><strong>eo-</strong></span> 
     </span>
    </p>
   </div>
   <div class='ocr_carea' id='block_1_30' title="bbox 1819 1660 3400 1732">
    <p class='ocr_par' dir='ltr' id='par_1_30' title="bbox 1819 1660 3400 1732">
     <span class='ocr_line' id='line_1_30' title="bbox 1819 1660 3400 1732; baseline 0.004 -20"><span class='ocrx_word' id='word_1_187' title='bbox 1819 1674 1935 1712; x_wconf 86' lang='lat' dir='ltr'><strong>rum</strong></span> <span class='ocrx_word' id='word_1_188' title='bbox 1967 1660 2334 1728; x_wconf 68' lang='lat' dir='ltr'><strong>praedicationi</strong></span> <span class='ocrx_word' id='word_1_189' title='bbox 2367 1661 2621 1717; x_wconf 83' lang='lat' dir='ltr'><strong>submisst</strong></span> <span class='ocrx_word' id='word_1_190' title='bbox 2653 1677 2862 1726; x_wconf 85' lang='lat' dir='ltr'><strong>sumus,</strong></span> <span class='ocrx_word' id='word_1_191' title='bbox 2893 1671 2948 1717; x_wconf 89' lang='lat' dir='ltr'><strong>et</strong></span> <span class='ocrx_word' id='word_1_192' title='bbox 2975 1661 3253 1718; x_wconf 83' lang='lat' dir='ltr'><strong>Christum</strong></span> <span class='ocrx_word' id='word_1_193' title='bbox 3305 1663 3400 1732; x_wconf 85' lang='lat' dir='ltr'><strong>qui</strong></span> 
     </span>
    </p>
   </div>
   <div class='ocr_carea' id='block_1_31' title="bbox 1818 1750 3403 1817">
    <p class='ocr_par' dir='ltr' id='par_1_31' title="bbox 1818 1750 3403 1817">
     <span class='ocr_line' id='line_1_31' title="bbox 1818 1750 3403 1817; baseline 0.005 -15"><span class='ocrx_word' id='word_1_194' title='bbox 1818 1764 1940 1803; x_wconf 87' lang='lat' dir='ltr'><strong>cum</strong></span> <span class='ocrx_word' id='word_1_195' title='bbox 1993 1750 2072 1804; x_wconf 89' lang='lat' dir='ltr'><strong>eis</strong></span> <span class='ocrx_word' id='word_1_196' title='bbox 2125 1758 2479 1806; x_wconf 86' lang='lat' dir='ltr'><strong>conversatus</strong></span> <span class='ocrx_word' id='word_1_197' title='bbox 2526 1762 2626 1817; x_wconf 85' lang='lat' dir='ltr'><strong>est,</strong></span> <span class='ocrx_word' id='word_1_198' title='bbox 2664 1753 2942 1808; x_wconf 87' lang='lat' dir='ltr'><strong>nobiscum</strong></span> <span class='ocrx_word' id='word_1_199' title='bbox 2973 1754 3295 1810; x_wconf 78' lang='lat' dir='ltr'><strong>existentem</strong></span> <span class='ocrx_word' id='word_1_200' title='bbox 3345 1755 3403 1810; x_wconf 83' lang='lat' dir='ltr'><strong>in</strong></span> 
     </span>
    </p>
   </div>
   <div class='ocr_carea' id='block_1_32' title="bbox 1819 1841 3403 1915">
    <p class='ocr_par' dir='ltr' id='par_1_32' title="bbox 1819 1841 3403 1915">
     <span class='ocr_line' id='line_1_32' title="bbox 1819 1841 3403 1915; baseline 0.004 -22"><span class='ocrx_word' id='word_1_201' title='bbox 1819 1841 2008 1910; x_wconf 87' lang='lat' dir='ltr'><strong>spiritu</strong></span> <span class='ocrx_word' id='word_1_202' title='bbox 2037 1850 2091 1896; x_wconf 88' lang='lat' dir='ltr'><strong>et</strong></span> <span class='ocrx_word' id='word_1_203' title='bbox 2131 1855 2227 1910; x_wconf 85' lang='lat' dir='ltr'><strong>per</strong></span> <span class='ocrx_word' id='word_1_204' title='bbox 2254 1849 2420 1895; x_wconf 88' lang='lat' dir='ltr'><strong>totam</strong></span> <span class='ocrx_word' id='word_1_205' title='bbox 2452 1843 2618 1902; x_wconf 85' lang='lat' dir='ltr'><strong>vitam</strong></span> <span class='ocrx_word' id='word_1_206' title='bbox 2651 1843 2929 1899; x_wconf 86' lang='lat' dir='ltr'><strong>habemus.</strong></span> <span class='ocrx_word' id='word_1_207' title='bbox 2980 1843 3210 1915; x_wconf 78' lang='lat' dir='ltr'><strong>Expedit</strong></span> <span class='ocrx_word' id='word_1_208' title='bbox 3238 1845 3403 1914; x_wconf 79' lang='lat' dir='ltr'><strong>igitur</strong></span> 
     </span>
    </p>
   </div>
   <div class='ocr_carea' id='block_1_33' title="bbox 1821 1931 3402 2006">
    <p class='ocr_par' dir='ltr' id='par_1_33' title="bbox 1821 1931 3402 2006">
     <span class='ocr_line' id='line_1_33' title="bbox 1821 1931 3402 2006; baseline 0.005 -19"><span class='ocrx_word' id='word_1_209' title='bbox 1821 1931 1874 1987; x_wconf 89' lang='lat' dir='ltr'><strong>in</strong></span> <span class='ocrx_word' id='word_1_210' title='bbox 1905 1933 1988 1986; x_wconf 89' lang='lat' dir='ltr'><strong>his</strong></span> <span class='ocrx_word' id='word_1_211' title='bbox 2009 1931 2223 2003; x_wconf 84' lang='lat' dir='ltr'><strong>plorare</strong></span> <span class='ocrx_word' id='word_1_212' title='bbox 2249 1933 2627 1989; x_wconf 62' lang='lat' dir='ltr'><strong>barreticorum</strong></span> <span class='ocrx_word' id='word_1_213' title='bbox 2653 1950 2920 2002; x_wconf 87' lang='lat' dir='ltr'><strong>errorem,</strong></span> <span class='ocrx_word' id='word_1_214' title='bbox 2947 1937 3038 2006; x_wconf 90' lang='lat' dir='ltr'><strong>qui</strong></span> <span class='ocrx_word' id='word_1_215' title='bbox 3081 1937 3198 1994; x_wconf 80' lang='lat' dir='ltr'><strong>haec</strong></span> <span class='ocrx_word' id='word_1_216' title='bbox 3226 1938 3402 1994; x_wconf 81' lang='lat' dir='ltr'><strong>taliter</strong></span> 
     </span>
    </p>
   </div>
   <div class='ocr_carea' id='block_1_34' title="bbox 128 2020 3404 2098">
    <p class='ocr_par' dir='ltr' id='par_1_34' title="bbox 128 2020 3404 2098">
     <span class='ocr_line' id='line_1_34' title="bbox 128 2020 3404 2098; baseline 0.004 -25"><span class='ocrx_word' id='word_1_217' title='bbox 128 2021 336 2090; x_wconf 87' lang='lat' dir='ltr'><strong>operari</strong></span> <span class='ocrx_word' id='word_1_218' title='bbox 373 2040 386 2073; x_wconf 86' lang='lat'>:</span> <span class='ocrx_word' id='word_1_219' title='bbox 420 2031 691 2090; x_wconf 87' lang='lat' dir='ltr'><strong>quatenus</strong></span> <span class='ocrx_word' id='word_1_220' title='bbox 722 2037 823 2076; x_wconf 91' lang='lat' dir='ltr'><strong>non</strong></span> <span class='ocrx_word' id='word_1_221' title='bbox 861 2021 1065 2078; x_wconf 87' lang='lat' dir='ltr'><strong>eisdem</strong></span> <span class='ocrx_word' id='word_1_222' title='bbox 1095 2021 1235 2076; x_wconf 81' lang='lat' dir='ltr'><strong>forte</strong></span> <span class='ocrx_word' id='word_1_223' title='bbox 1263 2037 1360 2091; x_wconf 85' lang='lat' dir='ltr'><strong>per</strong></span> <span class='ocrx_word' id='word_1_224' title='bbox 1385 2022 1714 2090; x_wconf 83' lang='lat' dir='ltr'><strong>imperitiam</strong></span> <span class='ocrx_word' id='word_1_225' title='bbox 1750 2020 1792 2078; x_wconf 82' lang='grc' dir='ltr'><strong>Β</strong></span> <span class='ocrx_word' id='word_1_226' title='bbox 1819 2032 2278 2092; x_wconf 80' lang='lat' dir='ltr'><strong>contempserunt,</strong></span> <span class='ocrx_word' id='word_1_227' title='bbox 2307 2024 2397 2092; x_wconf 89' lang='lat' dir='ltr'><strong>qui</strong></span> <span class='ocrx_word' id='word_1_228' title='bbox 2446 2033 2553 2078; x_wconf 86' lang='lat' dir='ltr'><strong>tam</strong></span> <span class='ocrx_word' id='word_1_229' title='bbox 2575 2067 2578 2070; x_wconf 92' lang='lat'><strong>.</strong></span> <span class='ocrx_word' id='word_1_230' title='bbox 2600 2026 2899 2084; x_wconf 72' lang='lat' dir='ltr'><strong>manifestis</strong></span> <span class='ocrx_word' id='word_1_231' title='bbox 2940 2029 3280 2098; x_wconf 71' lang='lat' dir='ltr'><strong>dogmatibus</strong></span> <span class='ocrx_word' id='word_1_232' title='bbox 3307 2032 3404 2088; x_wconf 79' lang='lat' dir='ltr'><strong>ob-</strong></span> 
     </span>
    </p>
   </div>
   <div class='ocr_carea' id='block_1_35' title="bbox 129 2111 1715 2184">
    <p class='ocr_par' dir='ltr' id='par_1_35' title="bbox 129 2111 1715 2184">
     <span class='ocr_line' id='line_1_35' title="bbox 129 2111 1715 2184; baseline 0.005 -20"><span class='ocrx_word' id='word_1_233' title='bbox 129 2111 318 2166; x_wconf 89' lang='lat' dir='ltr'><strong>iterum</strong></span> <span class='ocrx_word' id='word_1_234' title='bbox 373 2112 641 2168; x_wconf 87' lang='lat' dir='ltr'><strong>molestiis</strong></span> <span class='ocrx_word' id='word_1_235' title='bbox 679 2115 1033 2184; x_wconf 84' lang='lat' dir='ltr'><strong>opprimatur.</strong></span> <span class='ocrx_word' id='word_1_236' title='bbox 1079 2114 1175 2170; x_wconf 82' lang='lat' dir='ltr'><strong>Ast</strong></span> <span class='ocrx_word' id='word_1_237' title='bbox 1218 2129 1403 2171; x_wconf 83' lang='lat' dir='ltr'><strong>rursus</strong></span> <span class='ocrx_word' id='word_1_238' title='bbox 1443 2115 1486 2169; x_wconf 88' lang='lat' dir='ltr'><strong>si</strong></span> <span class='ocrx_word' id='word_1_239' title='bbox 1533 2130 1715 2176; x_wconf 79' lang='lat' dir='ltr'><strong>verum</strong></span> 
     </span>
    </p>
   </div>
   <div class='ocr_carea' id='block_1_36' title="bbox 132 2203 1718 2276">
    <p class='ocr_par' dir='ltr' id='par_1_36' title="bbox 132 2203 1718 2276">
     <span class='ocr_line' id='line_1_36' title="bbox 132 2203 1718 2276; baseline 0.004 -19"><span class='ocrx_word' id='word_1_240' title='bbox 132 2211 227 2264; x_wconf 66' lang='grc' dir='ltr'>ω,</span> <span class='ocrx_word' id='word_1_241' title='bbox 256 2203 714 2272; x_wconf 83' lang='lat' dir='ltr'><strong>quemadmodum</strong></span> <span class='ocrx_word' id='word_1_242' title='bbox 741 2214 795 2259; x_wconf 88' lang='lat' dir='ltr'><strong>et</strong></span> <span class='ocrx_word' id='word_1_243' title='bbox 835 2207 1243 2276; x_wconf 85' lang='lat' dir='ltr'><strong>comprobatum</strong></span> <span class='ocrx_word' id='word_1_244' title='bbox 1292 2217 1398 2270; x_wconf 75' lang='lat' dir='ltr'><strong>est,</strong></span> <span class='ocrx_word' id='word_1_245' title='bbox 1447 2207 1572 2276; x_wconf 86' lang='lat' dir='ltr'><strong>quia</strong></span> <span class='ocrx_word' id='word_1_246' title='bbox 1620 2222 1718 2264; x_wconf 44' lang='lat' dir='ltr'><strong>uo?</strong></span> 
     </span>
    </p>
   </div>
   <div class='ocr_carea' id='block_1_37' title="bbox 129 2294 1717 2365">
    <p class='ocr_par' dir='ltr' id='par_1_37' title="bbox 129 2294 1717 2365">
     <span class='ocr_line' id='line_1_37' title="bbox 129 2294 1717 2365; baseline 0.002 -16"><span class='ocrx_word' id='word_1_247' title='bbox 129 2302 292 2349; x_wconf 63' lang='lat' dir='ltr'><strong>atram</strong></span> <span class='ocrx_word' id='word_1_248' title='bbox 323 2294 638 2365; x_wconf 82' lang='lat' dir='ltr'><strong>unigenitus</strong></span> <span class='ocrx_word' id='word_1_249' title='bbox 680 2295 775 2350; x_wconf 92' lang='lat' dir='ltr'><strong>Dei</strong></span> <span class='ocrx_word' id='word_1_250' title='bbox 820 2306 877 2351; x_wconf 89' lang='lat' dir='ltr'><strong>et</strong></span> <span class='ocrx_word' id='word_1_251' title='bbox 914 2296 1092 2351; x_wconf 82' lang='lat' dir='ltr'><strong>Patris</strong></span> <span class='ocrx_word' id='word_1_252' title='bbox 1141 2296 1311 2352; x_wconf 82' lang='lat' dir='ltr'><strong>Filius</strong></span> <span class='ocrx_word' id='word_1_253' title='bbox 1351 2297 1524 2351; x_wconf 87' lang='lat' dir='ltr'><strong>induit</strong></span> <span class='ocrx_word' id='word_1_254' title='bbox 1562 2308 1717 2352; x_wconf 43' lang='lat' dir='ltr'><strong>natu,</strong></span> 
     </span>
    </p>
   </div>
   <div class='ocr_carea' id='block_1_38' title="bbox 131 2386 1718 2458">
    <p class='ocr_par' dir='ltr' id='par_1_38' title="bbox 131 2386 1718 2458">
     <span class='ocr_line' id='line_1_38' title="bbox 131 2386 1718 2458; baseline 0.002 -18"><span class='ocrx_word' id='word_1_255' title='bbox 131 2402 240 2440; x_wconf 77' lang='lat' dir='ltr'><strong>ram</strong></span> <span class='ocrx_word' id='word_1_256' title='bbox 301 2404 315 2441; x_wconf 87' lang='lat'>:</span> <span class='ocrx_word' id='word_1_257' title='bbox 375 2386 722 2442; x_wconf 81' lang='lat' dir='ltr'><strong>manifestum</strong></span> <span class='ocrx_word' id='word_1_258' title='bbox 786 2397 902 2453; x_wconf 86' lang='lat' dir='ltr'><strong>est,</strong></span> <span class='ocrx_word' id='word_1_259' title='bbox 966 2390 1109 2458; x_wconf 90' lang='lat' dir='ltr'><strong>quod</strong></span> <span class='ocrx_word' id='word_1_260' title='bbox 1158 2389 1390 2458; x_wconf 84' lang='lat' dir='ltr'><strong>propriis</strong></span> <span class='ocrx_word' id='word_1_261' title='bbox 1441 2405 1560 2443; x_wconf 89' lang='lat' dir='ltr'><strong>eam</strong></span> <span class='ocrx_word' id='word_1_262' title='bbox 1623 2389 1718 2451; x_wconf 55' lang='lat' dir='ltr'><strong>bo:</strong></span> 
     </span>
    </p>
   </div>
   <div class='ocr_carea' id='block_1_39' title="bbox 129 2479 1714 2551">
    <p class='ocr_par' dir='ltr' id='par_1_39' title="bbox 129 2479 1714 2551">
     <span class='ocr_line' id='line_1_39' title="bbox 129 2479 1714 2551; baseline 0.003 -20"><span class='ocrx_word' id='word_1_263' title='bbox 129 2479 207 2532; x_wconf 90' lang='lat' dir='ltr'><strong>nis</strong></span> <span class='ocrx_word' id='word_1_264' title='bbox 247 2479 535 2546; x_wconf 78' lang='lat' dir='ltr'><strong>ditaverit,</strong></span> <span class='ocrx_word' id='word_1_265' title='bbox 566 2487 622 2534; x_wconf 89' lang='lat' dir='ltr'><strong>et</strong></span> <span class='ocrx_word' id='word_1_266' title='bbox 651 2480 935 2550; x_wconf 68' lang='lat' dir='ltr'><strong>praecipuis</strong></span> <span class='ocrx_word' id='word_1_267' title='bbox 976 2481 1200 2550; x_wconf 89' lang='lat' dir='ltr'><strong>spiritus</strong></span> <span class='ocrx_word' id='word_1_268' title='bbox 1240 2481 1382 2536; x_wconf 90' lang='lat' dir='ltr'><strong>Deus</strong></span> <span class='ocrx_word' id='word_1_269' title='bbox 1410 2481 1714 2551; x_wconf 78' lang='lat' dir='ltr'><strong>repleverit,</strong></span> 
     </span>
    </p>
   </div>
   <div class='ocr_carea' id='block_1_40' title="bbox 127 2570 1718 2644">
    <p class='ocr_par' dir='ltr' id='par_1_40' title="bbox 127 2570 1718 2644">
     <span class='ocr_line' id='line_1_40' title="bbox 127 2570 1718 2644; baseline 0.001 -20"><span class='ocrx_word' id='word_1_270' title='bbox 127 2586 192 2625; x_wconf 85' lang='lat' dir='ltr'><strong>ne</strong></span> <span class='ocrx_word' id='word_1_271' title='bbox 235 2572 302 2626; x_wconf 88' lang='lat' dir='ltr'><strong>de</strong></span> <span class='ocrx_word' id='word_1_272' title='bbox 355 2580 556 2628; x_wconf 72' lang='lat' dir='ltr'><strong>cmtero</strong></span> <span class='ocrx_word' id='word_1_273' title='bbox 606 2572 784 2630; x_wconf 59' lang='lat' dir='ltr'><strong>surculi</strong></span> <span class='ocrx_word' id='word_1_274' title='bbox 847 2570 1114 2644; x_wconf 89' lang='lat' dir='ltr'><strong>[secundi]</strong></span> <span class='ocrx_word' id='word_1_275' title='bbox 1149 2573 1476 2643; x_wconf 81' lang='lat' dir='ltr'><strong>cujusquam</strong></span> <span class='ocrx_word' id='word_1_276' title='bbox 1535 2579 1718 2642; x_wconf 81' lang='lat' dir='ltr'><strong>egeret</strong></span> 
     </span>
    </p>
   </div>
   <div class='ocr_carea' id='block_1_41' title="bbox 126 2663 1715 2733">
    <p class='ocr_par' dir='ltr' id='par_1_41' title="bbox 126 2663 1715 2733">
     <span class='ocr_line' id='line_1_41' title="bbox 126 2663 1715 2733; baseline 0.002 -17"><span class='ocrx_word' id='word_1_277' title='bbox 126 2663 363 2726; x_wconf 75' lang='lat' dir='ltr'><strong>auxilio,</strong></span> <span class='ocrx_word' id='word_1_278' title='bbox 405 2663 582 2720; x_wconf 79' lang='lat' dir='ltr'><strong>semel.</strong></span> <span class='ocrx_word' id='word_1_279' title='bbox 615 2664 683 2719; x_wconf 88' lang='lat' dir='ltr'><strong>ab</strong></span> <span class='ocrx_word' id='word_1_280' title='bbox 727 2678 794 2719; x_wconf 89' lang='lat' dir='ltr'><strong>eo</strong></span> <span class='ocrx_word' id='word_1_281' title='bbox 845 2664 1036 2727; x_wconf 86' lang='lat' dir='ltr'><strong>robore</strong></span> <span class='ocrx_word' id='word_1_282' title='bbox 1082 2663 1173 2732; x_wconf 89' lang='lat' dir='ltr'><strong>qui</strong></span> <span class='ocrx_word' id='word_1_283' title='bbox 1223 2663 1361 2718; x_wconf 89' lang='lat' dir='ltr'><strong>hanc</strong></span> <span class='ocrx_word' id='word_1_284' title='bbox 1404 2665 1715 2733; x_wconf 78' lang='lat' dir='ltr'><strong>assumpsit,</strong></span> 
     </span>
    </p>
   </div>
   <div class='ocr_carea' id='block_1_42' title="bbox 127 2753 1716 2826">
    <p class='ocr_par' dir='ltr' id='par_1_42' title="bbox 127 2753 1716 2826">
     <span class='ocr_line' id='line_1_42' title="bbox 127 2753 1716 2826; baseline 0 -18"><span class='ocrx_word' id='word_1_285' title='bbox 127 2763 369 2826; x_wconf 84' lang='lat' dir='ltr'><strong>accepto.</strong></span> <span class='ocrx_word' id='word_1_286' title='bbox 405 2754 519 2812; x_wconf 75' lang='lat' dir='ltr'><strong>Hoc</strong></span> <span class='ocrx_word' id='word_1_287' title='bbox 545 2755 712 2822; x_wconf 89' lang='lat' dir='ltr'><strong>enim,</strong></span> <span class='ocrx_word' id='word_1_288' title='bbox 747 2769 887 2820; x_wconf 77' lang='lat' dir='ltr'><strong>reor,</strong></span> <span class='ocrx_word' id='word_1_289' title='bbox 917 2764 971 2810; x_wconf 92' lang='lat' dir='ltr'><strong>et</strong></span> <span class='ocrx_word' id='word_1_290' title='bbox 999 2753 1190 2810; x_wconf 88' lang='lat' dir='ltr'><strong>beatus</strong></span> <span class='ocrx_word' id='word_1_291' title='bbox 1214 2754 1544 2825; x_wconf 74' lang='lat' dir='ltr'><strong>evangelista</strong></span> <span class='ocrx_word' id='word_1_292' title='bbox 1584 2754 1716 2808; x_wconf 83' lang='lat' dir='ltr'><strong>insi-</strong></span> 
     </span>
    </p>
   </div>
   <div class='ocr_carea' id='block_1_43' title="bbox 127 2846 1747 2918">
    <p class='ocr_par' dir='ltr' id='par_1_43' title="bbox 127 2846 1747 2918">
     <span class='ocr_line' id='line_1_43' title="bbox 127 2846 1747 2918; baseline 0 -16"><span class='ocrx_word' id='word_1_293' title='bbox 127 2860 276 2911; x_wconf 85' lang='lat' dir='ltr'><strong>nuat,</strong></span> <span class='ocrx_word' id='word_1_294' title='bbox 326 2864 452 2904; x_wconf 89' lang='lat' dir='ltr'><strong>cum</strong></span> <span class='ocrx_word' id='word_1_295' title='bbox 503 2856 748 2918; x_wconf 88' lang='lat' dir='ltr'><strong>tempore</strong></span> <span class='ocrx_word' id='word_1_296' title='bbox 794 2846 1134 2917; x_wconf 88' lang='lat' dir='ltr'><strong>baptismatis</strong></span> <span class='ocrx_word' id='word_1_297' title='bbox 1182 2846 1424 2900; x_wconf 88' lang='lat' dir='ltr'><strong>omnimn</strong></span> <span class='ocrx_word' id='word_1_298' title='bbox 1469 2848 1747 2902; x_wconf 76' lang='lat' dir='ltr'><strong>nostrum&#39;</strong></span> 
     </span>
    </p>
   </div>
   <div class='ocr_carea' id='block_1_44' title="bbox 129 2937 1716 3008">
    <p class='ocr_par' dir='ltr' id='par_1_44' title="bbox 129 2937 1716 3008">
     <span class='ocr_line' id='line_1_44' title="bbox 129 2937 1716 3008; baseline -0.001 -13"><span class='ocrx_word' id='word_1_299' title='bbox 129 2941 427 2997; x_wconf 75' lang='lat' dir='ltr'><strong>Salvatoris</strong></span> <span class='ocrx_word' id='word_1_300' title='bbox 455 2941 654 2996; x_wconf 84' lang='lat' dir='ltr'><strong>Christi</strong></span> <span class='ocrx_word' id='word_1_301' title='bbox 685 2955 742 2995; x_wconf 88' lang='lat' dir='ltr'><strong>se</strong></span> <span class='ocrx_word' id='word_1_302' title='bbox 770 2940 971 2995; x_wconf 89' lang='lat' dir='ltr'><strong>vidisse</strong></span> <span class='ocrx_word' id='word_1_303' title='bbox 1001 2938 1133 2993; x_wconf 87' lang='lat' dir='ltr'><strong>dicit</strong></span> <span class='ocrx_word' id='word_1_304' title='bbox 1164 2937 1425 3008; x_wconf 86' lang='lat' dir='ltr'><strong>Spiritum</strong></span> <span class='ocrx_word' id='word_1_305' title='bbox 1469 2948 1716 2994; x_wconf 85' lang='lat' dir='ltr'><strong>sanetum</strong></span> 
     </span>
    </p>
   </div>
   <div class='ocr_carea' id='block_1_45' title="bbox 130 3033 1718 3101">
    <p class='ocr_par' dir='ltr' id='par_1_45' title="bbox 130 3033 1718 3101">
     <span class='ocr_line' id='line_1_45' title="bbox 130 3033 1718 3101; baseline -0.003 -11"><span class='ocrx_word' id='word_1_306' title='bbox 130 3036 190 3090; x_wconf 86' lang='lat' dir='ltr'><strong>de</strong></span> <span class='ocrx_word' id='word_1_307' title='bbox 242 3035 395 3091; x_wconf 75' lang='lat' dir='ltr'><strong>cadis</strong></span> <span class='ocrx_word' id='word_1_308' title='bbox 449 3033 865 3090; x_wconf 87' lang='lat' dir='ltr'><strong>descendentem</strong></span> <span class='ocrx_word' id='word_1_309' title='bbox 907 3042 972 3089; x_wconf 76' lang='lat' dir='ltr'><strong>&#39;et</strong></span> <span class='ocrx_word' id='word_1_310' title='bbox 1024 3042 1332 3088; x_wconf 88' lang='lat' dir='ltr'><strong>manentem</strong></span> <span class='ocrx_word' id='word_1_311' title='bbox 1386 3046 1548 3101; x_wconf 87' lang='lat' dir='ltr'><strong>super</strong></span> <span class='ocrx_word' id='word_1_312' title='bbox 1596 3047 1718 3086; x_wconf 89' lang='lat' dir='ltr'><strong>eum</strong></span> 
     </span>
    </p>
   </div>
   <div class='ocr_carea' id='block_1_46' title="bbox 131 3123 1718 3194">
    <p class='ocr_par' dir='ltr' id='par_1_46' title="bbox 131 3123 1718 3194">
     <span class='ocr_line' id='line_1_46' title="bbox 131 3123 1718 3194; baseline -0.001 -17"><span class='ocrx_word' id='word_1_313' title='bbox 131 3127 320 3191; x_wconf 72' lang='grc' dir='ltr'><strong>(Μαι-τ.</strong></span> <span class='ocrx_word' id='word_1_314' title='bbox 357 3140 398 3190; x_wconf 85' lang='grc' dir='ltr'><strong>ι,</strong></span> <span class='ocrx_word' id='word_1_315' title='bbox 425 3123 587 3180; x_wconf 84' lang='lat' dir='ltr'><strong>Joau.</strong></span> <span class='ocrx_word' id='word_1_316' title='bbox 622 3124 694 3194; x_wconf 83' lang='lat' dir='ltr'><strong>I);</strong></span> <span class='ocrx_word' id='word_1_317' title='bbox 736 3125 1049 3194; x_wconf 81' lang='lat' dir='ltr'><strong>signiticans</strong></span> <span class='ocrx_word' id='word_1_318' title='bbox 1078 3139 1200 3178; x_wconf 89' lang='lat' dir='ltr'><strong>eum</strong></span> <span class='ocrx_word' id='word_1_319' title='bbox 1233 3132 1481 3177; x_wconf 87' lang='lat' dir='ltr'><strong>naturam</strong></span> <span class='ocrx_word' id='word_1_320' title='bbox 1512 3123 1577 3176; x_wconf 85' lang='lat' dir='ltr'><strong>de</strong></span> <span class='ocrx_word' id='word_1_321' title='bbox 1613 3136 1718 3176; x_wconf 71' lang='lat' dir='ltr'><strong>ca:-</strong></span> 
     </span>
    </p>
   </div>
   <div class='ocr_carea' id='block_1_47' title="bbox 132 3216 1717 3291">
    <p class='ocr_par' dir='ltr' id='par_1_47' title="bbox 132 3216 1717 3291">
     <span class='ocr_line' id='line_1_47' title="bbox 132 3216 1717 3291; baseline -0.002 -19"><span class='ocrx_word' id='word_1_322' title='bbox 132 3228 242 3273; x_wconf 82' lang='lat' dir='ltr'><strong>tero</strong></span> <span class='ocrx_word' id='word_1_323' title='bbox 267 3219 387 3274; x_wconf 86' lang='lat' dir='ltr'><strong>sine</strong></span> <span class='ocrx_word' id='word_1_324' title='bbox 414 3218 714 3288; x_wconf 90' lang='lat' dir='ltr'><strong>adjectione</strong></span> <span class='ocrx_word' id='word_1_325' title='bbox 743 3217 1087 3291; x_wconf 88' lang='lat' dir='ltr'><strong>[abjectione]</strong></span> <span class='ocrx_word' id='word_1_326' title='bbox 1120 3218 1342 3272; x_wconf 89' lang='lat' dir='ltr'><strong>ditasse.</strong></span> <span class='ocrx_word' id='word_1_327' title='bbox 1370 3216 1580 3270; x_wconf 88' lang='lat' dir='ltr'><strong>Etenim</strong></span> <span class='ocrx_word' id='word_1_328' title='bbox 1611 3229 1717 3269; x_wconf 89' lang='lat' dir='ltr'><strong>non</strong></span> 
     </span>
    </p>
   </div>
   <div class='ocr_carea' id='block_1_48' title="bbox 133 3307 1716 3384">
    <p class='ocr_par' dir='ltr' id='par_1_48' title="bbox 133 3307 1716 3384">
     <span class='ocr_line' id='line_1_48' title="bbox 133 3307 1716 3384; baseline -0.003 -18"><span class='ocrx_word' id='word_1_329' title='bbox 133 3313 318 3384; x_wconf 79' lang='lat' dir='ltr'><strong>egebat</strong></span> <span class='ocrx_word' id='word_1_330' title='bbox 346 3313 435 3368; x_wconf 91' lang='lat' dir='ltr'><strong>ille</strong></span> <span class='ocrx_word' id='word_1_331' title='bbox 455 3313 545 3382; x_wconf 90' lang='lat' dir='ltr'><strong>qui</strong></span> <span class='ocrx_word' id='word_1_332' title='bbox 569 3325 666 3382; x_wconf 89' lang='lat' dir='ltr'><strong>per</strong></span> <span class='ocrx_word' id='word_1_333' title='bbox 681 3312 867 3365; x_wconf 85' lang='lat' dir='ltr'><strong>omnia</strong></span> <span class='ocrx_word' id='word_1_334' title='bbox 892 3310 1117 3380; x_wconf 89' lang='lat' dir='ltr'><strong>Spiritui</strong></span> <span class='ocrx_word' id='word_1_335' title='bbox 1147 3319 1230 3365; x_wconf 89' lang='lat' dir='ltr'><strong>est</strong></span> <span class='ocrx_word' id='word_1_336' title='bbox 1255 3309 1560 3380; x_wconf 55' lang='lat' dir='ltr'><strong>coasqualis,</strong></span> <span class='ocrx_word' id='word_1_337' title='bbox 1591 3307 1716 3377; x_wconf 87' lang='lat' dir='ltr'><strong>Spi-</strong></span> 
     </span>
    </p>
   </div>
   <div class='ocr_carea' id='block_1_49' title="bbox 1813 2111 3405 2188">
    <p class='ocr_par' dir='ltr' id='par_1_49' title="bbox 1813 2111 3405 2188">
     <span class='ocr_line' id='line_1_49' title="bbox 1813 2111 3405 2188; baseline 0.006 -22"><span class='ocrx_word' id='word_1_338' title='bbox 1813 2111 2118 2182; x_wconf 77' lang='lat' dir='ltr'><strong>jurgantur,</strong></span> <span class='ocrx_word' id='word_1_339' title='bbox 2149 2121 2204 2167; x_wconf 89' lang='lat' dir='ltr'><strong>et</strong></span> <span class='ocrx_word' id='word_1_340' title='bbox 2233 2123 2341 2166; x_wconf 86' lang='lat' dir='ltr'><strong>tam</strong></span> <span class='ocrx_word' id='word_1_341' title='bbox 2372 2113 2484 2170; x_wconf 89' lang='lat' dir='ltr'><strong>Deo</strong></span> <span class='ocrx_word' id='word_1_342' title='bbox 2511 2114 2769 2175; x_wconf 85' lang='lat' dir='ltr'><strong>decibiles</strong></span> <span class='ocrx_word' id='word_1_343' title='bbox 2799 2116 2981 2174; x_wconf 88' lang='lat' dir='ltr'><strong>irritas</strong></span> <span class='ocrx_word' id='word_1_344' title='bbox 3015 2119 3405 2188; x_wconf 76' lang='lat' dir='ltr'><strong>promissiones</strong></span> 
     </span>
    </p>
   </div>
   <div class='ocr_carea' id='block_1_50' title="bbox 1818 2205 3402 2284">
    <p class='ocr_par' dir='ltr' id='par_1_50' title="bbox 1818 2205 3402 2284">
     <span class='ocr_line' id='line_1_50' title="bbox 1818 2205 3402 2284; baseline 0.008 -24"><span class='ocrx_word' id='word_1_345' title='bbox 1818 2205 2073 2260; x_wconf 70' lang='lat' dir='ltr'><strong>Ecclesia:</strong></span> <span class='ocrx_word' id='word_1_346' title='bbox 2118 2206 2400 2262; x_wconf 69' lang='lat' dir='ltr'><strong>catholica:</strong></span> <span class='ocrx_word' id='word_1_347' title='bbox 2442 2208 2666 2275; x_wconf 77' lang='lat' dir='ltr'><strong>faciunt,</strong></span> <span class='ocrx_word' id='word_1_348' title='bbox 2719 2212 2805 2266; x_wconf 89' lang='lat' dir='ltr'><strong>his</strong></span> <span class='ocrx_word' id='word_1_349' title='bbox 2849 2211 3010 2280; x_wconf 86' lang='lat' dir='ltr'><strong>impie</strong></span> <span class='ocrx_word' id='word_1_350' title='bbox 3057 2214 3402 2284; x_wconf 78' lang='lat' dir='ltr'><strong>derogantes.</strong></span> 
     </span>
    </p>
   </div>
   <div class='ocr_carea' id='block_1_51' title="bbox 1817 2294 3406 2366">
    <p class='ocr_par' dir='ltr' id='par_1_51' title="bbox 1817 2294 3406 2366">
     <span class='ocr_line' id='line_1_51' title="bbox 1817 2294 3406 2366; baseline 0.006 -16"><span class='ocrx_word' id='word_1_351' title='bbox 1817 2294 2131 2352; x_wconf 73' lang='lat' dir='ltr'><strong>Nullatenus</strong></span> <span class='ocrx_word' id='word_1_352' title='bbox 2173 2297 2316 2352; x_wconf 87' lang='lat' dir='ltr'><strong>enim</strong></span> <span class='ocrx_word' id='word_1_353' title='bbox 2365 2298 2477 2353; x_wconf 66' lang='lat' dir='ltr'><strong>hmo</strong></span> <span class='ocrx_word' id='word_1_354' title='bbox 2525 2313 2554 2351; x_wconf 89' lang='lat' dir='ltr'><strong>a</strong></span> <span class='ocrx_word' id='word_1_355' title='bbox 2596 2300 2792 2354; x_wconf 86' lang='lat' dir='ltr'><strong>tradita</strong></span> <span class='ocrx_word' id='word_1_356' title='bbox 2841 2301 2942 2360; x_wconf 86' lang='lat' dir='ltr'><strong>sibi</strong></span> <span class='ocrx_word' id='word_1_357' title='bbox 2997 2313 3268 2360; x_wconf 88' lang='lat' dir='ltr'><strong>commota</strong></span> <span class='ocrx_word' id='word_1_358' title='bbox 3322 2314 3406 2366; x_wconf 87' lang='lat' dir='ltr'><strong>est</strong></span> 
     </span>
    </p>
   </div>
   <div class='ocr_carea' id='block_1_52' title="bbox 1817 2386 3404 2464">
    <p class='ocr_par' dir='ltr' id='par_1_52' title="bbox 1817 2386 3404 2464">
     <span class='ocr_line' id='line_1_52' title="bbox 1817 2386 3404 2464; baseline 0.006 -23"><span class='ocrx_word' id='word_1_359' title='bbox 1817 2386 1959 2444; x_wconf 80' lang='lat' dir='ltr'><strong>ﬁde:</strong></span> <span class='ocrx_word' id='word_1_360' title='bbox 1997 2388 2198 2442; x_wconf 85' lang='lat' dir='ltr'><strong>mansit</strong></span> <span class='ocrx_word' id='word_1_361' title='bbox 2219 2399 2396 2442; x_wconf 87' lang='lat' dir='ltr'><strong>autem</strong></span> <span class='ocrx_word' id='word_1_362' title='bbox 2434 2391 2571 2446; x_wconf 90' lang='lat' dir='ltr'><strong>sicut</strong></span> <span class='ocrx_word' id='word_1_363' title='bbox 2601 2392 2751 2460; x_wconf 85' lang='lat' dir='ltr'><strong>virgo</strong></span> <span class='ocrx_word' id='word_1_364' title='bbox 2780 2401 2950 2458; x_wconf 87' lang='lat' dir='ltr'><strong>casta,</strong></span> <span class='ocrx_word' id='word_1_365' title='bbox 2982 2393 3121 2450; x_wconf 87' lang='lat' dir='ltr'><strong>sicut</strong></span> <span class='ocrx_word' id='word_1_366' title='bbox 3142 2395 3404 2464; x_wconf 86' lang='lat' dir='ltr'><strong>scriptum</strong></span> 
     </span>
    </p>
   </div>
   <div class='ocr_carea' id='block_1_53' title="bbox 1819 2479 3409 2552">
    <p class='ocr_par' dir='ltr' id='par_1_53' title="bbox 1819 2479 3409 2552">
     <span class='ocr_line' id='line_1_53' title="bbox 1819 2479 3409 2552; baseline 0.006 -19"><span class='ocrx_word' id='word_1_367' title='bbox 1819 2489 1902 2537; x_wconf 87' lang='lat' dir='ltr'><strong>est</strong></span> <span class='ocrx_word' id='word_1_368' title='bbox 1930 2480 2015 2551; x_wconf 84' lang='lat' dir='ltr'><strong>(Il</strong></span> <span class='ocrx_word' id='word_1_369' title='bbox 2052 2479 2176 2535; x_wconf 86' lang='lat' dir='ltr'><strong>Cor.</strong></span> <span class='ocrx_word' id='word_1_370' title='bbox 2207 2483 2308 2552; x_wconf 70' lang='grc' dir='ltr'><strong>χι),</strong></span> <span class='ocrx_word' id='word_1_371' title='bbox 2337 2482 2537 2537; x_wconf 84' lang='lat' dir='ltr'><strong>Christi</strong></span> <span class='ocrx_word' id='word_1_372' title='bbox 2568 2485 2749 2552; x_wconf 89' lang='lat' dir='ltr'><strong>sponsi</strong></span> <span class='ocrx_word' id='word_1_373' title='bbox 2785 2485 2868 2539; x_wconf 88' lang='lat' dir='ltr'><strong>sui</strong></span> <span class='ocrx_word' id='word_1_374' title='bbox 2915 2486 3133 2546; x_wconf 84' lang='lat' dir='ltr'><strong>arrham</strong></span> <span class='ocrx_word' id='word_1_375' title='bbox 3179 2488 3409 2542; x_wconf 62' lang='lat' dir='ltr'><strong>inviolao</strong></span> 
     </span>
    </p>
   </div>
   <div class='ocr_carea' id='block_1_54' title="bbox 1818 2571 3402 2650">
    <p class='ocr_par' dir='ltr' id='par_1_54' title="bbox 1818 2571 3402 2650">
     <span class='ocr_line' id='line_1_54' title="bbox 1818 2571 3402 2650; baseline 0.006 -24"><span class='ocrx_word' id='word_1_376' title='bbox 1818 2571 1978 2626; x_wconf 86' lang='lat' dir='ltr'><strong>bilem</strong></span> <span class='ocrx_word' id='word_1_377' title='bbox 2012 2587 2256 2635; x_wconf 85' lang='lat' dir='ltr'><strong>servans,</strong></span> <span class='ocrx_word' id='word_1_378' title='bbox 2287 2574 2338 2627; x_wconf 90' lang='lat' dir='ltr'><strong>id</strong></span> <span class='ocrx_word' id='word_1_379' title='bbox 2366 2585 2468 2636; x_wconf 88' lang='lat' dir='ltr'><strong>est,</strong></span> <span class='ocrx_word' id='word_1_380' title='bbox 2499 2574 2680 2629; x_wconf 86' lang='lat' dir='ltr'><strong>datam</strong></span> <span class='ocrx_word' id='word_1_381' title='bbox 2714 2577 2764 2630; x_wconf 92' lang='lat' dir='ltr'><strong>in</strong></span> <span class='ocrx_word' id='word_1_382' title='bbox 2801 2592 2859 2632; x_wconf 88' lang='lat' dir='ltr'><strong>se</strong></span> <span class='ocrx_word' id='word_1_383' title='bbox 2890 2576 3124 2646; x_wconf 89' lang='lat' dir='ltr'><strong>Spiritus</strong></span> <span class='ocrx_word' id='word_1_384' title='bbox 3149 2580 3402 2650; x_wconf 79' lang='lat' dir='ltr'><strong>gratiam.</strong></span> 
     </span>
    </p>
   </div>
   <div class='ocr_carea' id='block_1_55' title="bbox 1820 2661 3404 2739">
    <p class='ocr_par' dir='ltr' id='par_1_55' title="bbox 1820 2661 3404 2739">
     <span class='ocr_line' id='line_1_55' title="bbox 1820 2661 3404 2739; baseline 0.006 -23"><span class='ocrx_word' id='word_1_385' title='bbox 1820 2661 1981 2730; x_wconf 75' lang='lat' dir='ltr'><strong>Cujus</strong></span> <span class='ocrx_word' id='word_1_386' title='bbox 2009 2663 2084 2717; x_wconf 87' lang='lat' dir='ltr'><strong>rei</strong></span> <span class='ocrx_word' id='word_1_387' title='bbox 2118 2663 2292 2732; x_wconf 80' lang='lat' dir='ltr'><strong>gratia</strong></span> <span class='ocrx_word' id='word_1_388' title='bbox 2313 2672 2367 2718; x_wconf 87' lang='lat' dir='ltr'><strong>et</strong></span> <span class='ocrx_word' id='word_1_389' title='bbox 2396 2664 2608 2719; x_wconf 85' lang='lat' dir='ltr'><strong>divinus</strong></span> <span class='ocrx_word' id='word_1_390' title='bbox 2634 2665 2800 2720; x_wconf 85' lang='lat' dir='ltr'><strong>David</strong></span> <span class='ocrx_word' id='word_1_391' title='bbox 2843 2667 3026 2726; x_wconf 86' lang='lat' dir='ltr'><strong>multis</strong></span> <span class='ocrx_word' id='word_1_392' title='bbox 3050 2668 3200 2738; x_wconf 88' lang='lat' dir='ltr'><strong>prius</strong></span> <span class='ocrx_word' id='word_1_393' title='bbox 3227 2670 3404 2739; x_wconf 66' lang='lat' dir='ltr'><strong>gentiv</strong></span> 
     </span>
    </p>
   </div>
   <div class='ocr_carea' id='block_1_56' title="bbox 1817 2752 3406 2830">
    <p class='ocr_par' dir='ltr' id='par_1_56' title="bbox 1817 2752 3406 2830">
     <span class='ocr_line' id='line_1_56' title="bbox 1817 2752 3406 2830; baseline 0.006 -24"><span class='ocrx_word' id='word_1_394' title='bbox 1817 2753 1920 2808; x_wconf 88' lang='lat' dir='ltr'><strong>bus</strong></span> <span class='ocrx_word' id='word_1_395' title='bbox 1949 2752 2380 2808; x_wconf 86' lang='lat' dir='ltr'><strong>immobilitatem</strong></span> <span class='ocrx_word' id='word_1_396' title='bbox 2408 2754 2527 2809; x_wconf 79' lang='lat' dir='ltr'><strong>ﬁeri</strong></span> <span class='ocrx_word' id='word_1_397' title='bbox 2561 2754 2730 2827; x_wconf 79' lang='lat' dir='ltr'><strong>[ﬁdei]</strong></span> <span class='ocrx_word' id='word_1_398' title='bbox 2758 2757 2826 2810; x_wconf 90' lang='lat' dir='ltr'><strong>ab</strong></span> <span class='ocrx_word' id='word_1_399' title='bbox 2853 2756 2942 2811; x_wconf 89' lang='lat' dir='ltr'><strong>illa</strong></span> <span class='ocrx_word' id='word_1_400' title='bbox 2985 2759 3241 2814; x_wconf 72' lang='lat' dir='ltr'><strong>exhibita:</strong></span> <span class='ocrx_word' id='word_1_401' title='bbox 3270 2777 3406 2830; x_wconf 47' lang='lat' dir='ltr'><strong>pra).</strong></span> 
     </span>
    </p>
   </div>
   <div class='ocr_carea' id='block_1_57' title="bbox 1820 2841 3406 2915">
    <p class='ocr_par' dir='ltr' id='par_1_57' title="bbox 1820 2841 3406 2915">
     <span class='ocr_line' id='line_1_57' title="bbox 1820 2841 3406 2915; baseline 0.006 -21"><span class='ocrx_word' id='word_1_402' title='bbox 1820 2841 2008 2896; x_wconf 87' lang='lat' dir='ltr'><strong>dicans</strong></span> <span class='ocrx_word' id='word_1_403' title='bbox 2036 2844 2313 2897; x_wconf 87' lang='lat' dir='ltr'><strong>asserebat</strong></span> <span class='ocrx_word' id='word_1_404' title='bbox 2343 2860 2355 2896; x_wconf 90' lang='lat'><strong>:</strong></span> <span class='ocrx_word' id='word_1_405' title='bbox 2389 2842 2529 2897; x_wconf 85' lang='lat' dir='ltr'><strong>Deus</strong></span> <span class='ocrx_word' id='word_1_406' title='bbox 2559 2845 2611 2898; x_wconf 89' lang='lat' dir='ltr'><strong>iu</strong></span> <span class='ocrx_word' id='word_1_407' title='bbox 2641 2846 2812 2900; x_wconf 83' lang='lat' dir='ltr'><strong>medio</strong></span> <span class='ocrx_word' id='word_1_408' title='bbox 2841 2847 2954 2915; x_wconf 81' lang='lat' dir='ltr'><strong>ejus</strong></span> <span class='ocrx_word' id='word_1_409' title='bbox 2981 2865 3086 2901; x_wconf 84' lang='lat' dir='ltr'><strong>non</strong></span> <span class='ocrx_word' id='word_1_410' title='bbox 3117 2865 3406 2904; x_wconf 67' lang='lat' dir='ltr'><strong>commoneo</strong></span> 
     </span>
    </p>
   </div>
   <div class='ocr_carea' id='block_1_58' title="bbox 1820 2933 3407 3012">
    <p class='ocr_par' dir='ltr' id='par_1_58' title="bbox 1820 2933 3407 3012">
     <span class='ocr_line' id='line_1_58' title="bbox 1820 2933 3407 3012; baseline 0.006 -25"><span class='ocrx_word' id='word_1_411' title='bbox 1820 2933 1990 2998; x_wconf 83' lang='lat' dir='ltr'><strong>bitur;</strong></span> <span class='ocrx_word' id='word_1_412' title='bbox 2039 2934 2225 2988; x_wconf 82' lang='lat' dir='ltr'><strong>etenim</strong></span> <span class='ocrx_word' id='word_1_413' title='bbox 2283 2933 2359 3006; x_wconf 88' lang='lat' dir='ltr'><strong>[et</strong></span> <span class='ocrx_word' id='word_1_414' title='bbox 2411 2936 2628 3008; x_wconf 73' lang='lat' dir='ltr'><strong>iterum]</strong></span> <span class='ocrx_word' id='word_1_415' title='bbox 2700 2938 2928 3005; x_wconf 82' lang='lat' dir='ltr'><strong>[irnwvit</strong></span> <span class='ocrx_word' id='word_1_416' title='bbox 2993 2940 3168 2994; x_wconf 85' lang='lat' dir='ltr'><strong>orbem</strong></span> <span class='ocrx_word' id='word_1_417' title='bbox 3228 2951 3407 3012; x_wconf 66' lang='lat' dir='ltr'><strong>terrm,</strong></span> 
     </span>
    </p>
   </div>
   <div class='ocr_carea' id='block_1_59' title="bbox 1817 3027 3409 3103">
    <p class='ocr_par' dir='ltr' id='par_1_59' title="bbox 1817 3027 3409 3103">
     <span class='ocr_line' id='line_1_59' title="bbox 1817 3027 3409 3103; baseline 0.009 -25"><span class='ocrx_word' id='word_1_418' title='bbox 1817 3027 1906 3089; x_wconf 86' lang='lat' dir='ltr'><strong>qui</strong></span> <span class='ocrx_word' id='word_1_419' title='bbox 1919 3044 2020 3080; x_wconf 84' lang='lat' dir='ltr'><strong>non</strong></span> <span class='ocrx_word' id='word_1_420' title='bbox 2037 3028 2437 3082; x_wconf 69' lang='lat' dir='ltr'><strong>commovebitur</strong></span> <span class='ocrx_word' id='word_1_421' title='bbox 2452 3028 2624 3100; x_wconf 83' lang='lat' dir='ltr'><strong>(Psul.</strong></span> <span class='ocrx_word' id='word_1_422' title='bbox 2646 3047 2769 3094; x_wconf 78' lang='lat' dir='ltr'><strong>XLV,</strong></span> <span class='ocrx_word' id='word_1_423' title='bbox 2787 3033 2918 3103; x_wconf 75' lang='lat' dir='ltr'><strong>XCII)</strong></span> <span class='ocrx_word' id='word_1_424' title='bbox 2938 3051 2949 3085; x_wconf 94' lang='lat'>:</span> <span class='ocrx_word' id='word_1_425' title='bbox 2968 3033 3246 3089; x_wconf 81' lang='lat' dir='ltr'><strong>diabolicis</strong></span> <span class='ocrx_word' id='word_1_426' title='bbox 3262 3036 3409 3092; x_wconf 83' lang='lat' dir='ltr'><strong>vidc-</strong></span> 
     </span>
    </p>
   </div>
   <div class='ocr_carea' id='block_1_60' title="bbox 1821 3118 3408 3195">
    <p class='ocr_par' dir='ltr' id='par_1_60' title="bbox 1821 3118 3408 3195">
     <span class='ocr_line' id='line_1_60' title="bbox 1821 3118 3408 3195; baseline 0.005 -23"><span class='ocrx_word' id='word_1_427' title='bbox 1821 3118 2268 3195; x_wconf 78' lang='lat' dir='ltr'><strong>licctiinpuguata</strong></span> <span class='ocrx_word' id='word_1_428' title='bbox 2321 3121 2788 3177; x_wconf 87' lang='lat' dir='ltr'><strong>machinamentis.</strong></span> <span class='ocrx_word' id='word_1_429' title='bbox 2814 3121 2948 3176; x_wconf 85' lang='lat' dir='ltr'><strong>Nam</strong></span> <span class='ocrx_word' id='word_1_430' title='bbox 2972 3124 3071 3180; x_wconf 88' lang='lat' dir='ltr'><strong>etsi</strong></span> <span class='ocrx_word' id='word_1_431' title='bbox 3099 3124 3408 3189; x_wconf 81' lang='lat' dir='ltr'><strong>ﬁrmamen-</strong></span> 
     </span>
    </p>
   </div>
   <div class='ocr_carea' id='block_1_61' title="bbox 1822 3209 3407 3282">
    <p class='ocr_par' dir='ltr' id='par_1_61' title="bbox 1822 3209 3407 3282">
     <span class='ocr_line' id='line_1_61' title="bbox 1822 3209 3407 3282; baseline 0.004 -19"><span class='ocrx_word' id='word_1_432' title='bbox 1822 3217 1932 3263; x_wconf 89' lang='lat' dir='ltr'><strong>tum</strong></span> <span class='ocrx_word' id='word_1_433' title='bbox 1955 3209 2277 3279; x_wconf 70' lang='lat' dir='ltr'><strong>evangelicze</strong></span> <span class='ocrx_word' id='word_1_434' title='bbox 2319 3211 2719 3280; x_wconf 82' lang='lat' dir='ltr'><strong>praedicationis</strong></span> <span class='ocrx_word' id='word_1_435' title='bbox 2745 3228 2864 3282; x_wconf 71' lang='lat' dir='ltr'><strong>quze</strong></span> <span class='ocrx_word' id='word_1_436' title='bbox 2892 3213 2944 3266; x_wconf 91' lang='lat' dir='ltr'><strong>in</strong></span> <span class='ocrx_word' id='word_1_437' title='bbox 2974 3228 3096 3268; x_wconf 89' lang='lat' dir='ltr'><strong>eam</strong></span> <span class='ocrx_word' id='word_1_438' title='bbox 3144 3214 3268 3268; x_wconf 89' lang='lat' dir='ltr'><strong>dat‘a</strong></span> <span class='ocrx_word' id='word_1_439' title='bbox 3303 3224 3407 3282; x_wconf 88' lang='lat' dir='ltr'><strong>est,</strong></span> 
     </span>
    </p>
   </div>
   <div class='ocr_carea' id='block_1_62' title="bbox 1820 3301 3408 3372">
    <p class='ocr_par' dir='ltr' id='par_1_62' title="bbox 1820 3301 3408 3372">
     <span class='ocr_line' id='line_1_62' title="bbox 1820 3301 3408 3372; baseline 0.008 -19"><span class='ocrx_word' id='word_1_440' title='bbox 1820 3301 2038 3371; x_wconf 86' lang='lat' dir='ltr'><strong>quidam</strong></span> <span class='ocrx_word' id='word_1_441' title='bbox 2105 3303 2452 3372; x_wconf 88' lang='lat' dir='ltr'><strong>antiquorum</strong></span> <span class='ocrx_word' id='word_1_442' title='bbox 2514 3304 2595 3358; x_wconf 85' lang='lat' dir='ltr'><strong>vel</strong></span> <span class='ocrx_word' id='word_1_443' title='bbox 2665 3306 2981 3361; x_wconf 88' lang='lat' dir='ltr'><strong>instantium</strong></span> <span class='ocrx_word' id='word_1_444' title='bbox 3029 3307 3408 3366; x_wconf 66' lang='lat' dir='ltr'><strong>haereticorum</strong></span> 
     </span>
    </p>
   </div>
   <div class='ocr_carea' id='block_1_63' title="bbox 134 3392 3406 3471">
    <p class='ocr_par' dir='ltr' id='par_1_63' title="bbox 134 3392 3406 3471">
     <span class='ocr_line' id='line_1_63' title="bbox 134 3392 3406 3471; baseline 0 -14"><span class='ocrx_word' id='word_1_445' title='bbox 134 3405 266 3459; x_wconf 85' lang='lat' dir='ltr'><strong>ritus</strong></span> <span class='ocrx_word' id='word_1_446' title='bbox 289 3403 358 3458; x_wconf 86' lang='lat' dir='ltr'><strong>de</strong></span> <span class='ocrx_word' id='word_1_447' title='bbox 387 3402 540 3458; x_wconf 73' lang='lat' dir='ltr'><strong>etelis</strong></span> <span class='ocrx_word' id='word_1_448' title='bbox 571 3403 802 3458; x_wconf 87' lang='lat' dir='ltr'><strong>adventu</strong></span> <span class='ocrx_word' id='word_1_449' title='bbox 828 3441 842 3466; x_wconf 92' lang='lat'><strong>,</strong></span> <span class='ocrx_word' id='word_1_450' title='bbox 869 3411 1128 3470; x_wconf 88' lang='lat' dir='ltr'><strong>quantum</strong></span> <span class='ocrx_word' id='word_1_451' title='bbox 1163 3400 1228 3456; x_wconf 88' lang='lat' dir='ltr'><strong>ad</strong></span> <span class='ocrx_word' id='word_1_452' title='bbox 1253 3400 1484 3471; x_wconf 83' lang='lat' dir='ltr'><strong>propriae</strong></span> <span class='ocrx_word' id='word_1_453' title='bbox 1512 3407 1718 3454; x_wconf 70' lang='lat' dir='ltr'><strong>natura:</strong></span> <span class='ocrx_word' id='word_1_454' title='bbox 1746 3395 1790 3457; x_wconf 88' lang='lat' dir='ltr'><strong>C</strong></span> <span class='ocrx_word' id='word_1_455' title='bbox 1823 3401 2110 3448; x_wconf 86' lang='lat' dir='ltr'><strong>concutere</strong></span> <span class='ocrx_word' id='word_1_456' title='bbox 2135 3392 2441 3460; x_wconf 87' lang='lat' dir='ltr'><strong>voluerunt,</strong></span> <span class='ocrx_word' id='word_1_457' title='bbox 2470 3395 2574 3450; x_wconf 90' lang='lat' dir='ltr'><strong>illis</strong></span> <span class='ocrx_word' id='word_1_458' title='bbox 2612 3404 2789 3452; x_wconf 86' lang='lat' dir='ltr'><strong>tamen</strong></span> <span class='ocrx_word' id='word_1_459' title='bbox 2814 3399 2956 3468; x_wconf 92' lang='lat' dir='ltr'><strong>quod</strong></span> <span class='ocrx_word' id='word_1_460' title='bbox 2989 3401 3228 3456; x_wconf 85' lang='lat' dir='ltr'><strong>meditati</strong></span> <span class='ocrx_word' id='word_1_461' title='bbox 3260 3413 3406 3468; x_wconf 88' lang='lat' dir='ltr'><strong>sunt,</strong></span> 
     </span>
    </p>
   </div>
   <div class='ocr_carea' id='block_1_64' title="bbox 131 3492 1713 3564">
    <p class='ocr_par' dir='ltr' id='par_1_64' title="bbox 131 3492 1713 3564">
     <span class='ocr_line' id='line_1_64' title="bbox 131 3492 1713 3564; baseline -0.001 -16"><span class='ocrx_word' id='word_1_462' title='bbox 131 3495 367 3564; x_wconf 83' lang='lat' dir='ltr'><strong>pertinet</strong></span> <span class='ocrx_word' id='word_1_463' title='bbox 415 3493 702 3549; x_wconf 86' lang='lat' dir='ltr'><strong>rationem.</strong></span> <span class='ocrx_word' id='word_1_464' title='bbox 745 3492 1121 3562; x_wconf 85' lang='lat' dir='ltr'><strong>Nunquidnam</strong></span> <span class='ocrx_word' id='word_1_465' title='bbox 1163 3492 1215 3545; x_wconf 91' lang='lat' dir='ltr'><strong>in</strong></span> <span class='ocrx_word' id='word_1_466' title='bbox 1265 3506 1322 3548; x_wconf 87' lang='lat' dir='ltr'><strong>se</strong></span> <span class='ocrx_word' id='word_1_467' title='bbox 1367 3502 1713 3562; x_wconf 82' lang='lat' dir='ltr'><strong>augmentum</strong></span> 
     </span>
    </p>
   </div>
   <div class='ocr_carea' id='block_1_65' title="bbox 133 3582 1719 3655">
    <p class='ocr_par' dir='ltr' id='par_1_65' title="bbox 133 3582 1719 3655">
     <span class='ocr_line' id='line_1_65' title="bbox 133 3582 1719 3655; baseline -0.003 -16"><span class='ocrx_word' id='word_1_468' title='bbox 133 3585 435 3640; x_wconf 83' lang='lat' dir='ltr'><strong>sanctitatis</strong></span> <span class='ocrx_word' id='word_1_469' title='bbox 458 3584 783 3655; x_wconf 88' lang='lat' dir='ltr'><strong>acquireret,</strong></span> <span class='ocrx_word' id='word_1_470' title='bbox 811 3586 901 3653; x_wconf 90' lang='lat' dir='ltr'><strong>qui</strong></span> <span class='ocrx_word' id='word_1_471' title='bbox 921 3593 1181 3655; x_wconf 8' lang='lat' dir='ltr'><strong>{paternos</strong></span> <span class='ocrx_word' id='word_1_472' title='bbox 1210 3585 1264 3638; x_wconf 90' lang='lat' dir='ltr'><strong>in</strong></span> <span class='ocrx_word' id='word_1_473' title='bbox 1295 3585 1584 3654; x_wconf 83' lang='lat' dir='ltr'><strong>semetipso</strong></span> <span class='ocrx_word' id='word_1_474' title='bbox 1614 3582 1719 3636; x_wconf 79' lang='lat' dir='ltr'><strong>fert</strong></span> 
     </span>
    </p>
   </div>
   <div class='ocr_carea' id='block_1_66' title="bbox 131 3676 1717 3746">
    <p class='ocr_par' dir='ltr' id='par_1_66' title="bbox 131 3676 1717 3746">
     <span class='ocr_line' id='line_1_66' title="bbox 131 3676 1717 3746; baseline 0 -16"><span class='ocrx_word' id='word_1_475' title='bbox 131 3679 500 3742; x_wconf 80' lang='lat' dir='ltr'><strong>characteres,</strong></span> <span class='ocrx_word' id='word_1_476' title='bbox 542 3686 596 3730; x_wconf 88' lang='lat' dir='ltr'><strong>et</strong></span> <span class='ocrx_word' id='word_1_477' title='bbox 631 3676 864 3746; x_wconf 89' lang='lat' dir='ltr'><strong>Spiritus</strong></span> <span class='ocrx_word' id='word_1_478' title='bbox 893 3676 1455 3732; x_wconf 82' lang='lat' dir='ltr'><strong>eonsubstantialitate</strong></span> <span class='ocrx_word' id='word_1_479' title='bbox 1486 3676 1717 3730; x_wconf 59' lang='lat' dir='ltr'><strong>nullalea</strong></span> 
     </span>
    </p>
   </div>
   <div class='ocr_carea' id='block_1_67' title="bbox 140 3769 1718 3840">
    <p class='ocr_par' dir='ltr' id='par_1_67' title="bbox 140 3769 1718 3840">
     <span class='ocr_line' id='line_1_67' title="bbox 140 3769 1718 3840; baseline 0 -18"><span class='ocrx_word' id='word_1_480' title='bbox 140 3786 235 3825; x_wconf 90' lang='lat' dir='ltr'><strong>nus</strong></span> <span class='ocrx_word' id='word_1_481' title='bbox 280 3771 677 3826; x_wconf 83' lang='lat' dir='ltr'><strong>commutatur?</strong></span> <span class='ocrx_word' id='word_1_482' title='bbox 723 3769 827 3825; x_wconf 84' lang='lat' dir='ltr'><strong>Sed</strong></span> <span class='ocrx_word' id='word_1_483' title='bbox 865 3779 1100 3824; x_wconf 86' lang='lat' dir='ltr'><strong>nostram</strong></span> <span class='ocrx_word' id='word_1_484' title='bbox 1137 3770 1187 3823; x_wconf 90' lang='lat' dir='ltr'><strong>iu</strong></span> <span class='ocrx_word' id='word_1_485' title='bbox 1238 3784 1296 3824; x_wconf 90' lang='lat' dir='ltr'><strong>se</strong></span> <span class='ocrx_word' id='word_1_486' title='bbox 1341 3769 1718 3840; x_wconf 62' lang='lat' dir='ltr'><strong>praetigurabat</strong></span> 
     </span>
    </p>
   </div>
   <div class='ocr_carea' id='block_1_68' title="bbox 138 3861 1715 3933">
    <p class='ocr_par' dir='ltr' id='par_1_68' title="bbox 138 3861 1715 3933">
     <span class='ocr_line' id='line_1_68' title="bbox 138 3861 1715 3933; baseline -0.001 -17"><span class='ocrx_word' id='word_1_487' title='bbox 138 3863 364 3932; x_wconf 84' lang='lat' dir='ltr'><strong>gratiam</strong></span> <span class='ocrx_word' id='word_1_488' title='bbox 395 3881 408 3916; x_wconf 91' lang='lat'><strong>:</strong></span> <span class='ocrx_word' id='word_1_489' title='bbox 442 3863 694 3933; x_wconf 87' lang='lat' dir='ltr'><strong>quoniam</strong></span> <span class='ocrx_word' id='word_1_490' title='bbox 728 3878 792 3918; x_wconf 90' lang='lat' dir='ltr'><strong>eo</strong></span> <span class='ocrx_word' id='word_1_491' title='bbox 819 3878 926 3932; x_wconf 89' lang='lat' dir='ltr'><strong>quo</strong></span> <span class='ocrx_word' id='word_1_492' title='bbox 962 3863 1014 3916; x_wconf 90' lang='lat' dir='ltr'><strong>iu</strong></span> <span class='ocrx_word' id='word_1_493' title='bbox 1052 3862 1222 3916; x_wconf 87' lang='lat' dir='ltr'><strong>Adam</strong></span> <span class='ocrx_word' id='word_1_494' title='bbox 1271 3877 1456 3916; x_wconf 86' lang='lat' dir='ltr'><strong>smnus</strong></span> <span class='ocrx_word' id='word_1_495' title='bbox 1498 3861 1715 3930; x_wconf 70' lang='lat' dir='ltr'><strong>privati,</strong></span> 
     </span>
    </p>
   </div>
   <div class='ocr_carea' id='block_1_69' title="bbox 141 3954 1720 4025">
    <p class='ocr_par' dir='ltr' id='par_1_69' title="bbox 141 3954 1720 4025">
     <span class='ocr_line' id='line_1_69' title="bbox 141 3954 1720 4025; baseline 0 -17"><span class='ocrx_word' id='word_1_496' title='bbox 141 3969 232 4024; x_wconf 82' lang='lat' dir='ltr'><strong>per</strong></span> <span class='ocrx_word' id='word_1_497' title='bbox 260 3955 432 4024; x_wconf 88' lang='lat' dir='ltr'><strong>ipsum</strong></span> <span class='ocrx_word' id='word_1_498' title='bbox 473 3963 529 4010; x_wconf 87' lang='lat' dir='ltr'><strong>et</strong></span> <span class='ocrx_word' id='word_1_499' title='bbox 576 3955 628 4009; x_wconf 88' lang='lat' dir='ltr'><strong>in</strong></span> <span class='ocrx_word' id='word_1_500' title='bbox 675 3955 791 4025; x_wconf 91' lang='lat' dir='ltr'><strong>ipso</strong></span> <span class='ocrx_word' id='word_1_501' title='bbox 834 3971 1021 4010; x_wconf 87' lang='lat' dir='ltr'><strong>sumus</strong></span> <span class='ocrx_word' id='word_1_502' title='bbox 1061 3955 1254 4009; x_wconf 85' lang='lat' dir='ltr'><strong>iterum</strong></span> <span class='ocrx_word' id='word_1_503' title='bbox 1298 3954 1623 4025; x_wconf 85' lang='lat' dir='ltr'><strong>locupletati,</strong></span> <span class='ocrx_word' id='word_1_504' title='bbox 1665 3963 1720 4010; x_wconf 90' lang='lat' dir='ltr'><strong>et</strong></span> 
     </span>
    </p>
   </div>
   <div class='ocr_carea' id='block_1_70' title="bbox 143 4047 1721 4118">
    <p class='ocr_par' dir='ltr' id='par_1_70' title="bbox 143 4047 1721 4118">
     <span class='ocr_line' id='line_1_70' title="bbox 143 4047 1721 4118; baseline 0.002 -17"><span class='ocrx_word' id='word_1_505' title='bbox 143 4057 345 4102; x_wconf 57' lang='lat' dir='ltr'><strong>natura</strong></span> <span class='ocrx_word' id='word_1_506' title='bbox 388 4048 608 4118; x_wconf 84' lang='lat' dir='ltr'><strong>antiqua</strong></span> <span class='ocrx_word' id='word_1_507' title='bbox 651 4047 884 4118; x_wconf 80' lang='lat' dir='ltr'><strong>dignitas</strong></span> <span class='ocrx_word' id='word_1_508' title='bbox 932 4048 1110 4102; x_wconf 88' lang='lat' dir='ltr'><strong>rediit.</strong></span> <span class='ocrx_word' id='word_1_509' title='bbox 1163 4047 1222 4102; x_wconf 89' lang='lat' dir='ltr'><strong>Si</strong></span> <span class='ocrx_word' id='word_1_510' title='bbox 1274 4047 1435 4117; x_wconf 84' lang='lat' dir='ltr'><strong>igitur</strong></span> <span class='ocrx_word' id='word_1_511' title='bbox 1487 4047 1721 4117; x_wconf 87' lang='lat' dir='ltr'><strong>Spiritus</strong></span> 
     </span>
    </p>
   </div>
   <div class='ocr_carea' id='block_1_71' title="bbox 146 4137 1723 4208">
    <p class='ocr_par' dir='ltr' id='par_1_71' title="bbox 146 4137 1723 4208">
     <span class='ocr_line' id='line_1_71' title="bbox 146 4137 1723 4208; baseline 0.001 -18"><span class='ocrx_word' id='word_1_512' title='bbox 146 4139 308 4207; x_wconf 78' lang='lat' dir='ltr'><strong>gratia</strong></span> <span class='ocrx_word' id='word_1_513' title='bbox 355 4153 516 4208; x_wconf 88' lang='lat' dir='ltr'><strong>super</strong></span> <span class='ocrx_word' id='word_1_514' title='bbox 544 4154 667 4194; x_wconf 84' lang='lat' dir='ltr'><strong>eum</strong></span> <span class='ocrx_word' id='word_1_515' title='bbox 714 4138 1047 4194; x_wconf 86' lang='lat' dir='ltr'><strong>descendens</strong></span> <span class='ocrx_word' id='word_1_516' title='bbox 1085 4139 1352 4193; x_wconf 88' lang='lat' dir='ltr'><strong>mansisse</strong></span> <span class='ocrx_word' id='word_1_517' title='bbox 1405 4137 1624 4208; x_wconf 78' lang='lat' dir='ltr'><strong>legitur;</strong></span> <span class='ocrx_word' id='word_1_518' title='bbox 1667 4145 1723 4192; x_wconf 89' lang='lat' dir='ltr'><strong>et</strong></span> 
     </span>
    </p>
   </div>
   <div class='ocr_carea' id='block_1_72' title="bbox 151 4225 1722 4298">
    <p class='ocr_par' dir='ltr' id='par_1_72' title="bbox 151 4225 1722 4298">
     <span class='ocr_line' id='line_1_72' title="bbox 151 4225 1722 4298; baseline -0.001 -17"><span class='ocrx_word' id='word_1_519' title='bbox 151 4229 242 4281; x_wconf 81' lang='lat' dir='ltr'><strong>hoc</strong></span> <span class='ocrx_word' id='word_1_520' title='bbox 269 4228 484 4297; x_wconf 87' lang='lat' dir='ltr'><strong>quidem</strong></span> <span class='ocrx_word' id='word_1_521' title='bbox 513 4243 619 4282; x_wconf 91' lang='lat' dir='ltr'><strong>non</strong></span> <span class='ocrx_word' id='word_1_522' title='bbox 649 4236 733 4282; x_wconf 89' lang='lat' dir='ltr'><strong>est</strong></span> <span class='ocrx_word' id='word_1_523' title='bbox 762 4227 1108 4296; x_wconf 81' lang='lat' dir='ltr'><strong>rejiciendum</strong></span> <span class='ocrx_word' id='word_1_524' title='bbox 1147 4225 1265 4298; x_wconf 81' lang='lat' dir='ltr'><strong>[ei],</strong></span> <span class='ocrx_word' id='word_1_525' title='bbox 1300 4238 1547 4280; x_wconf 84' lang='lat' dir='ltr'><strong>naturam</strong></span> <span class='ocrx_word' id='word_1_526' title='bbox 1580 4225 1722 4280; x_wconf 89' lang='lat' dir='ltr'><strong>scili-</strong></span> 
     </span>
    </p>
   </div>
   <div class='ocr_carea' id='block_1_73' title="bbox 149 4316 1718 4388">
    <p class='ocr_par' dir='ltr' id='par_1_73' title="bbox 149 4316 1718 4388">
     <span class='ocr_line' id='line_1_73' title="bbox 149 4316 1718 4388; baseline 0.001 -18"><span class='ocrx_word' id='word_1_527' title='bbox 149 4329 227 4372; x_wconf 81' lang='lat' dir='ltr'><strong>cet</strong></span> <span class='ocrx_word' id='word_1_528' title='bbox 273 4319 521 4388; x_wconf 84' lang='lat' dir='ltr'><strong>deinceps</strong></span> <span class='ocrx_word' id='word_1_529' title='bbox 572 4333 922 4374; x_wconf 86' lang='lat' dir='ltr'><strong>conservasse</strong></span> <span class='ocrx_word' id='word_1_530' title='bbox 965 4316 1219 4383; x_wconf 76' lang='lat' dir='ltr'><strong>Verbum,</strong></span> <span class='ocrx_word' id='word_1_531' title='bbox 1263 4317 1528 4387; x_wconf 85' lang='lat' dir='ltr'><strong>apparuit,</strong></span> <span class='ocrx_word' id='word_1_532' title='bbox 1595 4317 1718 4386; x_wconf 87' lang='lat' dir='ltr'><strong>quia</strong></span> 
     </span>
    </p>
   </div>
   <div class='ocr_carea' id='block_1_74' title="bbox 149 4410 1718 4481">
    <p class='ocr_par' dir='ltr' id='par_1_74' title="bbox 149 4410 1718 4481">
     <span class='ocr_line' id='line_1_74' title="bbox 149 4410 1718 4481; baseline 0.001 -18"><span class='ocrx_word' id='word_1_533' title='bbox 149 4413 377 4479; x_wconf 82' lang='lat' dir='ltr'><strong>profecto</strong></span> <span class='ocrx_word' id='word_1_534' title='bbox 405 4410 707 4479; x_wconf 86' lang='lat' dir='ltr'><strong>hujusmodi</strong></span> <span class='ocrx_word' id='word_1_535' title='bbox 736 4412 908 4481; x_wconf 85' lang='lat' dir='ltr'><strong>gratia</strong></span> <span class='ocrx_word' id='word_1_536' title='bbox 935 4411 987 4464; x_wconf 89' lang='lat' dir='ltr'><strong>in</strong></span> <span class='ocrx_word' id='word_1_537' title='bbox 1013 4426 1170 4465; x_wconf 90' lang='lat' dir='ltr'><strong>omne</strong></span> <span class='ocrx_word' id='word_1_538' title='bbox 1198 4426 1364 4480; x_wconf 87' lang='lat' dir='ltr'><strong>genus</strong></span> <span class='ocrx_word' id='word_1_539' title='bbox 1386 4410 1718 4480; x_wconf 77' lang='lat' dir='ltr'><strong>pertransiit.</strong></span> 
     </span>
    </p>
   </div>
   <div class='ocr_carea' id='block_1_75' title="bbox 151 4502 1722 4576">
    <p class='ocr_par' dir='ltr' id='par_1_75' title="bbox 151 4502 1722 4576">
     <span class='ocr_line' id='line_1_75' title="bbox 151 4502 1722 4576; baseline 0.002 -22"><span class='ocrx_word' id='word_1_540' title='bbox 151 4504 416 4570; x_wconf 80' lang='lat' dir='ltr'><strong>Quomodo</strong></span> <span class='ocrx_word' id='word_1_541' title='bbox 463 4519 593 4573; x_wconf 85' lang='lat' dir='ltr'><strong>ergo</strong></span> <span class='ocrx_word' id='word_1_542' title='bbox 624 4503 939 4573; x_wconf 84' lang='lat' dir='ltr'><strong>perhibetur</strong></span> <span class='ocrx_word' id='word_1_543' title='bbox 970 4502 1296 4576; x_wconf 79' lang='lat' dir='ltr'><strong>[perhibent]</strong></span> <span class='ocrx_word' id='word_1_544' title='bbox 1333 4519 1430 4558; x_wconf 88' lang='lat' dir='ltr'><strong>nos</strong></span> <span class='ocrx_word' id='word_1_545' title='bbox 1460 4505 1722 4558; x_wconf 80' lang='lat' dir='ltr'><strong>veraciter</strong></span> 
     </span>
    </p>
   </div>
   <div class='ocr_carea' id='block_1_76' title="bbox 151 4594 1721 4667">
    <p class='ocr_par' dir='ltr' id='par_1_76' title="bbox 151 4594 1721 4667">
     <span class='ocr_line' id='line_1_76' title="bbox 151 4594 1721 4667; baseline -0.001 -17"><span class='ocrx_word' id='word_1_546' title='bbox 151 4594 439 4667; x_wconf 83' lang='lat' dir='ltr'><strong>ignorantia</strong></span> <span class='ocrx_word' id='word_1_547' title='bbox 493 4610 764 4666; x_wconf 83' lang='lat' dir='ltr'><strong>peccasso,</strong></span> <span class='ocrx_word' id='word_1_548' title='bbox 819 4605 874 4648; x_wconf 90' lang='lat' dir='ltr'><strong>et</strong></span> <span class='ocrx_word' id='word_1_549' title='bbox 925 4594 1075 4663; x_wconf 89' lang='lat' dir='ltr'><strong>quasi</strong></span> <span class='ocrx_word' id='word_1_550' title='bbox 1127 4594 1386 4650; x_wconf 87' lang='lat' dir='ltr'><strong>honorem</strong></span> <span class='ocrx_word' id='word_1_551' title='bbox 1443 4596 1532 4664; x_wconf 88' lang='lat' dir='ltr'><strong>qui</strong></span> <span class='ocrx_word' id='word_1_552' title='bbox 1595 4610 1721 4665; x_wconf 84' lang='lat' dir='ltr'><strong>erga</strong></span> 
     </span>
    </p>
   </div>
   <div class='ocr_carea' id='block_1_77' title="bbox 152 4669 1722 4752">
    <p class='ocr_par' dir='ltr' id='par_1_77' title="bbox 152 4669 1722 4752">
     <span class='ocr_line' id='line_1_77' title="bbox 152 4669 1722 4752; baseline -0.002 -8"><span class='ocrx_word' id='word_1_553' title='bbox 152 4687 305 4744; x_wconf 82' lang='lat' dir='ltr'><strong>Deum</strong></span> <span class='ocrx_word' id='word_1_554' title='bbox 338 4698 423 4742; x_wconf 88' lang='lat' dir='ltr'><strong>est</strong></span> <span class='ocrx_word' id='word_1_555' title='bbox 461 4687 820 4752; x_wconf 80' lang='lat' dir='ltr'><strong>exercendus,</strong></span> <span class='ocrx_word' id='word_1_556' title='bbox 875 4669 1028 4741; x_wconf 88' lang='lat' dir='ltr'><strong>idolis</strong></span> <span class='ocrx_word' id='word_1_557' title='bbox 1073 4687 1417 4742; x_wconf 73' lang='lat' dir='ltr'><strong>exhibuisse?</strong></span> <span class='ocrx_word' id='word_1_558' title='bbox 1446 4687 1578 4742; x_wconf 83' lang='lat' dir='ltr'><strong>Nam</strong></span> <span class='ocrx_word' id='word_1_559' title='bbox 1625 4688 1722 4741; x_wconf 91' lang='lat' dir='ltr'><strong>hu-</strong></span> 
     </span>
    </p>
   </div>
   <div class='ocr_carea' id='block_1_78' title="bbox 1819 3483 3408 3554">
    <p class='ocr_par' dir='ltr' id='par_1_78' title="bbox 1819 3483 3408 3554">
     <span class='ocr_line' id='line_1_78' title="bbox 1819 3483 3408 3554; baseline 0.007 -17"><span class='ocrx_word' id='word_1_560' title='bbox 1819 3483 1871 3537; x_wconf 90' lang='lat' dir='ltr'><strong>iu</strong></span> <span class='ocrx_word' id='word_1_561' title='bbox 1895 3498 2029 3554; x_wconf 89' lang='lat' dir='ltr'><strong>opus</strong></span> <span class='ocrx_word' id='word_1_562' title='bbox 2059 3492 2367 3554; x_wconf 80' lang='lat' dir='ltr'><strong>reputatum</strong></span> <span class='ocrx_word' id='word_1_563' title='bbox 2404 3494 2506 3540; x_wconf 83' lang='lat' dir='ltr'><strong>est.</strong></span> <span class='ocrx_word' id='word_1_564' title='bbox 2550 3485 2685 3542; x_wconf 82' lang='lat' dir='ltr'><strong>liuic</strong></span> <span class='ocrx_word' id='word_1_565' title='bbox 2721 3497 2901 3542; x_wconf 91' lang='lat' dir='ltr'><strong>autem</strong></span> <span class='ocrx_word' id='word_1_566' title='bbox 2931 3489 3028 3543; x_wconf 89' lang='lat' dir='ltr'><strong>soli</strong></span> <span class='ocrx_word' id='word_1_567' title='bbox 3062 3490 3408 3552; x_wconf 81' lang='lat' dir='ltr'><strong>inunobililas</strong></span> 
     </span>
    </p>
   </div>
   <div class='ocr_carea' id='block_1_79' title="bbox 1819 3574 3407 3648">
    <p class='ocr_par' dir='ltr' id='par_1_79' title="bbox 1819 3574 3407 3648">
     <span class='ocr_line' id='line_1_79' title="bbox 1819 3574 3407 3648; baseline 0.008 -20"><span class='ocrx_word' id='word_1_568' title='bbox 1819 3574 1872 3628; x_wconf 88' lang='lat' dir='ltr'><strong>in</strong></span> <span class='ocrx_word' id='word_1_569' title='bbox 1901 3583 2162 3628; x_wconf 83' lang='lat' dir='ltr'><strong>aeternum</strong></span> <span class='ocrx_word' id='word_1_570' title='bbox 2197 3584 2410 3630; x_wconf 85' lang='lat' dir='ltr'><strong>servata</strong></span> <span class='ocrx_word' id='word_1_571' title='bbox 2437 3583 2518 3631; x_wconf 89' lang='lat' dir='ltr'><strong>est</strong></span> <span class='ocrx_word' id='word_1_572' title='bbox 2559 3577 2712 3646; x_wconf 79' lang='lat' dir='ltr'><strong>juxta</strong></span> <span class='ocrx_word' id='word_1_573' title='bbox 2747 3580 3220 3648; x_wconf 85' lang='lat' dir='ltr'><strong>repromissionem</strong></span> <span class='ocrx_word' id='word_1_574' title='bbox 3264 3583 3407 3642; x_wconf 85' lang='lat' dir='ltr'><strong>illius</strong></span> 
     </span>
    </p>
   </div>
   <div class='ocr_carea' id='block_1_80' title="bbox 1819 3667 3409 3742">
    <p class='ocr_par' dir='ltr' id='par_1_80' title="bbox 1819 3667 3409 3742">
     <span class='ocr_line' id='line_1_80' title="bbox 1819 3667 3409 3742; baseline 0.008 -24"><span class='ocrx_word' id='word_1_575' title='bbox 1819 3667 1908 3735; x_wconf 90' lang='lat' dir='ltr'><strong>qui</strong></span> <span class='ocrx_word' id='word_1_576' title='bbox 1950 3682 2055 3720; x_wconf 89' lang='lat' dir='ltr'><strong>non</strong></span> <span class='ocrx_word' id='word_1_577' title='bbox 2101 3667 2379 3734; x_wconf 87' lang='lat' dir='ltr'><strong>mentitur,</strong></span> <span class='ocrx_word' id='word_1_578' title='bbox 2421 3668 2604 3723; x_wconf 90' lang='lat' dir='ltr'><strong>dicens</strong></span> <span class='ocrx_word' id='word_1_579' title='bbox 2641 3684 2654 3722; x_wconf 89' lang='lat'>:</span> <span class='ocrx_word' id='word_1_580' title='bbox 2689 3669 2750 3724; x_wconf 86' lang='lat' dir='ltr'><strong>Si</strong></span> <span class='ocrx_word' id='word_1_581' title='bbox 2803 3669 2961 3724; x_wconf 82' lang='lat' dir='ltr'><strong>oblita</strong></span> <span class='ocrx_word' id='word_1_582' title='bbox 3011 3673 3170 3742; x_wconf 75' lang='lat' dir='ltr'><strong>fuerit</strong></span> <span class='ocrx_word' id='word_1_583' title='bbox 3222 3675 3409 3730; x_wconf 81' lang='lat' dir='ltr'><strong>mulier</strong></span> 
     </span>
    </p>
   </div>
   <div class='ocr_carea' id='block_1_81' title="bbox 1817 3758 3405 3834">
    <p class='ocr_par' dir='ltr' id='par_1_81' title="bbox 1817 3758 3405 3834">
     <span class='ocr_line' id='line_1_81' title="bbox 1817 3758 3405 3834; baseline 0.007 -24"><span class='ocrx_word' id='word_1_584' title='bbox 1817 3758 1965 3824; x_wconf 79' lang='lat' dir='ltr'><strong>pueri</strong></span> <span class='ocrx_word' id='word_1_585' title='bbox 1984 3758 2086 3823; x_wconf 77' lang='lat' dir='ltr'><strong>sui,</strong></span> <span class='ocrx_word' id='word_1_586' title='bbox 2111 3767 2166 3812; x_wconf 85' lang='lat' dir='ltr'><strong>ut</strong></span> <span class='ocrx_word' id='word_1_587' title='bbox 2195 3775 2299 3812; x_wconf 87' lang='lat' dir='ltr'><strong>non</strong></span> <span class='ocrx_word' id='word_1_588' title='bbox 2329 3759 2636 3814; x_wconf 80' lang='lat' dir='ltr'><strong>misereatur</strong></span> <span class='ocrx_word' id='word_1_589' title='bbox 2665 3761 2856 3817; x_wconf 81' lang='lat' dir='ltr'><strong>sobolis</strong></span> <span class='ocrx_word' id='word_1_590' title='bbox 2880 3765 3070 3818; x_wconf 82' lang='lat' dir='ltr'><strong>ventris</strong></span> <span class='ocrx_word' id='word_1_591' title='bbox 3091 3766 3173 3819; x_wconf 86' lang='lat' dir='ltr'><strong>sui</strong></span> <span class='ocrx_word' id='word_1_592' title='bbox 3196 3766 3220 3820; x_wconf 85' lang='lat'><strong><em>?</em></strong></span> <span class='ocrx_word' id='word_1_593' title='bbox 3248 3766 3405 3834; x_wconf 73' lang='lat' dir='ltr'><strong>Quod</strong></span> 
     </span>
    </p>
   </div>
   <div class='ocr_carea' id='block_1_82' title="bbox 1819 3848 3408 3925">
    <p class='ocr_par' dir='ltr' id='par_1_82' title="bbox 1819 3848 3408 3925">
     <span class='ocr_line' id='line_1_82' title="bbox 1819 3848 3408 3925; baseline 0.006 -23"><span class='ocrx_word' id='word_1_594' title='bbox 1819 3849 1861 3903; x_wconf 77' lang='lat' dir='ltr'><strong>si.</strong></span> <span class='ocrx_word' id='word_1_595' title='bbox 1883 3858 1929 3902; x_wconf 83' lang='lat' dir='ltr'><strong>et</strong></span> <span class='ocrx_word' id='word_1_596' title='bbox 1969 3848 2127 3902; x_wconf 83' lang='lat' dir='ltr'><strong>oblita</strong></span> <span class='ocrx_word' id='word_1_597' title='bbox 2156 3850 2314 3919; x_wconf 84' lang='lat' dir='ltr'><strong>fuerit</strong></span> <span class='ocrx_word' id='word_1_598' title='bbox 2339 3849 2498 3921; x_wconf 84' lang='lat' dir='ltr'><strong>hujus</strong></span> <span class='ocrx_word' id='word_1_599' title='bbox 2525 3851 2736 3918; x_wconf 85' lang='lat' dir='ltr'><strong>mulier,</strong></span> <span class='ocrx_word' id='word_1_600' title='bbox 2764 3854 2853 3908; x_wconf 81' lang='lat' dir='ltr'><strong>sed</strong></span> <span class='ocrx_word' id='word_1_601' title='bbox 2877 3871 2968 3925; x_wconf 85' lang='lat' dir='ltr'><strong>ego</strong></span> <span class='ocrx_word' id='word_1_602' title='bbox 2997 3872 3100 3910; x_wconf 84' lang='lat' dir='ltr'><strong>non</strong></span> <span class='ocrx_word' id='word_1_603' title='bbox 3129 3856 3408 3912; x_wconf 80' lang='lat' dir='ltr'><strong>obliviscar</strong></span> 
     </span>
    </p>
   </div>
   <div class='ocr_carea' id='block_1_83' title="bbox 1821 3941 3402 4020">
    <p class='ocr_par' dir='ltr' id='par_1_83' title="bbox 1821 3941 3402 4020">
     <span class='ocr_line' id='line_1_83' title="bbox 1821 3941 3402 4020; baseline 0.008 -28"><span class='ocrx_word' id='word_1_604' title='bbox 1821 3941 1918 4005; x_wconf 87' lang='lat' dir='ltr'><strong>tui,</strong></span> <span class='ocrx_word' id='word_1_605' title='bbox 1942 3942 2075 3994; x_wconf 81' lang='lat' dir='ltr'><strong>dixit</strong></span> <span class='ocrx_word' id='word_1_606' title='bbox 2100 3941 2358 3996; x_wconf 82' lang='lat' dir='ltr'><strong>Dominus</strong></span> <span class='ocrx_word' id='word_1_607' title='bbox 2400 3941 2536 4014; x_wconf 88' lang='lat' dir='ltr'><strong>(Isa.</strong></span> <span class='ocrx_word' id='word_1_608' title='bbox 2568 3946 2737 4017; x_wconf 64' lang='grc' dir='ltr'><strong>λιιι).</strong></span> <span class='ocrx_word' id='word_1_609' title='bbox 2787 3945 3035 4003; x_wconf 89' lang='lat' dir='ltr'><strong>Dimissis</strong></span> <span class='ocrx_word' id='word_1_610' title='bbox 3069 3947 3250 4020; x_wconf 79' lang='lat' dir='ltr'><strong>itaque</strong></span> <span class='ocrx_word' id='word_1_611' title='bbox 3286 3965 3402 4005; x_wconf 86' lang='lat' dir='ltr'><strong>ser-</strong></span> 
     </span>
    </p>
   </div>
   <div class='ocr_carea' id='block_1_84' title="bbox 1821 4034 3404 4112">
    <p class='ocr_par' dir='ltr' id='par_1_84' title="bbox 1821 4034 3404 4112">
     <span class='ocr_line' id='line_1_84' title="bbox 1821 4034 3404 4112; baseline 0.006 -26"><span class='ocrx_word' id='word_1_612' title='bbox 1821 4047 2039 4086; x_wconf 81' lang='lat' dir='ltr'><strong>monum</strong></span> <span class='ocrx_word' id='word_1_613' title='bbox 2089 4047 2276 4088; x_wconf 88' lang='lat' dir='ltr'><strong>eorum</strong></span> <span class='ocrx_word' id='word_1_614' title='bbox 2312 4034 2655 4102; x_wconf 88' lang='lat' dir='ltr'><strong>tortionibus,</strong></span> <span class='ocrx_word' id='word_1_615' title='bbox 2685 4037 2881 4108; x_wconf 88' lang='lat' dir='ltr'><strong>quibus</strong></span> <span class='ocrx_word' id='word_1_616' title='bbox 2921 4038 2972 4094; x_wconf 90' lang='lat' dir='ltr'><strong>in</strong></span> <span class='ocrx_word' id='word_1_617' title='bbox 3026 4040 3110 4095; x_wconf 90' lang='lat' dir='ltr'><strong>his</strong></span> <span class='ocrx_word' id='word_1_618' title='bbox 3141 4042 3223 4096; x_wconf 83' lang='lat' dir='ltr'><strong>usi</strong></span> <span class='ocrx_word' id='word_1_619' title='bbox 3259 4053 3404 4112; x_wconf 81' lang='lat' dir='ltr'><strong>sunt,</strong></span> 
     </span>
    </p>
   </div>
   <div class='ocr_carea' id='block_1_85' title="bbox 1821 4128 3409 4206">
    <p class='ocr_par' dir='ltr' id='par_1_85' title="bbox 1821 4128 3409 4206">
     <span class='ocr_line' id='line_1_85' title="bbox 1821 4128 3409 4206; baseline 0.006 -23"><span class='ocrx_word' id='word_1_620' title='bbox 1821 4137 1875 4189; x_wconf 89' lang='lat' dir='ltr'><strong>et</strong></span> <span class='ocrx_word' id='word_1_621' title='bbox 1904 4144 1935 4184; x_wconf 90' lang='lat' dir='ltr'><strong>a</strong></span> <span class='ocrx_word' id='word_1_622' title='bbox 1973 4128 2130 4201; x_wconf 82' lang='lat' dir='ltr'><strong>longe</strong></span> <span class='ocrx_word' id='word_1_623' title='bbox 2160 4129 2393 4202; x_wconf 86' lang='lat' dir='ltr'><strong>garrulis</strong></span> <span class='ocrx_word' id='word_1_624' title='bbox 2439 4133 2983 4190; x_wconf 88' lang='lat' dir='ltr'><strong>sermocinationibus</strong></span> <span class='ocrx_word' id='word_1_625' title='bbox 3019 4135 3259 4206; x_wconf 87' lang='lat' dir='ltr'><strong>ipsorum</strong></span> <span class='ocrx_word' id='word_1_626' title='bbox 3309 4152 3409 4200; x_wconf 79' lang='lat' dir='ltr'><strong>are</strong></span> 
     </span>
    </p>
   </div>
   <div class='ocr_carea' id='block_1_86' title="bbox 1822 4222 3408 4302">
    <p class='ocr_par' dir='ltr' id='par_1_86' title="bbox 1822 4222 3408 4302">
     <span class='ocr_line' id='line_1_86' title="bbox 1822 4222 3408 4302; baseline 0.007 -26"><span class='ocrx_word' id='word_1_627' title='bbox 1822 4222 1984 4287; x_wconf 91' lang='lat' dir='ltr'><strong>dicto,</strong></span> <span class='ocrx_word' id='word_1_628' title='bbox 2007 4231 2315 4276; x_wconf 89' lang='lat' dir='ltr'><strong>sanctorum</strong></span> <span class='ocrx_word' id='word_1_629' title='bbox 2342 4222 2562 4279; x_wconf 87' lang='lat' dir='ltr'><strong>Patrum</strong></span> <span class='ocrx_word' id='word_1_630' title='bbox 2587 4227 2835 4296; x_wconf 62' lang='lat' dir='ltr'><strong>saporis!l</strong></span> <span class='ocrx_word' id='word_1_631' title='bbox 2851 4228 3180 4286; x_wconf 87' lang='lat' dir='ltr'><strong>delectemur</strong></span> <span class='ocrx_word' id='word_1_632' title='bbox 3204 4231 3408 4302; x_wconf 81' lang='lat' dir='ltr'><strong>Opinio—</strong></span> 
     </span>
    </p>
   </div>
   <div class='ocr_carea' id='block_1_87' title="bbox 1823 4307 3406 4390">
    <p class='ocr_par' dir='ltr' id='par_1_87' title="bbox 1823 4307 3406 4390">
     <span class='ocr_line' id='line_1_87' title="bbox 1823 4307 3406 4390; baseline 0.007 -23"><span class='ocrx_word' id='word_1_633' title='bbox 1823 4316 1996 4370; x_wconf 88' lang='lat' dir='ltr'><strong>nibus.</strong></span> <span class='ocrx_word' id='word_1_634' title='bbox 2023 4316 2188 4370; x_wconf 89' lang='lat' dir='ltr'><strong>Deum</strong></span> <span class='ocrx_word' id='word_1_635' title='bbox 2218 4315 2382 4386; x_wconf 88' lang='lat' dir='ltr'><strong>igitur</strong></span> <span class='ocrx_word' id='word_1_636' title='bbox 2407 4307 2774 4374; x_wconf 33' lang='lat' dir='ltr'><strong>omnes&#39;nobis</strong></span> <span class='ocrx_word' id='word_1_637' title='bbox 2802 4321 2854 4373; x_wconf 94' lang='lat' dir='ltr'><strong>in</strong></span> <span class='ocrx_word' id='word_1_638' title='bbox 2883 4321 3115 4377; x_wconf 89' lang='lat' dir='ltr'><strong>humana</strong></span> <span class='ocrx_word' id='word_1_639' title='bbox 3149 4321 3320 4378; x_wconf 82' lang='lat' dir='ltr'><strong>forma</strong></span> <span class='ocrx_word' id='word_1_640' title='bbox 3351 4325 3406 4390; x_wconf 82' lang='lat' dir='ltr'><strong>in</strong></span> 
     </span>
    </p>
   </div>
   <div class='ocr_carea' id='block_1_88' title="bbox 1822 4406 3408 4478">
    <p class='ocr_par' dir='ltr' id='par_1_88' title="bbox 1822 4406 3408 4478">
     <span class='ocr_line' id='line_1_88' title="bbox 1822 4406 3408 4478; baseline 0.006 -18"><span class='ocrx_word' id='word_1_641' title='bbox 1822 4406 2079 4460; x_wconf 89' lang='lat' dir='ltr'><strong>mundum</strong></span> <span class='ocrx_word' id='word_1_642' title='bbox 2099 4406 2396 4478; x_wconf 81' lang='lat' dir='ltr'><strong>profectum</strong></span> <span class='ocrx_word' id='word_1_643' title='bbox 2420 4423 2451 4461; x_wconf 90' lang='lat' dir='ltr'><strong>a</strong></span> <span class='ocrx_word' id='word_1_644' title='bbox 2473 4408 2789 4466; x_wconf 88' lang='lat' dir='ltr'><strong>multimodo</strong></span> <span class='ocrx_word' id='word_1_645' title='bbox 2811 4427 2907 4465; x_wconf 93' lang='lat' dir='ltr'><strong>nos</strong></span> <span class='ocrx_word' id='word_1_646' title='bbox 2934 4412 3194 4468; x_wconf 88' lang='lat' dir='ltr'><strong>idolorum</strong></span> <span class='ocrx_word' id='word_1_647' title='bbox 3223 4430 3408 4469; x_wconf 90' lang='lat' dir='ltr'><strong>errore</strong></span> 
     </span>
    </p>
   </div>
   <div class='ocr_carea' id='block_1_89' title="bbox 1821 4494 3404 4572">
    <p class='ocr_par' dir='ltr' id='par_1_89' title="bbox 1821 4494 3404 4572">
     <span class='ocr_line' id='line_1_89' title="bbox 1821 4494 3404 4572; baseline 0.005 -24"><span class='ocrx_word' id='word_1_648' title='bbox 1821 4494 2081 4550; x_wconf 84' lang='lat' dir='ltr'><strong>liberasse</strong></span> <span class='ocrx_word' id='word_1_649' title='bbox 2131 4505 2572 4551; x_wconf 79' lang='lat' dir='ltr'><strong>monstraverunt</strong></span> <span class='ocrx_word' id='word_1_650' title='bbox 2601 4517 2613 4551; x_wconf 88' lang='lat'><strong>:</strong></span> <span class='ocrx_word' id='word_1_651' title='bbox 2647 4499 2725 4554; x_wconf 90' lang='lat' dir='ltr'><strong>sic</strong></span> <span class='ocrx_word' id='word_1_652' title='bbox 2777 4500 3104 4570; x_wconf 72' lang='lat' dir='ltr'><strong>prepheticm</strong></span> <span class='ocrx_word' id='word_1_653' title='bbox 3153 4503 3404 4572; x_wconf 89' lang='lat' dir='ltr'><strong>prolocu-</strong></span> 
     </span>
    </p>
   </div>
   <div class='ocr_carea' id='block_1_90' title="bbox 1827 4586 3407 4667">
    <p class='ocr_par' dir='ltr' id='par_1_90' title="bbox 1827 4586 3407 4667">
     <span class='ocr_line' id='line_1_90' title="bbox 1827 4586 3407 4667; baseline 0.008 -29"><span class='ocrx_word' id='word_1_654' title='bbox 1827 4586 1998 4641; x_wconf 88' lang='lat' dir='ltr'><strong>tiones</strong></span> <span class='ocrx_word' id='word_1_655' title='bbox 2027 4587 2522 4656; x_wconf 80' lang='lat' dir='ltr'><strong>promulgaverunt,</strong></span> <span class='ocrx_word' id='word_1_656' title='bbox 2555 4589 2633 4644; x_wconf 90' lang='lat' dir='ltr'><strong>sic</strong></span> <span class='ocrx_word' id='word_1_657' title='bbox 2679 4591 2970 4661; x_wconf 85' lang='lat' dir='ltr'><strong>apostolica</strong></span> <span class='ocrx_word' id='word_1_658' title='bbox 3015 4595 3188 4664; x_wconf 88' lang='lat' dir='ltr'><strong>gratia</strong></span> <span class='ocrx_word' id='word_1_659' title='bbox 3220 4596 3407 4667; x_wconf 80' lang='lat' dir='ltr'><strong>expla-</strong></span> 
     </span>
    </p>
   </div>
   <div class='ocr_carea' id='block_1_91' title="bbox 1825 4678 3405 4751">
    <p class='ocr_par' dir='ltr' id='par_1_91' title="bbox 1825 4678 3405 4751">
     <span class='ocr_line' id='line_1_91' title="bbox 1825 4678 3405 4751; baseline 0.006 -19"><span class='ocrx_word' id='word_1_660' title='bbox 1825 4679 1990 4732; x_wconf 87' lang='lat' dir='ltr'><strong>navit.</strong></span> <span class='ocrx_word' id='word_1_661' title='bbox 2025 4678 2136 4732; x_wconf 89' lang='lat' dir='ltr'><strong>llac</strong></span> <span class='ocrx_word' id='word_1_662' title='bbox 2191 4694 2290 4733; x_wconf 87' lang='lat' dir='ltr'><strong>nos</strong></span> <span class='ocrx_word' id='word_1_663' title='bbox 2317 4679 2558 4734; x_wconf 88' lang='lat' dir='ltr'><strong>doctrina</strong></span> <span class='ocrx_word' id='word_1_664' title='bbox 2589 4696 2694 4736; x_wconf 89' lang='lat' dir='ltr'><strong>non</strong></span> <span class='ocrx_word' id='word_1_665' title='bbox 2747 4682 2798 4736; x_wconf 90' lang='lat' dir='ltr'><strong>in</strong></span> <span class='ocrx_word' id='word_1_666' title='bbox 2826 4687 3272 4751; x_wconf 86' lang='lat' dir='ltr'><strong>persuasibilibus</strong></span> <span class='ocrx_word' id='word_1_667' title='bbox 3302 4688 3405 4742; x_wconf 78' lang='lat' dir='ltr'><strong>hu-</strong></span> 
     </span>
    </p>
   </div>
   <div class='ocr_carea' id='block_1_92' title="bbox 144 4769 3405 4852">
    <p class='ocr_par' dir='ltr' id='par_1_92' title="bbox 144 4769 3405 4852">
     <span class='ocr_line' id='line_1_92' title="bbox 144 4769 3405 4852; baseline -0.001 -17"><span class='ocrx_word' id='word_1_668' title='bbox 144 4778 360 4847; x_wconf 71' lang='lat' dir='ltr'><strong>iusmodi</strong></span> <span class='ocrx_word' id='word_1_669' title='bbox 394 4781 612 4852; x_wconf 86' lang='lat' dir='ltr'><strong>quidem</strong></span> <span class='ocrx_word' id='word_1_670' title='bbox 656 4795 753 4849; x_wconf 87' lang='lat' dir='ltr'><strong>per</strong></span> <span class='ocrx_word' id='word_1_671' title='bbox 803 4779 1075 4833; x_wconf 87' lang='lat' dir='ltr'><strong>Christum</strong></span> <span class='ocrx_word' id='word_1_672' title='bbox 1111 4780 1283 4848; x_wconf 81' lang='lat' dir='ltr'><strong>gratia</strong></span> <span class='ocrx_word' id='word_1_673' title='bbox 1327 4796 1514 4834; x_wconf 87' lang='lat' dir='ltr'><strong>sumus</strong></span> <span class='ocrx_word' id='word_1_674' title='bbox 1545 4779 1718 4834; x_wconf 72' lang='lat' dir='ltr'><strong>(litati.</strong></span> <span class='ocrx_word' id='word_1_675' title='bbox 1753 4769 1799 4826; x_wconf 83' lang='lat' dir='ltr'><strong>D</strong></span> <span class='ocrx_word' id='word_1_676' title='bbox 1829 4787 2001 4827; x_wconf 67' lang='lat' dir='ltr'><strong>malm</strong></span> <span class='ocrx_word' id='word_1_677' title='bbox 2047 4773 2326 4843; x_wconf 58' lang='lat' dir='ltr'><strong>sapientia)</strong></span> <span class='ocrx_word' id='word_1_678' title='bbox 2373 4774 2579 4842; x_wconf 78' lang='lat' dir='ltr'><strong>verbis,</strong></span> <span class='ocrx_word' id='word_1_679' title='bbox 2611 4774 2705 4830; x_wconf 82' lang='lat' dir='ltr'><strong>sed</strong></span> <span class='ocrx_word' id='word_1_680' title='bbox 2735 4775 2788 4828; x_wconf 83' lang='lat' dir='ltr'><strong>in</strong></span> <span class='ocrx_word' id='word_1_681' title='bbox 2821 4780 3131 4835; x_wconf 87' lang='lat' dir='ltr'><strong>ostensione</strong></span> <span class='ocrx_word' id='word_1_682' title='bbox 3161 4781 3405 4852; x_wconf 83' lang='lat' dir='ltr'><strong>spiritus,</strong></span> 
     </span>
    </p>
   </div>
   <div class='ocr_carea' id='block_1_93' title="bbox 149 4869 1718 4939">
    <p class='ocr_par' dir='ltr' id='par_1_93' title="bbox 149 4869 1718 4939">
     <span class='ocr_line' id='line_1_93' title="bbox 149 4869 1718 4939; baseline 0 -14"><span class='ocrx_word' id='word_1_683' title='bbox 149 4870 232 4926; x_wconf 78' lang='lat' dir='ltr'><strong>llis</strong></span> <span class='ocrx_word' id='word_1_684' title='bbox 261 4874 540 4928; x_wconf 87' lang='lat' dir='ltr'><strong>dicendqu</strong></span> <span class='ocrx_word' id='word_1_685' title='bbox 569 4879 653 4927; x_wconf 86' lang='lat' dir='ltr'><strong>est</strong></span> <span class='ocrx_word' id='word_1_686' title='bbox 697 4870 787 4938; x_wconf 92' lang='lat' dir='ltr'><strong>qui</strong></span> <span class='ocrx_word' id='word_1_687' title='bbox 817 4869 996 4923; x_wconf 74' lang='lat' dir='ltr'><strong>ornuia</strong></span> <span class='ocrx_word' id='word_1_688' title='bbox 1039 4879 1389 4939; x_wconf 62' lang='lat' dir='ltr'><strong>praesumunt.</strong></span> <span class='ocrx_word' id='word_1_689' title='bbox 1451 4870 1619 4925; x_wconf 88' lang='lat' dir='ltr'><strong>Porro</strong></span> <span class='ocrx_word' id='word_1_690' title='bbox 1673 4869 1718 4925; x_wconf 89' lang='lat' dir='ltr'><strong>si</strong></span> 
     </span>
    </p>
   </div>
   <div class='ocr_carea' id='block_1_94' title="bbox 147 4958 1722 5033">
    <p class='ocr_par' dir='ltr' id='par_1_94' title="bbox 147 4958 1722 5033">
     <span class='ocr_line' id='line_1_94' title="bbox 147 4958 1722 5033; baseline -0.002 -12"><span class='ocrx_word' id='word_1_691' title='bbox 147 4966 362 5022; x_wconf 66' lang='lat' dir='ltr'><strong>oorvfessi</strong></span> <span class='ocrx_word' id='word_1_692' title='bbox 420 4965 639 5029; x_wconf 82' lang='lat' dir='ltr'><strong>fuerint,</strong></span> <span class='ocrx_word' id='word_1_693' title='bbox 689 4964 806 5018; x_wconf 82' lang='lat' dir='ltr'><strong>haec</strong></span> <span class='ocrx_word' id='word_1_694' title='bbox 841 4958 957 5018; x_wconf 79' lang='lat' dir='ltr'><strong>nos&#39;</strong></span> <span class='ocrx_word' id='word_1_695' title='bbox 985 4978 1104 5031; x_wconf 80' lang='lat' dir='ltr'><strong>qua:</strong></span> <span class='ocrx_word' id='word_1_696' title='bbox 1134 4979 1295 5033; x_wconf 88' lang='lat' dir='ltr'><strong>super</strong></span> <span class='ocrx_word' id='word_1_697' title='bbox 1323 4963 1544 5018; x_wconf 90' lang='lat' dir='ltr'><strong>verbum</strong></span> <span class='ocrx_word' id='word_1_698' title='bbox 1595 4971 1722 5020; x_wconf 90' lang='lat' dir='ltr'><strong>sunt</strong></span> 
     </span>
    </p>
   </div>
   <div class='ocr_carea' id='block_1_95' title="bbox 147 5053 1721 5128">
    <p class='ocr_par' dir='ltr' id='par_1_95' title="bbox 147 5053 1721 5128">
     <span class='ocr_line' id='line_1_95' title="bbox 147 5053 1721 5128; baseline 0 -20"><span class='ocrx_word' id='word_1_699' title='bbox 147 5057 291 5123; x_wconf 79' lang='lat' dir='ltr'><strong>bona</strong></span> <span class='ocrx_word' id='word_1_700' title='bbox 327 5073 424 5126; x_wconf 88' lang='lat' dir='ltr'><strong>per</strong></span> <span class='ocrx_word' id='word_1_701' title='bbox 453 5057 732 5112; x_wconf 84' lang='lat' dir='ltr'><strong>Christum</strong></span> <span class='ocrx_word' id='word_1_702' title='bbox 785 5053 1066 5118; x_wconf 78' lang='lat' dir='ltr'><strong>rneruisse,</strong></span> <span class='ocrx_word' id='word_1_703' title='bbox 1115 5055 1206 5110; x_wconf 90' lang='lat' dir='ltr'><strong>sed</strong></span> <span class='ocrx_word' id='word_1_704' title='bbox 1236 5063 1357 5124; x_wconf 90' lang='lat' dir='ltr'><strong>post</strong></span> <span class='ocrx_word' id='word_1_705' title='bbox 1389 5055 1489 5111; x_wconf 88' lang='lat' dir='ltr'><strong>hoc</strong></span> <span class='ocrx_word' id='word_1_706' title='bbox 1529 5056 1721 5128; x_wconf 88' lang='lat' dir='ltr'><strong>priori-</strong></span> 
     </span>
    </p>
   </div>
   <div class='ocr_carea' id='block_1_96' title="bbox 144 5144 1723 5202">
    <p class='ocr_par' dir='ltr' id='par_1_96' title="bbox 144 5144 1723 5202">
     <span class='ocr_line' id='line_1_96' title="bbox 144 5144 1723 5202; baseline 0 -2"><span class='ocrx_word' id='word_1_707' title='bbox 144 5144 234 5200; x_wconf 87' lang='lat' dir='ltr'><strong>bus</strong></span> <span class='ocrx_word' id='word_1_708' title='bbox 267 5148 439 5202; x_wconf 87' lang='lat' dir='ltr'><strong>denuo</strong></span> <span class='ocrx_word' id='word_1_709' title='bbox 482 5145 794 5202; x_wconf 87' lang='lat' dir='ltr'><strong>submissos</strong></span> <span class='ocrx_word' id='word_1_710' title='bbox 823 5158 942 5198; x_wconf 91' lang='lat' dir='ltr'><strong>esse</strong></span> <span class='ocrx_word' id='word_1_711' title='bbox 971 5145 1243 5199; x_wconf 88' lang='lat' dir='ltr'><strong>erroribus</strong></span> <span class='ocrx_word' id='word_1_712' title='bbox 1277 5161 1290 5200; x_wconf 86' lang='lat'><strong>:</strong></span> <span class='ocrx_word' id='word_1_713' title='bbox 1326 5144 1595 5202; x_wconf 80' lang='lat' dir='ltr'><strong>inﬁrmata</strong></span> <span class='ocrx_word' id='word_1_714' title='bbox 1640 5154 1723 5200; x_wconf 89' lang='lat' dir='ltr'><strong>est</strong></span> 
     </span>
    </p>
   </div>
   <div class='ocr_carea' id='block_1_97' title="bbox 127 5235 1721 5306">
    <p class='ocr_par' dir='ltr' id='par_1_97' title="bbox 127 5235 1721 5306">
     <span class='ocr_line' id='line_1_97' title="bbox 127 5235 1721 5306; baseline -0.001 -17"><span class='ocrx_word' id='word_1_715' title='bbox 127 5249 261 5306; x_wconf 82' lang='lat' dir='ltr'><strong>ergo</strong></span> <span class='ocrx_word' id='word_1_716' title='bbox 299 5239 589 5294; x_wconf 86' lang='lat' dir='ltr'><strong>secundum</strong></span> <span class='ocrx_word' id='word_1_717' title='bbox 625 5237 782 5306; x_wconf 89' lang='lat' dir='ltr'><strong>ipsos</strong></span> <span class='ocrx_word' id='word_1_718' title='bbox 811 5236 979 5303; x_wconf 85' lang='lat' dir='ltr'><strong>gratia</strong></span> <span class='ocrx_word' id='word_1_719' title='bbox 1009 5250 1126 5303; x_wconf 63' lang='lat' dir='ltr'><strong>quae</strong></span> <span class='ocrx_word' id='word_1_720' title='bbox 1171 5251 1266 5305; x_wconf 85' lang='lat' dir='ltr'><strong>per</strong></span> <span class='ocrx_word' id='word_1_721' title='bbox 1298 5235 1553 5304; x_wconf 89' lang='lat' dir='ltr'><strong>Spiritum</strong></span> <span class='ocrx_word' id='word_1_722' title='bbox 1599 5238 1721 5291; x_wconf 88' lang='lat' dir='ltr'><strong>data</strong></span> 
     </span>
    </p>
   </div>
   <div class='ocr_carea' id='block_1_98' title="bbox 143 5324 1576 5381">
    <p class='ocr_par' dir='ltr' id='par_1_98' title="bbox 143 5324 1576 5381">
     <span class='ocr_line' id='line_1_98' title="bbox 143 5324 1576 5381; baseline -0.006 -10"><span class='ocrx_word' id='word_1_723' title='bbox 143 5340 216 5371; x_wconf 60' lang='lat' dir='ltr'><strong>“SI</strong></span> <span class='ocrx_word' id='word_1_724' title='bbox 270 5347 333 5365; x_wconf 72' lang='grc' dir='ltr'><strong>πο</strong></span> <span class='ocrx_word' id='word_1_725' title='bbox 359 5331 690 5381; x_wconf 56' lang='lat' dir='ltr'><strong>sufﬁcienter</strong></span> <span class='ocrx_word' id='word_1_726' title='bbox 717 5339 888 5370; x_wconf 67' lang='lat' dir='ltr'><strong>IIGIIIID</strong></span> <span class='ocrx_word' id='word_1_727' title='bbox 921 5325 970 5362; x_wconf 65' lang='lat' dir='ltr'><strong>in</strong></span> <span class='ocrx_word' id='word_1_728' title='bbox 1007 5324 1162 5364; x_wconf 61' lang='lat' dir='ltr'><strong>“luam</strong></span> <span class='ocrx_word' id='word_1_729' title='bbox 1193 5343 1310 5364; x_wconf 76' lang='lat' dir='ltr'><strong>num</strong></span> <span class='ocrx_word' id='word_1_730' title='bbox 1365 5329 1444 5354; x_wconf 46' lang='lat' dir='ltr'><strong>&quot;L—</strong></span> <span class='ocrx_word' id='word_1_731' title='bbox 1497 5348 1534 5356; x_wconf 58' lang='grc' dir='ltr'><strong>αι</strong></span> <span class='ocrx_word' id='word_1_732' title='bbox 1566 5332 1576 5341; x_wconf 80' lang='grc'><strong>⁸</strong></span> 
     </span>
    </p>
   </div>
   <div class='ocr_carea' id='block_1_99' title="bbox 1824 4869 3407 4939">
    <p class='ocr_par' dir='ltr' id='par_1_99' title="bbox 1824 4869 3407 4939">
     <span class='ocr_line' id='line_1_99' title="bbox 1824 4869 3407 4939; baseline 0.006 -16"><span class='ocrx_word' id='word_1_733' title='bbox 1824 4869 1961 4923; x_wconf 80' lang='lat' dir='ltr'><strong>sicut</strong></span> <span class='ocrx_word' id='word_1_734' title='bbox 2011 4869 2269 4939; x_wconf 90' lang='lat' dir='ltr'><strong>scriptum</strong></span> <span class='ocrx_word' id='word_1_735' title='bbox 2334 4877 2453 4934; x_wconf 88' lang='lat' dir='ltr'><strong>est,</strong></span> <span class='ocrx_word' id='word_1_736' title='bbox 2505 4871 2784 4926; x_wconf 86' lang='lat' dir='ltr'><strong>certiﬁcati</strong></span> <span class='ocrx_word' id='word_1_737' title='bbox 2839 4890 3045 4932; x_wconf 90' lang='lat' dir='ltr'><strong>sumus.</strong></span> <span class='ocrx_word' id='word_1_738' title='bbox 3095 4876 3212 4934; x_wconf 86' lang='lat' dir='ltr'><strong>Non</strong></span> <span class='ocrx_word' id='word_1_739' title='bbox 3264 4879 3407 4934; x_wconf 89' lang='lat' dir='ltr'><strong>enim</strong></span> 
     </span>
    </p>
   </div>
   <div class='ocr_carea' id='block_1_100' title="bbox 1827 4961 3412 5040">
    <p class='ocr_par' dir='ltr' id='par_1_100' title="bbox 1827 4961 3412 5040">
     <span class='ocr_line' id='line_1_100' title="bbox 1827 4961 3412 5040; baseline 0.007 -27"><span class='ocrx_word' id='word_1_740' title='bbox 1827 4973 1924 5013; x_wconf 91' lang='lat' dir='ltr'><strong>nos</strong></span> <span class='ocrx_word' id='word_1_741' title='bbox 1951 4975 2260 5015; x_wconf 89' lang='lat' dir='ltr'><strong>sermonum</strong></span> <span class='ocrx_word' id='word_1_742' title='bbox 2310 4961 2595 5020; x_wconf 87' lang='lat' dir='ltr'><strong>suasiones</strong></span> <span class='ocrx_word' id='word_1_743' title='bbox 2643 4964 2722 5020; x_wconf 92' lang='lat' dir='ltr'><strong>sic</strong></span> <span class='ocrx_word' id='word_1_744' title='bbox 2763 4965 2965 5024; x_wconf 87' lang='lat' dir='ltr'><strong>habere</strong></span> <span class='ocrx_word' id='word_1_745' title='bbox 2999 4969 3244 5026; x_wconf 78' lang='lat' dir='ltr'><strong>fecerunt</strong></span> <span class='ocrx_word' id='word_1_746' title='bbox 3276 4984 3290 5022; x_wconf 90' lang='lat'><strong>:</strong></span> <span class='ocrx_word' id='word_1_747' title='bbox 3324 4986 3412 5040; x_wconf 89' lang='lat' dir='ltr'><strong>pa-</strong></span> 
     </span>
    </p>
   </div>
   <div class='ocr_carea' id='block_1_101' title="bbox 1827 5053 3416 5131">
    <p class='ocr_par' dir='ltr' id='par_1_101' title="bbox 1827 5053 3416 5131">
     <span class='ocr_line' id='line_1_101' title="bbox 1827 5053 3416 5131; baseline 0.01 -29"><span class='ocrx_word' id='word_1_748' title='bbox 1827 5067 2088 5122; x_wconf 79' lang='lat' dir='ltr'><strong>ganorum</strong></span> <span class='ocrx_word' id='word_1_749' title='bbox 2131 5053 2273 5107; x_wconf 90' lang='lat' dir='ltr'><strong>enim</strong></span> <span class='ocrx_word' id='word_1_750' title='bbox 2323 5053 2567 5123; x_wconf 88' lang='lat' dir='ltr'><strong>esthoc;</strong></span> <span class='ocrx_word' id='word_1_751' title='bbox 2627 5055 2721 5111; x_wconf 87' lang='lat' dir='ltr'><strong>sed</strong></span> <span class='ocrx_word' id='word_1_752' title='bbox 2785 5058 3024 5128; x_wconf 82' lang='lat' dir='ltr'><strong>ipsarum</strong></span> <span class='ocrx_word' id='word_1_753' title='bbox 3084 5077 3262 5119; x_wconf 83' lang='lat' dir='ltr'><strong>rerum</strong></span> <span class='ocrx_word' id='word_1_754' title='bbox 3294 5077 3416 5131; x_wconf 70' lang='lat' dir='ltr'><strong>qurc</strong></span> 
     </span>
    </p>
   </div>
   <div class='ocr_carea' id='block_1_102' title="bbox 1827 5145 3418 5223">
    <p class='ocr_par' dir='ltr' id='par_1_102' title="bbox 1827 5145 3418 5223">
     <span class='ocr_line' id='line_1_102' title="bbox 1827 5145 3418 5223; baseline 0.004 -21"><span class='ocrx_word' id='word_1_755' title='bbox 1827 5148 2163 5202; x_wconf 75' lang='lat' dir='ltr'><strong>conﬁrmata:</strong></span> <span class='ocrx_word' id='word_1_756' title='bbox 2209 5156 2333 5203; x_wconf 89' lang='lat' dir='ltr'><strong>sunt</strong></span> <span class='ocrx_word' id='word_1_757' title='bbox 2377 5145 2814 5223; x_wconf 62' lang='lat' dir='ltr'><strong>[consummatae]</strong></span> <span class='ocrx_word' id='word_1_758' title='bbox 2861 5159 3087 5214; x_wconf 78' lang='lat' dir='ltr'><strong>veritas,</strong></span> <span class='ocrx_word' id='word_1_759' title='bbox 3142 5156 3274 5211; x_wconf 77' lang='lat' dir='ltr'><strong>Nam</strong></span> <span class='ocrx_word' id='word_1_760' title='bbox 3325 5154 3418 5210; x_wconf 88' lang='lat' dir='ltr'><strong>ubi</strong></span> 
     </span>
    </p>
   </div>
   <div class='ocr_carea' id='block_1_103' title="bbox 1830 5239 3422 5307">
    <p class='ocr_par' dir='ltr' id='par_1_103' title="bbox 1830 5239 3422 5307">
     <span class='ocr_line' id='line_1_103' title="bbox 1830 5239 3422 5307; baseline -0.003 -15"><span class='ocrx_word' id='word_1_761' title='bbox 1830 5239 2232 5307; x_wconf 86' lang='lat' dir='ltr'><strong>estperniciosa</strong></span> <span class='ocrx_word' id='word_1_762' title='bbox 2261 5239 2652 5296; x_wconf 68' lang='lat' dir='ltr'><strong>dmmoniorum</strong></span> <span class='ocrx_word' id='word_1_763' title='bbox 2687 5240 2872 5295; x_wconf 87' lang='lat' dir='ltr'><strong>acies?</strong></span> <span class='ocrx_word' id='word_1_764' title='bbox 2907 5250 3000 5305; x_wconf 70' lang='lat' dir='ltr'><strong>ubi</strong></span> <span class='ocrx_word' id='word_1_765' title='bbox 3031 5251 3217 5304; x_wconf 64' lang='lat' dir='ltr'><strong>inanes</strong></span> <span class='ocrx_word' id='word_1_766' title='bbox 3243 5254 3296 5298; x_wconf 75' lang='lat' dir='ltr'><strong>et</strong></span> <span class='ocrx_word' id='word_1_767' title='bbox 3326 5257 3422 5297; x_wconf 72' lang='lat' dir='ltr'><strong>ex.</strong></span> 
     </span>
    </p>
   </div>
   <div class='ocr_carea' id='block_1_104' title="bbox 2433 5327 3388 5372">
    <p class='ocr_par' dir='ltr' id='par_1_104' title="bbox 2433 5327 3388 5372">
     <span class='ocr_line' id='line_1_104' title="bbox 2433 5327 3388 5372; baseline 0 -2"><span class='ocrx_word' id='word_1_768' title='bbox 2433 5327 2444 5334; x_wconf 53' lang='grc'><strong>’</strong></span> <span class='ocrx_word' id='word_1_769' title='bbox 2607 5331 2617 5338; x_wconf 73' lang='grc'><strong>’</strong></span> <span class='ocrx_word' id='word_1_770' title='bbox 2688 5329 2698 5336; x_wconf 72' lang='grc'><em>’</em></span> <span class='ocrx_word' id='word_1_771' title='bbox 2852 5333 2870 5340; x_wconf 32' lang='grc' dir='ltr'><strong><em>κ</em></strong></span> <span class='ocrx_word' id='word_1_772' title='bbox 2944 5338 2994 5358; x_wconf 55' lang='grc' dir='ltr'><strong>¹ν⁶</strong></span> <span class='ocrx_word' id='word_1_773' title='bbox 3039 5342 3061 5358; x_wconf 89' lang='lat'><em>&quot;</em></span> <span class='ocrx_word' id='word_1_774' title='bbox 3093 5341 3104 5356; x_wconf 95' lang='lat'>&#39;</span> <span class='ocrx_word' id='word_1_775' title='bbox 3144 5338 3153 5348; x_wconf 84' lang='grc'><strong><em>⁸</em></strong></span> <span class='ocrx_word' id='word_1_776' title='bbox 3194 5331 3388 5372; x_wconf 75' lang='grc' dir='ltr'><strong>ηηιηίιιῖ</strong></span> 
     </span>
    </p>
   </div>
   <div class='ocr_carea' id='block_1_105' title="bbox 3194 5346 3420 5374">
    <p class='ocr_par' dir='ltr' id='par_1_105' title="bbox 3194 5346 3420 5374">
     <span class='ocr_line' id='line_1_105' title="bbox 3194 5346 3420 5374; baseline -0.018 -2"><span class='ocrx_word' id='word_1_777' title='bbox 3194 5346 3420 5374; x_wconf 74' lang='grc' dir='ltr'><strong>ηηιηηιια</strong></span> 
     </span>
    </p>
   </div>
  </div>
