3980 6296
501 388 608 447 ιθῦ

1031 366 1106 386 Ψ
1205 365 1218 372 ’
1654 375 1925 437 ANASTA
1933 374 2018 434 Sll
2051 369 2597 434 BIBLIO'I‘HECARII

3665 375 3771 439 £96

501 514 748 563 catorum
777 501 1001 558 deorum
1033 499 1212 558 taliter
1231 495 1652 558 delectandum?
1687 495 1876 552 Nonne
1907 494 2088 551 omnia
2119 496 2170 556 Α
2198 501 2253 548 te
2280 493 2535 550 collectos
2569 493 2708 552 ﬁlios
2733 499 2872 560 tuos,
2903 493 2995 566 qui
3019 493 3270 566 luporum
3297 490 3771 567 congressionibus

501 597 766 669 unigeniti
806 595 928 651 Filii
965 595 1060 650 Dei
1087 594 1320 650 adventu
1347 592 1646 665 perierunt,
1678 599 1735 646 et
1772 588 1935 646 finem
1965 604 2090 660 pro-
2133 601 2142 610 ’

502 691 843 746 fanissimum
893 687 1284 758 susceperunt?
1320 685 1510 742 Nonne
1557 683 1781 756 pulchre
1816 681 2088 756 quondam

502 784 752 840 dedicata
771 797 956 838 eorum
988 781 1208 852 templa,
1241 796 1383 836 nunc
1416 776 1790 851 imperatoriis
1809 777 1942 834 elisa
1965 777 2090 850 jus-

502 877 580 933 sis
605 885 660 932 et
685 875 751 932 ad
775 885 976 930 terram
1004 883 1277 945 prostrata
1299 873 1458 928 sunt?
1485 872 1674 929 Nonne
1703 870 1979 928 memoria:
2007 871 2091 943 ip-

503 982 686 1023 sorum
706 966 1026 1022 abomnium
1053 966 1215 1022 corde
1228 965 1662 1022 Christianorum
1683 965 2087 1037 disparuerunt,

505 1069 557 1115 et
593 1059 723 1114 illud
755 1058 1055 1130 prophetiae
1106 1057 1237 1126 ipsis
1262 1057 1424 1112 rebus
1453 1056 1654 1113 factum
1684 1055 1984 1126 aspicitur;
2011 1056 2092 1110 vi-

505 1152 702 1210 delicet
727 1170 741 1206 :
772 1150 984 1221 Repleta
1015 1159 1090 1205 est
1113 1159 1254 1204 terra
1283 1150 1628 1220 cognoscendi
1655 1149 1942 1204 Dominum
1963 1165 2093 1221 qua-

503 1245 550 1298 si
572 1260 710 1318 aqua
756 1241 922 1297 multa
959 1258 1078 1313 quae
1116 1241 1280 1312 operit
1308 1257 1453 1296 mare
1481 1239 1759 1314 (lamin)?
1790 1239 2092 1295 Adoremus

503 1335 672 1408 igitur
697 1333 984 1390 Dominum
1009 1333 1102 1406 qui
1124 1333 1394 1404 apparuit,
1418 1332 1568 1387 etab
1593 1332 1696 1387 hoc
1724 1345 1822 1386 nos
1851 1329 2088 1386 saevissi-

503 1445 596 1486 Ino
628 1427 878 1484 liberavit
901 1442 1110 1482 errore.
1142 1425 1411 1498 llymnum
1449 1423 1694 1480 dicamus
1715 1423 1884 1494 ipsius
1911 1420 2090 1477 inlini-

504 1529 576 1576 ta:
604 1518 1010 1581 misericordiae,
1049 1517 1405 1589 praedicemus
1436 1513 1690 1572 Ecclesia:
1719 1523 1920 1570 nostra:
1941 1510 2094 1567 altis-

502 1612 646 1669 simo
683 1611 853 1668 monti
882 1596 1200 1666 horribilem
1225 1615 1283 1664 et
1312 1605 1638 1663 iuell‘abilem
1669 1601 2092 1676 dispensationis

502 1705 622 1776 ejus
667 1703 1090 1760 condescensum
1145 1699 1538 1773 [consensum].
1584 1696 1896 1753 Exaltemus
1929 1709 2092 1751 voces

503 1799 560 1855 in
601 1795 936 1860 fortitudine,
983 1801 1132 1849 etne
1176 1807 1464 1863 parcamus
1491 1790 1948 1863 magniﬁcentiam
1978 1803 2094 1843 ma-

2202 585 2434 657 dispersi
2457 595 2607 643 sunt.
2631 586 2857 643 Plenum
2887 587 2981 644 tibi
3011 603 3131 645 esse
3155 603 3318 644 omne
3340 588 3772 645 sacratissimum

2192 677 2300 734 hoc
2351 677 2535 734 divino
2577 679 2796 736 decreto
2863 679 3124 750 templum
3169 679 3521 751 conspicitur.
3572 679 3775 736 Crebro

2191 769 2396 827 mentis
2449 779 2558 826 tua:
2581 770 2722 827 saltu
2748 771 3044 828 bestiarum
3075 786 3382 844 preoccupa
3435 771 3694 843 impetus,
3723 781 3775 829 et

2193 862 2294 920 bos
2323 862 2654 934 pmveniens
2676 861 2941 934 sapientia
2974 870 3062 918 tua
3104 862 3350 921 exclude.
3383 861 3613 934 Semper
3652 865 3774 920 ovili

2192 962 2286 1011 tuo
2334 955 2785 1027 tranquillitatem
2816 955 3067 1012 concilia.
3100 955 3390 1012 Przemium
3444 966 3629 1014 autem
3677 958 3777 1014 hoc

2192 1043 2578 1124 frequentibus
2613 1059 2678 1100 ac
2729 1044 2868 1101 bene
2905 1046 3225 1104 sonantibus
3266 1046 3333 1102 ad
3368 1045 3536 1103 Deum
3567 1047 3778 1104 emissis

2191 1135 2552 1204 orationibus,
2577 1145 2642 1214 ut
2667 1135 2764 1193 tibi
2792 1137 2846 1192 in
2878 1137 3281 1193 multitudinem
3309 1147 3575 1209 augeatur
3599 1153 3782 1195 securi.

2194 1231 2321 1288 dum
2368 1231 2823 1314 repromissiones
2865 1249 2986 1305 qua:
3013 1243 3140 1290 sunt
3190 1233 3242 1290 in
3275 1234 3554 1290 Abraham
3613 1234 3782 1290 instar

2195 1336 2468 1383 astrorum
2513 1326 2727 1383 numeri
2759 1326 2939 1383 factas.
2995 1325 3188 1383 Gaude
3235 1341 3365 1382 vero
3392 1336 3448 1384 et
3482 1335 3563 1393 tu,
3589 1325 3782 1383 Nicen-

2193 1422 2336 1479 sium
2380 1420 2580 1494 inclyta
2606 1423 2760 1489 urbs,
2807 1423 2950 1479 inter
2978 1420 3306 1493 metropoles
3350 1420 3784 1491 opinatissimum

2194 1530 2417 1582 nomen,
2447 1513 2879 1587 Bithyniensium
2908 1510 3210 1586 provincia:
3235 1512 3647 1586 gloriosissima:
3673 1512 3784 1584 pri-

2195 1605 2398 1663 mitias:
2425 1619 2546 1676 quae
2595 1605 2747 1677 prius
2776 1604 2996 1677 quidem
3027 1611 3338 1660 sanctorum
3368 1603 3556 1659 decem
3586 1613 3643 1658 et
3664 1613 3783 1660 octo

2197 1707 2674 1769 trecentorumque
2701 1697 3032 1754 deiferorum
3055 1695 3277 1752 Patrum
3304 1695 3552 1768 vestigiis
3577 1697 3783 1754 sancti-

2198 1790 2357 1848 ﬁcata
2399 1807 2482 1858 es,
2543 1807 2688 1848 nunc
2724 1799 2907 1848 autem
2962 1791 3156 1847 borum
3205 1803 3590 1846 successorum
3637 1804 3788 1861 mque

497 1888 714 1958 jestatis
737 1886 854 1957 ejus
899 1881 1522 1956 incomprehensibilem,
1576 1881 1786 1937 scilicet
1837 1879 2092 1936 allectum
2121 1887 2170 1950 Β
2198 1893 2566 1942 trecentorum
2585 1900 2708 1942 cum
2739 1884 2978 1956 quinque
2997 1881 3294 1939 decadibus
3321 1897 3612 1939 numerum
3641 1893 3790 1939 coni.~

504 1996 667 2054 quem
715 1994 844 2050 erga
873 1994 973 2034 nos
1015 1976 1283 2044 exhibuit,
1329 1983 1669 2034 cnarrantes.
1726 1973 1979 2029 Dicamus
2025 1973 2095 2028 ad

505 2088 633 2130 eum
662 2081 720 2128 et
751 2087 850 2127 nos
889 2086 1012 2126 cum
1042 2069 1306 2141 propheta
1336 2085 1351 2123 :
1384 2067 1516 2136 Qui:
1562 2066 1700 2123 Deus
1733 2068 1866 2122 sicut
1893 2076 1972 2133 tu,
1996 2082 2097 2120 au-

507 2163 682 2236 ferens
717 2162 1041 2232 iniquitates,
1071 2169 1120 2214 et
1151 2159 1420 2214 occultans
1441 2167 1656 2230 peccata
1677 2158 1900 2212 residuis
1929 2157 2095 2212 haere-

505 2256 690 2312 ditatis
734 2265 840 2309 tua!
883 2254 1074 2321 (Micio.
1131 2251 1264 2321 vn)?
1307 2251 1576 2308 Praeterea
1603 2252 1802 2306 choros
1833 2251 2096 2306 ducamus

505 2363 630 2404 cum
675 2345 930 2418 pr:esenti
963 2359 1122 2400 sacro
1169 2342 1520 2409 commercio,
1563 2357 1663 2398 ave
1691 2341 1762 2397 illi
1795 2341 1945 2398 aﬂ‘ati
1975 2351 2094 2396 tan-

506 2456 672 2513 quam
718 2438 899 2512 gaudii
927 2437 1174 2493 bravium
1203 2437 1520 2493 tribuentes.
1565 2435 1752 2492 Gaude
1785 2435 1968 2507 igitur,
2001 2451 2091 2492 sa-

505 2533 874 2590 cratissimum
905 2530 1194 2601 collegium
1224 2529 1392 2585 divini
1421 2543 1488 2584 ac
1535 2528 1737 2584 sacrati
1765 2536 2088 2585 conventus.

504 2623 783 2687 Gaudete,
815 2631 1128 2678 sanctorum
1167 2619 1388 2674 Patrum
1421 2618 1750 2675 sanctissimi
1781 2633 2093 2689 propugna-

502 2724 671 2770 tores.
725 2712 915 2769 Gaude
961 2712 1079 2768 sine
1118 2710 1404 2767 mendacio
1441 2709 1806 2781 congregatio,
1839 2707 1892 2764 in
1940 2707 2095 2779 cujus

500 2808 683 2868 medio
709 2807 854 2864 Deus
881 2803 1203 2870 inambulat,
1225 2804 1367 2860 sicut
1386 2803 1647 2874 scriptum
1671 2812 1754 2858 est
1778 2801 1953 2874 (Psai.
1976 2800 2090 2874 cv).

501 2903 712 2967 Gaude,
776 2899 1064 2958 concilium
1115 2897 1344 2968 spiritali
1381 2895 1723 2967 apparitione
1771 2893 2033 2951 refertum
2074 2911 2088 2948 :

503 3015 572 3054 ex
602 3014 710 3069 qua
737 2998 829 3068 qui
867 2997 1190 3056 illustratur,
1223 3010 1330 3050 non
1360 2993 1598 3050 offendet
1617 2993 1686 3048 ad
1720 2992 1954 3064 lapidem
1982 2993 2094 3049 hae-

499 3089 691 3143 reticze
732 3087 987 3157 falsaeque
1038 3085 1326 3140 locutionis
1373 3084 1648 3155 spiritales
1673 3083 1866 3138 anima:
1905 3085 2088 3154 pedes.

502 3182 709 3246 Gaude,
759 3181 1065 3253 speculator
1107 3179 1410 3234 divinarum
1444 3179 1878 3250 indagationum;
1926 3194 2088 3250 quem

2197 1978 2482 2051 plentium,
2520 1993 2584 2034 ac
2632 1966 3051 2034 reverenddrnm
3081 1976 3473 2032 monachorum
3527 1977 3620 2046 qui
3654 1991 3786 2048 pene

2199 2069 2611 2129 innumerabilis
2649 2078 2777 2126 sunt
2801 2067 3182 2131 multitudinis,
3211 2067 3416 2124 eisdem
3447 2067 3784 2124 benedictio-

2196 2163 2360 2220 nibus
2405 2160 2894 2236 [benedictionum]
2927 2161 3260 2217 circumdata
3297 2175 3358 2244 es
3385 2161 3626 2234 gratiis,
3651 2163 3708 2217 lu
3735 2171 3784 2218 te

2196 2257 2395 2328 quippe
2433 2254 2772 2312 orthodoxia:
2803 2253 3142 2328 [orthodoxa
3193 2253 3342 2328 ﬁdei]
3374 2254 3787 2310 fundamentum

2197 2364 2230 2404 a
2274 2347 2510 2420 quadam
2564 2347 2805 2403 satanica
2863 2346 3217 2404 subversione
3255 2361 3582 2402 concussum
3636 2361 3788 2417 pem-

2195 2443 2448 2500 cliturum
2473 2441 2925 2518 [periclitaturam
2952 2461 2965 2498 :
2991 2443 3126 2514 forte
3139 2442 3304 2508 deest,
3325 2442 3420 2498 sed
3443 2439 3602 2514 non].
3624 2439 3788 2496 stabio

2195 2535 2478 2592 limentum
2533 2535 2652 2592 sine
2691 2535 3104 2606 perturbatione
3151 2535 3414 2607 percepit.
3447 2533 3504 2589 In
3534 2543 3589 2589 te
3619 2532 3789 2590 feram

2195 2627 2344 2684 illam
2389 2637 2441 2684 et
2477 2627 2740 2685 immitem
2770 2628 3038 2693 bestiam,
3085 2627 3273 2682 Arium
3311 2626 3544 2691 scilicet,
3577 2625 3792 2680 divinus

2195 2715 2288 2772 ille
2335 2717 2560 2774 Patrum
2599 2718 2802 2774 chorus
2851 2717 3025 2775 sacris
3071 2716 3478 2787 Scripturarum
3535 2715 3792 2786 expansis

2195 2809 2436 2878 captavit
2475 2808 2703 2872 retibus,
2730 2817 2786 2864 et
2819 2807 3154 2864 terribilibus
3195 2806 3636 2863 anathemalibus
3665 2821 3788 2876 per-

2194 2899 2349 2967 culit,
2388 2908 2439 2956 et
2480 2900 2608 2956 hinc
2653 2899 2848 2956 Filium
2902 2901 2998 2956 Dei
3047 2909 3103 2955 et
3137 2899 3336 2966 Patris,
3395 2897 3686 2954 Dominum
3736 2905 3790 2953 et

2199 2993 2718 3050 consubstantialem
2759 2993 3031 3066 gignenti,
3061 2993 3240 3049 omnis
3267 2999 3458 3046 natura
3499 2991 3782 3046 hominum

2193 3088 2492 3159 pr:edicarc
2553 3087 2878 3148 didicimus;
2941 3096 2998 3143 et
3050 3085 3252 3142 idcirco
3307 3097 3549 3156 praesens
3615 3098 3793 3138 sacra-

2197 3179 2476 3234 tissimum
2533 3186 2875 3250 compactum
2945 3177 3104 3249 hujus
3161 3175 3434 3232 numerosi
3489 3184 3793 3231 conventus

502 3273 594 3343 qni
619 3272 862 3328 modeste
891 3271 1156 3341 sequitur,
1184 3286 1214 3324 a
1247 3270 1531 3324 minitante
1555 3269 1827 3340 romphaea
1855 3270 2088 3325 eruitur.
2117 3253 2167 3319 (ἶ
2201 3273 2438 3330 dualitas
2500 3276 2713 3347 piorum
2759 3275 3148 3346 imperatorum
3213 3267 3562 3330 consolidans
3609 3271 3792 3344 colligi

501 3364 710 3431 Gaude,
744 3380 960 3436 semper
978 3363 1167 3418 ﬂoride
1196 3363 1463 3434 paradiso,
1491 3363 1542 3418 in
1575 3363 1732 3434 cujus
1767 3363 1944 3419 medio
1965 3363 2091 3419 vita:

499 3457 706 3530 lignum
735 3457 1034 3529 plantatum
1079 3465 1186 3523 est,
1228 3471 1324 3526 per
1357 3455 1812 3527 quadripartitam
1861 3472 2092 3527 evange-

500 3549 698 3606 liorum
747 3550 982 3606 tabulam
1016 3550 1333 3622 praesidens.
1369 3547 1574 3614 Gaude,
1619 3564 1782 3604 aurea
1815 3550 2091 3622 ignitaque

501 3643 754 3698 columna
783 3644 836 3696 in
865 3658 1060 3697 novum
1085 3643 1178 3697 Dei
1211 3642 1396 3707 Israel,
1429 3642 1620 3698 lucidis
1647 3643 1958 3714 dogmatum
1991 3642 2091 3698 do-

501 3732 696 3788 ctrinis
733 3732 802 3788 ab
847 3732 1170 3803 Aigyptiaca
1219 3748 1400 3799 manu,
1453 3732 1504 3788 id
1535 3742 1614 3788 est
1656 3733 2091 3790 hmretizautium

502 3835 695 3878 errore
725 3821 980 3887 liberans,
1005 3833 1060 3876 et
1087 3823 1152 3877 ad
1180 3832 1379 3877 terram
1405 3823 1842 3895 repromissionis
1867 3825 2092 3881 Patrum

501 3911 826 3968 orthodoxia
861 3911 1152 3968 deducens.
1177 3912 1448 3968 Audacter
1474 3914 1525 3968 in
1559 3915 1872 3970 ostensione
1895 3916 2093 3970 verita-

501 4003 575 4059 tis
595 4011 652 4060 et
675 4001 998 4058 (iducialiter
1026 4017 1144 4074 age.
1193 4003 1448 4058 Revelata
1499 4004 1637 4062 facie
1669 4007 1896 4076 gloriam
1923 4022 2092 4063 sacrm

499 4100 560 4150 et
581 4093 862 4149 catholica:
890 4093 1146 4149 Ecclesia:
1169 4095 1424 4164 pr:edica.
1451 4095 1626 4166 Supra
1647 4107 1855 4169 petram
1883 4100 2090 4155 stabilis

503 4185 940 4242 conversationis
966 4186 1247 4241 versatiles
1267 4187 1624 4256 quorumdam
1653 4199 1864 4246 mentes
1883 4190 2088 4246 doctri-

497 4277 586 4335 nis
612 4276 896 4332 conﬁrma.

425 4435 434 4456 γ,
572 4369 782 4440 Tuque,
810 4369 1081 4441 praecipue
1122 4383 1156 4426 ο
1181 4379 1491 4426 sanctorum
1521 4369 1743 4428 Patrum
1770 4386 2001 4430 concors
2033 4381 2092 4428 et

499 4464 870 4521 sacratissime
919 4479 1120 4536 praeco,
1171 4476 1332 4538 atque
1383 4467 1638 4522 instantis
1687 4468 1859 4523 nostri
1915 4477 2090 4524 coetus

497 4557 756 4622 exarche,
789 4557 880 4627 qui
915 4557 1200 4613 sublimem
1224 4558 1378 4613 nobis
1403 4574 1500 4628 per
1529 4558 1803 4614 Christum
1833 4559 2084 4614 thronum
2113 4585 2139 4628 _-

2193 3367 2395 3432 sanxit,
2419 3367 2571 3423 lrenc
2592 3367 2846 3422 videlicet
2870 3381 3008 3422 nova
3037 3366 3241 3422 llelena
3268 3381 3390 3420 cum
3423 3364 3535 3419 lilio
3565 3363 3787 3435 proprio

2201 3458 2565 3515 Constantino
2614 3474 2776 3526 novo,
2809 3474 2944 3530 quos
2989 3460 3041 3515 in
3073 3471 3124 3514 te
3151 3459 3386 3530 Spiritus
3433 3457 3645 3528 gratia,
3677 3472 3793 3525 qua:

2197 3557 2326 3605 tunc
2358 3558 2414 3604 et
2445 3564 2590 3605 nunc
2625 3550 2830 3606 sanctis
2861 3549 3039 3605 illuxit
3059 3549 3337 3616 Patribus,
3364 3556 3661 3605 conservet
3700 3562 3793 3618 per

2195 3639 2501 3711 largissima
2550 3647 2818 3710 tempora,
2876 3640 3318 3713 imperturbabile
3347 3640 3558 3695 donans
3585 3638 3670 3694 eis
3693 3638 3792 3694 im-

2195 3731 2428 3802 perium,
2455 3731 2800 3802 hostiumque
2823 3731 3068 3788 nationes
3093 3740 3218 3788 ante
3248 3731 3413 3802 pedes
3452 3738 3789 3803 prosternat,

2193 3833 2464 3895 quatenus
2513 3824 2669 3880 nobis
2699 3823 2966 3879 bonorum
2996 3824 3151 3894 copia
3196 3839 3302 3880 non
3333 3822 3570 3880 deﬁciat.
3602 3823 3791 3880 Gaude

2195 3913 2381 3984 itaque
2423 3915 2478 3969 in
2521 3915 2629 3980 his,
2659 3930 2694 3970 o
2728 3915 3096 3986 metropoleon
3147 3913 3348 3988 inclyta
3377 3915 3625 3988 species;
3659 3930 3791 3986 quo-

2193 4005 2343 4061 niam
2391 4005 2445 4060 in
2489 4014 2542 4061 te
2587 4006 2744 4062 nobis
2792 4014 2847 4061 et
2871 4006 3049 4077 primo
3081 4007 3346 4062 bonorum
3391 4006 3704 4068 exordium.
3741 4016 3793 4062 et

2193 4113 2339 4153 nunc
2359 4096 2482 4152 finis
2509 4107 2733 4154 exortus
2761 4107 2862 4162 est,
2896 4097 3286 4155 venerabilium
3311 4097 3570 4153 nimirum
3595 4097 3788 4169 imagi«

2193 4206 2325 4245 num
2367 4191 2646 4247 catholica:
2694 4191 2953 4247 Ecclesia.-
2979 4192 3158 4263 prisca
3185 4191 3408 4247 traditio
3448 4190 3503 4246 in
3538 4191 3658 4246 suis
3687 4200 3787 4246 tero

2193 4283 2356 4339 minis
2384 4283 2653 4339 restituta.
2687 4282 2839 4340 Nunc
2868 4299 2997 4341 vero
3032 4284 3244 4340 laetatur
3269 4282 3491 4348 etclam,
3536 4291 3594 4339 et
3618 4284 3790 4340 nubes

2193 4373 2400 4430 stillant
2421 4375 2712 4446 justitiam.
2758 4374 2914 4432 Nunc
2941 4375 3149 4432 medius
3177 4368 3358 4446 paries
3387 4374 3647 4430 maceriae
3681 4373 3786 4430 dis-

2193 4466 2403 4522 solutus
2459 4477 2544 4522 est
2593 4467 2835 4522 unitione
2892 4467 3250 4524 dissensionis
3302 4481 3583 4532 concessa,
3643 4477 3700 4522 et
3737 4466 3788 4523 in

2192 4559 2354 4616 unius
2394 4560 2724 4616 assensionis
2762 4560 3221 4632 conspirationem
3249 4559 3591 4630 qnatcrnitas
3642 4556 3788 4614 orbis

499 4652 756 4717 adornas,
805 4652 983 4723 magni
1021 4660 1077 4707 et
1115 4652 1276 4722 primi
1329 4653 1564 4723 pastoris
1612 4652 2086 4723 diligentissimum
2113 4619 2168 4682 D
2195 4661 2357 4707 terrae
2386 4650 2610 4706 collecta
2626 4660 2731 4707 est.
2755 4619 2912 4708 Nune
2931 4652 3114 4708 multa:
3133 4666 3255 4724 quae
3279 4651 3332 4706 in
3360 4651 3578 4706 diversa
3607 4649 3784 4704 trahe-

497 4745 798 4818 speculum,
849 4746 1075 4816 spiritus
1121 4745 1534 4800 mundissimum
1586 4744 1972 4808 habitaculum,
2005 4760 2088 4800 rc~

501 4838 745 4894 ctissima
771 4837 1193 4892 orthodoxorum
1235 4835 1549 4907 dogmatum
1573 4835 1914 4906 ponderatio,
1947 4834 2088 4905 poli-

499 4943 663 5000 taque
694 4931 748 4990 in
771 4930 989 4986 Christo
1013 4928 1444 4984 conversationis
1466 4928 1663 4983 habita:
1688 4929 1883 4999 regula}
1909 4929 2086 4984 nomi-

499 5023 783 5078 natissima
805 5023 1050 5086 lucerna,
1079 5031 1136 5076 et
1155 5029 1361 5093 septem
1389 5019 1836 5076 candelabrorum
1868 5021 2086 5076 lumini-

498 5113 603 5168 bus
625 5121 736 5168 tota
761 5111 1136 5179 l'ulgidissima.
1156 5111 1524 5182 Resplendere
1547 5110 1633 5168 fac
1657 5111 1813 5167 nobis
1832 5121 2085 5183 tanquam

457 5209 472 5214 ’
497 5220 564 5261 ex
599 5203 852 5259 invisibili
881 5205 1206 5262 candelabro
1235 5219 1404 5260 sacra:
1427 5205 1700 5262 cathedra:
1743 5206 2086 5262 evidentissi-

497 5310 714 5352 morum
767 5294 1058 5350 verborum
1107 5295 1541 5366 perspicuitates.
1577 5295 1848 5351 Distrihue
1901 5305 2081 5352 autem

496 5395 554 5443 ct
580 5385 946 5441 esurientibus
987 5386 1260 5442 viviticum
1305 5387 1471 5443 divini
1505 5388 1798 5460 magisterii
1849 5403 2077 5460 panem,

494 5487 549 5536 et
577 5477 723 5534 nutri
755 5476 1011 5549 populum
1044 5476 1098 5532 in
1128 5487 1388 5535 extranea
1423 5488 1569 5534 terra
1607 5494 1802 5550 vagum
1826 5477 2078 5534 ellectum

495 5569 739 5628 haeretici
770 5570 1057 5627 incolatus.
1099 5570 1324 5628 Eﬂicere
1349 5573 1507 5630 nobis
1538 5587 1712 5629 novus
1737 5572 1939 5644 Joseph
1967 5574 2081 5629 fru-

491 5663 666 5720 menti
716 5662 894 5730 dator,
949 5671 1005 5720 et
1033 5661 1413 5736 ambiguitates
1452 5665 1854 5736 scripturalium
1892 5665 2078 5736 expla-

495 5767 636 5808 nans
679 5752 1043 5824 aenigmatum,
1095 5752 1292 5821 opimis
1339 5769 1436 5810 nos
1471 5763 1527 5810 et
1552 5754 1890 5826 spiritalibus
1914 5755 2080 5812 inter-

2192 4742 2342 4806 bant,
2382 4752 2755 4799 convenerunt
2800 4744 3116 4815 opiniones,
3148 4751 3204 4800 et
3244 4757 3519 4799 consonus
3550 4742 3788 4813 hymnus

2193 4848 2222 4886 λ
2255 4833 2449 4892 ﬁuihus
2489 4845 2648 4889 terrae
2687 4849 2860 4904 usque
2896 4835 2963 4890 ad
2993 4834 3130 4892 lines
3171 4844 3331 4891 terra:
3367 4833 3479 4891 Deo
3510 4833 3782 4906 dirigitur.

2190 4924 2378 4981 Gaude
2424 4925 2589 4998 igitur
2633 4909 2948 4998 tripudians.
2981 4942 3144 5000 super
3181 4927 3271 4983 his
3311 4936 3365 4982 et
3395 4936 3451 4982 tu
3472 4966 3488 4991 ,
3518 4925 3784 4982 catholica

2192 5016 2434 5076 Ecclesia
2465 5017 2516 5071 in
2563 5026 2675 5074 toto
2703 5027 2969 5073 terrarum
3004 5020 3137 5075 orbe
3179 5017 3395 5076 diffusa.
3444 5019 3560 5074 Duc
3588 5018 3786 5074 choros

2195 5110 2472 5170 exsultans
2523 5125 2687 5183 super
2741 5110 2973 5166 ﬁliorum
3038 5121 3253 5168 tuorum
3304 5121 3571 5168 conventu
3626 5129 3642 5168 :
3692 5112 3788 5168 de-

2194 5218 2334 5272 pone
2367 5202 2650 5259 divisionis
2693 5219 2933 5275 pannos,
2974 5213 3030 5260 et
3079 5205 3304 5262 induere
3336 5205 3550 5277 integra
3595 5205 3786 5261 ortho-

2192 5295 2346 5350 doxa:
2377 5294 2556 5350 tunica
2599 5294 2843 5352 unitatis.
2873 5293 2992 5349 Jam
3032 5309 3139 5350 non
3186 5294 3406 5366 poneris
3430 5293 3784 5366 opprobrium

2189 5387 2425 5444 inimicis
2476 5389 2614 5454 tuis,
2675 5386 3026 5444 subsannatio
3078 5396 3134 5444 et
3185 5387 3386 5445 derisio
3429 5385 3644 5460 populis
3689 5385 3782 5459 qui

2189 5478 2242 5535 in
2311 5479 2541 5535 circuitu
2591 5487 2684 5536 tuo
2736 5487 2882 5536 sunt.
2950 5479 3065 5536 Non
3108 5477 3222 5550 jam
3268 5478 3486 5536 timebis
3539 5487 3782 5535 contem-

2182 5582 2308 5644 ptus
2337 5573 2638 5638 hominum,
2674 5572 3023 5630 Hebraeorum
3052 5573 3264 5630 scilicet
3291 5581 3349 5629 et
3375 5571 3780 5645 Agarenorum,

2181 5665 2273 5736 qui
2315 5666 2432 5721 sine
2467 5666 2577 5722 Deo
2603 5673 2660 5721 et
2707 5679 2860 5722 sacra
2904 5665 3210 5723 initiatione
3253 5666 3588 5734 consistunt,
3617 5665 3778 5738 quasi

2182 5754 2276 5809 tibi
2308 5770 2414 5811 non
2445 5754 2609 5812 fuerit
2661 5753 2924 5827 perfectio
2967 5755 3093 5812 fidei
3141 5755 3410 5814 doctrinis
3461 5755 3779 5828 apostolicis

495 5843 892 5901 arctatiombus
914 5845 1080 5903 nutri.
1109 5843 1275 5902 Eleva
1301 5845 1488 5903 oculos
1514 5855 1658 5915 tuos,
1685 5856 1743 5905 et
1771 5847 1893 5906 vide
1911 5862 2078 5920 super
2177 5844 2400 5905 tradita.
2418 5844 2545 5907 ιω
2569 5861 2680 5906 non
2711 5846 2780 5906 ab
2805 5846 3188 5908 haereticorum
3222 5862 3320 5907 ore
3361 5848 3748 5906 criminaberis
