3916 5476
98 316 183 376 697
763 313 1321 373 INTERPRE'I‘A'I‘IO
1358 312 1610 373 SYNODI
1649 313 1738 373 VII
1774 313 2180 374 GENERALIS.
2206 316 2499 375 --AC'I'I0
2537 318 2666 375 VIII.

3241 321 3345 377 498

98 453 233 524 quasi
263 453 562 510 recesseris
585 454 653 511 ab
681 470 789 512 uno
826 456 941 512 Deo
984 466 1204 530 propter
1229 457 1666 515 decentissimum
1694 438 1744 499 Α
1770 434 2132 497 lonicensibus
2175 442 2493 514 praacipiens
2521 446 2596 501 ait
2628 465 2640 500 :
2693 444 2899 516 Itaque,
2935 447 3149 516 fratres,
3190 457 3344 510 state,

98 546 347 600 honorem
399 561 529 619 erga
582 547 749 617 ipsius
798 550 1002 605 amicos
1029 550 1347 621 exhibitum.
1393 547 1536 603 Jam'
1563 564 1668 605 non

97 636 426 705 mputaberis
456 637 717 694 idolorum
747 639 937 695 similis
982 641 1196 711 templis
1230 650 1451 712 propter
1491 656 1671 697 sacra-

95 727 421 784 tissimarum
476 731 530 786 in
586 740 635 787 te
687 732 978 805 imaginum
1027 735 1353 791 erectionem
1399 734 1665 791 effectam.

93 817 241 875 Decet
285 821 436 876 enim
496 833 549 878 te
603 834 855 895 tanquam
918 825 1032 895 regi
1089 826 1408 883 steculorum
1446 825 1583 882 Filio
1618 834 1672 883 et

94 908 259 965 Verbo
304 911 400 967 Dei
430 922 677 982 nuptam,
728 915 779 969 in
824 931 988 972 carne
1033 917 1203 988 ipsius
1250 916 1671 989 dispensationis

93 998 376 1055 humanam
405 1002 639 1059 formam
668 1004 953 1061 habentem
978 1008 1515 1079 authropomorphon
1542 1008 1674 1064 ima-

93 1092 254 1164 ginem
282 1109 384 1163 per
414 1092 684 1165 picturani
714 1096 875 1163 ferre,
907 1107 967 1153 ut
994 1099 1295 1155 innotescat
1337 1098 1479 1169 quod
1520 1100 1671 1171 regia

92 1200 276 1255 sponsa
322 1188 419 1243 sis.
470 1189 637 1246 Decet
665 1192 808 1247 enim
833 1193 926 1249 Dei
952 1195 1229 1266 genitricis
1258 1196 1443 1252 Matris
1470 1196 1671 1253 Christi

94 1293 169 1347 qui
209 1289 264 1335 te
300 1281 670 1351 desponsavi‘t,
705 1286 989 1357 imaginem
1036 1288 1141 1342 tuis
1171 1288 1552 1345 sacratissimis
1577 1304 1673 1359 pa-

95 1370 306 1427 rietibus
334 1374 538 1430 factam
579 1376 632 1431 in
668 1378 875 1448 pictura
904 1387 960 1434 et
1005 1380 1335 1437 musivorum
1379 1395 1543 1451 opere
1592 1380 1671 1452 [in

92 1465 288 1537 pictura
331 1467 476 1523 facta
518 1485 584 1524 ex
616 1470 944 1527 musivorum
974 1471 1159 1546 opere]
1191 1473 1331 1529 ferre
1360 1490 1374 1528 :
1405 1482 1673 1542 quatenus

94 1561 247 1632 gratia
278 1578 403 1632 qua:
430 1562 521 1618 tibi
557 1581 651 1635 per
681 1565 822 1622 hanc
862 1566 1054 1630 illuxit,
1090 1566 1248 1623 tacita
1290 1566 1673 1636 praedicatione

94 1656 448 1710 communiter
484 1659 692 1713 cunctis
739 1658 950 1730 papillis
997 1659 1337 1730 prmdicetur.
1378 1658 1487 1715 Nisi
1530 1659 1672 1715 ettim

94 1759 149 1800 ex
180 1744 283 1801 hac
324 1746 722 1815 incarnaretur,
756 1751 1023 1819 quomodo
1051 1759 1158 1805 tam
1186 1750 1429 1822 specioso
1471 1766 1671 1821 sponso

93 1840 141 1892 tu
164 1838 392 1907 spiritali
425 1840 615 1911 capulo
645 1811 991 1913 iung-eruis?
1017 1842 1181 1898 Decet
1210 1811 1354 1898 enim
1399 1852 1451 1897 te
1479 1811 1534 1899 et
1557 1858 1673 1897 om-
1701 1811 1747 1873 Β

94 1927 225 1983 nium
255 1941 571 1987 sanctorum
599 1934 982 2005 apostolorum,
1019 1946 1073 1993 et
1102 1938 1506 2009 prophetarum,
1547 1952 1675 1993 con-

95 2021 375 2088 fessorum,
430 2026 897 2096 patriarcharum,
944 2039 999 2083 et
1058 2040 1367 2085 sanctorum
1428 2031 1671 2095 Patrum,

93 2114 447 2171 studiosorum
494 2133 709 2190 quoilue
742 2131 767 2160 ε
819 2135 883 2175 ac
933 2131 1255 2193 martyrum,
1287 2130 1341 2176 et
1388 2122 1555 2178 totius
1600 2120 1673 2192 pii

94 2203 290 2275 collegii
332 2205 600 2264 formatas
652 2209 915 2282 imagines
970 2212 1194 2268 interius
1239 2212 1291 2267 in
1341 2214 1674 2283 picturarum

94 2295 514 2355 canfectionibus
571 2300 762 2357 ferre:
809 2312 1075 2374 quatenus
1123 2305 1235 2377 ipsa
1290 2304 1673 2376 perfectionem

92 2387 305 2443 orientis
352 2392 445 2460 qui
499 2402 549 2447 te
602 2394 671 2449 ab
717 2394 827 2450 alto
874 2396 1253 2463 circnmfulsit,
1282 2399 1429 2455 omni
1472 2399 1677 2456 visione

92 2491 342 2539 ostentes.
377 2486 513 2541 Aliis
547 2488 765 2558 quidem
804 2498 950 2545 tuam
993 2492 1391 2562 quodammodo
1428 2508 1677 2563 praenuno

94 2574 341 2661 nantibus
370 2582 731 2645 vocationem,
751 2593 806 2638 et
834 2584 1131 2655 prophetiis
1155 2585 1267 2655 suis
1290 2601 1486 2657 sponso
1520 2585 1675 2657 quasi

93 2668 405 2735 quihusdam
437 2671 654 2729 dotibus
681 2683 841 2731 antea
874 2675 1355 2746 desponsantibus;
1388 2676 1508 2732 aliis
1549 2693 1676 2734 vero

92 2763 454 2832 evangelicum
481 2764 575 2820 tibi
606 2766 1038 2823 ministrantibus
1069 2768 1312 2832 verbum,
1343 2777 1397 2824 et
1436 2784 1532 2839 per
1556 2769 1679 2823 uni-

92 2866 293 2909 versam
345 2864 550 2912 terram
581 2858 1191 2929 dispersarationabilia
1237 2862 1333 2919 tibi
1370 2861 1530 2917 ovilia
1565 2862 1680 2919 coi-

93 2943 408 3015 iigentibus;
452 2948 573 3003 aliis
612 2960 792 3007 autem
852 2952 967 3008 suis
1023 2943 1177 3024 quasi
1239 2953 1523 3013 sudoribus
1578 2968 1678 3025 per

92 3038 329 3090 eamdem
360 3038 415 3093 in
448 3039 790 3111 dogmatibus
814 3043 1147 3113 diligentiam
1191 3043 1676 3113 incorruptibilita-

94 3138 195 3184 tem
243 3132 499 3203 gregibus
539 3134 645 3190 tuis
674 3135 1069 3205 mercantibus;
1116 3152 1276 3207 porro
1306 3138 1428 3192 aliis
1460 3137 1679 3207 sangui-
1702 3178 1749 3241 ϐ

95 3224 245 3282 nibus
269 3228 383 3283 suis
413 3245 541 3301 erga
570 3240 621 3286 te
645 3232 915 3288 sinceram
944 3232 1286 3291 aﬂ'ectionem
1310 3236 1476 3292 etiam
1505 3251 1678 3307 usque

94 3315 156 3369 ad
196 3328 424 3375 mortem
460 3324 933 3391 conservantibus,
977 3336 1032 3381 et
1074 3326 1179 3382 hoc
1209 3328 1369 3383 modo
1402 3327 1683 3383 certitudi-

95 3422 212 3462 nem
253 3410 307 3464 in
341 3419 393 3465 te
431 3413 679 3469 veritatis
729 3416 1248 3474 demonstrantibus.
1308 3417 1516 3486 Quibus
1557 3433 1682 3473 cum

95 3500 240 3557 denis
265 3503 502 3559 millibus
529 3506 829 3562 caelestium
856 3507 1170 3578 angelorum
1189 3524 1444 3565 coronam
1477 3510 1680 3577 ferens,

94 3600 145 3647 et
188 3592 517 3661 amplissime
566 3596 888 3667 praedicans,
939 3601 1159 3655 enuntia
1182 3601 1411 3657 virtutes
1438 3599 1554 3671 ejus
1587 3601 1681 3671 qui

94 3683 157 3737 de
187 3685 424 3741 tenebris
466 3695 518 3742 te
568 3686 887 3746 idololatrici
927 3691 1131 3747 erroris
1163 3692 1373 3747 vocavit
1404 3692 1457 3747 in
1504 3692 1678 3748 admi-

96 3774 264 3831 rabile
292 3776 468 3833 lumen
502 3794 683 3846 suum,
711 3781 762 3836 id
788 3791 887 3846 est,
925 3783 979 3837 in
1020 3798 1079 3840 se
1103 3798 1168 3839 ac
1197 3782 1410 3839 Patrem
1442 3784 1534 3854 qui
1564 3784 1682 3841 sine

96 3866 249 3921 initio
273 3879 372 3934 est,
412 3881 576 3942 atque
619 3871 673 3927 in
712 3874 1206 3945 consempiternum
1245 3884 1299 3930 et
1327 3876 1681 3930 consubstan-

95 3962 278 4019 tialem
308 3962 571 4035 Spiritum
610 3983 792 4033 suum,
820 3968 873 4023 in
898 3984 1058 4025 unam
1088 3968 1295 4025 scilicet
1332 3984 1452 4039 qua:
1476 3976 1559 4023 est
1592 3984 1683 4023 su-

92 4069 191 4125 per
218 4073 430 4113 omncm
462 4060 844 4131 principatum,
877 4071 1149 4127 naturam,
1185 4062 1342 4117 fidem
1382 4070 1437 4117 et
1472 4060 1682 4117 confes-

92 4146 322 4204 sionem.
355 4150 452 4213 Cui
485 4153 654 4223 gloria
679 4162 734 4210 et
774 4155 1057 4226 imperium
1083 4172 1225 4213 nunc
1252 4165 1307 4213 et
1346 4156 1399 4214 in
1430 4157 1682 4213 universa

94 4242 292 4299 saecula
320 4246 666 4303 sarculorum.
704 4248 896 4304 Amen.
914 4280 922 4286 -

96 4374 206 4432 Per
231 4390 416 4434 cuncta
459 4381 793 4436 sanctissimo
837 4391 884 4435 et
932 4382 1229 4437 beatissimo
1264 4382 1422 4451 fratri
1447 4392 1494 4435 et
1539 4398 1685 4435 como

164 4452 429 4523 ministro,
474 4452 691 4506 domino
737 4453 973 4523 Adriano
1017 4469 1168 4523 papae
1206 4453 1429 4507 senioris
1475 4451 1682 4517 Romw,

1772 544 1820 589 et
1845 545 2011 591 tenete
2030 538 2331 592 traditiones
2354 555 2485 609 quas
2504 539 2761 594 didicistis
2786 540 2889 595 sive
2924 557 3016 611 per
3035 556 3367 609 sermonem,

1771 628 1876 684 sive
1907 647 2000 701 per
2036 630 2305 700 epistolam
2348 641 2581 687 nostram
2629 632 2713 705 (11
2750 632 2927 688 Thess.
2958 634 3040 705 tt).
3085 632 3188 689 Sed
3218 651 3352 704 qau-

1773 719 1918 774 niam
1947 720 2193 777 inimicus
2217 723 2308 791 qui
2329 722 2396 777 ab
2423 722 2575 778 initio
2599 740 2827 794 nequam
2845 734 2927 780 est
2948 725 3213 791 diabolus,
3242 740 3349 781 non
3415 762 3425 771 -

1774 815 1979 872 dimisit
2006 832 2104 888 per
2127 816 2340 873 diversa
2374 827 2614 890 tempora
2665 820 2982 876 aedificatam
3014 836 3178 891 supra
3225 820 3351 876 fun-

1773 908 2081 966 damentum
2104 912 2465 982 apostolorum
2484 923 2538 969 et
2556 915 2934 985 prophetarum
2958 914 3251 971 Ecclesiam
3270 930 3356 971 se-

1772 1003 2159 1073 cundumquod
2182 1005 2281 1059 sibi
2303 1005 2473 1061 visum
2496 1014 2599 1070 est,
2618 1004 2917 1061 discindere
2941 1014 3101 1075 atque
3123 1006 3357 1061 disrum-

1772 1114 1925 1170 pere,
1954 1110 2123 1156 semet
2148 1101 2385 1157 inferens
2412 1116 2510 1171 per
2531 1102 2790 1173 quosdam
2820 1117 2877 1157 se
2899 1111 3186 1173 sequentes
3207 1102 3357 1159 viros

1772 1195 1963 1262 malos,
2003 1206 2058 1251 et
2085 1196 2290 1251 zizania
2312 1196 2742 1268 superseminare
2769 1198 2821 1251 in
2848 1196 3065 1268 regione
3090 1198 3213 1261 hac,
3234 1212 3358 1267 qua!

1774 1288 1911 1342 culta
1942 1296 2025 1342 est
2068 1303 2096 1341 a
2125 1288 2265 1342 tubis
2304 1287 2554 1356 Spiritus,
2588 1288 2847 1359 apostolis
2871 1288 3077 1344 scilicet
3106 1289 3307 1346 sanctis
3337 1307 3352 1344 :

1772 1378 1873 1448 ipsi
1905 1379 2048 1431 enim
2073 1378 2273 1433 virtute
2299 1394 2364 1432 cx
2397 1378 2505 1432 alto
2547 1388 2787 1450 accepta,
2816 1388 2870 1435 et
2897 1380 2996 1435 hac
3025 1380 3220 1435 divina:
3247 1381 3359 1439 sul-

1773 1468 1852 1525 cis
1875 1469 2206 1539 operationis
2228 1470 2515 1540 proscissa,
2541 1484 2721 1526 escam
2742 1481 2957 1527 aeterna:
2980 1473 3103 1527 vita:
3132 1473 3361 1544 relique.

1776 1569 1902 1615 runt
1954 1560 2038 1615 his
2087 1560 2177 1629 qui
2236 1576 2335 1632 per
2392 1561 2535 1631 ipsos
2590 1561 2956 1627 crediderunt,
2988 1564 3357 1635 carpendam;

1775 1653 1966 1707 horum
1992 1653 2295 1723 deiloquam
2320 1654 2620 1711 doctrinam
2644 1655 2814 1710 sancti
2838 1655 3028 1710 Patres
3050 1656 3242 1720 nostri,
3267 1655 3362 1727 qui

1776 1744 1933 1815 hujus
1960 1754 2203 1815 pastores
2221 1755 2274 1799 et
2298 1746 2550 1802 custodes
2576 1759 2671 1815 per
2690 1746 2899 1817 singula
2922 1747 3072 1801 fuere
3097 1756 3363 1816 tempora,

1774 1836 2149 1905 suscipientes,
2202 1836 2431 1897 zizania,
2491 1836 2541 1891 id
2597 1846 2681 1892 est
2713 1837 2947 1892 haereses
2996 1845 3050 1891 ct
3097 1837 3365 1893 novitates

1775 1929 2049 1985 addititias
2108 1928 2439 2002 [subreptas]
2496 1938 2659 2001 atque
2722 1930 3058 1985 introductos
3109 1929 3367 1995 radicitus

1774 2022 2093 2077 exciderunt
2121 2040 2133 2077 Ξ
2166 2032 2221 2078 ει
2263 2038 2493 2078 messem
2530 2023 2787 2078 mundam
2819 2038 2953 2079 arvo
3001 2038 3366 2079 εοηεειδνθνθ-

1776 2125 1921 2171 runt.
1951 2114 2144 2171 Vestra
2171 2132 2302 2187 ergo
2325 2114 2563 2171 fraterna
2606 2124 2662 2170 et
2708 2130 2920 2171 summo
2948 2115 3227 2188 pontiﬁcio
3276 2116 3370 2170 de-

1775 2226 1900 2266 cora
1911 2219 1961 2265 ta
1987 2210 2249 2265 sanctitas
2270 2225 2391 2265 cum
2419 2209 2505 2266 his
2526 2224 2622 2280 per
2643 2208 2923 2280 deiloquas
2944 2224 3070 2264 suas
3091 2208 3370 2265 doctrinas

1775 2303 2173 2374 quodammodo
2199 2303 2586 2368 sermocinata,
2617 2310 2669 2356 et
2685 2303 2753 2358 ab
2774 2302 2855 2357 eis
2876 2312 3102 2372 accepto
3124 2302 3372 2358 veritatis

1775 2396 1961 2459 verbo,
2005 2396 2249 2465 spinosas
2296 2396 2492 2451 herbas
2546 2411 2665 2466 quze
2713 2411 2857 2451 nunc
2906 2396 3371 2477 germinaverunt,

1778 2486 2211 2542 fidelissimorum
2251 2495 2305 2543 et
2350 2487 2696 2559 paciﬁcorum
2729 2487 3118 2558 imperatorum
3150 2487 3373 2543 veritati

1776 2580 2149 2645 concordans,
2200 2577 2429 2635 evellere
2478 2578 2744 2635 machaera
2794 2579 3028 2650 Spiritus
3072 2578 3370 2645 festinavit,

1776 2671 1998 2726 mittens
2025 2670 2321 2726 secundum
2348 2671 2603 2740 scriptam
2632 2671 2734 2726 sibi
2776 2671 3091 2741 petitionem
3124 2663 3373 2727 nostram

1778 2762 1845 2816 ad
1874 2761 2231 2817 universalcm
2262 2762 2527 2833 synodum
2551 2763 2849 2818 faciendam
2879 2766 3187 2834 aequivocos
3217 2763 3365 2818 viros

1776 2854 2037 2925 principis
2070 2853 2435 2923 aposwlorum
2483 2853 2650 2909 Petri.
2700 2853 2907 2922 Quibus
2935 2855 3372 2922 advenientibus,

1776 2948 1849 3019 pii
1878 2957 1931 3003 et
1972 2947 2401 3019 tranquillissimi
2433 2949 2787 3019 imperatores
2817 2948 2985 3005 nostri
3021 2964 3116 3004 eos
3143 2947 3377 3018 benigne

1778 3042 2153 3113 suscipientes,
2202 3041 2267 3096 ad
2310 3058 2409 3097 nos
2440 3040 2701 3109 iubebant
2730 3041 2889 3101 mitti.
2917 3056 3013 3115 per
3039 3058 3136 3099 eos
3163 3042 3377 3100 litteras

1779 3144 1988 3190 vestras
2018 3134 2172 3190 nobis
2201 3132 2641 3204 suscipientibus.
2672 3132 2739 3189 Et
2768 3134 2931 3190 locuti
2963 3150 3087 3190 cum
3117 3134 3223 3191 illis
3253 3151 3379 3206 quas

1780 3225 2190 3289 conveniebant,
2216 3226 2599 3282 advocavimns
2620 3236 2675 3283 et
2698 3243 2791 3284 eos
2812 3228 2902 3297 qui
2934 3227 3005 3283 ab
3032 3225 3251 3285 Oriente
3282 3244 3379 3285 ve-

1780 3327 1973 3375 nerant
2002 3318 2307 3374 sacerdotio
2338 3318 2622 3374 decoratos
2648 3317 2817 3384 viros,
2849 3317 3111 3374 Joannem
3148 3327 3204 3375 et
3231 3320 3379 3376 Tho-

1780 3426 1947 3475 mam,
1979 3409 2127 3467 verbi
2166 3420 2220 3466 et
2253 3410 2493 3467 scientite
2526 3412 2837 3482 participes,
2881 3421 3042 3482 atque
3073 3414 3379 3470 reverentia

1781 3510 1835 3556 et
1865 3501 2125 3557 modestia
2159 3511 2520 3573 perornatos:
2572 3502 2800 3557 aderant
2842 3503 2987 3559 enim
3033 3504 3121 3559 hic
3165 3514 3220 3559 et
3274 3505 3381 3575 ipsi

1780 3609 1878 3665 per
1912 3595 2051 3650 idem
2104 3603 2315 3664 tempus
2361 3595 2758 3663 pervenientes.
2808 3594 2995 3666 itaque
3039 3596 3381 3667 congregatis

1782 3687 2031 3743 omnibus
2056 3686 2167 3743 Deo
2206 3686 2528 3742 amabilibus
2551 3687 2820 3759 episcopis
2852 3689 3011 3759 hujus
3051 3688 3377 3756 dimcescos,

1781 3794 1879 3850 per
1908 3789 2094 3834 nutum
2126 3788 2181 3833 et
2207 3778 2447 3834 divinum
2494 3777 2667 3834 zelum
2703 3779 3138 3835 fidelissimorum
3174 3789 3229 3836 et
3258 3782 3377 3853 pio-

1785 3889 1901 3928 rum
1948 3873 2356 3943 imperatorum,
2397 3872 2568 3928 sessio
2596 3872 2785 3944 synodi
2818 3873 2956 3929 t‘acta
2984 3882 3084 3929 est.
3116 3872 3222 3930 Sed
3253 3874 3380 3945 q‘ui-

1784 3966 1908 4021 dam
1954 3982 2019 4021 ex
2075 3967 2364 4022 inscnsatis
2416 3965 2664 4021 sensibus
2698 3966 2852 4031 moti,
2906 3968 3383 4039 turbationemque

1786 4058 1925 4114 intra
1944 4074 2000 4114 se
2027 4057 2307 4124 facientes,
2334 4074 2627 4130 exsurgere
2650 4074 2750 4114 nos
2769 4057 3014 4113 fecerunt
3033 4073 3063 4112 c
3084 4073 3379 4115 consessu:

1785 4160 1846 4233 et
1868 4152 2145 4223 prohibiti,
2176 4168 2317 4207 anno
2340 4167 2446 4206 uno
2469 4152 2617 4207 taciti
2649 4152 2967 4207 mansimus.
2997 4152 3067 4205 At
3090 4167 3218 4206 vero
3241 4166 3384 4207 anno

1786 4253 2083 4309 transacto,
2115 4260 2303 4300 rursus
2334 4244 2446 4300 Deo
2486 4244 2747 4300 amabiles
2790 4244 3028 4315 episc0pi
3060 4242 3385 4314 congregari

1787 4336 1840 4391 in
1875 4336 2182 4392 Nicensium
2224 4335 2370 4389 clara
2399 4333 2682 4405 metropoli
2711 4332 3140 4405 Bithynicnsium
3166 4333 3401 4403 proviu-,

1787 4427 1885 4481 cite
1924 4443 1952 4481 a
2008 4427 2111 4496 piis
2146 4425 2562 4496 imperatoribus
2588 4425 2787 4479 nostris
2826 4424 2961 4491 jussi
3005 4432 3152 4477 sunt.
3197 4420 3383 4491 Siqui-

166 4511 425 4607 fama;
445 4511 1220 4607 miserisardiaﬁDeiepisco‘pus
1245 4511 1681 4593 Constantittopo;
1708 4546 1762 4607 ι)
1788 4520 1908 4574 (lem
1945 4527 2000 4573 ct
2036 4534 2134 4573 nos
2172 4517 2398 4573 comites
2428 4516 2584 4571 nobis
2616 4515 2948 4581 asciscentes
2975 4512 3086 4570 Deo
3121 4511 3385 4569 amabiles

162 4590 276 4646 leas
303 4609 447 4649 nocte
473 4592 651 4648 Roma:
695 4595 749 4647 in
786 4590 1012 4648 Domino
1046 4590 1289 4648 salutem.

165 4706 449 4764 Sulliceret
477 4707 696 4780 quidem
728 4708 982 4764 salutaris
1024 4708 1358 4780 dispensatio
1381 4709 1559 4779 magni
1586 4708 1681 4763 De.

90 4808 150 4853 et
200 4796 492 4855 Salvatoris
524 4798 696 4855 nostri
723 4799 850 4855 Jesu
877 4797 1077 4855 Christi
1110 4799 1177 4854 ad
1231 4814 1443 4869 pacem,
1492 4797 1685 4853 unani-

96 4892 340 4947 milatem
392 4902 450 4949 et
496 4892 847 4951 concordiam
894 4892 1143 4947 omnibus
1172 4890 1518 4947 Christianis.
1564 4889 1683 4961 lpsc

94 5002 330 5057 namque
368 4996 489 5059 post
536 5004 601 5043 ex
642 4986 874 5042 mortuis
926 4987 1376 5043 resurrectionem
1423 4982 1681 5055 apostolis

96 5080 221 5134 suis
263 5080 538 5135 insulilans
586 5082 701 5137 ait:
738 5075 933 5133 Pacem
982 5070 1149 5133 meam
1196 5078 1263 5131 do
1298 5076 1459 5139 vobis,
1497 5091 1678 5147 pacem

93 5185 267 5224 meam
317 5172 551 5243 relinquo
608 5171 753 5226 vobis
782 5168 963 5240 (Joan.
996 5168 1127 5240 ειν).
1165 5166 1329 5237 Cujus
1377 5167 1453 5223 rei
1507 5166 1685 5238 gratia

94 5270 408 5320 contestans
434 5264 685 5320 omnibus
717 5262 875 5318 nobis
920 5260 1006 5317 ille
1051 5261 1142 5332 qui
1176 5270 1358 5332 raptus
1388 5258 1440 5315 in
1475 5260 1691 5315 tertium

1785 4610 1933 4665 viros
1975 4618 2029 4664 ct
2072 4608 2171 4664 loci
2198 4616 2506 4662 servatores
2534 4614 2775 4669 vestros,
2797 4602 3047 4659 similiter
3092 4611 3146 4659 et
3172 4617 3267 4657 eos
3291 4601 3387 4670 qui

1786 4704 1851 4758 de
1882 4700 2103 4757 Oriente
2135 4706 2413 4763 venerant,
2444 4696 2783 4767 perreximus
2807 4696 2874 4751 ad
2909 4694 3155 4755 eamdem
3184 4702 3399 4748 metros

1784 4794 1971 4865 polim.
2025 4794 2126 4863 Qui
2174 4808 2296 4848 cum
2335 4806 2525 4847 omnes
2557 4789 2910 4855 sedissemus,
2949 4800 3115 4860 caput
3156 4785 3401 4849 fecimus

1784 4885 2079 4943 Christum.
2112 4882 2338 4940 Jacebat
2384 4882 2527 4938 enim
2574 4882 2626 4937 in
2659 4888 2846 4935 sancta
2878 4882 3006 4937 sede
3037 4874 3389 4946 Evangelium

1788 4984 2060 5043 sanctum,
2087 4983 2402 5033 contestans
2431 4972 2683 5031 omnibus
2708 4969 2865 5025 nobis
2893 4970 3123 5029 sacratis
3148 4965 3277 5021 viris
3295 4962 3392 5034 qui

1793 5082 2257 5125 conveneramus:
2281 5065 2554 5120 Iudicium
2568 5065 2770 5135 justum
2786 5060 3034 5129 judicatc
3057 5059 3237 5133 (Joan.
3260 5055 3399 5124 vn):

1798 5160 2044 5216 Judicate
2074 5162 2213 5216 inter
2259 5167 2501 5214 sanctam
2543 5158 2638 5214 Dei
2685 5151 2999 5219 Ecclesium
3033 5164 3087 5213 ct
3114 5148 3410 5206 novitatem

1805 5272 1925 5329 quae
1955 5255 2096 5312 facta
2125 5264 2225 5311 est.
2272 5254 2339 5309 Et
2364 5270 2487 5309 cum
2514 5252 2750 5324 praelatio
2780 5250 3056 5317 primitus
3081 5256 3269 5305 vestrae
3306 5240 3417 5294 fra-
