  <div class='ocr_page' id='page_1' title='image "/cluster/home/n/w/nwhite01/storage/ocr_20150623/129/hvd.32044015471709/255.png"; bbox 0 0 3916 5636; ppageno 0'>
   <div class='ocr_carea' id='block_1_1' title="bbox 482 258 594 317">
    <p class='ocr_par' dir='ltr' id='par_1_1' title="bbox 482 258 594 317">
     <span class='ocr_line' id='line_1_1' title="bbox 482 258 594 317; baseline 0.027 -3"><span class='ocrx_word' id='word_1_1' title='bbox 482 258 594 317; x_wconf 71' lang='grc'><strong>499</strong></span> 
     </span>
    </p>
   </div>
   <div class='ocr_carea' id='block_1_2' title="bbox 1646 254 2582 339">
    <p class='ocr_par' dir='ltr' id='par_1_2' title="bbox 1646 254 2582 339">
     <span class='ocr_line' id='line_1_2' title="bbox 1646 254 2582 339; baseline 0.003 -27"><span class='ocrx_word' id='word_1_2' title='bbox 1646 254 2023 339; x_wconf 27' lang='grc' dir='ltr'><strong>ΑΝΑδΤΑειι-</strong></span> <span class='ocrx_word' id='word_1_3' title='bbox 2042 256 2582 317; x_wconf 81' lang='lat' dir='ltr'><strong>BIBLIOTHECARII</strong></span> 
     </span>
    </p>
   </div>
   <div class='ocr_carea' id='block_1_3' title="bbox 3636 258 3729 333">
    <p class='ocr_par' dir='ltr' id='par_1_3' title="bbox 3636 258 3729 333">
     <span class='ocr_line' id='line_1_3' title="bbox 3636 258 3729 333; baseline 0 0"><span class='ocrx_word' id='word_1_4' title='bbox 3636 258 3729 333; x_wconf 63' lang='lat'><strong>59°</strong></span> 
     </span>
    </p>
   </div>
   <div class='ocr_carea' id='block_1_4' title="bbox 484 365 3727 440">
    <p class='ocr_par' dir='ltr' id='par_1_4' title="bbox 484 365 3727 440">
     <span class='ocr_line' id='line_1_4' title="bbox 484 365 3727 440; baseline 0 -16"><span class='ocrx_word' id='word_1_5' title='bbox 484 370 685 425; x_wconf 85' lang='lat' dir='ltr'><strong>tudinis</strong></span> <span class='ocrx_word' id='word_1_6' title='bbox 729 376 784 424; x_wconf 87' lang='lat' dir='ltr'><strong>et</strong></span> <span class='ocrx_word' id='word_1_7' title='bbox 824 367 1067 439; x_wconf 67' lang='lat' dir='ltr'><strong>veritatis</strong></span> <span class='ocrx_word' id='word_1_8' title='bbox 1110 366 1354 431; x_wconf 82' lang='lat' dir='ltr'><strong>semitam</strong></span> <span class='ocrx_word' id='word_1_9' title='bbox 1405 366 1747 422; x_wconf 85' lang='lat' dir='ltr'><strong>ostcndcbas.</strong></span> <span class='ocrx_word' id='word_1_10' title='bbox 1794 368 1885 423; x_wconf 91' lang='lat' dir='ltr'><strong>Sic</strong></span> <span class='ocrx_word' id='word_1_11' title='bbox 1933 382 2061 439; x_wconf 85' lang='lat' dir='ltr'><strong>ergo</strong></span> <span class='ocrx_word' id='word_1_12' title='bbox 2088 371 2138 433; x_wconf 85' lang='grc' dir='ltr'><strong>Λ</strong></span> <span class='ocrx_word' id='word_1_13' title='bbox 2167 365 2272 422; x_wconf 85' lang='lat' dir='ltr'><strong>Per</strong></span> <span class='ocrx_word' id='word_1_14' title='bbox 2313 368 2488 421; x_wconf 82' lang='lat' dir='ltr'><strong><em>omnia</em></strong></span> <span class='ocrx_word' id='word_1_15' title='bbox 2525 368 2852 424; x_wconf 82' lang='lat' dir='ltr'><strong>sanctissimo</strong></span> <span class='ocrx_word' id='word_1_16' title='bbox 2873 378 2920 422; x_wconf 90' lang='lat' dir='ltr'><strong>et</strong></span> <span class='ocrx_word' id='word_1_17' title='bbox 2946 369 3239 435; x_wconf 80' lang='lat' dir='ltr'><strong>beatissimo</strong></span> <span class='ocrx_word' id='word_1_18' title='bbox 3268 371 3422 440; x_wconf 78' lang='lat' dir='ltr'><strong>fratri</strong></span> <span class='ocrx_word' id='word_1_19' title='bbox 3447 380 3496 425; x_wconf 90' lang='lat' dir='ltr'><strong>et</strong></span> <span class='ocrx_word' id='word_1_20' title='bbox 3521 372 3727 425; x_wconf 70' lang='lat' dir='ltr'><strong>conmu-</strong></span> 
     </span>
    </p>
   </div>
   <div class='ocr_carea' id='block_1_5' title="bbox 480 458 2059 539">
    <p class='ocr_par' dir='ltr' id='par_1_5' title="bbox 480 458 2059 539">
     <span class='ocr_line' id='line_1_5' title="bbox 480 458 2059 539; baseline -0.003 -22"><span class='ocrx_word' id='word_1_21' title='bbox 480 462 698 532; x_wconf 88' lang='lat' dir='ltr'><strong>dirupta</strong></span> <span class='ocrx_word' id='word_1_22' title='bbox 745 462 984 517; x_wconf 88' lang='lat' dir='ltr'><strong>membra</strong></span> <span class='ocrx_word' id='word_1_23' title='bbox 1035 462 1087 515; x_wconf 90' lang='lat' dir='ltr'><strong>in</strong></span> <span class='ocrx_word' id='word_1_24' title='bbox 1129 475 1290 513; x_wconf 90' lang='lat' dir='ltr'><strong>unum</strong></span> <span class='ocrx_word' id='word_1_25' title='bbox 1341 458 1758 525; x_wconf 84' lang='lat' dir='ltr'><strong>conveniebant;</strong></span> <span class='ocrx_word' id='word_1_26' title='bbox 1811 461 1888 514; x_wconf 90' lang='lat' dir='ltr'><strong>sic</strong></span> <span class='ocrx_word' id='word_1_27' title='bbox 1932 475 2059 539; x_wconf 75' lang='lat' dir='ltr'><strong>vera</strong></span> 
     </span>
    </p>
   </div>
   <div class='ocr_carea' id='block_1_6' title="bbox 480 552 2061 618">
    <p class='ocr_par' dir='ltr' id='par_1_6' title="bbox 480 552 2061 618">
     <span class='ocr_line' id='line_1_6' title="bbox 480 552 2061 618; baseline -0.001 -8"><span class='ocrx_word' id='word_1_28' title='bbox 480 554 835 610; x_wconf 78' lang='lat' dir='ltr'><strong>consonantia</strong></span> <span class='ocrx_word' id='word_1_29' title='bbox 880 554 1329 618; x_wconf 77' lang='lat' dir='ltr'><strong>conﬁrmabatur;</strong></span> <span class='ocrx_word' id='word_1_30' title='bbox 1384 553 1461 608; x_wconf 90' lang='lat' dir='ltr'><strong>sic</strong></span> <span class='ocrx_word' id='word_1_31' title='bbox 1510 552 1774 608; x_wconf 88' lang='lat' dir='ltr'><strong>catholica</strong></span> <span class='ocrx_word' id='word_1_32' title='bbox 1824 552 2061 608; x_wconf 85' lang='lat' dir='ltr'><strong>Ecclesia</strong></span> 
     </span>
    </p>
   </div>
   <div class='ocr_carea' id='block_1_7' title="bbox 481 640 2061 716">
    <p class='ocr_par' dir='ltr' id='par_1_7' title="bbox 481 640 2061 716">
     <span class='ocr_line' id='line_1_7' title="bbox 481 640 2061 716; baseline -0.001 -17"><span class='ocrx_word' id='word_1_33' title='bbox 481 646 744 701; x_wconf 83' lang='lat' dir='ltr'><strong>unitatem</strong></span> <span class='ocrx_word' id='word_1_34' title='bbox 776 645 1085 716; x_wconf 76' lang='lat' dir='ltr'><strong>recipiebat.</strong></span> <span class='ocrx_word' id='word_1_35' title='bbox 1122 643 1260 699; x_wconf 86' lang='lat' dir='ltr'><strong>Cum</strong></span> <span class='ocrx_word' id='word_1_36' title='bbox 1287 644 1479 713; x_wconf 87' lang='lat' dir='ltr'><strong>quibus</strong></span> <span class='ocrx_word' id='word_1_37' title='bbox 1520 653 1575 699; x_wconf 91' lang='lat' dir='ltr'><strong>et</strong></span> <span class='ocrx_word' id='word_1_38' title='bbox 1611 658 1799 699; x_wconf 88' lang='lat' dir='ltr'><strong>earum</strong></span> <span class='ocrx_word' id='word_1_39' title='bbox 1848 658 1967 713; x_wconf 73' lang='lat' dir='ltr'><strong>qua:</strong></span> <span class='ocrx_word' id='word_1_40' title='bbox 1993 640 2061 698; x_wconf 92' lang='lat' dir='ltr'><strong>de</strong></span> 
     </span>
    </p>
   </div>
   <div class='ocr_carea' id='block_1_8' title="bbox 481 735 2060 804">
    <p class='ocr_par' dir='ltr' id='par_1_8' title="bbox 481 735 2060 804">
     <span class='ocr_line' id='line_1_8' title="bbox 481 735 2060 804; baseline -0.002 -9"><span class='ocrx_word' id='word_1_41' title='bbox 481 736 742 795; x_wconf 84' lang='lat' dir='ltr'><strong>Orientali</strong></span> <span class='ocrx_word' id='word_1_42' title='bbox 770 738 987 796; x_wconf 81' lang='lat' dir='ltr'><strong>dioecesi</strong></span> <span class='ocrx_word' id='word_1_43' title='bbox 1015 739 1191 793; x_wconf 68' lang='lat' dir='ltr'><strong>missa:</strong></span> <span class='ocrx_word' id='word_1_44' title='bbox 1231 746 1355 794; x_wconf 91' lang='lat' dir='ltr'><strong>sunt</strong></span> <span class='ocrx_word' id='word_1_45' title='bbox 1394 739 1547 793; x_wconf 89' lang='lat' dir='ltr'><strong>nobis</strong></span> <span class='ocrx_word' id='word_1_46' title='bbox 1587 737 1800 804; x_wconf 73' lang='lat' dir='ltr'><strong>iittene,</strong></span> <span class='ocrx_word' id='word_1_47' title='bbox 1832 735 2060 793; x_wconf 89' lang='lat' dir='ltr'><strong>lectione</strong></span> 
     </span>
    </p>
   </div>
   <div class='ocr_carea' id='block_1_9' title="bbox 481 829 2062 902">
    <p class='ocr_par' dir='ltr' id='par_1_9' title="bbox 481 829 2062 902">
     <span class='ocr_line' id='line_1_9' title="bbox 481 829 2062 902; baseline 0.003 -19"><span class='ocrx_word' id='word_1_48' title='bbox 481 829 645 897; x_wconf 76' lang='lat' dir='ltr'><strong>facta,</strong></span> <span class='ocrx_word' id='word_1_49' title='bbox 684 830 908 902; x_wconf 77' lang='lat' dir='ltr'><strong>integra</strong></span> <span class='ocrx_word' id='word_1_50' title='bbox 956 838 1195 902; x_wconf 70' lang='lat' dir='ltr'><strong>paterna:</strong></span> <span class='ocrx_word' id='word_1_51' title='bbox 1248 830 1553 886; x_wconf 76' lang='lat' dir='ltr'><strong>traditionis</strong></span> <span class='ocrx_word' id='word_1_52' title='bbox 1584 830 1925 902; x_wconf 84' lang='lat' dir='ltr'><strong>pulchritudo</strong></span> <span class='ocrx_word' id='word_1_53' title='bbox 1968 830 2062 887; x_wconf 87' lang='lat' dir='ltr'><strong>de—</strong></span> 
     </span>
    </p>
   </div>
   <div class='ocr_carea' id='block_1_10' title="bbox 480 920 2061 992">
    <p class='ocr_par' dir='ltr' id='par_1_10' title="bbox 480 920 2061 992">
     <span class='ocr_line' id='line_1_10' title="bbox 480 920 2061 992; baseline -0.001 -16"><span class='ocrx_word' id='word_1_54' title='bbox 480 920 908 989; x_wconf 72' lang='lat' dir='ltr'><strong>monstrabatur,</strong></span> <span class='ocrx_word' id='word_1_55' title='bbox 925 935 991 977; x_wconf 89' lang='lat' dir='ltr'><strong>ac</strong></span> <span class='ocrx_word' id='word_1_56' title='bbox 1009 921 1089 978; x_wconf 90' lang='lat' dir='ltr'><strong>vis</strong></span> <span class='ocrx_word' id='word_1_57' title='bbox 1114 922 1355 977; x_wconf 82' lang='lat' dir='ltr'><strong>veritatis</strong></span> <span class='ocrx_word' id='word_1_58' title='bbox 1374 920 1745 987; x_wconf 87' lang='lat' dir='ltr'><strong>roborabatur,</strong></span> <span class='ocrx_word' id='word_1_59' title='bbox 1771 920 2061 992; x_wconf 87' lang='lat' dir='ltr'><strong>propositis</strong></span> 
     </span>
    </p>
   </div>
   <div class='ocr_carea' id='block_1_11' title="bbox 479 1000 2062 1085">
    <p class='ocr_par' dir='ltr' id='par_1_11' title="bbox 479 1000 2062 1085">
     <span class='ocr_line' id='line_1_11' title="bbox 479 1000 2062 1085; baseline 0.001 -17"><span class='ocrx_word' id='word_1_60' title='bbox 479 1014 733 1071; x_wconf 76' lang='lat' dir='ltr'><strong>videlicet</strong></span> <span class='ocrx_word' id='word_1_61' title='bbox 770 1013 987 1071; x_wconf 86' lang='lat' dir='ltr'><strong>lectioni</strong></span> <span class='ocrx_word' id='word_1_62' title='bbox 1032 1000 1278 1085; x_wconf 77' lang='lat' dir='ltr'><strong>plurimis</strong></span> <span class='ocrx_word' id='word_1_63' title='bbox 1323 1015 1642 1070; x_wconf 72' lang='lat' dir='ltr'><strong>testimoniis</strong></span> <span class='ocrx_word' id='word_1_64' title='bbox 1670 1014 1912 1069; x_wconf 84' lang='lat' dir='ltr'><strong>Patrum.</strong></span> <span class='ocrx_word' id='word_1_65' title='bbox 1965 1012 2062 1069; x_wconf 85' lang='lat' dir='ltr'><strong>His</strong></span> 
     </span>
    </p>
   </div>
   <div class='ocr_carea' id='block_1_12' title="bbox 484 1105 2061 1177">
    <p class='ocr_par' dir='ltr' id='par_1_12' title="bbox 484 1105 2061 1177">
     <span class='ocr_line' id='line_1_12' title="bbox 484 1105 2061 1177; baseline 0.001 -17"><span class='ocrx_word' id='word_1_66' title='bbox 484 1105 665 1176; x_wconf 83' lang='lat' dir='ltr'><strong>itaque</strong></span> <span class='ocrx_word' id='word_1_67' title='bbox 716 1106 882 1177; x_wconf 87' lang='lat' dir='ltr'><strong>gestis</strong></span> <span class='ocrx_word' id='word_1_68' title='bbox 933 1107 1326 1177; x_wconf 69' lang='lat' dir='ltr'><strong>praedicabatur</strong></span> <span class='ocrx_word' id='word_1_69' title='bbox 1373 1122 1401 1161; x_wconf 91' lang='lat' dir='ltr'><strong>a</strong></span> <span class='ocrx_word' id='word_1_70' title='bbox 1444 1106 1598 1162; x_wconf 88' lang='lat' dir='ltr'><strong>nobis</strong></span> <span class='ocrx_word' id='word_1_71' title='bbox 1644 1106 1916 1172; x_wconf 90' lang='lat' dir='ltr'><strong>omnibus,</strong></span> <span class='ocrx_word' id='word_1_72' title='bbox 1969 1105 2061 1175; x_wconf 90' lang='lat' dir='ltr'><strong>qui</strong></span> 
     </span>
    </p>
   </div>
   <div class='ocr_carea' id='block_1_13' title="bbox 482 1196 2059 1269">
    <p class='ocr_par' dir='ltr' id='par_1_13' title="bbox 482 1196 2059 1269">
     <span class='ocr_line' id='line_1_13' title="bbox 482 1196 2059 1269; baseline 0.001 -18"><span class='ocrx_word' id='word_1_73' title='bbox 482 1196 823 1269; x_wconf 88' lang='lat' dir='ltr'><strong>heneplacito</strong></span> <span class='ocrx_word' id='word_1_74' title='bbox 876 1198 970 1254; x_wconf 86' lang='lat' dir='ltr'><strong>Dei</strong></span> <span class='ocrx_word' id='word_1_75' title='bbox 1019 1199 1331 1269; x_wconf 84' lang='lat' dir='ltr'><strong>congregati</strong></span> <span class='ocrx_word' id='word_1_76' title='bbox 1372 1213 1607 1263; x_wconf 84' lang='lat' dir='ltr'><strong>eramus,</strong></span> <span class='ocrx_word' id='word_1_77' title='bbox 1650 1209 1797 1254; x_wconf 89' lang='lat' dir='ltr'><strong>recta</strong></span> <span class='ocrx_word' id='word_1_78' title='bbox 1835 1206 1890 1253; x_wconf 91' lang='lat' dir='ltr'><strong>et</strong></span> <span class='ocrx_word' id='word_1_79' title='bbox 1922 1198 2059 1252; x_wconf 90' lang='lat' dir='ltr'><strong>irre-</strong></span> 
     </span>
    </p>
   </div>
   <div class='ocr_carea' id='block_1_14' title="bbox 480 1291 2060 1367">
    <p class='ocr_par' dir='ltr' id='par_1_14' title="bbox 480 1291 2060 1367">
     <span class='ocr_line' id='line_1_14' title="bbox 480 1291 2060 1367; baseline 0.003 -22"><span class='ocrx_word' id='word_1_80' title='bbox 480 1291 858 1360; x_wconf 86' lang='lat' dir='ltr'><strong>prebensibilis</strong></span> <span class='ocrx_word' id='word_1_81' title='bbox 885 1292 1173 1367; x_wconf 85' lang='lat' dir='ltr'><strong>confessio,</strong></span> <span class='ocrx_word' id='word_1_82' title='bbox 1205 1310 1323 1365; x_wconf 70' lang='lat' dir='ltr'><strong>qum</strong></span> <span class='ocrx_word' id='word_1_83' title='bbox 1354 1295 1507 1349; x_wconf 90' lang='lat' dir='ltr'><strong>nobis</strong></span> <span class='ocrx_word' id='word_1_84' title='bbox 1535 1295 1701 1350; x_wconf 91' lang='lat' dir='ltr'><strong>missa</strong></span> <span class='ocrx_word' id='word_1_85' title='bbox 1729 1302 1811 1350; x_wconf 86' lang='lat' dir='ltr'><strong>est</strong></span> <span class='ocrx_word' id='word_1_86' title='bbox 1832 1308 1861 1347; x_wconf 89' lang='lat' dir='ltr'><strong>a</strong></span> <span class='ocrx_word' id='word_1_87' title='bbox 1884 1293 2060 1359; x_wconf 86' lang='lat' dir='ltr'><strong>vobis,</strong></span> 
     </span>
    </p>
   </div>
   <div class='ocr_carea' id='block_1_15' title="bbox 480 1384 2057 1459">
    <p class='ocr_par' dir='ltr' id='par_1_15' title="bbox 480 1384 2057 1459">
     <span class='ocr_line' id='line_1_15' title="bbox 480 1384 2057 1459; baseline 0.003 -23"><span class='ocrx_word' id='word_1_88' title='bbox 480 1390 535 1437; x_wconf 89' lang='lat' dir='ltr'><strong>et</strong></span> <span class='ocrx_word' id='word_1_89' title='bbox 560 1397 659 1454; x_wconf 89' lang='lat' dir='ltr'><strong>per</strong></span> <span class='ocrx_word' id='word_1_90' title='bbox 680 1384 997 1442; x_wconf 88' lang='lat' dir='ltr'><strong>relationem</strong></span> <span class='ocrx_word' id='word_1_91' title='bbox 1026 1389 1191 1443; x_wconf 86' lang='lat' dir='ltr'><strong>etiam</strong></span> <span class='ocrx_word' id='word_1_92' title='bbox 1229 1389 1334 1459; x_wconf 89' lang='lat' dir='ltr'><strong>piis</strong></span> <span class='ocrx_word' id='word_1_93' title='bbox 1381 1388 1797 1459; x_wconf 88' lang='lat' dir='ltr'><strong>imperatoribus</strong></span> <span class='ocrx_word' id='word_1_94' title='bbox 1838 1388 2057 1443; x_wconf 88' lang='lat' dir='ltr'><strong>nostris.</strong></span> 
     </span>
    </p>
   </div>
   <div class='ocr_carea' id='block_1_16' title="bbox 480 1474 2063 1551">
    <p class='ocr_par' dir='ltr' id='par_1_16' title="bbox 480 1474 2063 1551">
     <span class='ocr_line' id='line_1_16' title="bbox 480 1474 2063 1551; baseline 0.003 -21"><span class='ocrx_word' id='word_1_95' title='bbox 480 1474 550 1530; x_wconf 83' lang='lat' dir='ltr'><strong>Et</strong></span> <span class='ocrx_word' id='word_1_96' title='bbox 576 1491 764 1534; x_wconf 87' lang='lat' dir='ltr'><strong>omnes</strong></span> <span class='ocrx_word' id='word_1_97' title='bbox 790 1478 1058 1534; x_wconf 70' lang='lat' dir='ltr'><strong>iizereticac</strong></span> <span class='ocrx_word' id='word_1_98' title='bbox 1086 1479 1227 1534; x_wconf 90' lang='lat' dir='ltr'><strong>illius</strong></span> <span class='ocrx_word' id='word_1_99' title='bbox 1261 1480 1540 1551; x_wconf 85' lang='lat' dir='ltr'><strong>pravitatis</strong></span> <span class='ocrx_word' id='word_1_100' title='bbox 1569 1479 1960 1545; x_wconf 72' lang='lat' dir='ltr'><strong>hmresiarchac,</strong></span> <span class='ocrx_word' id='word_1_101' title='bbox 2009 1486 2063 1536; x_wconf 93' lang='lat' dir='ltr'><strong>ct</strong></span> 
     </span>
    </p>
   </div>
   <div class='ocr_carea' id='block_1_17' title="bbox 480 1571 2059 1647">
    <p class='ocr_par' dir='ltr' id='par_1_17' title="bbox 480 1571 2059 1647">
     <span class='ocr_line' id='line_1_17' title="bbox 480 1571 2059 1647; baseline 0.004 -24"><span class='ocrx_word' id='word_1_102' title='bbox 480 1571 572 1636; x_wconf 87' lang='lat' dir='ltr'><strong>qui</strong></span> <span class='ocrx_word' id='word_1_103' title='bbox 601 1586 693 1647; x_wconf 83' lang='lat' dir='ltr'><strong>eos</strong></span> <span class='ocrx_word' id='word_1_104' title='bbox 721 1573 894 1629; x_wconf 88' lang='lat' dir='ltr'><strong>secuti</strong></span> <span class='ocrx_word' id='word_1_105' title='bbox 921 1581 1068 1643; x_wconf 90' lang='lat' dir='ltr'><strong>sunt,</strong></span> <span class='ocrx_word' id='word_1_106' title='bbox 1099 1582 1154 1630; x_wconf 90' lang='lat' dir='ltr'><strong>et</strong></span> <span class='ocrx_word' id='word_1_107' title='bbox 1205 1574 1687 1631; x_wconf 87' lang='lat' dir='ltr'><strong>ineonvertibilitcr</strong></span> <span class='ocrx_word' id='word_1_108' title='bbox 1710 1576 1875 1630; x_wconf 83' lang='lat' dir='ltr'><strong>vitam</strong></span> <span class='ocrx_word' id='word_1_109' title='bbox 1909 1591 2059 1630; x_wconf 91' lang='lat' dir='ltr'><strong>suam</strong></span> 
     </span>
    </p>
   </div>
   <div class='ocr_carea' id='block_1_18' title="bbox 480 1658 2058 1743">
    <p class='ocr_par' dir='ltr' id='par_1_18' title="bbox 480 1658 2058 1743">
     <span class='ocr_line' id='line_1_18' title="bbox 480 1658 2058 1743; baseline 0.003 -24"><span class='ocrx_word' id='word_1_110' title='bbox 480 1658 756 1731; x_wconf 77' lang='lat' dir='ltr'><strong>ﬁnierunt,</strong></span> <span class='ocrx_word' id='word_1_111' title='bbox 790 1666 904 1738; x_wconf 91' lang='lat' dir='ltr'><strong>pari</strong></span> <span class='ocrx_word' id='word_1_112' title='bbox 934 1667 1269 1738; x_wconf 89' lang='lat' dir='ltr'><strong>depositione</strong></span> <span class='ocrx_word' id='word_1_113' title='bbox 1298 1667 1416 1741; x_wconf 86' lang='lat' dir='ltr'><strong>[hoc</strong></span> <span class='ocrx_word' id='word_1_114' title='bbox 1436 1678 1535 1736; x_wconf 83' lang='lat' dir='ltr'><strong>est,</strong></span> <span class='ocrx_word' id='word_1_115' title='bbox 1567 1668 1840 1741; x_wconf 80' lang='lat' dir='ltr'><strong>religionis</strong></span> <span class='ocrx_word' id='word_1_116' title='bbox 1862 1666 2058 1743; x_wconf 82' lang='lat' dir='ltr'><strong>cilicio]</strong></span> 
     </span>
    </p>
   </div>
   <div class='ocr_carea' id='block_1_19' title="bbox 2233 439 3729 511">
    <p class='ocr_par' dir='ltr' id='par_1_19' title="bbox 2233 439 3729 511">
     <span class='ocr_line' id='line_1_19' title="bbox 2233 439 3729 511; baseline -0.001 -13"><span class='ocrx_word' id='word_1_117' title='bbox 2233 446 2396 498; x_wconf 84' lang='lat' dir='ltr'><strong>nistro</strong></span> <span class='ocrx_word' id='word_1_118' title='bbox 2422 441 2656 495; x_wconf 80' lang='lat' dir='ltr'><strong>Adriano</strong></span> <span class='ocrx_word' id='word_1_119' title='bbox 2681 458 2830 511; x_wconf 65' lang='lat' dir='ltr'><strong>papae</strong></span> <span class='ocrx_word' id='word_1_120' title='bbox 2862 442 3079 496; x_wconf 84' lang='lat' dir='ltr'><strong>senioris</strong></span> <span class='ocrx_word' id='word_1_121' title='bbox 3115 439 3294 495; x_wconf 54' lang='lat' dir='ltr'><strong>Roma,</strong></span> <span class='ocrx_word' id='word_1_122' title='bbox 3321 439 3576 496; x_wconf 78' lang='lat' dir='ltr'><strong>Tarasius</strong></span> <span class='ocrx_word' id='word_1_123' title='bbox 3597 442 3729 497; x_wconf 83' lang='lat' dir='ltr'><strong>imii-</strong></span> 
     </span>
    </p>
   </div>
   <div class='ocr_carea' id='block_1_20' title="bbox 2228 509 3730 585">
    <p class='ocr_par' dir='ltr' id='par_1_20' title="bbox 2228 509 3730 585">
     <span class='ocr_line' id='line_1_20' title="bbox 2228 509 3730 585; baseline 0.001 -17"><span class='ocrx_word' id='word_1_124' title='bbox 2228 530 2360 585; x_wconf 82' lang='lat' dir='ltr'><strong>gnus</strong></span> <span class='ocrx_word' id='word_1_125' title='bbox 2396 509 2688 585; x_wconf 77' lang='lat' dir='ltr'><strong>episcopus</strong></span> <span class='ocrx_word' id='word_1_126' title='bbox 2710 509 3228 583; x_wconf 75' lang='lat' dir='ltr'><strong>Constantinopoleos</strong></span> <span class='ocrx_word' id='word_1_127' title='bbox 3270 528 3416 568; x_wconf 66' lang='lat' dir='ltr'><strong>noua:</strong></span> <span class='ocrx_word' id='word_1_128' title='bbox 3466 511 3651 568; x_wconf 77' lang='lat' dir='ltr'><strong>Rm</strong></span> <span class='ocrx_word' id='word_1_129' title='bbox 3682 514 3730 569; x_wconf 68' lang='lat' dir='ltr'><strong>in</strong></span> 
     </span>
    </p>
   </div>
   <div class='ocr_carea' id='block_1_21' title="bbox 2230 583 2716 643">
    <p class='ocr_par' dir='ltr' id='par_1_21' title="bbox 2230 583 2716 643">
     <span class='ocr_line' id='line_1_21' title="bbox 2230 583 2716 643; baseline -0.002 -3"><span class='ocrx_word' id='word_1_130' title='bbox 2230 583 2452 643; x_wconf 78' lang='lat' dir='ltr'><strong>Domino</strong></span> <span class='ocrx_word' id='word_1_131' title='bbox 2474 583 2716 639; x_wconf 78' lang='lat' dir='ltr'><strong>salutem.</strong></span> 
     </span>
    </p>
   </div>
   <div class='ocr_carea' id='block_1_22' title="bbox 2216 737 3735 815">
    <p class='ocr_par' dir='ltr' id='par_1_22' title="bbox 2216 737 3735 815">
     <span class='ocr_line' id='line_1_22' title="bbox 2216 737 3735 815; baseline 0.001 -20"><span class='ocrx_word' id='word_1_132' title='bbox 2216 737 2520 815; x_wconf 76' lang='lat' dir='ltr'><strong>lliultii‘arie</strong></span> <span class='ocrx_word' id='word_1_133' title='bbox 2571 739 2860 810; x_wconf 87' lang='lat' dir='ltr'><strong>multisque</strong></span> <span class='ocrx_word' id='word_1_134' title='bbox 2904 739 3093 804; x_wconf 88' lang='lat' dir='ltr'><strong>modis,</strong></span> <span class='ocrx_word' id='word_1_135' title='bbox 3139 739 3450 812; x_wconf 89' lang='lat' dir='ltr'><strong>cvangelice</strong></span> <span class='ocrx_word' id='word_1_136' title='bbox 3498 738 3660 795; x_wconf 88' lang='lat' dir='ltr'><strong>simul</strong></span> <span class='ocrx_word' id='word_1_137' title='bbox 3691 748 3735 797; x_wconf 84' lang='lat' dir='ltr'><strong>ct</strong></span> 
     </span>
    </p>
   </div>
   <div class='ocr_carea' id='block_1_23' title="bbox 2159 831 3735 904">
    <p class='ocr_par' dir='ltr' id='par_1_23' title="bbox 2159 831 3735 904">
     <span class='ocr_line' id='line_1_23' title="bbox 2159 831 3735 904; baseline 0 -17"><span class='ocrx_word' id='word_1_138' title='bbox 2159 831 2450 902; x_wconf 87' lang='lat' dir='ltr'><strong>apostoliee</strong></span> <span class='ocrx_word' id='word_1_139' title='bbox 2476 840 2637 902; x_wconf 89' lang='lat' dir='ltr'><strong>atque</strong></span> <span class='ocrx_word' id='word_1_140' title='bbox 2665 840 2887 904; x_wconf 81' lang='lat' dir='ltr'><strong>paterae</strong></span> <span class='ocrx_word' id='word_1_141' title='bbox 2929 832 3183 888; x_wconf 87' lang='lat' dir='ltr'><strong>docemur</strong></span> <span class='ocrx_word' id='word_1_142' title='bbox 3217 832 3333 887; x_wconf 87' lang='lat' dir='ltr'><strong>sine</strong></span> <span class='ocrx_word' id='word_1_143' title='bbox 3376 832 3609 888; x_wconf 85' lang='lat' dir='ltr'><strong>avaritia</strong></span> <span class='ocrx_word' id='word_1_144' title='bbox 3654 834 3735 887; x_wconf 80' lang='lat' dir='ltr'><strong>bs-</strong></span> 
     </span>
    </p>
   </div>
   <div class='ocr_carea' id='block_1_24' title="bbox 2158 921 3737 989">
    <p class='ocr_par' dir='ltr' id='par_1_24' title="bbox 2158 921 3737 989">
     <span class='ocr_line' id='line_1_24' title="bbox 2158 921 3737 989; baseline 0.001 -11"><span class='ocrx_word' id='word_1_145' title='bbox 2158 922 2290 978; x_wconf 88' lang='lat' dir='ltr'><strong>bere</strong></span> <span class='ocrx_word' id='word_1_146' title='bbox 2321 938 2496 979; x_wconf 89' lang='lat' dir='ltr'><strong>mores</strong></span> <span class='ocrx_word' id='word_1_147' title='bbox 2526 922 2578 978; x_wconf 93' lang='lat' dir='ltr'><strong>in</strong></span> <span class='ocrx_word' id='word_1_148' title='bbox 2603 922 2885 979; x_wconf 85' lang='lat' dir='ltr'><strong>sacerdotii</strong></span> <span class='ocrx_word' id='word_1_149' title='bbox 2917 921 3362 989; x_wconf 80' lang='lat' dir='ltr'><strong>sanctiﬁcatione,</strong></span> <span class='ocrx_word' id='word_1_150' title='bbox 3400 932 3461 978; x_wconf 90' lang='lat' dir='ltr'><strong>et</strong></span> <span class='ocrx_word' id='word_1_151' title='bbox 3505 939 3615 979; x_wconf 92' lang='lat' dir='ltr'><strong>non</strong></span> <span class='ocrx_word' id='word_1_152' title='bbox 3656 940 3737 979; x_wconf 83' lang='lat' dir='ltr'><strong>au-</strong></span> 
     </span>
    </p>
   </div>
   <div class='ocr_carea' id='block_1_25' title="bbox 2161 1016 3738 1090">
    <p class='ocr_par' dir='ltr' id='par_1_25' title="bbox 2161 1016 3738 1090">
     <span class='ocr_line' id='line_1_25' title="bbox 2161 1016 3738 1090; baseline 0.001 -18"><span class='ocrx_word' id='word_1_153' title='bbox 2161 1032 2301 1083; x_wconf 90' lang='lat' dir='ltr'><strong>rum,</strong></span> <span class='ocrx_word' id='word_1_154' title='bbox 2328 1034 2432 1076; x_wconf 91' lang='lat' dir='ltr'><strong>non</strong></span> <span class='ocrx_word' id='word_1_155' title='bbox 2463 1027 2766 1090; x_wconf 82' lang='lat' dir='ltr'><strong>argentum,</strong></span> <span class='ocrx_word' id='word_1_156' title='bbox 2793 1025 2884 1073; x_wconf 89' lang='lat' dir='ltr'><strong>aut</strong></span> <span class='ocrx_word' id='word_1_157' title='bbox 2909 1017 3108 1089; x_wconf 89' lang='lat' dir='ltr'><strong>aliquid</strong></span> <span class='ocrx_word' id='word_1_158' title='bbox 3134 1016 3277 1072; x_wconf 88' lang='lat' dir='ltr'><strong>aliud</strong></span> <span class='ocrx_word' id='word_1_159' title='bbox 3296 1032 3567 1090; x_wconf 87' lang='lat' dir='ltr'><strong>usurpare</strong></span> <span class='ocrx_word' id='word_1_160' title='bbox 3593 1031 3738 1088; x_wconf 78' lang='lat' dir='ltr'><strong>super</strong></span> 
     </span>
    </p>
   </div>
   <div class='ocr_carea' id='block_1_26' title="bbox 2162 1112 3735 1186">
    <p class='ocr_par' dir='ltr' id='par_1_26' title="bbox 2162 1112 3735 1186">
     <span class='ocr_line' id='line_1_26' title="bbox 2162 1112 3735 1186; baseline -0.001 -19"><span class='ocrx_word' id='word_1_161' title='bbox 2162 1128 2354 1169; x_wconf 88' lang='lat' dir='ltr'><strong>manus</strong></span> <span class='ocrx_word' id='word_1_162' title='bbox 2405 1113 2745 1186; x_wconf 91' lang='lat' dir='ltr'><strong>impositione</strong></span> <span class='ocrx_word' id='word_1_163' title='bbox 2786 1113 2964 1170; x_wconf 92' lang='lat' dir='ltr'><strong>omnis</strong></span> <span class='ocrx_word' id='word_1_164' title='bbox 2990 1112 3187 1170; x_wconf 88' lang='lat' dir='ltr'><strong>sacrati</strong></span> <span class='ocrx_word' id='word_1_165' title='bbox 3224 1113 3351 1179; x_wconf 89' lang='lat' dir='ltr'><strong>viri,</strong></span> <span class='ocrx_word' id='word_1_166' title='bbox 3391 1112 3735 1182; x_wconf 86' lang='lat' dir='ltr'><strong>quemadmo-</strong></span> 
     </span>
    </p>
   </div>
   <div class='ocr_carea' id='block_1_27' title="bbox 2162 1201 3736 1269">
    <p class='ocr_par' dir='ltr' id='par_1_27' title="bbox 2162 1201 3736 1269">
     <span class='ocr_line' id='line_1_27' title="bbox 2162 1201 3736 1269; baseline -0.002 -9"><span class='ocrx_word' id='word_1_167' title='bbox 2162 1206 2286 1261; x_wconf 88' lang='lat' dir='ltr'><strong>dum</strong></span> <span class='ocrx_word' id='word_1_168' title='bbox 2332 1208 2674 1262; x_wconf 86' lang='lat' dir='ltr'><strong>ostendemus</strong></span> <span class='ocrx_word' id='word_1_169' title='bbox 2715 1206 2766 1261; x_wconf 90' lang='lat' dir='ltr'><strong>in</strong></span> <span class='ocrx_word' id='word_1_170' title='bbox 2814 1206 3076 1262; x_wconf 87' lang='lat' dir='ltr'><strong>ordinatis</strong></span> <span class='ocrx_word' id='word_1_171' title='bbox 3125 1204 3351 1262; x_wconf 84' lang='lat' dir='ltr'><strong>inferius</strong></span> <span class='ocrx_word' id='word_1_172' title='bbox 3391 1201 3736 1269; x_wconf 82' lang='lat' dir='ltr'><strong>testimoniis,</strong></span> 
     </span>
    </p>
   </div>
   <div class='ocr_carea' id='block_1_28' title="bbox 2163 1296 3739 1368">
    <p class='ocr_par' dir='ltr' id='par_1_28' title="bbox 2163 1296 3739 1368">
     <span class='ocr_line' id='line_1_28' title="bbox 2163 1296 3739 1368; baseline -0.004 -15"><span class='ocrx_word' id='word_1_173' title='bbox 2163 1306 2271 1353; x_wconf 86' lang='lat' dir='ltr'><strong>tam</strong></span> <span class='ocrx_word' id='word_1_174' title='bbox 2303 1312 2369 1353; x_wconf 78' lang='lat' dir='ltr'><strong>ex</strong></span> <span class='ocrx_word' id='word_1_175' title='bbox 2399 1296 2688 1368; x_wconf 66' lang='lat' dir='ltr'><strong>Scriptura)</strong></span> <span class='ocrx_word' id='word_1_176' title='bbox 2709 1298 2902 1355; x_wconf 74' lang='lat' dir='ltr'><strong>divinae</strong></span> <span class='ocrx_word' id='word_1_177' title='bbox 2928 1296 3333 1361; x_wconf 88' lang='lat' dir='ltr'><strong>assertionibus,</strong></span> <span class='ocrx_word' id='word_1_178' title='bbox 3372 1309 3540 1366; x_wconf 89' lang='lat' dir='ltr'><strong>quam</strong></span> <span class='ocrx_word' id='word_1_179' title='bbox 3566 1309 3630 1349; x_wconf 81' lang='lat' dir='ltr'><strong>ex</strong></span> <span class='ocrx_word' id='word_1_180' title='bbox 3659 1308 3739 1363; x_wconf 80' lang='lat' dir='ltr'><strong>pa-</strong></span> 
     </span>
    </p>
   </div>
   <div class='ocr_carea' id='block_1_29' title="bbox 2164 1386 3740 1461">
    <p class='ocr_par' dir='ltr' id='par_1_29' title="bbox 2164 1386 3740 1461">
     <span class='ocr_line' id='line_1_29' title="bbox 2164 1386 3740 1461; baseline -0.004 -16"><span class='ocrx_word' id='word_1_181' title='bbox 2164 1392 2330 1446; x_wconf 84' lang='lat' dir='ltr'><strong>ternis</strong></span> <span class='ocrx_word' id='word_1_182' title='bbox 2353 1391 2674 1461; x_wconf 84' lang='lat' dir='ltr'><strong>magisteriis</strong></span> <span class='ocrx_word' id='word_1_183' title='bbox 2702 1389 3008 1461; x_wconf 89' lang='lat' dir='ltr'><strong>assumptis.</strong></span> <span class='ocrx_word' id='word_1_184' title='bbox 3059 1387 3159 1457; x_wconf 92' lang='lat' dir='ltr'><strong>Qui</strong></span> <span class='ocrx_word' id='word_1_185' title='bbox 3187 1389 3331 1445; x_wconf 90' lang='lat' dir='ltr'><strong>enim</strong></span> <span class='ocrx_word' id='word_1_186' title='bbox 3360 1403 3561 1442; x_wconf 89' lang='lat' dir='ltr'><strong>manus</strong></span> <span class='ocrx_word' id='word_1_187' title='bbox 3590 1386 3740 1456; x_wconf 82' lang='lat' dir='ltr'><strong>impo-</strong></span> 
     </span>
    </p>
   </div>
   <div class='ocr_carea' id='block_1_30' title="bbox 2162 1478 3737 1553">
    <p class='ocr_par' dir='ltr' id='par_1_30' title="bbox 2162 1478 3737 1553">
     <span class='ocr_line' id='line_1_30' title="bbox 2162 1478 3737 1553; baseline -0.004 -15"><span class='ocrx_word' id='word_1_188' title='bbox 2162 1490 2318 1549; x_wconf 89' lang='lat' dir='ltr'><strong>nunt,</strong></span> <span class='ocrx_word' id='word_1_189' title='bbox 2342 1483 2572 1538; x_wconf 85' lang='lat' dir='ltr'><strong>ministri</strong></span> <span class='ocrx_word' id='word_1_190' title='bbox 2596 1491 2719 1538; x_wconf 89' lang='lat' dir='ltr'><strong>sunt</strong></span> <span class='ocrx_word' id='word_1_191' title='bbox 2739 1480 2992 1553; x_wconf 91' lang='lat' dir='ltr'><strong>Spiritus,</strong></span> <span class='ocrx_word' id='word_1_192' title='bbox 3020 1497 3125 1536; x_wconf 88' lang='lat' dir='ltr'><strong>non</strong></span> <span class='ocrx_word' id='word_1_193' title='bbox 3151 1480 3465 1538; x_wconf 83' lang='lat' dir='ltr'><strong>venditores</strong></span> <span class='ocrx_word' id='word_1_194' title='bbox 3490 1478 3737 1548; x_wconf 84' lang='lat' dir='ltr'><strong>Spiritus:</strong></span> 
     </span>
    </p>
   </div>
   <div class='ocr_carea' id='block_1_31' title="bbox 2162 1571 3740 1649">
    <p class='ocr_par' dir='ltr' id='par_1_31' title="bbox 2162 1571 3740 1649">
     <span class='ocr_line' id='line_1_31' title="bbox 2162 1571 3740 1649; baseline -0.004 -17"><span class='ocrx_word' id='word_1_195' title='bbox 2162 1577 2330 1649; x_wconf 82' lang='lat' dir='ltr'><strong>gratis</strong></span> <span class='ocrx_word' id='word_1_196' title='bbox 2352 1576 2547 1647; x_wconf 77' lang='lat' dir='ltr'><strong>qtiippe</strong></span> <span class='ocrx_word' id='word_1_197' title='bbox 2572 1576 2902 1648; x_wconf 88' lang='lat' dir='ltr'><strong>accipientes</strong></span> <span class='ocrx_word' id='word_1_198' title='bbox 2923 1574 3149 1646; x_wconf 78' lang='lat' dir='ltr'><strong>gratiam</strong></span> <span class='ocrx_word' id='word_1_199' title='bbox 3180 1573 3438 1644; x_wconf 86' lang='lat' dir='ltr'><strong>Spiritus,</strong></span> <span class='ocrx_word' id='word_1_200' title='bbox 3469 1571 3641 1645; x_wconf 81' lang='lat' dir='ltr'><strong>gratis</strong></span> <span class='ocrx_word' id='word_1_201' title='bbox 3672 1571 3740 1626; x_wconf 89' lang='lat' dir='ltr'><strong>bis</strong></span> 
     </span>
    </p>
   </div>
   <div class='ocr_carea' id='block_1_32' title="bbox 2164 1662 3740 1741">
    <p class='ocr_par' dir='ltr' id='par_1_32' title="bbox 2164 1662 3740 1741">
     <span class='ocr_line' id='line_1_32' title="bbox 2164 1662 3740 1741; baseline -0.004 -18"><span class='ocrx_word' id='word_1_202' title='bbox 2164 1670 2253 1741; x_wconf 92' lang='lat' dir='ltr'><strong>qui</strong></span> <span class='ocrx_word' id='word_1_203' title='bbox 2284 1685 2312 1723; x_wconf 88' lang='lat' dir='ltr'><strong>a</strong></span> <span class='ocrx_word' id='word_1_204' title='bbox 2349 1685 2406 1725; x_wconf 88' lang='lat' dir='ltr'><strong>sc</strong></span> <span class='ocrx_word' id='word_1_205' title='bbox 2430 1668 2751 1740; x_wconf 88' lang='lat' dir='ltr'><strong>percipiunt,</strong></span> <span class='ocrx_word' id='word_1_206' title='bbox 2781 1667 2910 1723; x_wconf 89' lang='lat' dir='ltr'><strong>dare</strong></span> <span class='ocrx_word' id='word_1_207' title='bbox 2935 1665 3341 1738; x_wconf 62' lang='lat' dir='ltr'><strong>praecipiuntur,</strong></span> <span class='ocrx_word' id='word_1_208' title='bbox 3372 1680 3443 1720; x_wconf 82' lang='lat' dir='ltr'><strong>ex</strong></span> <span class='ocrx_word' id='word_1_209' title='bbox 3478 1662 3740 1718; x_wconf 77' lang='lat' dir='ltr'><strong>Dominica</strong></span> 
     </span>
    </p>
   </div>
   <div class='ocr_carea' id='block_1_33' title="bbox 479 1751 3742 1833">
    <p class='ocr_par' dir='ltr' id='par_1_33' title="bbox 479 1751 3742 1833">
     <span class='ocr_line' id='line_1_33' title="bbox 479 1751 3742 1833; baseline -0.002 -20"><span class='ocrx_word' id='word_1_210' title='bbox 479 1757 717 1814; x_wconf 88' lang='lat' dir='ltr'><strong>damnati</strong></span> <span class='ocrx_word' id='word_1_211' title='bbox 749 1770 875 1815; x_wconf 92' lang='lat' dir='ltr'><strong>sunt</strong></span> <span class='ocrx_word' id='word_1_212' title='bbox 920 1775 1039 1816; x_wconf 89' lang='lat' dir='ltr'><strong>cum</strong></span> <span class='ocrx_word' id='word_1_213' title='bbox 1071 1761 1157 1817; x_wconf 87' lang='lat' dir='ltr'><strong>his</strong></span> <span class='ocrx_word' id='word_1_214' title='bbox 1207 1761 1297 1832; x_wconf 89' lang='lat' dir='ltr'><strong>qui</strong></span> <span class='ocrx_word' id='word_1_215' title='bbox 1344 1770 1469 1817; x_wconf 88' lang='lat' dir='ltr'><strong>ante</strong></span> <span class='ocrx_word' id='word_1_216' title='bbox 1499 1763 1777 1819; x_wconf 82' lang='lat' dir='ltr'><strong>catholicae</strong></span> <span class='ocrx_word' id='word_1_217' title='bbox 1818 1762 2057 1819; x_wconf 64' lang='lat' dir='ltr'><strong>hmretiei</strong></span> <span class='ocrx_word' id='word_1_218' title='bbox 2089 1751 2133 1811; x_wconf 79' lang='grc' dir='ltr'><strong><em>Β</em></strong></span> <span class='ocrx_word' id='word_1_219' title='bbox 2161 1775 2293 1817; x_wconf 87' lang='lat' dir='ltr'><strong>voce</strong></span> <span class='ocrx_word' id='word_1_220' title='bbox 2316 1760 2455 1815; x_wconf 89' lang='lat' dir='ltr'><strong>hanc</strong></span> <span class='ocrx_word' id='word_1_221' title='bbox 2490 1759 2792 1815; x_wconf 87' lang='lat' dir='ltr'><strong>libertatem</strong></span> <span class='ocrx_word' id='word_1_222' title='bbox 2831 1758 2971 1833; x_wconf 85' lang='lat' dir='ltr'><strong>[Gr.,</strong></span> <span class='ocrx_word' id='word_1_223' title='bbox 3014 1756 3422 1831; x_wconf 86' lang='lat' dir='ltr'><strong>liberalitatem]</strong></span> <span class='ocrx_word' id='word_1_224' title='bbox 3458 1756 3659 1827; x_wconf 88' lang='lat' dir='ltr'><strong>adepti.</strong></span> <span class='ocrx_word' id='word_1_225' title='bbox 3692 1755 3742 1809; x_wconf 86' lang='lat' dir='ltr'><strong>Si</strong></span> 
     </span>
    </p>
   </div>
   <div class='ocr_carea' id='block_1_34' title="bbox 479 1852 2058 1927">
    <p class='ocr_par' dir='ltr' id='par_1_34' title="bbox 479 1852 2058 1927">
     <span class='ocr_line' id='line_1_34' title="bbox 479 1852 2058 1927; baseline 0.003 -21"><span class='ocrx_word' id='word_1_226' title='bbox 479 1852 700 1908; x_wconf 83' lang='lat' dir='ltr'><strong>fuerunt</strong></span> <span class='ocrx_word' id='word_1_227' title='bbox 743 1853 994 1909; x_wconf 81' lang='lat' dir='ltr'><strong>Ecclesiae</strong></span> <span class='ocrx_word' id='word_1_228' title='bbox 1025 1853 1102 1927; x_wconf 88' lang='lat' dir='ltr'><strong>[in</strong></span> <span class='ocrx_word' id='word_1_229' title='bbox 1148 1854 1347 1910; x_wconf 91' lang='lat' dir='ltr'><strong>cathol.</strong></span> <span class='ocrx_word' id='word_1_230' title='bbox 1377 1854 1523 1910; x_wconf 82' lang='lat' dir='ltr'><strong>Eccl.</strong></span> <span class='ocrx_word' id='word_1_231' title='bbox 1562 1855 1795 1911; x_wconf 85' lang='lat' dir='ltr'><strong>haereses</strong></span> <span class='ocrx_word' id='word_1_232' title='bbox 1826 1853 2058 1926; x_wconf 75' lang='lat' dir='ltr'><strong>amplexi</strong></span> 
     </span>
    </p>
   </div>
   <div class='ocr_carea' id='block_1_35' title="bbox 478 1934 2057 2020">
    <p class='ocr_par' dir='ltr' id='par_1_35' title="bbox 478 1934 2057 2020">
     <span class='ocr_line' id='line_1_35' title="bbox 478 1934 2057 2020; baseline 0.001 -21"><span class='ocrx_word' id='word_1_233' title='bbox 478 1946 646 2020; x_wconf 79' lang='lat' dir='ltr'><strong>sunt].</strong></span> <span class='ocrx_word' id='word_1_234' title='bbox 672 1946 774 2015; x_wconf 90' lang='lat' dir='ltr'><strong>Qui</strong></span> <span class='ocrx_word' id='word_1_235' title='bbox 800 1934 941 2003; x_wconf 88' lang='lat' dir='ltr'><strong>enim</strong></span> <span class='ocrx_word' id='word_1_236' title='bbox 972 1948 1023 2002; x_wconf 91' lang='lat' dir='ltr'><strong>in</strong></span> <span class='ocrx_word' id='word_1_237' title='bbox 1049 1948 1159 2004; x_wconf 89' lang='lat' dir='ltr'><strong>vita</strong></span> <span class='ocrx_word' id='word_1_238' title='bbox 1195 1963 1290 2003; x_wconf 89' lang='lat' dir='ltr'><strong>sua</strong></span> <span class='ocrx_word' id='word_1_239' title='bbox 1312 1958 1605 2020; x_wconf 67' lang='lat' dir='ltr'><strong>prtesentes</strong></span> <span class='ocrx_word' id='word_1_240' title='bbox 1633 1946 1801 2013; x_wconf 78' lang='lat' dir='ltr'><strong>fuere,</strong></span> <span class='ocrx_word' id='word_1_241' title='bbox 1833 1946 2057 2004; x_wconf 89' lang='lat' dir='ltr'><strong>salutem</strong></span> 
     </span>
    </p>
   </div>
   <div class='ocr_carea' id='block_1_36' title="bbox 478 2035 2061 2113">
    <p class='ocr_par' dir='ltr' id='par_1_36' title="bbox 478 2035 2061 2113">
     <span class='ocr_line' id='line_1_36' title="bbox 478 2035 2061 2113; baseline 0.003 -21"><span class='ocrx_word' id='word_1_242' title='bbox 478 2035 679 2108; x_wconf 84' lang='lat' dir='ltr'><strong>[adhuc</strong></span> <span class='ocrx_word' id='word_1_243' title='bbox 722 2039 1040 2110; x_wconf 84' lang='lat' dir='ltr'><strong>superstites</strong></span> <span class='ocrx_word' id='word_1_244' title='bbox 1092 2049 1264 2106; x_wconf 80' lang='lat' dir='ltr'><strong>erant,</strong></span> <span class='ocrx_word' id='word_1_245' title='bbox 1317 2040 1442 2113; x_wconf 67' lang='lat' dir='ltr'><strong>sub]</strong></span> <span class='ocrx_word' id='word_1_246' title='bbox 1485 2056 1636 2096; x_wconf 87' lang='lat' dir='ltr'><strong>suam</strong></span> <span class='ocrx_word' id='word_1_247' title='bbox 1682 2055 1780 2110; x_wconf 88' lang='lat' dir='ltr'><strong>per</strong></span> <span class='ocrx_word' id='word_1_248' title='bbox 1828 2039 2061 2109; x_wconf 86' lang='lat' dir='ltr'><strong>scriptos</strong></span> 
     </span>
    </p>
   </div>
   <div class='ocr_carea' id='block_1_37' title="bbox 475 2122 2061 2207">
    <p class='ocr_par' dir='ltr' id='par_1_37' title="bbox 475 2122 2061 2207">
     <span class='ocr_line' id='line_1_37' title="bbox 475 2122 2061 2207; baseline 0.003 -27"><span class='ocrx_word' id='word_1_249' title='bbox 475 2130 507 2180; x_wconf 77' lang='lat' dir='ltr'><strong>a‘</strong></span> <span class='ocrx_word' id='word_1_250' title='bbox 540 2140 597 2181; x_wconf 91' lang='lat' dir='ltr'><strong>sc</strong></span> <span class='ocrx_word' id='word_1_251' title='bbox 632 2122 841 2207; x_wconf 84' lang='lat' dir='ltr'><strong>libellos</strong></span> <span class='ocrx_word' id='word_1_252' title='bbox 878 2128 1112 2185; x_wconf 85' lang='lat' dir='ltr'><strong>confessi</strong></span> <span class='ocrx_word' id='word_1_253' title='bbox 1163 2138 1309 2186; x_wconf 83' lang='lat' dir='ltr'><strong>sunt.</strong></span> <span class='ocrx_word' id='word_1_254' title='bbox 1350 2131 1417 2185; x_wconf 85' lang='lat' dir='ltr'><strong>Et</strong></span> <span class='ocrx_word' id='word_1_255' title='bbox 1460 2147 1801 2203; x_wconf 86' lang='lat' dir='ltr'><strong>nequaquam</strong></span> <span class='ocrx_word' id='word_1_256' title='bbox 1856 2130 2061 2185; x_wconf 86' lang='lat' dir='ltr'><strong>dimisit</strong></span> 
     </span>
    </p>
   </div>
   <div class='ocr_carea' id='block_1_38' title="bbox 476 2212 2058 2293">
    <p class='ocr_par' dir='ltr' id='par_1_38' title="bbox 476 2212 2058 2293">
     <span class='ocr_line' id='line_1_38' title="bbox 476 2212 2058 2293; baseline 0.003 -20"><span class='ocrx_word' id='word_1_257' title='bbox 476 2212 723 2276; x_wconf 84' lang='lat' dir='ltr'><strong>Christus</strong></span> <span class='ocrx_word' id='word_1_258' title='bbox 748 2221 891 2276; x_wconf 90' lang='lat' dir='ltr'><strong>Deus</strong></span> <span class='ocrx_word' id='word_1_259' title='bbox 914 2231 1122 2286; x_wconf 85' lang='lat' dir='ltr'><strong>noster,</strong></span> <span class='ocrx_word' id='word_1_260' title='bbox 1154 2232 1305 2292; x_wconf 89' lang='lat' dir='ltr'><strong>petra</strong></span> <span class='ocrx_word' id='word_1_261' title='bbox 1334 2224 1591 2278; x_wconf 89' lang='lat' dir='ltr'><strong>nimirum</strong></span> <span class='ocrx_word' id='word_1_262' title='bbox 1621 2224 1671 2277; x_wconf 90' lang='lat' dir='ltr'><strong>in</strong></span> <span class='ocrx_word' id='word_1_263' title='bbox 1703 2240 1806 2293; x_wconf 91' lang='lat' dir='ltr'><strong>qua</strong></span> <span class='ocrx_word' id='word_1_264' title='bbox 1836 2222 2058 2279; x_wconf 87' lang='lat' dir='ltr'><strong>stabiliti</strong></span> 
     </span>
    </p>
   </div>
   <div class='ocr_carea' id='block_1_39' title="bbox 477 2311 2061 2384">
    <p class='ocr_par' dir='ltr' id='par_1_39' title="bbox 477 2311 2061 2384">
     <span class='ocr_line' id='line_1_39' title="bbox 477 2311 2061 2384; baseline 0.004 -21"><span class='ocrx_word' id='word_1_265' title='bbox 477 2322 680 2376; x_wconf 76' lang='lat' dir='ltr'><strong>Sumus,</strong></span> <span class='ocrx_word' id='word_1_266' title='bbox 713 2311 945 2383; x_wconf 88' lang='lat' dir='ltr'><strong>desuper</strong></span> <span class='ocrx_word' id='word_1_267' title='bbox 974 2321 1281 2368; x_wconf 81' lang='lat' dir='ltr'><strong>contextam</strong></span> <span class='ocrx_word' id='word_1_268' title='bbox 1299 2329 1395 2384; x_wconf 89' lang='lat' dir='ltr'><strong>per</strong></span> <span class='ocrx_word' id='word_1_269' title='bbox 1418 2323 1586 2369; x_wconf 87' lang='lat' dir='ltr'><strong>totum</strong></span> <span class='ocrx_word' id='word_1_270' title='bbox 1613 2316 1871 2381; x_wconf 87' lang='lat' dir='ltr'><strong>tunicam,</strong></span> <span class='ocrx_word' id='word_1_271' title='bbox 1907 2316 1957 2370; x_wconf 90' lang='lat' dir='ltr'><strong>id</strong></span> <span class='ocrx_word' id='word_1_272' title='bbox 1978 2324 2061 2372; x_wconf 88' lang='lat' dir='ltr'><strong>est</strong></span> 
     </span>
    </p>
   </div>
   <div class='ocr_carea' id='block_1_40' title="bbox 478 2403 2058 2478">
    <p class='ocr_par' dir='ltr' id='par_1_40' title="bbox 478 2403 2058 2478">
     <span class='ocr_line' id='line_1_40' title="bbox 478 2403 2058 2478; baseline 0.005 -24"><span class='ocrx_word' id='word_1_273' title='bbox 478 2403 773 2458; x_wconf 64' lang='lat' dir='ltr'><strong>licclesiam</strong></span> <span class='ocrx_word' id='word_1_274' title='bbox 789 2418 1098 2474; x_wconf 72' lang='lat' dir='ltr'><strong>suam,qu:e</strong></span> <span class='ocrx_word' id='word_1_275' title='bbox 1121 2403 1188 2458; x_wconf 90' lang='lat' dir='ltr'><strong>ab</strong></span> <span class='ocrx_word' id='word_1_276' title='bbox 1214 2404 1329 2474; x_wconf 88' lang='lat' dir='ltr'><strong>ipso</strong></span> <span class='ocrx_word' id='word_1_277' title='bbox 1349 2413 1403 2459; x_wconf 91' lang='lat' dir='ltr'><strong>et</strong></span> <span class='ocrx_word' id='word_1_278' title='bbox 1424 2421 1519 2477; x_wconf 89' lang='lat' dir='ltr'><strong>per</strong></span> <span class='ocrx_word' id='word_1_279' title='bbox 1543 2404 1682 2478; x_wconf 60' lang='lat'><strong>[612,</strong></span> <span class='ocrx_word' id='word_1_280' title='bbox 1712 2416 1757 2460; x_wconf 86' lang='lat' dir='ltr'><strong>et</strong></span> <span class='ocrx_word' id='word_1_281' title='bbox 1780 2408 1894 2461; x_wconf 89' lang='lat' dir='ltr'><strong>cod.</strong></span> <span class='ocrx_word' id='word_1_282' title='bbox 1921 2406 2058 2475; x_wconf 85' lang='lat' dir='ltr'><strong>Jol.,</strong></span> 
     </span>
    </p>
   </div>
   <div class='ocr_carea' id='block_1_41' title="bbox 478 2489 2054 2571">
    <p class='ocr_par' dir='ltr' id='par_1_41' title="bbox 478 2489 2054 2571">
     <span class='ocr_line' id='line_1_41' title="bbox 478 2489 2054 2571; baseline 0.006 -24"><span class='ocrx_word' id='word_1_283' title='bbox 478 2492 661 2567; x_wconf 76' lang='lat' dir='ltr'><strong>super]</strong></span> <span class='ocrx_word' id='word_1_284' title='bbox 693 2489 866 2566; x_wconf 89' lang='lat' dir='ltr'><strong>ipsum</strong></span> <span class='ocrx_word' id='word_1_285' title='bbox 897 2495 1162 2552; x_wconf 63' lang='lat' dir='ltr'><strong>aediﬁcata</strong></span> <span class='ocrx_word' id='word_1_286' title='bbox 1190 2505 1294 2562; x_wconf 88' lang='lat' dir='ltr'><strong>est,</strong></span> <span class='ocrx_word' id='word_1_287' title='bbox 1345 2496 1624 2553; x_wconf 87' lang='lat' dir='ltr'><strong>discissam</strong></span> <span class='ocrx_word' id='word_1_288' title='bbox 1662 2508 1715 2553; x_wconf 91' lang='lat' dir='ltr'><strong>et</strong></span> <span class='ocrx_word' id='word_1_289' title='bbox 1745 2499 2013 2571; x_wconf 81' lang='lat' dir='ltr'><strong>diruptam</strong></span> <span class='ocrx_word' id='word_1_290' title='bbox 2040 2517 2054 2567; x_wconf 92' lang='lat'><strong>;</strong></span> 
     </span>
    </p>
   </div>
   <div class='ocr_carea' id='block_1_42' title="bbox 477 2587 2054 2658">
    <p class='ocr_par' dir='ltr' id='par_1_42' title="bbox 477 2587 2054 2658">
     <span class='ocr_line' id='line_1_42' title="bbox 477 2587 2054 2658; baseline 0.004 -19"><span class='ocrx_word' id='word_1_291' title='bbox 477 2587 569 2639; x_wconf 86' lang='lat' dir='ltr'><strong>sed</strong></span> <span class='ocrx_word' id='word_1_292' title='bbox 616 2600 716 2641; x_wconf 89' lang='lat' dir='ltr'><strong>nec</strong></span> <span class='ocrx_word' id='word_1_293' title='bbox 755 2587 996 2643; x_wconf 88' lang='lat' dir='ltr'><strong>membra</strong></span> <span class='ocrx_word' id='word_1_294' title='bbox 1027 2588 1162 2657; x_wconf 88' lang='lat' dir='ltr'><strong>alias</strong></span> <span class='ocrx_word' id='word_1_295' title='bbox 1204 2598 1365 2658; x_wconf 87' lang='lat' dir='ltr'><strong>atque</strong></span> <span class='ocrx_word' id='word_1_296' title='bbox 1417 2589 1575 2644; x_wconf 87' lang='lat' dir='ltr'><strong>aliter</strong></span> <span class='ocrx_word' id='word_1_297' title='bbox 1621 2606 1739 2646; x_wconf 87' lang='lat' dir='ltr'><strong>sese</strong></span> <span class='ocrx_word' id='word_1_298' title='bbox 1767 2593 2054 2647; x_wconf 84' lang='lat' dir='ltr'><strong>moventia.</strong></span> 
     </span>
    </p>
   </div>
   <div class='ocr_carea' id='block_1_43' title="bbox 476 2676 2059 2749">
    <p class='ocr_par' dir='ltr' id='par_1_43' title="bbox 476 2676 2059 2749">
     <span class='ocr_line' id='line_1_43' title="bbox 476 2676 2059 2749; baseline 0.007 -20"><span class='ocrx_word' id='word_1_299' title='bbox 476 2676 613 2745; x_wconf 81' lang='lat' dir='ltr'><strong>Quin</strong></span> <span class='ocrx_word' id='word_1_300' title='bbox 637 2678 812 2749; x_wconf 87' lang='lat' dir='ltr'><strong>potius</strong></span> <span class='ocrx_word' id='word_1_301' title='bbox 838 2695 941 2735; x_wconf 93' lang='lat' dir='ltr'><strong>una</strong></span> <span class='ocrx_word' id='word_1_302' title='bbox 964 2695 1086 2734; x_wconf 91' lang='lat' dir='ltr'><strong>cum</strong></span> <span class='ocrx_word' id='word_1_303' title='bbox 1113 2680 1385 2737; x_wconf 87' lang='lat' dir='ltr'><strong>veteribus</strong></span> <span class='ocrx_word' id='word_1_304' title='bbox 1410 2682 1704 2738; x_wconf 69' lang='lat' dir='ltr'><strong>hmresibus</strong></span> <span class='ocrx_word' id='word_1_305' title='bbox 1725 2684 1886 2737; x_wconf 88' lang='lat' dir='ltr'><strong>etiam</strong></span> <span class='ocrx_word' id='word_1_306' title='bbox 1909 2700 2059 2739; x_wconf 88' lang='lat' dir='ltr'><strong>erro-</strong></span> 
     </span>
    </p>
   </div>
   <div class='ocr_carea' id='block_1_44' title="bbox 476 2771 2061 2850">
    <p class='ocr_par' dir='ltr' id='par_1_44' title="bbox 476 2771 2061 2850">
     <span class='ocr_line' id='line_1_44' title="bbox 476 2771 2061 2850; baseline 0.006 -25"><span class='ocrx_word' id='word_1_307' title='bbox 476 2784 591 2826; x_wconf 82' lang='lat' dir='ltr'><strong>rem</strong></span> <span class='ocrx_word' id='word_1_308' title='bbox 618 2786 771 2829; x_wconf 72' lang='lat' dir='ltr'><strong>vana:</strong></span> <span class='ocrx_word' id='word_1_309' title='bbox 802 2771 941 2847; x_wconf 87' lang='lat' dir='ltr'><strong>[Gr.,</strong></span> <span class='ocrx_word' id='word_1_310' title='bbox 989 2773 1161 2850; x_wconf 81' lang='lat' dir='ltr'><strong>novae]</strong></span> <span class='ocrx_word' id='word_1_311' title='bbox 1211 2777 1496 2846; x_wconf 84' lang='lat' dir='ltr'><strong>pravitatis</strong></span> <span class='ocrx_word' id='word_1_312' title='bbox 1524 2793 1733 2843; x_wconf 90' lang='lat' dir='ltr'><strong>eorum,</strong></span> <span class='ocrx_word' id='word_1_313' title='bbox 1785 2779 1876 2849; x_wconf 92' lang='lat' dir='ltr'><strong>qui</strong></span> <span class='ocrx_word' id='word_1_314' title='bbox 1905 2777 2061 2835; x_wconf 89' lang='lat' dir='ltr'><strong>Chri-</strong></span> 
     </span>
    </p>
   </div>
   <div class='ocr_carea' id='block_1_45' title="bbox 432 2865 2061 2946">
    <p class='ocr_par' dir='ltr' id='par_1_45' title="bbox 432 2865 2061 2946">
     <span class='ocr_line' id='line_1_45' title="bbox 432 2865 2061 2946; baseline 0.007 -27"><span class='ocrx_word' id='word_1_315' title='bbox 432 2928 439 2935; x_wconf 44' lang='grc'><em>,</em></span> <span class='ocrx_word' id='word_1_316' title='bbox 476 2865 680 2931; x_wconf 83' lang='lat' dir='ltr'><strong>stianos</strong></span> <span class='ocrx_word' id='word_1_317' title='bbox 713 2878 1033 2925; x_wconf 88' lang='lat' dir='ltr'><strong>accusantes</strong></span> <span class='ocrx_word' id='word_1_318' title='bbox 1071 2882 1259 2927; x_wconf 90' lang='lat' dir='ltr'><strong>contra</strong></span> <span class='ocrx_word' id='word_1_319' title='bbox 1296 2873 1631 2929; x_wconf 75' lang='lat' dir='ltr'><strong>venerabiles</strong></span> <span class='ocrx_word' id='word_1_320' title='bbox 1664 2875 1926 2946; x_wconf 76' lang='lat' dir='ltr'><strong>imagines</strong></span> <span class='ocrx_word' id='word_1_321' title='bbox 1974 2891 2061 2930; x_wconf 90' lang='lat' dir='ltr'><strong>ra-</strong></span> 
     </span>
    </p>
   </div>
   <div class='ocr_carea' id='block_1_46' title="bbox 476 2957 2060 3040">
    <p class='ocr_par' dir='ltr' id='par_1_46' title="bbox 476 2957 2060 3040">
     <span class='ocr_line' id='line_1_46' title="bbox 476 2957 2060 3040; baseline 0.008 -28"><span class='ocrx_word' id='word_1_322' title='bbox 476 2957 600 3013; x_wconf 80' lang='lat' dir='ltr'><strong>bitle</strong></span> <span class='ocrx_word' id='word_1_323' title='bbox 627 2958 845 3033; x_wconf 77' lang='lat' dir='ltr'><strong>latrant,</strong></span> <span class='ocrx_word' id='word_1_324' title='bbox 877 2962 1039 3017; x_wconf 79' lang='lat' dir='ltr'><strong>verba</strong></span> <span class='ocrx_word' id='word_1_325' title='bbox 1088 2965 1275 3034; x_wconf 78' lang='lat' dir='ltr'><strong>gratiae</strong></span> <span class='ocrx_word' id='word_1_326' title='bbox 1318 2982 1427 3023; x_wconf 76' lang='lat' dir='ltr'><strong>sua:</strong></span> <span class='ocrx_word' id='word_1_327' title='bbox 1458 2967 1743 3034; x_wconf 77' lang='lat' dir='ltr'><strong>destruxit,</strong></span> <span class='ocrx_word' id='word_1_328' title='bbox 1774 2978 1829 3024; x_wconf 91' lang='lat' dir='ltr'><strong>et</strong></span> <span class='ocrx_word' id='word_1_329' title='bbox 1883 2968 2060 3040; x_wconf 89' lang='lat' dir='ltr'><strong>gladio</strong></span> 
     </span>
    </p>
   </div>
   <div class='ocr_carea' id='block_1_47' title="bbox 476 3047 2059 3129">
    <p class='ocr_par' dir='ltr' id='par_1_47' title="bbox 476 3047 2059 3129">
     <span class='ocr_line' id='line_1_47' title="bbox 476 3047 2059 3129; baseline 0.007 -28"><span class='ocrx_word' id='word_1_330' title='bbox 476 3047 702 3118; x_wconf 79' lang='lat' dir='ltr'><strong>spiritus</strong></span> <span class='ocrx_word' id='word_1_331' title='bbox 740 3052 983 3123; x_wconf 80' lang='lat' dir='ltr'><strong>pupugit.</strong></span> <span class='ocrx_word' id='word_1_332' title='bbox 1020 3050 1085 3107; x_wconf 87' lang='lat' dir='ltr'><strong>Et</strong></span> <span class='ocrx_word' id='word_1_333' title='bbox 1115 3054 1378 3111; x_wconf 81' lang='lat' dir='ltr'><strong>satisfacti</strong></span> <span class='ocrx_word' id='word_1_334' title='bbox 1419 3073 1605 3113; x_wconf 84' lang='lat' dir='ltr'><strong>sumus</strong></span> <span class='ocrx_word' id='word_1_335' title='bbox 1643 3073 1739 3129; x_wconf 89' lang='lat' dir='ltr'><strong>per</strong></span> <span class='ocrx_word' id='word_1_336' title='bbox 1769 3058 1971 3124; x_wconf 88' lang='lat' dir='ltr'><strong>omnia,</strong></span> <span class='ocrx_word' id='word_1_337' title='bbox 2004 3066 2059 3114; x_wconf 89' lang='lat' dir='ltr'><strong>et</strong></span> 
     </span>
    </p>
   </div>
   <div class='ocr_carea' id='block_1_48' title="bbox 474 3114 2130 3223">
    <p class='ocr_par' dir='ltr' id='par_1_48' title="bbox 474 3114 2130 3223">
     <span class='ocr_line' id='line_1_48' title="bbox 474 3114 2130 3223; baseline 0.009 -31"><span class='ocrx_word' id='word_1_338' title='bbox 474 3142 575 3208; x_wconf 82' lang='lat' dir='ltr'><strong>per</strong></span> <span class='ocrx_word' id='word_1_339' title='bbox 621 3139 1049 3223; x_wconf 78' lang='lat' dir='ltr'><strong>experimentum</strong></span> <span class='ocrx_word' id='word_1_340' title='bbox 1101 3146 1470 3216; x_wconf 82' lang='lat' dir='ltr'><strong>cognovimus,</strong></span> <span class='ocrx_word' id='word_1_341' title='bbox 1526 3150 1647 3218; x_wconf 84' lang='lat' dir='ltr'><strong>quia</strong></span> <span class='ocrx_word' id='word_1_342' title='bbox 1703 3150 1845 3205; x_wconf 81' lang='lat' dir='ltr'><strong>valet</strong></span> <span class='ocrx_word' id='word_1_343' title='bbox 1897 3114 2130 3222; x_wconf 61' lang='lat' dir='ltr'><strong>supera</strong></span> 
     </span>
    </p>
   </div>
   <div class='ocr_carea' id='block_1_49' title="bbox 475 3231 2057 3315">
    <p class='ocr_par' dir='ltr' id='par_1_49' title="bbox 475 3231 2057 3315">
     <span class='ocr_line' id='line_1_49' title="bbox 475 3231 2057 3315; baseline 0.008 -31"><span class='ocrx_word' id='word_1_344' title='bbox 475 3231 656 3315; x_wconf 79' lang='lat' dir='ltr'><strong>omnia</strong></span> <span class='ocrx_word' id='word_1_345' title='bbox 680 3231 907 3298; x_wconf 57' lang='lat' dir='ltr'><strong>Veritas,</strong></span> <span class='ocrx_word' id='word_1_346' title='bbox 946 3242 1001 3289; x_wconf 87' lang='lat' dir='ltr'><strong>et</strong></span> <span class='ocrx_word' id='word_1_347' title='bbox 1038 3235 1205 3291; x_wconf 87' lang='lat' dir='ltr'><strong>vincit</strong></span> <span class='ocrx_word' id='word_1_348' title='bbox 1252 3239 1542 3292; x_wconf 84' lang='lat' dir='ltr'><strong>secundum</strong></span> <span class='ocrx_word' id='word_1_349' title='bbox 1572 3255 1675 3294; x_wconf 87' lang='lat' dir='ltr'><strong>non</strong></span> <span class='ocrx_word' id='word_1_350' title='bbox 1709 3242 2057 3297; x_wconf 88' lang='lat' dir='ltr'><strong>mentientem</strong></span> 
     </span>
    </p>
   </div>
   <div class='ocr_carea' id='block_1_50' title="bbox 477 3315 2059 3392">
    <p class='ocr_par' dir='ltr' id='par_1_50' title="bbox 477 3315 2059 3392">
     <span class='ocr_line' id='line_1_50' title="bbox 477 3315 2059 3392; baseline 0.008 -14"><span class='ocrx_word' id='word_1_351' title='bbox 477 3315 706 3381; x_wconf 71' lang='lat' dir='ltr'><strong>dicentis”</strong></span> <span class='ocrx_word' id='word_1_352' title='bbox 726 3341 934 3383; x_wconf 86' lang='lat' dir='ltr'><strong>vocem.</strong></span> <span class='ocrx_word' id='word_1_353' title='bbox 955 3326 1184 3385; x_wconf 84' lang='lat' dir='ltr'><strong>Resistit</strong></span> <span class='ocrx_word' id='word_1_354' title='bbox 1203 3340 1381 3388; x_wconf 90' lang='lat' dir='ltr'><strong>autem</strong></span> <span class='ocrx_word' id='word_1_355' title='bbox 1405 3332 1454 3387; x_wconf 90' lang='lat' dir='ltr'><strong>ei</strong></span> <span class='ocrx_word' id='word_1_356' title='bbox 1484 3334 1854 3390; x_wconf 84' lang='lat' dir='ltr'><strong>universorum</strong></span> <span class='ocrx_word' id='word_1_357' title='bbox 1882 3336 2059 3392; x_wconf 91' lang='lat' dir='ltr'><strong>nullus</strong></span> 
     </span>
    </p>
   </div>
   <div class='ocr_carea' id='block_1_51' title="bbox 478 3415 2059 3495">
    <p class='ocr_par' dir='ltr' id='par_1_51' title="bbox 478 3415 2059 3495">
     <span class='ocr_line' id='line_1_51' title="bbox 478 3415 2059 3495; baseline 0.008 -24"><span class='ocrx_word' id='word_1_358' title='bbox 478 3415 621 3490; x_wconf 77' lang='lat' dir='ltr'><strong>[Gr.,</strong></span> <span class='ocrx_word' id='word_1_359' title='bbox 651 3418 872 3477; x_wconf 91' lang='lat' dir='ltr'><strong>omnino</strong></span> <span class='ocrx_word' id='word_1_360' title='bbox 903 3420 1085 3495; x_wconf 90' lang='lat' dir='ltr'><strong>nihil],</strong></span> <span class='ocrx_word' id='word_1_361' title='bbox 1116 3428 1169 3478; x_wconf 90' lang='lat' dir='ltr'><strong>et</strong></span> <span class='ocrx_word' id='word_1_362' title='bbox 1204 3432 1285 3479; x_wconf 88' lang='lat' dir='ltr'><strong>est</strong></span> <span class='ocrx_word' id='word_1_363' title='bbox 1320 3424 1692 3481; x_wconf 88' lang='lat' dir='ltr'><strong>robustissima</strong></span> <span class='ocrx_word' id='word_1_364' title='bbox 1716 3468 1729 3490; x_wconf 94' lang='lat'><strong>,</strong></span> <span class='ocrx_word' id='word_1_365' title='bbox 1763 3427 1835 3482; x_wconf 90' lang='lat' dir='ltr'><strong>ita</strong></span> <span class='ocrx_word' id='word_1_366' title='bbox 1866 3435 1925 3483; x_wconf 91' lang='lat' dir='ltr'><strong>ut</strong></span> <span class='ocrx_word' id='word_1_367' title='bbox 1952 3427 2059 3482; x_wconf 88' lang='lat' dir='ltr'><strong>ele-</strong></span> 
     </span>
    </p>
   </div>
   <div class='ocr_carea' id='block_1_52' title="bbox 474 3516 2058 3591">
    <p class='ocr_par' dir='ltr' id='par_1_52' title="bbox 474 3516 2058 3591">
     <span class='ocr_line' id='line_1_52' title="bbox 474 3516 2058 3591; baseline 0.008 -26"><span class='ocrx_word' id='word_1_368' title='bbox 474 3523 633 3569; x_wconf 86' lang='lat' dir='ltr'><strong>vetur</strong></span> <span class='ocrx_word' id='word_1_369' title='bbox 651 3523 839 3570; x_wconf 89' lang='lat' dir='ltr'><strong>contra</strong></span> <span class='ocrx_word' id='word_1_370' title='bbox 862 3530 1051 3572; x_wconf 89' lang='lat' dir='ltr'><strong>omnes</strong></span> <span class='ocrx_word' id='word_1_371' title='bbox 1081 3516 1357 3583; x_wconf 89' lang='lat' dir='ltr'><strong>inimicos;</strong></span> <span class='ocrx_word' id='word_1_372' title='bbox 1391 3526 1648 3576; x_wconf 86' lang='lat' dir='ltr'><strong>eteorum</strong></span> <span class='ocrx_word' id='word_1_373' title='bbox 1680 3521 1767 3591; x_wconf 86' lang='lat' dir='ltr'><strong>qui</strong></span> <span class='ocrx_word' id='word_1_374' title='bbox 1800 3521 2058 3578; x_wconf 88' lang='lat' dir='ltr'><strong>resistunt</strong></span> 
     </span>
    </p>
   </div>
   <div class='ocr_carea' id='block_1_53' title="bbox 476 3600 2057 3679">
    <p class='ocr_par' dir='ltr' id='par_1_53' title="bbox 476 3600 2057 3679">
     <span class='ocr_line' id='line_1_53' title="bbox 476 3600 2057 3679; baseline 0.004 -19"><span class='ocrx_word' id='word_1_375' title='bbox 476 3600 606 3671; x_wconf 78' lang='lat' dir='ltr'><strong>sibi,</strong></span> <span class='ocrx_word' id='word_1_376' title='bbox 630 3604 867 3676; x_wconf 88' lang='lat' dir='ltr'><strong>legiones</strong></span> <span class='ocrx_word' id='word_1_377' title='bbox 892 3606 1155 3664; x_wconf 89' lang='lat' dir='ltr'><strong>dissolvit.</strong></span> <span class='ocrx_word' id='word_1_378' title='bbox 1183 3608 1320 3666; x_wconf 89' lang='lat' dir='ltr'><strong>Ecce</strong></span> <span class='ocrx_word' id='word_1_379' title='bbox 1339 3604 1504 3675; x_wconf 80' lang='lat' dir='ltr'><strong>enim,</strong></span> <span class='ocrx_word' id='word_1_380' title='bbox 1529 3626 1654 3667; x_wconf 90' lang='lat' dir='ltr'><strong>ecce</strong></span> <span class='ocrx_word' id='word_1_381' title='bbox 1683 3610 1821 3667; x_wconf 89' lang='lat' dir='ltr'><strong>labia</strong></span> <span class='ocrx_word' id='word_1_382' title='bbox 1842 3612 2057 3679; x_wconf 87' lang='lat' dir='ltr'><strong>quidem</strong></span> 
     </span>
    </p>
   </div>
   <div class='ocr_carea' id='block_1_54' title="bbox 475 3695 2057 3774">
    <p class='ocr_par' dir='ltr' id='par_1_54' title="bbox 475 3695 2057 3774">
     <span class='ocr_line' id='line_1_54' title="bbox 475 3695 2057 3774; baseline 0.004 -23"><span class='ocrx_word' id='word_1_383' title='bbox 475 3695 610 3753; x_wconf 80' lang='lat' dir='ltr'><strong>falsa</strong></span> <span class='ocrx_word' id='word_1_384' title='bbox 654 3696 987 3768; x_wconf 83' lang='lat' dir='ltr'><strong>loquentium</strong></span> <span class='ocrx_word' id='word_1_385' title='bbox 1033 3709 1401 3767; x_wconf 88' lang='lat' dir='ltr'><strong>cessaverunt,</strong></span> <span class='ocrx_word' id='word_1_386' title='bbox 1434 3709 1488 3756; x_wconf 89' lang='lat' dir='ltr'><strong>et</strong></span> <span class='ocrx_word' id='word_1_387' title='bbox 1531 3702 1705 3774; x_wconf 86' lang='lat' dir='ltr'><strong>caligo</strong></span> <span class='ocrx_word' id='word_1_388' title='bbox 1750 3703 2057 3772; x_wconf 87' lang='lat' dir='ltr'><strong>procaeium</strong></span> 
     </span>
    </p>
   </div>
   <div class='ocr_carea' id='block_1_55' title="bbox 474 3788 2060 3871">
    <p class='ocr_par' dir='ltr' id='par_1_55' title="bbox 474 3788 2060 3871">
     <span class='ocr_line' id='line_1_55' title="bbox 474 3788 2060 3871; baseline 0.004 -28"><span class='ocrx_word' id='word_1_389' title='bbox 474 3788 931 3863; x_wconf 78' lang='lat' dir='ltr'><strong>vituperationum</strong></span> <span class='ocrx_word' id='word_1_390' title='bbox 949 3793 1172 3864; x_wconf 87' lang='lat' dir='ltr'><strong>quievit;</strong></span> <span class='ocrx_word' id='word_1_391' title='bbox 1194 3793 1369 3849; x_wconf 84' lang='lat' dir='ltr'><strong>illuxit</strong></span> <span class='ocrx_word' id='word_1_392' title='bbox 1383 3802 1561 3871; x_wconf 80' lang='lat' dir='ltr'><strong>autem</strong></span> <span class='ocrx_word' id='word_1_393' title='bbox 1584 3796 1825 3850; x_wconf 88' lang='lat' dir='ltr'><strong>veritatis</strong></span> <span class='ocrx_word' id='word_1_394' title='bbox 1841 3795 2060 3868; x_wconf 85' lang='lat' dir='ltr'><strong>dogma-</strong></span> 
     </span>
    </p>
   </div>
   <div class='ocr_carea' id='block_1_56' title="bbox 477 3882 2060 3955">
    <p class='ocr_par' dir='ltr' id='par_1_56' title="bbox 477 3882 2060 3955">
     <span class='ocr_line' id='line_1_56' title="bbox 477 3882 2060 3955; baseline 0.008 -23"><span class='ocrx_word' id='word_1_395' title='bbox 477 3890 591 3933; x_wconf 89' lang='lat' dir='ltr'><strong>tum</strong></span> <span class='ocrx_word' id='word_1_396' title='bbox 636 3882 971 3952; x_wconf 81' lang='lat' dir='ltr'><strong>Speciositas,</strong></span> <span class='ocrx_word' id='word_1_397' title='bbox 1021 3883 1256 3954; x_wconf 86' lang='lat' dir='ltr'><strong>undique</strong></span> <span class='ocrx_word' id='word_1_398' title='bbox 1286 3884 1493 3955; x_wconf 74' lang='lat' dir='ltr'><strong>abiecta</strong></span> <span class='ocrx_word' id='word_1_399' title='bbox 1525 3885 1773 3940; x_wconf 70' lang='lat' dir='ltr'><strong>hmretica</strong></span> <span class='ocrx_word' id='word_1_400' title='bbox 1815 3884 2060 3945; x_wconf 74' lang='lat' dir='ltr'><strong>inlamia;</strong></span> 
     </span>
    </p>
   </div>
   <div class='ocr_carea' id='block_1_57' title="bbox 476 3968 2061 4049">
    <p class='ocr_par' dir='ltr' id='par_1_57' title="bbox 476 3968 2061 4049">
     <span class='ocr_line' id='line_1_57' title="bbox 476 3968 2061 4049; baseline 0.004 -22"><span class='ocrx_word' id='word_1_401' title='bbox 476 3971 545 4027; x_wconf 86' lang='lat' dir='ltr'><strong>Et</strong></span> <span class='ocrx_word' id='word_1_402' title='bbox 566 3968 807 4028; x_wconf 87' lang='lat' dir='ltr'><strong>Ecclesia</strong></span> <span class='ocrx_word' id='word_1_403' title='bbox 829 3983 1205 4030; x_wconf 88' lang='lat' dir='ltr'><strong>ornamentum</strong></span> <span class='ocrx_word' id='word_1_404' title='bbox 1237 3990 1391 4032; x_wconf 91' lang='lat' dir='ltr'><strong>suum</strong></span> <span class='ocrx_word' id='word_1_405' title='bbox 1418 3977 1608 4032; x_wconf 87' lang='lat' dir='ltr'><strong>sortita</strong></span> <span class='ocrx_word' id='word_1_406' title='bbox 1634 3986 1734 4043; x_wconf 89' lang='lat' dir='ltr'><strong>est,</strong></span> <span class='ocrx_word' id='word_1_407' title='bbox 1768 3985 1821 4033; x_wconf 90' lang='lat' dir='ltr'><strong>et</strong></span> <span class='ocrx_word' id='word_1_408' title='bbox 1853 3979 2061 4049; x_wconf 82' lang='lat' dir='ltr'><strong>accepit</strong></span> 
     </span>
    </p>
   </div>
   <div class='ocr_carea' id='block_1_58' title="bbox 476 4062 2060 4136">
    <p class='ocr_par' dir='ltr' id='par_1_58' title="bbox 476 4062 2060 4136">
     <span class='ocr_line' id='line_1_58' title="bbox 476 4062 2060 4136; baseline 0.006 -18"><span class='ocrx_word' id='word_1_409' title='bbox 476 4062 719 4132; x_wconf 85' lang='lat' dir='ltr'><strong>requiem</strong></span> <span class='ocrx_word' id='word_1_410' title='bbox 748 4079 816 4120; x_wconf 76' lang='lat' dir='ltr'><strong>ex</strong></span> <span class='ocrx_word' id='word_1_411' title='bbox 861 4066 1288 4136; x_wconf 87' lang='lat' dir='ltr'><strong>opprimentibus</strong></span> <span class='ocrx_word' id='word_1_412' title='bbox 1334 4084 1391 4124; x_wconf 89' lang='lat' dir='ltr'><strong>se</strong></span> <span class='ocrx_word' id='word_1_413' title='bbox 1432 4069 1724 4126; x_wconf 86' lang='lat' dir='ltr'><strong>doloribus.</strong></span> <span class='ocrx_word' id='word_1_414' title='bbox 1767 4069 2060 4128; x_wconf 86' lang='lat' dir='ltr'><strong>lmmobilis</strong></span> 
     </span>
    </p>
   </div>
   <div class='ocr_carea' id='block_1_59' title="bbox 475 4153 2058 4234">
    <p class='ocr_par' dir='ltr' id='par_1_59' title="bbox 475 4153 2058 4234">
     <span class='ocr_line' id='line_1_59' title="bbox 475 4153 2058 4234; baseline 0.007 -27"><span class='ocrx_word' id='word_1_415' title='bbox 475 4153 621 4208; x_wconf 84' lang='lat' dir='ltr'><strong>enim</strong></span> <span class='ocrx_word' id='word_1_416' title='bbox 664 4163 748 4210; x_wconf 90' lang='lat' dir='ltr'><strong>est</strong></span> <span class='ocrx_word' id='word_1_417' title='bbox 801 4165 857 4212; x_wconf 91' lang='lat' dir='ltr'><strong>et</strong></span> <span class='ocrx_word' id='word_1_418' title='bbox 894 4157 1356 4231; x_wconf 64' lang='lat' dir='ltr'><strong>inexpugnabilis:</strong></span> <span class='ocrx_word' id='word_1_419' title='bbox 1409 4161 1663 4217; x_wconf 83' lang='lat' dir='ltr'><strong>adversus</strong></span> <span class='ocrx_word' id='word_1_420' title='bbox 1700 4163 1852 4234; x_wconf 86' lang='lat' dir='ltr'><strong>cujus</strong></span> <span class='ocrx_word' id='word_1_421' title='bbox 1898 4161 2058 4218; x_wconf 85' lang='lat' dir='ltr'><strong>ﬁdem</strong></span> 
     </span>
    </p>
   </div>
   <div class='ocr_carea' id='block_1_60' title="bbox 474 4245 2055 4327">
    <p class='ocr_par' dir='ltr' id='par_1_60' title="bbox 474 4245 2055 4327">
     <span class='ocr_line' id='line_1_60' title="bbox 474 4245 2055 4327; baseline 0.007 -29"><span class='ocrx_word' id='word_1_422' title='bbox 474 4253 643 4314; x_wconf 68' lang='lat' dir='ltr'><strong>porta:</strong></span> <span class='ocrx_word' id='word_1_423' title='bbox 671 4245 829 4302; x_wconf 78' lang='lat' dir='ltr'><strong>inferi</strong></span> <span class='ocrx_word' id='word_1_424' title='bbox 858 4256 912 4304; x_wconf 92' lang='lat' dir='ltr'><strong>et</strong></span> <span class='ocrx_word' id='word_1_425' title='bbox 942 4246 1272 4305; x_wconf 78' lang='lat' dir='ltr'><strong>inﬁdelitatis</strong></span> <span class='ocrx_word' id='word_1_426' title='bbox 1298 4252 1590 4319; x_wconf 69' lang='lat' dir='ltr'><strong>prmvalere</strong></span> <span class='ocrx_word' id='word_1_427' title='bbox 1638 4269 1742 4309; x_wconf 91' lang='lat' dir='ltr'><strong>non</strong></span> <span class='ocrx_word' id='word_1_428' title='bbox 1784 4264 2055 4327; x_wconf 90' lang='lat' dir='ltr'><strong>poterunt,</strong></span> 
     </span>
    </p>
   </div>
   <div class='ocr_carea' id='block_1_61' title="bbox 474 4333 2057 4417">
    <p class='ocr_par' dir='ltr' id='par_1_61' title="bbox 474 4333 2057 4417">
     <span class='ocr_line' id='line_1_61' title="bbox 474 4333 2057 4417; baseline 0.008 -29"><span class='ocrx_word' id='word_1_429' title='bbox 474 4333 617 4390; x_wconf 89' lang='lat' dir='ltr'><strong>sicut</strong></span> <span class='ocrx_word' id='word_1_430' title='bbox 648 4351 715 4391; x_wconf 81' lang='lat' dir='ltr'><strong>ex</strong></span> <span class='ocrx_word' id='word_1_431' title='bbox 743 4337 1020 4396; x_wconf 87' lang='lat' dir='ltr'><strong>Dominica</strong></span> <span class='ocrx_word' id='word_1_432' title='bbox 1068 4354 1199 4398; x_wconf 86' lang='lat' dir='ltr'><strong>voce</strong></span> <span class='ocrx_word' id='word_1_433' title='bbox 1230 4342 1530 4401; x_wconf 89' lang='lat' dir='ltr'><strong>audivimus</strong></span> <span class='ocrx_word' id='word_1_434' title='bbox 1561 4343 1772 4416; x_wconf 78' lang='lat' dir='ltr'><strong>(Matth.</strong></span> <span class='ocrx_word' id='word_1_435' title='bbox 1804 4346 1962 4417; x_wconf 58' lang='lat' dir='ltr'><strong>xvi);</strong></span> <span class='ocrx_word' id='word_1_436' title='bbox 1989 4347 2057 4401; x_wconf 87' lang='lat' dir='ltr'><strong>Et</strong></span> 
     </span>
    </p>
   </div>
   <div class='ocr_carea' id='block_1_62' title="bbox 474 4425 2056 4509">
    <p class='ocr_par' dir='ltr' id='par_1_62' title="bbox 474 4425 2056 4509">
     <span class='ocr_line' id='line_1_62' title="bbox 474 4425 2056 4509; baseline 0.008 -29"><span class='ocrx_word' id='word_1_437' title='bbox 474 4425 724 4498; x_wconf 82' lang='lat' dir='ltr'><strong>repletum</strong></span> <span class='ocrx_word' id='word_1_438' title='bbox 766 4440 843 4486; x_wconf 77' lang='lat' dir='ltr'><strong>est</strong></span> <span class='ocrx_word' id='word_1_439' title='bbox 889 4432 1082 4504; x_wconf 81' lang='lat' dir='ltr'><strong>gaudio</strong></span> <span class='ocrx_word' id='word_1_440' title='bbox 1131 4451 1189 4490; x_wconf 86' lang='lat' dir='ltr'><strong>os</strong></span> <span class='ocrx_word' id='word_1_441' title='bbox 1237 4446 1504 4501; x_wconf 84' lang='lat' dir='ltr'><strong>nostrum,</strong></span> <span class='ocrx_word' id='word_1_442' title='bbox 1555 4446 1603 4491; x_wconf 86' lang='lat' dir='ltr'><strong>et</strong></span> <span class='ocrx_word' id='word_1_443' title='bbox 1659 4436 1837 4509; x_wconf 76' lang='lat' dir='ltr'><strong>lingua</strong></span> <span class='ocrx_word' id='word_1_444' title='bbox 1878 4450 2056 4493; x_wconf 86' lang='lat' dir='ltr'><strong>nostra</strong></span> 
     </span>
    </p>
   </div>
   <div class='ocr_carea' id='block_1_63' title="bbox 472 4520 2059 4598">
    <p class='ocr_par' dir='ltr' id='par_1_63' title="bbox 472 4520 2059 4598">
     <span class='ocr_line' id='line_1_63' title="bbox 472 4520 2059 4598; baseline 0.011 -25"><span class='ocrx_word' id='word_1_445' title='bbox 472 4520 822 4580; x_wconf 77' lang='lat' dir='ltr'><strong>exsultatione</strong></span> <span class='ocrx_word' id='word_1_446' title='bbox 852 4525 1023 4597; x_wconf 89' lang='lat' dir='ltr'><strong>(Psal.</strong></span> <span class='ocrx_word' id='word_1_447' title='bbox 1056 4535 1217 4598; x_wconf 74' lang='lat' dir='ltr'><strong>cxxv)</strong></span> <span class='ocrx_word' id='word_1_448' title='bbox 1253 4548 1274 4589; x_wconf 77' lang='grc' dir='ltr'><strong>ε,</strong></span> <span class='ocrx_word' id='word_1_449' title='bbox 1315 4538 1363 4586; x_wconf 91' lang='lat' dir='ltr'><strong>ct</strong></span> <span class='ocrx_word' id='word_1_450' title='bbox 1414 4529 1541 4586; x_wconf 81' lang='lat' dir='ltr'><strong>facti</strong></span> <span class='ocrx_word' id='word_1_451' title='bbox 1586 4547 1773 4587; x_wconf 91' lang='lat' dir='ltr'><strong>sumus</strong></span> <span class='ocrx_word' id='word_1_452' title='bbox 1814 4531 2059 4590; x_wconf 62' lang='lat' dir='ltr'><strong>lzetantcs</strong></span> 
     </span>
    </p>
   </div>
   <div class='ocr_carea' id='block_1_64' title="bbox 471 4614 2058 4693">
    <p class='ocr_par' dir='ltr' id='par_1_64' title="bbox 471 4614 2058 4693">
     <span class='ocr_line' id='line_1_64' title="bbox 471 4614 2058 4693; baseline 0.007 -22"><span class='ocrx_word' id='word_1_453' title='bbox 471 4614 527 4670; x_wconf 82' lang='lat' dir='ltr'><strong>in</strong></span> <span class='ocrx_word' id='word_1_454' title='bbox 551 4614 817 4687; x_wconf 84' lang='lat' dir='ltr'><strong>Ecclesia,</strong></span> <span class='ocrx_word' id='word_1_455' title='bbox 846 4622 929 4676; x_wconf 92' lang='lat' dir='ltr'><strong>cui</strong></span> <span class='ocrx_word' id='word_1_456' title='bbox 975 4624 1326 4693; x_wconf 80' lang='lat' dir='ltr'><strong>praesidemus</strong></span> <span class='ocrx_word' id='word_1_457' title='bbox 1367 4627 1659 4682; x_wconf 89' lang='lat' dir='ltr'><strong>secundum</strong></span> <span class='ocrx_word' id='word_1_458' title='bbox 1691 4627 1782 4682; x_wconf 88' lang='lat' dir='ltr'><strong>Dei</strong></span> <span class='ocrx_word' id='word_1_459' title='bbox 1809 4626 2058 4682; x_wconf 88' lang='lat' dir='ltr'><strong>volunta-</strong></span> 
     </span>
    </p>
   </div>
   <div class='ocr_carea' id='block_1_65' title="bbox 474 4708 2055 4789">
    <p class='ocr_par' dir='ltr' id='par_1_65' title="bbox 474 4708 2055 4789">
     <span class='ocr_line' id='line_1_65' title="bbox 474 4708 2055 4789; baseline 0.006 -27"><span class='ocrx_word' id='word_1_460' title='bbox 474 4713 602 4763; x_wconf 85' lang='lat' dir='ltr'><strong>tem.</strong></span> <span class='ocrx_word' id='word_1_461' title='bbox 636 4708 964 4783; x_wconf 66' lang='lat' dir='ltr'><strong>“tacitaque</strong></span> <span class='ocrx_word' id='word_1_462' title='bbox 994 4713 1131 4769; x_wconf 85' lang='lat' dir='ltr'><strong>facta</strong></span> <span class='ocrx_word' id='word_1_463' title='bbox 1156 4724 1280 4771; x_wconf 90' lang='lat' dir='ltr'><strong>sunt</strong></span> <span class='ocrx_word' id='word_1_464' title='bbox 1308 4715 1543 4784; x_wconf 82' lang='lat' dir='ltr'><strong>Christo,</strong></span> <span class='ocrx_word' id='word_1_465' title='bbox 1573 4718 1664 4789; x_wconf 90' lang='lat' dir='ltr'><strong>qui</strong></span> <span class='ocrx_word' id='word_1_466' title='bbox 1695 4734 1857 4789; x_wconf 89' lang='lat' dir='ltr'><strong>super</strong></span> <span class='ocrx_word' id='word_1_467' title='bbox 1876 4718 2055 4774; x_wconf 86' lang='lat' dir='ltr'><strong>omnia</strong></span> 
     </span>
    </p>
   </div>
   <div class='ocr_carea' id='block_1_66' title="bbox 470 4796 2060 4878">
    <p class='ocr_par' dir='ltr' id='par_1_66' title="bbox 470 4796 2060 4878">
     <span class='ocr_line' id='line_1_66' title="bbox 470 4796 2060 4878; baseline 0.008 -24"><span class='ocrx_word' id='word_1_468' title='bbox 470 4796 617 4856; x_wconf 81' lang='lat' dir='ltr'><strong>Deus</strong></span> <span class='ocrx_word' id='word_1_469' title='bbox 652 4810 837 4858; x_wconf 89' lang='lat' dir='ltr'><strong>noster</strong></span> <span class='ocrx_word' id='word_1_470' title='bbox 856 4811 965 4871; x_wconf 88' lang='lat' dir='ltr'><strong>est,</strong></span> <span class='ocrx_word' id='word_1_471' title='bbox 994 4805 1229 4873; x_wconf 80' lang='lat' dir='ltr'><strong>volente,</strong></span> <span class='ocrx_word' id='word_1_472' title='bbox 1268 4822 1366 4878; x_wconf 89' lang='lat' dir='ltr'><strong>per</strong></span> <span class='ocrx_word' id='word_1_473' title='bbox 1392 4809 1721 4865; x_wconf 80' lang='lat' dir='ltr'><strong>orthodoxos</strong></span> <span class='ocrx_word' id='word_1_474' title='bbox 1751 4818 1803 4865; x_wconf 87' lang='lat' dir='ltr'><strong>et</strong></span> <span class='ocrx_word' id='word_1_475' title='bbox 1831 4804 2060 4866; x_wconf 79' lang='lat' dir='ltr'><strong>fortissi-</strong></span> 
     </span>
    </p>
   </div>
   <div class='ocr_carea' id='block_1_67' title="bbox 473 4896 2058 4983">
    <p class='ocr_par' dir='ltr' id='par_1_67' title="bbox 473 4896 2058 4983">
     <span class='ocr_line' id='line_1_67' title="bbox 473 4896 2058 4983; baseline 0.009 -33"><span class='ocrx_word' id='word_1_476' title='bbox 473 4906 594 4983; x_wconf 76' lang='lat' dir='ltr'><strong>mos</strong></span> <span class='ocrx_word' id='word_1_477' title='bbox 638 4896 989 4968; x_wconf 87' lang='lat' dir='ltr'><strong>imperatores</strong></span> <span class='ocrx_word' id='word_1_478' title='bbox 1034 4911 1266 4958; x_wconf 90' lang='lat' dir='ltr'><strong>nostros.</strong></span> <span class='ocrx_word' id='word_1_479' title='bbox 1314 4903 1419 4975; x_wconf 88' lang='lat' dir='ltr'><strong>Ipsi</strong></span> <span class='ocrx_word' id='word_1_480' title='bbox 1470 4906 1611 4961; x_wconf 90' lang='lat' dir='ltr'><strong>enim</strong></span> <span class='ocrx_word' id='word_1_481' title='bbox 1660 4908 1713 4962; x_wconf 93' lang='lat' dir='ltr'><strong>in</strong></span> <span class='ocrx_word' id='word_1_482' title='bbox 1749 4907 1892 4962; x_wconf 89' lang='lat' dir='ltr'><strong>omni</strong></span> <span class='ocrx_word' id='word_1_483' title='bbox 1940 4908 2058 4965; x_wconf 89' lang='lat' dir='ltr'><strong>loco</strong></span> 
     </span>
    </p>
   </div>
   <div class='ocr_carea' id='block_1_68' title="bbox 472 4988 2055 5063">
    <p class='ocr_par' dir='ltr' id='par_1_68' title="bbox 472 4988 2055 5063">
     <span class='ocr_line' id='line_1_68' title="bbox 472 4988 2055 5063; baseline 0.01 -24"><span class='ocrx_word' id='word_1_484' title='bbox 472 4988 808 5047; x_wconf 81' lang='lat' dir='ltr'><strong>venerabiles</strong></span> <span class='ocrx_word' id='word_1_485' title='bbox 836 4990 1099 5063; x_wconf 84' lang='lat' dir='ltr'><strong>imagines</strong></span> <span class='ocrx_word' id='word_1_486' title='bbox 1129 5004 1438 5061; x_wconf 80' lang='lat' dir='ltr'><strong>erexerunt,</strong></span> <span class='ocrx_word' id='word_1_487' title='bbox 1486 5006 1595 5053; x_wconf 90' lang='lat' dir='ltr'><strong>tam</strong></span> <span class='ocrx_word' id='word_1_488' title='bbox 1624 4998 1830 5054; x_wconf 84' lang='lat' dir='ltr'><strong>scilicet</strong></span> <span class='ocrx_word' id='word_1_489' title='bbox 1876 4999 1927 5054; x_wconf 92' lang='lat' dir='ltr'><strong>in</strong></span> <span class='ocrx_word' id='word_1_490' title='bbox 1966 5016 2055 5055; x_wconf 89' lang='lat' dir='ltr'><strong>ce-</strong></span> 
     </span>
    </p>
   </div>
   <div class='ocr_carea' id='block_1_69' title="bbox 474 5076 2085 5165">
    <p class='ocr_par' dir='ltr' id='par_1_69' title="bbox 474 5076 2085 5165">
     <span class='ocr_line' id='line_1_69' title="bbox 474 5076 2085 5165; baseline 0.009 -33"><span class='ocrx_word' id='word_1_491' title='bbox 474 5076 781 5136; x_wconf 87' lang='lat' dir='ltr'><strong>leberrimis</strong></span> <span class='ocrx_word' id='word_1_492' title='bbox 805 5084 1042 5153; x_wconf 89' lang='lat' dir='ltr'><strong>templis,</strong></span> <span class='ocrx_word' id='word_1_493' title='bbox 1074 5101 1234 5156; x_wconf 89' lang='lat' dir='ltr'><strong>quam</strong></span> <span class='ocrx_word' id='word_1_494' title='bbox 1261 5086 1315 5143; x_wconf 90' lang='lat' dir='ltr'><strong>in</strong></span> <span class='ocrx_word' id='word_1_495' title='bbox 1346 5088 1614 5160; x_wconf 85' lang='lat' dir='ltr'><strong>regalibus</strong></span> <span class='ocrx_word' id='word_1_496' title='bbox 1658 5089 1873 5162; x_wconf 89' lang='lat' dir='ltr'><strong>palatiis</strong></span> <span class='ocrx_word' id='word_1_497' title='bbox 1917 5091 2052 5147; x_wconf 88' lang='lat' dir='ltr'><strong>suis.</strong></span> <span class='ocrx_word' id='word_1_498' title='bbox 2084 5158 2085 5165; x_wconf 13' lang='grc' dir='ltr'>γ</span> 
     </span>
    </p>
   </div>
   <div class='ocr_carea' id='block_1_70' title="bbox 476 5166 2055 5249">
    <p class='ocr_par' dir='ltr' id='par_1_70' title="bbox 476 5166 2055 5249">
     <span class='ocr_line' id='line_1_70' title="bbox 476 5166 2055 5249; baseline 0.011 -27"><span class='ocrx_word' id='word_1_499' title='bbox 476 5169 680 5236; x_wconf 85' lang='lat' dir='ltr'><strong>Quibus</strong></span> <span class='ocrx_word' id='word_1_500' title='bbox 728 5172 988 5232; x_wconf 89' lang='lat' dir='ltr'><strong>Dominus</strong></span> <span class='ocrx_word' id='word_1_501' title='bbox 1026 5178 1167 5236; x_wconf 91' lang='lat' dir='ltr'><strong>Deus</strong></span> <span class='ocrx_word' id='word_1_502' title='bbox 1194 5166 1616 5238; x_wconf 84' lang='lat' dir='ltr'><strong>vicissitudinem</strong></span> <span class='ocrx_word' id='word_1_503' title='bbox 1649 5184 1871 5249; x_wconf 87' lang='lat' dir='ltr'><strong>tribuat,</strong></span> <span class='ocrx_word' id='word_1_504' title='bbox 1905 5184 2055 5240; x_wconf 80' lang='lat' dir='ltr'><strong>exal-</strong></span> 
     </span>
    </p>
   </div>
   <div class='ocr_carea' id='block_1_71' title="bbox 477 5266 2052 5343">
    <p class='ocr_par' dir='ltr' id='par_1_71' title="bbox 477 5266 2052 5343">
     <span class='ocr_line' id='line_1_71' title="bbox 477 5266 2052 5343; baseline 0.011 -31"><span class='ocrx_word' id='word_1_505' title='bbox 477 5266 599 5313; x_wconf 89' lang='lat' dir='ltr'><strong>tans</strong></span> <span class='ocrx_word' id='word_1_506' title='bbox 620 5274 786 5316; x_wconf 91' lang='lat' dir='ltr'><strong>cornu</strong></span> <span class='ocrx_word' id='word_1_507' title='bbox 814 5266 965 5336; x_wconf 87' lang='lat' dir='ltr'><strong>regni</strong></span> <span class='ocrx_word' id='word_1_508' title='bbox 987 5282 1172 5324; x_wconf 89' lang='lat' dir='ltr'><strong>eorum</strong></span> <span class='ocrx_word' id='word_1_509' title='bbox 1204 5280 1313 5326; x_wconf 89' lang='lat' dir='ltr'><strong>tam</strong></span> <span class='ocrx_word' id='word_1_510' title='bbox 1359 5273 1426 5327; x_wconf 90' lang='lat' dir='ltr'><strong>ad</strong></span> <span class='ocrx_word' id='word_1_511' title='bbox 1466 5288 1651 5343; x_wconf 88' lang='lat' dir='ltr'><strong>pacem</strong></span> <span class='ocrx_word' id='word_1_512' title='bbox 1683 5272 2052 5330; x_wconf 86' lang='lat' dir='ltr'><strong>Eeclesiarum</strong></span> 
     </span>
    </p>
   </div>
   <div class='ocr_carea' id='block_1_72' title="bbox 486 5352 2051 5418">
    <p class='ocr_par' dir='ltr' id='par_1_72' title="bbox 486 5352 2051 5418">
     <span class='ocr_line' id='line_1_72' title="bbox 486 5352 2051 5418; baseline -0.003 -1"><span class='ocrx_word' id='word_1_513' title='bbox 758 5368 911 5384; x_wconf 80' lang='grc'><strong>“””“”“</strong></span> <span class='ocrx_word' id='word_1_514' title='bbox 942 5360 1021 5380; x_wconf 49' lang='grc'><strong>³³</strong></span> <span class='ocrx_word' id='word_1_515' title='bbox 1059 5376 1071 5380; x_wconf 77' lang='lat'><em>‘</em></span> <span class='ocrx_word' id='word_1_516' title='bbox 1116 5361 1279 5414; x_wconf 85' lang='lat' dir='ltr'><strong>&#39;ulem</strong></span> <span class='ocrx_word' id='word_1_517' title='bbox 1310 5352 1548 5410; x_wconf 78' lang='lat' dir='ltr'><strong>omnium</strong></span> <span class='ocrx_word' id='word_1_518' title='bbox 1596 5366 2051 5418; x_wconf 81' lang='lat' dir='ltr'><strong>Christianorum-</strong></span> 
     </span>
    </p>
   </div>
   <div class='ocr_carea' id='block_1_73' title="bbox 2161 1847 3738 1924">
    <p class='ocr_par' dir='ltr' id='par_1_73' title="bbox 2161 1847 3738 1924">
     <span class='ocr_line' id='line_1_73' title="bbox 2161 1847 3738 1924; baseline -0.004 -17"><span class='ocrx_word' id='word_1_519' title='bbox 2161 1852 2284 1924; x_wconf 87' lang='lat' dir='ltr'><strong>quis</strong></span> <span class='ocrx_word' id='word_1_520' title='bbox 2309 1862 2490 1908; x_wconf 90' lang='lat' dir='ltr'><strong>autem</strong></span> <span class='ocrx_word' id='word_1_521' title='bbox 2521 1854 2797 1907; x_wconf 87' lang='lat' dir='ltr'><strong>convictus</strong></span> <span class='ocrx_word' id='word_1_522' title='bbox 2834 1848 2996 1906; x_wconf 79' lang='lat' dir='ltr'><strong>fuerit</strong></span> <span class='ocrx_word' id='word_1_523' title='bbox 3021 1849 3246 1921; x_wconf 89' lang='lat' dir='ltr'><strong>pecunia</strong></span> <span class='ocrx_word' id='word_1_524' title='bbox 3267 1851 3411 1905; x_wconf 86' lang='lat' dir='ltr'><strong>hanc</strong></span> <span class='ocrx_word' id='word_1_525' title='bbox 3432 1847 3738 1915; x_wconf 86' lang='lat' dir='ltr'><strong>obtinuisse,</strong></span> 
     </span>
    </p>
   </div>
   <div class='ocr_carea' id='block_1_74' title="bbox 2163 1938 3741 2015">
    <p class='ocr_par' dir='ltr' id='par_1_74' title="bbox 2163 1938 3741 2015">
     <span class='ocr_line' id='line_1_74' title="bbox 2163 1938 3741 2015; baseline -0.004 -16"><span class='ocrx_word' id='word_1_526' title='bbox 2163 1943 2431 2015; x_wconf 89' lang='lat' dir='ltr'><strong>ahjectum</strong></span> <span class='ocrx_word' id='word_1_527' title='bbox 2469 1942 2584 1998; x_wconf 84' lang='lat' dir='ltr'><strong>fore</strong></span> <span class='ocrx_word' id='word_1_528' title='bbox 2620 1941 2684 1997; x_wconf 91' lang='lat' dir='ltr'><strong>ab</strong></span> <span class='ocrx_word' id='word_1_529' title='bbox 2713 1942 2903 1999; x_wconf 89' lang='lat' dir='ltr'><strong>ordine</strong></span> <span class='ocrx_word' id='word_1_530' title='bbox 2943 1950 3132 1998; x_wconf 88' lang='lat' dir='ltr'><strong>sancto</strong></span> <span class='ocrx_word' id='word_1_531' title='bbox 3178 1941 3530 2013; x_wconf 86' lang='lat' dir='ltr'><strong>promulgant</strong></span> <span class='ocrx_word' id='word_1_532' title='bbox 3571 1938 3741 2010; x_wconf 67' lang='lat' dir='ltr'><strong>hujuso</strong></span> 
     </span>
    </p>
   </div>
   <div class='ocr_carea' id='block_1_75' title="bbox 2160 2020 3741 2100">
    <p class='ocr_par' dir='ltr' id='par_1_75' title="bbox 2160 2020 3741 2100">
     <span class='ocr_line' id='line_1_75' title="bbox 2160 2020 3741 2100; baseline -0.002 -9"><span class='ocrx_word' id='word_1_533' title='bbox 2160 2036 2303 2091; x_wconf 72' lang='lat' dir='ltr'><strong>modi</strong></span> <span class='ocrx_word' id='word_1_534' title='bbox 2338 2050 2351 2090; x_wconf 89' lang='lat'><strong>:</strong></span> <span class='ocrx_word' id='word_1_535' title='bbox 2384 2020 2438 2091; x_wconf 83' lang='lat' dir='ltr'><strong>et</strong></span> <span class='ocrx_word' id='word_1_536' title='bbox 2483 2036 2608 2091; x_wconf 90' lang='lat' dir='ltr'><strong>licet</strong></span> <span class='ocrx_word' id='word_1_537' title='bbox 2654 2035 2869 2090; x_wconf 90' lang='lat' dir='ltr'><strong>nomine</strong></span> <span class='ocrx_word' id='word_1_538' title='bbox 2916 2036 3277 2091; x_wconf 86' lang='lat' dir='ltr'><strong>sacerdotium</strong></span> <span class='ocrx_word' id='word_1_539' title='bbox 3324 2034 3617 2100; x_wconf 87' lang='lat' dir='ltr'><strong>sortiatur,</strong></span> <span class='ocrx_word' id='word_1_540' title='bbox 3658 2032 3741 2089; x_wconf 84' lang='lat' dir='ltr'><strong>sed</strong></span> 
     </span>
    </p>
   </div>
   <div class='ocr_carea' id='block_1_76' title="bbox 2161 2125 3741 2205">
    <p class='ocr_par' dir='ltr' id='par_1_76' title="bbox 2161 2125 3741 2205">
     <span class='ocr_line' id='line_1_76' title="bbox 2161 2125 3741 2205; baseline -0.001 -24"><span class='ocrx_word' id='word_1_541' title='bbox 2161 2127 2361 2183; x_wconf 83' lang='lat' dir='ltr'><strong>fallitur</strong></span> <span class='ocrx_word' id='word_1_542' title='bbox 2388 2144 2565 2184; x_wconf 84' lang='lat' dir='ltr'><strong>sermo</strong></span> <span class='ocrx_word' id='word_1_543' title='bbox 2598 2128 2649 2183; x_wconf 92' lang='lat' dir='ltr'><strong>in</strong></span> <span class='ocrx_word' id='word_1_544' title='bbox 2681 2143 2844 2182; x_wconf 86' lang='lat' dir='ltr'><strong>causa</strong></span> <span class='ocrx_word' id='word_1_545' title='bbox 2884 2126 2961 2201; x_wconf 90' lang='lat' dir='ltr'><strong>[in</strong></span> <span class='ocrx_word' id='word_1_546' title='bbox 3006 2126 3106 2201; x_wconf 91' lang='lat' dir='ltr'><strong>re].</strong></span> <span class='ocrx_word' id='word_1_547' title='bbox 3144 2125 3313 2205; x_wconf 88' lang='lat' dir='ltr'><strong>Nemo</strong></span> <span class='ocrx_word' id='word_1_548' title='bbox 3356 2126 3507 2182; x_wconf 88' lang='lat' dir='ltr'><strong>enim</strong></span> <span class='ocrx_word' id='word_1_549' title='bbox 3554 2125 3741 2182; x_wconf 69' lang='lat' dir='ltr'><strong>servire</strong></span> 
     </span>
    </p>
   </div>
   <div class='ocr_carea' id='block_1_77' title="bbox 2159 2216 3741 2291">
    <p class='ocr_par' dir='ltr' id='par_1_77' title="bbox 2159 2216 3741 2291">
     <span class='ocr_line' id='line_1_77' title="bbox 2159 2216 3741 2291; baseline -0.003 -15"><span class='ocrx_word' id='word_1_550' title='bbox 2159 2230 2338 2291; x_wconf 89' lang='lat' dir='ltr'><strong>potest</strong></span> <span class='ocrx_word' id='word_1_551' title='bbox 2365 2219 2475 2275; x_wconf 90' lang='lat' dir='ltr'><strong>Deo</strong></span> <span class='ocrx_word' id='word_1_552' title='bbox 2501 2228 2554 2275; x_wconf 89' lang='lat' dir='ltr'><strong>et</strong></span> <span class='ocrx_word' id='word_1_553' title='bbox 2579 2234 2899 2275; x_wconf 59' lang='lat' dir='ltr'><strong>mammona:</strong></span> <span class='ocrx_word' id='word_1_554' title='bbox 2920 2261 2935 2287; x_wconf 93' lang='lat'><strong>,</strong></span> <span class='ocrx_word' id='word_1_555' title='bbox 2967 2219 3106 2275; x_wconf 90' lang='lat' dir='ltr'><strong>sicut</strong></span> <span class='ocrx_word' id='word_1_556' title='bbox 3130 2234 3197 2275; x_wconf 79' lang='lat' dir='ltr'><strong>ex</strong></span> <span class='ocrx_word' id='word_1_557' title='bbox 3224 2218 3523 2290; x_wconf 86' lang='lat' dir='ltr'><strong>Evangelio</strong></span> <span class='ocrx_word' id='word_1_558' title='bbox 3569 2216 3741 2272; x_wconf 87' lang='lat' dir='ltr'><strong>didici-</strong></span> 
     </span>
    </p>
   </div>
   <div class='ocr_carea' id='block_1_78' title="bbox 2162 2308 3740 2383">
    <p class='ocr_par' dir='ltr' id='par_1_78' title="bbox 2162 2308 3740 2383">
     <span class='ocr_line' id='line_1_78' title="bbox 2162 2308 3740 2383; baseline -0.002 -17"><span class='ocrx_word' id='word_1_559' title='bbox 2162 2327 2279 2367; x_wconf 90' lang='lat' dir='ltr'><strong>mus</strong></span> <span class='ocrx_word' id='word_1_560' title='bbox 2315 2311 2528 2382; x_wconf 82' lang='lat' dir='ltr'><strong>(Matth.</strong></span> <span class='ocrx_word' id='word_1_561' title='bbox 2571 2310 2669 2383; x_wconf 78' lang='lat' dir='ltr'><strong>vi).</strong></span> <span class='ocrx_word' id='word_1_562' title='bbox 2721 2312 2859 2379; x_wconf 88' lang='lat' dir='ltr'><strong>Quia</strong></span> <span class='ocrx_word' id='word_1_563' title='bbox 2901 2326 3029 2368; x_wconf 86' lang='lat' dir='ltr'><strong>vero</strong></span> <span class='ocrx_word' id='word_1_564' title='bbox 3074 2311 3393 2382; x_wconf 84' lang='lat' dir='ltr'><strong>prepbetice</strong></span> <span class='ocrx_word' id='word_1_565' title='bbox 3448 2308 3740 2365; x_wconf 86' lang='lat' dir='ltr'><strong>audivimus</strong></span> 
     </span>
    </p>
   </div>
   <div class='ocr_carea' id='block_1_79' title="bbox 2160 2394 3743 2471">
    <p class='ocr_par' dir='ltr' id='par_1_79' title="bbox 2160 2394 3743 2471">
     <span class='ocr_line' id='line_1_79' title="bbox 2160 2394 3743 2471; baseline -0.003 -14"><span class='ocrx_word' id='word_1_566' title='bbox 2160 2398 2268 2457; x_wconf 83' lang='lat' dir='ltr'><strong>Deo</strong></span> <span class='ocrx_word' id='word_1_567' title='bbox 2295 2401 2562 2456; x_wconf 89' lang='lat' dir='ltr'><strong>clamante</strong></span> <span class='ocrx_word' id='word_1_568' title='bbox 2592 2419 2605 2454; x_wconf 92' lang='lat'><strong>:</strong></span> <span class='ocrx_word' id='word_1_569' title='bbox 2636 2400 2967 2466; x_wconf 81' lang='lat' dir='ltr'><strong>Sacerdotes,</strong></span> <span class='ocrx_word' id='word_1_570' title='bbox 3000 2401 3271 2471; x_wconf 80' lang='lat' dir='ltr'><strong>loquimini</strong></span> <span class='ocrx_word' id='word_1_571' title='bbox 3301 2400 3372 2454; x_wconf 86' lang='lat' dir='ltr'><strong>ad</strong></span> <span class='ocrx_word' id='word_1_572' title='bbox 3409 2416 3505 2455; x_wconf 89' lang='lat' dir='ltr'><strong>cor</strong></span> <span class='ocrx_word' id='word_1_573' title='bbox 3533 2394 3743 2454; x_wconf 74' lang='lat' dir='ltr'><strong>Jerusa-</strong></span> 
     </span>
    </p>
   </div>
   <div class='ocr_carea' id='block_1_80' title="bbox 2160 2491 3737 2565">
    <p class='ocr_par' dir='ltr' id='par_1_80' title="bbox 2160 2491 3737 2565">
     <span class='ocr_line' id='line_1_80' title="bbox 2160 2491 3737 2565; baseline -0.001 -20"><span class='ocrx_word' id='word_1_574' title='bbox 2160 2492 2259 2547; x_wconf 89' lang='lat' dir='ltr'><strong>lem</strong></span> <span class='ocrx_word' id='word_1_575' title='bbox 2287 2491 2420 2565; x_wconf 88' lang='lat' dir='ltr'><strong>(Isa.</strong></span> <span class='ocrx_word' id='word_1_576' title='bbox 2450 2492 2572 2562; x_wconf 74' lang='lat' dir='ltr'><strong>XL);</strong></span> <span class='ocrx_word' id='word_1_577' title='bbox 2606 2507 2902 2562; x_wconf 88' lang='lat' dir='ltr'><strong>rursusque</strong></span> <span class='ocrx_word' id='word_1_578' title='bbox 2929 2492 3291 2547; x_wconf 87' lang='lat' dir='ltr'><strong>comminante</strong></span> <span class='ocrx_word' id='word_1_579' title='bbox 3316 2500 3484 2562; x_wconf 90' lang='lat' dir='ltr'><strong>atque</strong></span> <span class='ocrx_word' id='word_1_580' title='bbox 3508 2491 3737 2547; x_wconf 87' lang='lat' dir='ltr'><strong>dicente:</strong></span> 
     </span>
    </p>
   </div>
   <div class='ocr_carea' id='block_1_81' title="bbox 2161 2585 3742 2657">
    <p class='ocr_par' dir='ltr' id='par_1_81' title="bbox 2161 2585 3742 2657">
     <span class='ocr_line' id='line_1_81' title="bbox 2161 2585 3742 2657; baseline -0.002 -16"><span class='ocrx_word' id='word_1_581' title='bbox 2161 2587 2470 2657; x_wconf 81' lang='lat' dir='ltr'><strong>Speculator</strong></span> <span class='ocrx_word' id='word_1_582' title='bbox 2493 2588 2539 2641; x_wconf 88' lang='lat' dir='ltr'><strong>si</strong></span> <span class='ocrx_word' id='word_1_583' title='bbox 2565 2587 2746 2642; x_wconf 68' lang='lat' dir='ltr'><strong>t&#39;izlerit</strong></span> <span class='ocrx_word' id='word_1_584' title='bbox 2768 2585 3001 2657; x_wconf 84' lang='lat' dir='ltr'><strong>gladium</strong></span> <span class='ocrx_word' id='word_1_585' title='bbox 3026 2588 3332 2652; x_wconf 83' lang='lat' dir='ltr'><strong>venientem,</strong></span> <span class='ocrx_word' id='word_1_586' title='bbox 3372 2597 3421 2640; x_wconf 90' lang='lat' dir='ltr'><strong>et</strong></span> <span class='ocrx_word' id='word_1_587' title='bbox 3460 2603 3567 2641; x_wconf 78' lang='lat' dir='ltr'><strong>non</strong></span> <span class='ocrx_word' id='word_1_588' title='bbox 3614 2587 3742 2639; x_wconf 82' lang='lat' dir='ltr'><strong>inso-</strong></span> 
     </span>
    </p>
   </div>
   <div class='ocr_carea' id='block_1_82' title="bbox 2162 2680 3740 2752">
    <p class='ocr_par' dir='ltr' id='par_1_82' title="bbox 2162 2680 3740 2752">
     <span class='ocr_line' id='line_1_82' title="bbox 2162 2680 3740 2752; baseline -0.001 -17"><span class='ocrx_word' id='word_1_589' title='bbox 2162 2681 2329 2735; x_wconf 78' lang='lat' dir='ltr'><strong>nuerit</strong></span> <span class='ocrx_word' id='word_1_590' title='bbox 2359 2681 2482 2734; x_wconf 81' lang='lat' dir='ltr'><strong>tuba</strong></span> <span class='ocrx_word' id='word_1_591' title='bbox 2504 2722 2518 2746; x_wconf 94' lang='lat'><strong>,</strong></span> <span class='ocrx_word' id='word_1_592' title='bbox 2545 2690 2592 2735; x_wconf 89' lang='lat' dir='ltr'><strong>et</strong></span> <span class='ocrx_word' id='word_1_593' title='bbox 2615 2680 2839 2752; x_wconf 78' lang='lat' dir='ltr'><strong>papulas</strong></span> <span class='ocrx_word' id='word_1_594' title='bbox 2868 2698 2921 2736; x_wconf 86' lang='lat' dir='ltr'><strong>se</strong></span> <span class='ocrx_word' id='word_1_595' title='bbox 2948 2699 3048 2736; x_wconf 85' lang='lat' dir='ltr'><strong>non</strong></span> <span class='ocrx_word' id='word_1_596' title='bbox 3072 2681 3409 2746; x_wconf 83' lang='lat' dir='ltr'><strong>custodierit;</strong></span> <span class='ocrx_word' id='word_1_597' title='bbox 3450 2693 3499 2736; x_wconf 91' lang='lat' dir='ltr'><strong>et</strong></span> <span class='ocrx_word' id='word_1_598' title='bbox 3546 2683 3740 2736; x_wconf 74' lang='lat' dir='ltr'><strong>vetiims</strong></span> 
     </span>
    </p>
   </div>
   <div class='ocr_carea' id='block_1_83' title="bbox 2160 2770 3738 2846">
    <p class='ocr_par' dir='ltr' id='par_1_83' title="bbox 2160 2770 3738 2846">
     <span class='ocr_line' id='line_1_83' title="bbox 2160 2770 3738 2846; baseline 0.003 -23"><span class='ocrx_word' id='word_1_599' title='bbox 2160 2770 2366 2841; x_wconf 83' lang='lat' dir='ltr'><strong>gladius</strong></span> <span class='ocrx_word' id='word_1_600' title='bbox 2396 2772 2647 2841; x_wconf 81' lang='lat' dir='ltr'><strong>acceperit</strong></span> <span class='ocrx_word' id='word_1_601' title='bbox 2673 2788 2735 2827; x_wconf 79' lang='lat' dir='ltr'><strong>ea:</strong></span> <span class='ocrx_word' id='word_1_602' title='bbox 2760 2772 2834 2827; x_wconf 90' lang='lat' dir='ltr'><strong>eis</strong></span> <span class='ocrx_word' id='word_1_603' title='bbox 2861 2774 3123 2836; x_wconf 82' lang='lat' dir='ltr'><strong>animam,</strong></span> <span class='ocrx_word' id='word_1_604' title='bbox 3152 2774 3461 2846; x_wconf 78' lang='lat' dir='ltr'><strong>sanguinem</strong></span> <span class='ocrx_word' id='word_1_605' title='bbox 3491 2775 3557 2829; x_wconf 86' lang='lat' dir='ltr'><strong>de</strong></span> <span class='ocrx_word' id='word_1_606' title='bbox 3594 2791 3738 2828; x_wconf 74' lang='lat' dir='ltr'><strong>mam</strong></span> 
     </span>
    </p>
   </div>
   <div class='ocr_carea' id='block_1_84' title="bbox 2159 2860 3739 2935">
    <p class='ocr_par' dir='ltr' id='par_1_84' title="bbox 2159 2860 3739 2935">
     <span class='ocr_line' id='line_1_84' title="bbox 2159 2860 3739 2935; baseline 0.003 -20"><span class='ocrx_word' id='word_1_607' title='bbox 2159 2860 2502 2931; x_wconf 82' lang='lat' dir='ltr'><strong>speculatoris</strong></span> <span class='ocrx_word' id='word_1_608' title='bbox 2545 2860 2805 2933; x_wconf 85' lang='lat' dir='ltr'><strong>requiram</strong></span> <span class='ocrx_word' id='word_1_609' title='bbox 2851 2862 3067 2935; x_wconf 77' lang='lat' dir='ltr'><strong>(Ezech.</strong></span> <span class='ocrx_word' id='word_1_610' title='bbox 3114 2866 3327 2934; x_wconf 78' lang='lat' dir='ltr'><strong>xxxnt).</strong></span> <span class='ocrx_word' id='word_1_611' title='bbox 3369 2862 3644 2920; x_wconf 88' lang='lat' dir='ltr'><strong>Timorem</strong></span> <span class='ocrx_word' id='word_1_612' title='bbox 3680 2881 3739 2919; x_wconf 74' lang='lat' dir='ltr'><strong>es</strong></span> 
     </span>
    </p>
   </div>
   <div class='ocr_carea' id='block_1_85' title="bbox 2160 2956 3736 3029">
    <p class='ocr_par' dir='ltr' id='par_1_85' title="bbox 2160 2956 3736 3029">
     <span class='ocr_line' id='line_1_85' title="bbox 2160 2956 3736 3029; baseline -0.001 -17"><span class='ocrx_word' id='word_1_613' title='bbox 2160 2956 2382 3012; x_wconf 80' lang='lat' dir='ltr'><strong>silentio</strong></span> <span class='ocrx_word' id='word_1_614' title='bbox 2421 2956 2782 3012; x_wconf 85' lang='lat' dir='ltr'><strong>damnationis</strong></span> <span class='ocrx_word' id='word_1_615' title='bbox 2812 2956 3192 3014; x_wconf 90' lang='lat' dir='ltr'><strong>denuntiamus</strong></span> <span class='ocrx_word' id='word_1_616' title='bbox 3226 2957 3550 3029; x_wconf 73' lang='lat' dir='ltr'><strong>pra:sulibus</strong></span> <span class='ocrx_word' id='word_1_617' title='bbox 3574 2958 3736 3014; x_wconf 83' lang='lat' dir='ltr'><strong>omni-</strong></span> 
     </span>
    </p>
   </div>
   <div class='ocr_carea' id='block_1_86' title="bbox 2161 3048 3736 3120">
    <p class='ocr_par' dir='ltr' id='par_1_86' title="bbox 2161 3048 3736 3120">
     <span class='ocr_line' id='line_1_86' title="bbox 2161 3048 3736 3120; baseline -0.001 -16"><span class='ocrx_word' id='word_1_618' title='bbox 2161 3049 2261 3104; x_wconf 91' lang='lat' dir='ltr'><strong>bus</strong></span> <span class='ocrx_word' id='word_1_619' title='bbox 2284 3048 2645 3104; x_wconf 88' lang='lat' dir='ltr'><strong>Ecclcsiarum</strong></span> <span class='ocrx_word' id='word_1_620' title='bbox 2672 3064 2790 3119; x_wconf 72' lang='lat' dir='ltr'><strong>qua:</strong></span> <span class='ocrx_word' id='word_1_621' title='bbox 2819 3048 2956 3120; x_wconf 89' lang='lat' dir='ltr'><strong>apud</strong></span> <span class='ocrx_word' id='word_1_622' title='bbox 2987 3064 3084 3105; x_wconf 90' lang='lat' dir='ltr'><strong>nos</strong></span> <span class='ocrx_word' id='word_1_623' title='bbox 3114 3058 3258 3117; x_wconf 89' lang='lat' dir='ltr'><strong>sunt,</strong></span> <span class='ocrx_word' id='word_1_624' title='bbox 3300 3058 3360 3103; x_wconf 91' lang='lat' dir='ltr'><strong>ut</strong></span> <span class='ocrx_word' id='word_1_625' title='bbox 3383 3065 3509 3105; x_wconf 89' lang='lat' dir='ltr'><strong>cum</strong></span> <span class='ocrx_word' id='word_1_626' title='bbox 3557 3050 3736 3105; x_wconf 76' lang='lat' dir='ltr'><strong>ﬁducia</strong></span> 
     </span>
    </p>
   </div>
   <div class='ocr_carea' id='block_1_87' title="bbox 2158 3141 3734 3214">
    <p class='ocr_par' dir='ltr' id='par_1_87' title="bbox 2158 3141 3734 3214">
     <span class='ocr_line' id='line_1_87' title="bbox 2158 3141 3734 3214; baseline -0.003 -15"><span class='ocrx_word' id='word_1_627' title='bbox 2158 3143 2453 3200; x_wconf 90' lang='lat' dir='ltr'><strong>secundum</strong></span> <span class='ocrx_word' id='word_1_628' title='bbox 2507 3142 2743 3198; x_wconf 88' lang='lat' dir='ltr'><strong>divinum</strong></span> <span class='ocrx_word' id='word_1_629' title='bbox 2790 3141 3105 3212; x_wconf 84' lang='lat' dir='ltr'><strong>Apostolum</strong></span> <span class='ocrx_word' id='word_1_630' title='bbox 3147 3142 3391 3203; x_wconf 88' lang='lat' dir='ltr'><strong>dicamus</strong></span> <span class='ocrx_word' id='word_1_631' title='bbox 3438 3143 3579 3214; x_wconf 80' lang='lat' dir='ltr'><strong>(Act.</strong></span> <span class='ocrx_word' id='word_1_632' title='bbox 3612 3146 3734 3209; x_wconf 80' lang='lat' dir='ltr'><strong>xx):</strong></span> 
     </span>
    </p>
   </div>
   <div class='ocr_carea' id='block_1_88' title="bbox 2157 3231 3737 3303">
    <p class='ocr_par' dir='ltr' id='par_1_88' title="bbox 2157 3231 3737 3303">
     <span class='ocr_line' id='line_1_88' title="bbox 2157 3231 3737 3303; baseline -0.001 -15"><span class='ocrx_word' id='word_1_633' title='bbox 2157 3231 2335 3288; x_wconf 84' lang='lat' dir='ltr'><strong>Mundi</strong></span> <span class='ocrx_word' id='word_1_634' title='bbox 2364 3246 2548 3287; x_wconf 89' lang='lat' dir='ltr'><strong>sumus</strong></span> <span class='ocrx_word' id='word_1_635' title='bbox 2589 3247 2618 3286; x_wconf 90' lang='lat' dir='ltr'><strong>a</strong></span> <span class='ocrx_word' id='word_1_636' title='bbox 2666 3231 2925 3303; x_wconf 88' lang='lat' dir='ltr'><strong>sanguine</strong></span> <span class='ocrx_word' id='word_1_637' title='bbox 2956 3231 3424 3302; x_wconf 56' lang='lat' dir='ltr'><strong>praevaricantium</strong></span> <span class='ocrx_word' id='word_1_638' title='bbox 3461 3231 3737 3286; x_wconf 82' lang='lat' dir='ltr'><strong>canonicas</strong></span> 
     </span>
    </p>
   </div>
   <div class='ocr_carea' id='block_1_89' title="bbox 2158 3319 3735 3392">
    <p class='ocr_par' dir='ltr' id='par_1_89' title="bbox 2158 3319 3735 3392">
     <span class='ocr_line' id='line_1_89' title="bbox 2158 3319 3735 3392; baseline -0.002 -14"><span class='ocrx_word' id='word_1_639' title='bbox 2158 3322 2556 3392; x_wconf 88' lang='lat' dir='ltr'><strong>dispositiones,</strong></span> <span class='ocrx_word' id='word_1_640' title='bbox 2581 3329 2637 3377; x_wconf 91' lang='lat' dir='ltr'><strong>et</strong></span> <span class='ocrx_word' id='word_1_641' title='bbox 2665 3320 2831 3377; x_wconf 90' lang='lat' dir='ltr'><strong>multo</strong></span> <span class='ocrx_word' id='word_1_642' title='bbox 2851 3320 3023 3391; x_wconf 87' lang='lat' dir='ltr'><strong>magis</strong></span> <span class='ocrx_word' id='word_1_643' title='bbox 3044 3335 3229 3375; x_wconf 88' lang='lat' dir='ltr'><strong>eorum</strong></span> <span class='ocrx_word' id='word_1_644' title='bbox 3253 3319 3344 3392; x_wconf 89' lang='lat' dir='ltr'><strong>qui</strong></span> <span class='ocrx_word' id='word_1_645' title='bbox 3374 3336 3475 3392; x_wconf 89' lang='lat' dir='ltr'><strong>per</strong></span> <span class='ocrx_word' id='word_1_646' title='bbox 3496 3322 3735 3392; x_wconf 82' lang='lat' dir='ltr'><strong>pecunias</strong></span> 
     </span>
    </p>
   </div>
   <div class='ocr_carea' id='block_1_90' title="bbox 2159 3410 3736 3486">
    <p class='ocr_par' dir='ltr' id='par_1_90' title="bbox 2159 3410 3736 3486">
     <span class='ocr_line' id='line_1_90' title="bbox 2159 3410 3736 3486; baseline -0.001 -16"><span class='ocrx_word' id='word_1_647' title='bbox 2159 3432 2347 3471; x_wconf 91' lang='lat' dir='ltr'><strong>manus</strong></span> <span class='ocrx_word' id='word_1_648' title='bbox 2370 3415 2740 3486; x_wconf 89' lang='lat' dir='ltr'><strong>imposuerunt</strong></span> <span class='ocrx_word' id='word_1_649' title='bbox 2757 3414 2840 3469; x_wconf 84' lang='lat' dir='ltr'><strong>vel</strong></span> <span class='ocrx_word' id='word_1_650' title='bbox 2865 3414 3143 3483; x_wconf 82' lang='lat' dir='ltr'><strong>imponunt</strong></span> <span class='ocrx_word' id='word_1_651' title='bbox 3165 3410 3307 3486; x_wconf 59' lang='grc' dir='ltr'><strong>[ϐπ.</strong></span> <span class='ocrx_word' id='word_1_652' title='bbox 3330 3414 3419 3468; x_wconf 90' lang='lat' dir='ltr'><strong>vel</strong></span> <span class='ocrx_word' id='word_1_653' title='bbox 3438 3430 3633 3469; x_wconf 87' lang='lat' dir='ltr'><strong>manus</strong></span> <span class='ocrx_word' id='word_1_654' title='bbox 3652 3414 3736 3468; x_wconf 89' lang='lat' dir='ltr'><strong>im-</strong></span> 
     </span>
    </p>
   </div>
   <div class='ocr_carea' id='block_1_91' title="bbox 2159 3503 3736 3579">
    <p class='ocr_par' dir='ltr' id='par_1_91' title="bbox 2159 3503 3736 3579">
     <span class='ocr_line' id='line_1_91' title="bbox 2159 3503 3736 3579; baseline -0.003 -15"><span class='ocrx_word' id='word_1_655' title='bbox 2159 3508 2479 3579; x_wconf 90' lang='lat' dir='ltr'><strong>positioncm</strong></span> <span class='ocrx_word' id='word_1_656' title='bbox 2501 3503 2878 3578; x_wconf 78' lang='lat' dir='ltr'><strong>acceperunt];</strong></span> <span class='ocrx_word' id='word_1_657' title='bbox 2912 3504 3072 3560; x_wconf 87' lang='lat' dir='ltr'><strong>Petro</strong></span> <span class='ocrx_word' id='word_1_658' title='bbox 3091 3504 3270 3559; x_wconf 86' lang='lat' dir='ltr'><strong>divino</strong></span> <span class='ocrx_word' id='word_1_659' title='bbox 3292 3504 3577 3576; x_wconf 84' lang='lat' dir='ltr'><strong>Apostolo,</strong></span> <span class='ocrx_word' id='word_1_660' title='bbox 3599 3503 3736 3574; x_wconf 85' lang='lat' dir='ltr'><strong>cujus</strong></span> 
     </span>
    </p>
   </div>
   <div class='ocr_carea' id='block_1_92' title="bbox 2159 3596 3735 3666">
    <p class='ocr_par' dir='ltr' id='par_1_92' title="bbox 2159 3596 3735 3666">
     <span class='ocr_line' id='line_1_92' title="bbox 2159 3596 3735 3666; baseline -0.003 -9"><span class='ocrx_word' id='word_1_661' title='bbox 2159 3601 2469 3657; x_wconf 85' lang='lat' dir='ltr'><strong>cathedram</strong></span> <span class='ocrx_word' id='word_1_662' title='bbox 2502 3599 2692 3656; x_wconf 90' lang='lat' dir='ltr'><strong>sortita</strong></span> <span class='ocrx_word' id='word_1_663' title='bbox 2722 3607 2805 3655; x_wconf 91' lang='lat' dir='ltr'><strong>est</strong></span> <span class='ocrx_word' id='word_1_664' title='bbox 2839 3597 3079 3653; x_wconf 80' lang='lat' dir='ltr'><strong>fraterna</strong></span> <span class='ocrx_word' id='word_1_665' title='bbox 3107 3597 3366 3654; x_wconf 86' lang='lat' dir='ltr'><strong>sanctitas</strong></span> <span class='ocrx_word' id='word_1_666' title='bbox 3402 3607 3585 3654; x_wconf 85' lang='lat' dir='ltr'><strong>vestra</strong></span> <span class='ocrx_word' id='word_1_667' title='bbox 3609 3639 3623 3666; x_wconf 90' lang='lat'><strong>,</strong></span> <span class='ocrx_word' id='word_1_668' title='bbox 3652 3596 3735 3652; x_wconf 84' lang='lat' dir='ltr'><strong>bos</strong></span> 
     </span>
    </p>
   </div>
   <div class='ocr_carea' id='block_1_93' title="bbox 2161 3686 3733 3764">
    <p class='ocr_par' dir='ltr' id='par_1_93' title="bbox 2161 3686 3733 3764">
     <span class='ocr_line' id='line_1_93' title="bbox 2161 3686 3733 3764; baseline -0.005 -15"><span class='ocrx_word' id='word_1_669' title='bbox 2161 3702 2415 3764; x_wconf 87' lang='lat' dir='ltr'><strong>tanquam</strong></span> <span class='ocrx_word' id='word_1_670' title='bbox 2465 3690 2740 3748; x_wconf 86' lang='lat' dir='ltr'><strong>Simonem</strong></span> <span class='ocrx_word' id='word_1_671' title='bbox 2790 3689 3001 3761; x_wconf 84' lang='lat' dir='ltr'><strong>Magum</strong></span> <span class='ocrx_word' id='word_1_672' title='bbox 3064 3690 3382 3760; x_wconf 88' lang='lat' dir='ltr'><strong>deponente.</strong></span> <span class='ocrx_word' id='word_1_673' title='bbox 3449 3686 3624 3761; x_wconf 79' lang='lat' dir='ltr'><strong>Hujus</strong></span> <span class='ocrx_word' id='word_1_674' title='bbox 3669 3686 3733 3744; x_wconf 76' lang='lat' dir='ltr'><strong>rei</strong></span> 
     </span>
    </p>
   </div>
   <div class='ocr_carea' id='block_1_94' title="bbox 2161 3781 3736 3858">
    <p class='ocr_par' dir='ltr' id='par_1_94' title="bbox 2161 3781 3736 3858">
     <span class='ocr_line' id='line_1_94' title="bbox 2161 3781 3736 3858; baseline -0.003 -17"><span class='ocrx_word' id='word_1_675' title='bbox 2161 3788 2331 3858; x_wconf 89' lang='lat' dir='ltr'><strong>gratia</strong></span> <span class='ocrx_word' id='word_1_676' title='bbox 2381 3800 2484 3841; x_wconf 88' lang='lat' dir='ltr'><strong>non</strong></span> <span class='ocrx_word' id='word_1_677' title='bbox 2529 3781 2948 3855; x_wconf 85' lang='lat' dir='ltr'><strong>subterfugimus</strong></span> <span class='ocrx_word' id='word_1_678' title='bbox 2974 3824 2988 3847; x_wconf 93' lang='lat'><strong>,</strong></span> <span class='ocrx_word' id='word_1_679' title='bbox 3021 3798 3129 3854; x_wconf 91' lang='lat' dir='ltr'><strong>quo</strong></span> <span class='ocrx_word' id='word_1_680' title='bbox 3158 3783 3337 3838; x_wconf 89' lang='lat' dir='ltr'><strong>minus</strong></span> <span class='ocrx_word' id='word_1_681' title='bbox 3369 3783 3736 3837; x_wconf 87' lang='lat' dir='ltr'><strong>annuntiemus</strong></span> 
     </span>
    </p>
   </div>
   <div class='ocr_carea' id='block_1_95' title="bbox 2161 3875 3737 3954">
    <p class='ocr_par' dir='ltr' id='par_1_95' title="bbox 2161 3875 3737 3954">
     <span class='ocr_line' id='line_1_95' title="bbox 2161 3875 3737 3954; baseline -0.005 -17"><span class='ocrx_word' id='word_1_682' title='bbox 2161 3880 2469 3944; x_wconf 82' lang='lat' dir='ltr'><strong>veritatem,</strong></span> <span class='ocrx_word' id='word_1_683' title='bbox 2500 3879 2949 3954; x_wconf 17' lang='lat' dir='ltr'><strong>custodientes‘et</strong></span> <span class='ocrx_word' id='word_1_684' title='bbox 2979 3883 3222 3931; x_wconf 88' lang='lat' dir='ltr'><strong>tenentes</strong></span> <span class='ocrx_word' id='word_1_685' title='bbox 3244 3891 3365 3945; x_wconf 73' lang='lat' dir='ltr'><strong>quae</strong></span> <span class='ocrx_word' id='word_1_686' title='bbox 3395 3890 3425 3930; x_wconf 92' lang='lat' dir='ltr'><strong>a</strong></span> <span class='ocrx_word' id='word_1_687' title='bbox 3469 3875 3667 3931; x_wconf 82' lang='lat' dir='ltr'><strong>sanctis</strong></span> <span class='ocrx_word' id='word_1_688' title='bbox 3690 3884 3737 3929; x_wconf 87' lang='lat' dir='ltr'><strong>et</strong></span> 
     </span>
    </p>
   </div>
   <div class='ocr_carea' id='block_1_96' title="bbox 2162 3964 3735 4039">
    <p class='ocr_par' dir='ltr' id='par_1_96' title="bbox 2162 3964 3735 4039">
     <span class='ocr_line' id='line_1_96' title="bbox 2162 3964 3735 4039; baseline -0.004 -13"><span class='ocrx_word' id='word_1_689' title='bbox 2162 3969 2547 4027; x_wconf 86' lang='lat' dir='ltr'><strong>laudatissimis</strong></span> <span class='ocrx_word' id='word_1_690' title='bbox 2589 3968 2879 4039; x_wconf 87' lang='lat' dir='ltr'><strong>Apostolis,</strong></span> <span class='ocrx_word' id='word_1_691' title='bbox 2929 3975 2981 4022; x_wconf 87' lang='lat' dir='ltr'><strong>et</strong></span> <span class='ocrx_word' id='word_1_692' title='bbox 3017 3964 3458 4022; x_wconf 88' lang='lat' dir='ltr'><strong>memorabilibus</strong></span> <span class='ocrx_word' id='word_1_693' title='bbox 3501 3964 3735 4021; x_wconf 86' lang='lat' dir='ltr'><strong>Patribus</strong></span> 
     </span>
    </p>
   </div>
   <div class='ocr_carea' id='block_1_97' title="bbox 2163 4059 3736 4132">
    <p class='ocr_par' dir='ltr' id='par_1_97' title="bbox 2163 4059 3736 4132">
     <span class='ocr_line' id='line_1_97' title="bbox 2163 4059 3736 4132; baseline -0.003 -12"><span class='ocrx_word' id='word_1_694' title='bbox 2163 4066 2362 4122; x_wconf 90' lang='lat' dir='ltr'><strong>nostris</strong></span> <span class='ocrx_word' id='word_1_695' title='bbox 2389 4062 2649 4121; x_wconf 87' lang='lat' dir='ltr'><strong>canonice</strong></span> <span class='ocrx_word' id='word_1_696' title='bbox 2675 4070 2799 4117; x_wconf 90' lang='lat' dir='ltr'><strong>sunt</strong></span> <span class='ocrx_word' id='word_1_697' title='bbox 2826 4059 3032 4132; x_wconf 87' lang='lat' dir='ltr'><strong>prolata</strong></span> <span class='ocrx_word' id='word_1_698' title='bbox 3065 4079 3077 4114; x_wconf 91' lang='lat'>:</span> <span class='ocrx_word' id='word_1_699' title='bbox 3105 4070 3158 4115; x_wconf 90' lang='lat' dir='ltr'><strong>et</strong></span> <span class='ocrx_word' id='word_1_700' title='bbox 3203 4059 3304 4116; x_wconf 85' lang='lat' dir='ltr'><strong>hos</strong></span> <span class='ocrx_word' id='word_1_701' title='bbox 3344 4061 3439 4130; x_wconf 87' lang='lat' dir='ltr'><strong>qui</strong></span> <span class='ocrx_word' id='word_1_702' title='bbox 3486 4060 3619 4131; x_wconf 88' lang='lat' dir='ltr'><strong>quid</strong></span> <span class='ocrx_word' id='word_1_703' title='bbox 3651 4060 3736 4115; x_wconf 55' lang='lat' dir='ltr'><strong>hoc</strong></span> 
     </span>
    </p>
   </div>
   <div class='ocr_carea' id='block_1_98' title="bbox 2162 4150 3738 4227">
    <p class='ocr_par' dir='ltr' id='par_1_98' title="bbox 2162 4150 3738 4227">
     <span class='ocr_line' id='line_1_98' title="bbox 2162 4150 3738 4227; baseline -0.004 -14"><span class='ocrx_word' id='word_1_704' title='bbox 2162 4174 2281 4213; x_wconf 90' lang='lat' dir='ltr'><strong>rum</strong></span> <span class='ocrx_word' id='word_1_705' title='bbox 2306 4155 2743 4227; x_wconf 88' lang='lat' dir='ltr'><strong>contempserint,</strong></span> <span class='ocrx_word' id='word_1_706' title='bbox 2772 4154 3161 4209; x_wconf 86' lang='lat' dir='ltr'><strong>abominamur.</strong></span> <span class='ocrx_word' id='word_1_707' title='bbox 3201 4152 3372 4224; x_wconf 86' lang='lat' dir='ltr'><strong>Igitur</strong></span> <span class='ocrx_word' id='word_1_708' title='bbox 3412 4150 3647 4209; x_wconf 78' lang='lat' dir='ltr'><strong>fraterna</strong></span> <span class='ocrx_word' id='word_1_709' title='bbox 3689 4162 3738 4207; x_wconf 86' lang='lat' dir='ltr'><strong>et</strong></span> 
     </span>
    </p>
   </div>
   <div class='ocr_carea' id='block_1_99' title="bbox 2161 4232 3734 4312">
    <p class='ocr_par' dir='ltr' id='par_1_99' title="bbox 2161 4232 3734 4312">
     <span class='ocr_line' id='line_1_99' title="bbox 2161 4232 3734 4312; baseline -0.005 -6"><span class='ocrx_word' id='word_1_710' title='bbox 2161 4264 2371 4307; x_wconf 91' lang='lat' dir='ltr'><strong>summo</strong></span> <span class='ocrx_word' id='word_1_711' title='bbox 2396 4246 2696 4305; x_wconf 88' lang='lat' dir='ltr'><strong>sacerdotio</strong></span> <span class='ocrx_word' id='word_1_712' title='bbox 2730 4247 2990 4302; x_wconf 82' lang='lat' dir='ltr'><strong>decorata</strong></span> <span class='ocrx_word' id='word_1_713' title='bbox 3012 4232 3272 4300; x_wconf 86' lang='lat' dir='ltr'><strong>sanctitas</strong></span> <span class='ocrx_word' id='word_1_714' title='bbox 3297 4252 3505 4309; x_wconf 87' lang='lat' dir='ltr'><strong>vestra,</strong></span> <span class='ocrx_word' id='word_1_715' title='bbox 3538 4241 3655 4312; x_wconf 75' lang='lat' dir='ltr'><strong>jure</strong></span> <span class='ocrx_word' id='word_1_716' title='bbox 3679 4257 3734 4298; x_wconf 84' lang='lat' dir='ltr'><strong>ac</strong></span> 
     </span>
    </p>
   </div>
   <div class='ocr_carea' id='block_1_100' title="bbox 2160 4338 3739 4410">
    <p class='ocr_par' dir='ltr' id='par_1_100' title="bbox 2160 4338 3739 4410">
     <span class='ocr_line' id='line_1_100' title="bbox 2160 4338 3739 4410; baseline -0.004 -10"><span class='ocrx_word' id='word_1_717' title='bbox 2160 4344 2454 4400; x_wconf 90' lang='lat' dir='ltr'><strong>secundum</strong></span> <span class='ocrx_word' id='word_1_718' title='bbox 2482 4342 2577 4398; x_wconf 91' lang='lat' dir='ltr'><strong>Dei</strong></span> <span class='ocrx_word' id='word_1_719' title='bbox 2607 4342 2939 4397; x_wconf 83' lang='lat' dir='ltr'><strong>voluntatem</strong></span> <span class='ocrx_word' id='word_1_720' title='bbox 2968 4338 3329 4410; x_wconf 81' lang='lat' dir='ltr'><strong>pontiﬁcalem</strong></span> <span class='ocrx_word' id='word_1_721' title='bbox 3349 4340 3613 4396; x_wconf 68' lang='lat' dir='ltr'><strong>ordinans</strong></span> <span class='ocrx_word' id='word_1_722' title='bbox 3635 4339 3739 4410; x_wconf 82' lang='lat' dir='ltr'><strong>pie-</strong></span> 
     </span>
    </p>
   </div>
   <div class='ocr_carea' id='block_1_101' title="bbox 2162 4434 3737 4510">
    <p class='ocr_par' dir='ltr' id='par_1_101' title="bbox 2162 4434 3737 4510">
     <span class='ocr_line' id='line_1_101' title="bbox 2162 4434 3737 4510; baseline -0.003 -17"><span class='ocrx_word' id='word_1_723' title='bbox 2162 4448 2324 4495; x_wconf 87' lang='lat' dir='ltr'><strong>tatem</strong></span> <span class='ocrx_word' id='word_1_724' title='bbox 2370 4435 2535 4510; x_wconf 67' lang='lat' dir='ltr'><strong>[Gr.,,</strong></span> <span class='ocrx_word' id='word_1_725' title='bbox 2565 4452 2778 4493; x_wconf 87' lang='lat' dir='ltr'><strong>sacrum</strong></span> <span class='ocrx_word' id='word_1_726' title='bbox 2828 4435 3220 4492; x_wconf 88' lang='lat' dir='ltr'><strong>bierarchicum</strong></span> <span class='ocrx_word' id='word_1_727' title='bbox 3258 4434 3573 4508; x_wconf 83' lang='lat' dir='ltr'><strong>gubernans</strong></span> <span class='ocrx_word' id='word_1_728' title='bbox 3608 4434 3737 4490; x_wconf 79' lang='lat' dir='ltr'><strong>ordi-</strong></span> 
     </span>
    </p>
   </div>
   <div class='ocr_carea' id='block_1_102' title="bbox 2160 4525 3737 4603">
    <p class='ocr_par' dir='ltr' id='par_1_102' title="bbox 2160 4525 3737 4603">
     <span class='ocr_line' id='line_1_102' title="bbox 2160 4525 3737 4603; baseline -0.003 -19"><span class='ocrx_word' id='word_1_729' title='bbox 2160 4527 2329 4601; x_wconf 89' lang='lat' dir='ltr'><strong>nem],</strong></span> <span class='ocrx_word' id='word_1_730' title='bbox 2363 4529 2789 4600; x_wconf 82' lang='lat' dir='ltr'><strong>Opinatissimam</strong></span> <span class='ocrx_word' id='word_1_731' title='bbox 2817 4527 2980 4584; x_wconf 86' lang='lat' dir='ltr'><strong>habet</strong></span> <span class='ocrx_word' id='word_1_732' title='bbox 3005 4525 3249 4600; x_wconf 85' lang='lat' dir='ltr'><strong>gloriam.</strong></span> <span class='ocrx_word' id='word_1_733' title='bbox 3286 4527 3439 4583; x_wconf 78' lang='lat' dir='ltr'><strong>Dixit</strong></span> <span class='ocrx_word' id='word_1_734' title='bbox 3479 4528 3625 4603; x_wconf 71' lang='lat' dir='ltr'><strong>enim</strong></span> <span class='ocrx_word' id='word_1_735' title='bbox 3649 4541 3737 4599; x_wconf 84' lang='lat' dir='ltr'><strong>per</strong></span> 
     </span>
    </p>
   </div>
   <div class='ocr_carea' id='block_1_103' title="bbox 2155 4616 3737 4691">
    <p class='ocr_par' dir='ltr' id='par_1_103' title="bbox 2155 4616 3737 4691">
     <span class='ocr_line' id='line_1_103' title="bbox 2155 4616 3737 4691; baseline 0 -20"><span class='ocrx_word' id='word_1_736' title='bbox 2155 4621 2471 4691; x_wconf 89' lang='lat' dir='ltr'><strong>prophetam</strong></span> <span class='ocrx_word' id='word_1_737' title='bbox 2501 4620 2703 4688; x_wconf 88' lang='lat' dir='ltr'><strong>primus</strong></span> <span class='ocrx_word' id='word_1_738' title='bbox 2722 4628 2775 4674; x_wconf 89' lang='lat' dir='ltr'><strong>et</strong></span> <span class='ocrx_word' id='word_1_739' title='bbox 2803 4635 3026 4690; x_wconf 89' lang='lat' dir='ltr'><strong>magnus</strong></span> <span class='ocrx_word' id='word_1_740' title='bbox 3054 4636 3297 4677; x_wconf 86' lang='lat' dir='ltr'><strong>summus</strong></span> <span class='ocrx_word' id='word_1_741' title='bbox 3321 4621 3581 4676; x_wconf 87' lang='lat' dir='ltr'><strong>sacerdos</strong></span> <span class='ocrx_word' id='word_1_742' title='bbox 3600 4616 3737 4674; x_wconf 86' lang='lat' dir='ltr'><strong>Chri-</strong></span> 
     </span>
    </p>
   </div>
   <div class='ocr_carea' id='block_1_104' title="bbox 2156 4710 3736 4787">
    <p class='ocr_par' dir='ltr' id='par_1_104' title="bbox 2156 4710 3736 4787">
     <span class='ocr_line' id='line_1_104' title="bbox 2156 4710 3736 4787; baseline -0.003 -19"><span class='ocrx_word' id='word_1_743' title='bbox 2156 4721 2271 4768; x_wconf 87' lang='lat' dir='ltr'><strong>stus</strong></span> <span class='ocrx_word' id='word_1_744' title='bbox 2295 4712 2433 4767; x_wconf 88' lang='lat' dir='ltr'><strong>Deus</strong></span> <span class='ocrx_word' id='word_1_745' title='bbox 2460 4722 2643 4766; x_wconf 89' lang='lat' dir='ltr'><strong>noster</strong></span> <span class='ocrx_word' id='word_1_746' title='bbox 2669 4729 2681 4766; x_wconf 87' lang='lat'><strong>:</strong></span> <span class='ocrx_word' id='word_1_747' title='bbox 2725 4711 2848 4768; x_wconf 84' lang='lat' dir='ltr'><strong>Vivo</strong></span> <span class='ocrx_word' id='word_1_748' title='bbox 2877 4731 2991 4785; x_wconf 86' lang='lat' dir='ltr'><strong>ego,</strong></span> <span class='ocrx_word' id='word_1_749' title='bbox 3026 4714 3117 4769; x_wconf 84' lang='lat' dir='ltr'><strong>sed</strong></span> <span class='ocrx_word' id='word_1_750' title='bbox 3148 4713 3509 4787; x_wconf 82' lang='lat' dir='ltr'><strong>gloriﬁcantes</strong></span> <span class='ocrx_word' id='word_1_751' title='bbox 3532 4731 3608 4768; x_wconf 84' lang='lat' dir='ltr'><strong>me</strong></span> <span class='ocrx_word' id='word_1_752' title='bbox 3636 4710 3736 4783; x_wconf 64' lang='lat' dir='ltr'><strong>gloo</strong></span> 
     </span>
    </p>
   </div>
   <div class='ocr_carea' id='block_1_105' title="bbox 2124 4800 3733 4888">
    <p class='ocr_par' dir='ltr' id='par_1_105' title="bbox 2124 4800 3733 4888">
     <span class='ocr_line' id='line_1_105' title="bbox 2124 4800 3733 4888; baseline 0.004 -32"><span class='ocrx_word' id='word_1_753' title='bbox 2124 4800 2374 4888; x_wconf 27' lang='lat' dir='ltr'><strong>‘riﬁcabo</strong></span> <span class='ocrx_word' id='word_1_754' title='bbox 2414 4801 2465 4873; x_wconf 88' lang='lat' dir='ltr'><strong>(I</strong></span> <span class='ocrx_word' id='word_1_755' title='bbox 2510 4802 2636 4875; x_wconf 85' lang='lat' dir='ltr'><strong>Reg.</strong></span> <span class='ocrx_word' id='word_1_756' title='bbox 2683 4805 2765 4874; x_wconf 87' lang='grc' dir='ltr'>ιι).</span> <span class='ocrx_word' id='word_1_757' title='bbox 2808 4805 2957 4861; x_wconf 81' lang='lat' dir='ltr'><strong>Nosti</strong></span> <span class='ocrx_word' id='word_1_758' title='bbox 3007 4808 3168 4872; x_wconf 87' lang='lat' dir='ltr'><strong>enim,</strong></span> <span class='ocrx_word' id='word_1_759' title='bbox 3219 4808 3305 4863; x_wconf 88' lang='lat' dir='ltr'><strong>vir</strong></span> <span class='ocrx_word' id='word_1_760' title='bbox 3350 4807 3733 4865; x_wconf 82' lang='lat' dir='ltr'><strong>desideriorum</strong></span> 
     </span>
    </p>
   </div>
   <div class='ocr_carea' id='block_1_106' title="bbox 2161 4892 3731 4967">
    <p class='ocr_par' dir='ltr' id='par_1_106' title="bbox 2161 4892 3731 4967">
     <span class='ocr_line' id='line_1_106' title="bbox 2161 4892 3731 4967; baseline 0.001 -15"><span class='ocrx_word' id='word_1_761' title='bbox 2161 4894 2414 4965; x_wconf 88' lang='lat' dir='ltr'><strong>Spiritus,</strong></span> <span class='ocrx_word' id='word_1_762' title='bbox 2443 4897 2567 4967; x_wconf 90' lang='lat' dir='ltr'><strong>quia</strong></span> <span class='ocrx_word' id='word_1_763' title='bbox 2606 4897 2935 4953; x_wconf 88' lang='lat' dir='ltr'><strong>tolerabilior</strong></span> <span class='ocrx_word' id='word_1_764' title='bbox 2976 4900 3059 4954; x_wconf 86' lang='lat' dir='ltr'><strong>est</strong></span> <span class='ocrx_word' id='word_1_765' title='bbox 3100 4892 3399 4956; x_wconf 84' lang='lat' dir='ltr'><strong>Macedonii</strong></span> <span class='ocrx_word' id='word_1_766' title='bbox 3455 4911 3512 4957; x_wconf 87' lang='lat' dir='ltr'><strong>et</strong></span> <span class='ocrx_word' id='word_1_767' title='bbox 3561 4915 3731 4957; x_wconf 86' lang='lat' dir='ltr'><strong>eorum</strong></span> 
     </span>
    </p>
   </div>
   <div class='ocr_carea' id='block_1_107' title="bbox 2161 4987 3735 5063">
    <p class='ocr_par' dir='ltr' id='par_1_107' title="bbox 2161 4987 3735 5063">
     <span class='ocr_line' id='line_1_107' title="bbox 2161 4987 3735 5063; baseline 0.001 -21"><span class='ocrx_word' id='word_1_768' title='bbox 2161 4987 2254 5058; x_wconf 82' lang='lat' dir='ltr'><strong>qui</strong></span> <span class='ocrx_word' id='word_1_769' title='bbox 2280 4989 2419 5044; x_wconf 87' lang='lat' dir='ltr'><strong>circa</strong></span> <span class='ocrx_word' id='word_1_770' title='bbox 2452 4990 2621 5059; x_wconf 90' lang='lat' dir='ltr'><strong>ipsum</strong></span> <span class='ocrx_word' id='word_1_771' title='bbox 2655 5000 2800 5054; x_wconf 89' lang='lat' dir='ltr'><strong>sunt,</strong></span> <span class='ocrx_word' id='word_1_772' title='bbox 2840 4989 3069 5061; x_wconf 83' lang='lat' dir='ltr'><strong>Spiritus</strong></span> <span class='ocrx_word' id='word_1_773' title='bbox 3114 4991 3555 5063; x_wconf 80' lang='lat' dir='ltr'><strong>impugnatorum</strong></span> <span class='ocrx_word' id='word_1_774' title='bbox 3587 4991 3735 5059; x_wconf 77' lang='lat' dir='ltr'><strong>impia</strong></span> 
     </span>
    </p>
   </div>
   <div class='ocr_carea' id='block_1_108' title="bbox 2162 5079 3731 5153">
    <p class='ocr_par' dir='ltr' id='par_1_108' title="bbox 2162 5079 3731 5153">
     <span class='ocr_line' id='line_1_108' title="bbox 2162 5079 3731 5153; baseline 0.002 -20"><span class='ocrx_word' id='word_1_775' title='bbox 2162 5079 2402 5135; x_wconf 70' lang='lat' dir='ltr'><strong>haeresis.</strong></span> <span class='ocrx_word' id='word_1_776' title='bbox 2438 5080 2546 5136; x_wconf 90' lang='lat' dir='ltr'><strong>Illis</strong></span> <span class='ocrx_word' id='word_1_777' title='bbox 2573 5082 2716 5136; x_wconf 89' lang='lat' dir='ltr'><strong>enim</strong></span> <span class='ocrx_word' id='word_1_778' title='bbox 2751 5091 3054 5137; x_wconf 88' lang='lat' dir='ltr'><strong>creaturam</strong></span> <span class='ocrx_word' id='word_1_779' title='bbox 3080 5091 3134 5138; x_wconf 90' lang='lat' dir='ltr'><strong>et</strong></span> <span class='ocrx_word' id='word_1_780' title='bbox 3161 5098 3378 5138; x_wconf 86' lang='lat' dir='ltr'><strong>servum</strong></span> <span class='ocrx_word' id='word_1_781' title='bbox 3406 5084 3511 5153; x_wconf 85' lang='lat' dir='ltr'><strong>Dei</strong></span> <span class='ocrx_word' id='word_1_782' title='bbox 3549 5100 3611 5138; x_wconf 90' lang='lat' dir='ltr'><strong>ac</strong></span> <span class='ocrx_word' id='word_1_783' title='bbox 3642 5085 3731 5136; x_wconf 79' lang='lat' dir='ltr'><strong>Pa-</strong></span> 
     </span>
    </p>
   </div>
   <div class='ocr_carea' id='block_1_109' title="bbox 2161 5169 3732 5245">
    <p class='ocr_par' dir='ltr' id='par_1_109' title="bbox 2161 5169 3732 5245">
     <span class='ocr_line' id='line_1_109' title="bbox 2161 5169 3732 5245; baseline 0.002 -23"><span class='ocrx_word' id='word_1_784' title='bbox 2161 5169 2261 5225; x_wconf 91' lang='lat' dir='ltr'><strong>tris</strong></span> <span class='ocrx_word' id='word_1_785' title='bbox 2292 5169 2549 5242; x_wconf 90' lang='lat' dir='ltr'><strong>Spiritum</strong></span> <span class='ocrx_word' id='word_1_786' title='bbox 2593 5172 2760 5229; x_wconf 90' lang='lat' dir='ltr'><strong>delire</strong></span> <span class='ocrx_word' id='word_1_787' title='bbox 2802 5171 3113 5240; x_wconf 82' lang='lat' dir='ltr'><strong>fatentibus,</strong></span> <span class='ocrx_word' id='word_1_788' title='bbox 3158 5172 3247 5228; x_wconf 89' lang='lat' dir='ltr'><strong>isti</strong></span> <span class='ocrx_word' id='word_1_789' title='bbox 3291 5173 3374 5229; x_wconf 91' lang='lat' dir='ltr'><strong>sui</strong></span> <span class='ocrx_word' id='word_1_790' title='bbox 3409 5174 3577 5245; x_wconf 89' lang='lat' dir='ltr'><strong>ipsius</strong></span> <span class='ocrx_word' id='word_1_791' title='bbox 3601 5188 3732 5237; x_wconf 83' lang='lat' dir='ltr'><strong>eum,</strong></span> 
     </span>
    </p>
   </div>
   <div class='ocr_carea' id='block_1_110' title="bbox 2160 5262 3735 5327">
    <p class='ocr_par' dir='ltr' id='par_1_110' title="bbox 2160 5262 3735 5327">
     <span class='ocr_line' id='line_1_110' title="bbox 2160 5262 3735 5327; baseline 0.002 -12"><span class='ocrx_word' id='word_1_792' title='bbox 2160 5269 2220 5315; x_wconf 87' lang='lat' dir='ltr'><strong>ut</strong></span> <span class='ocrx_word' id='word_1_793' title='bbox 2243 5270 2540 5327; x_wconf 89' lang='lat' dir='ltr'><strong>autumant,</strong></span> <span class='ocrx_word' id='word_1_794' title='bbox 2571 5277 2784 5318; x_wconf 84' lang='lat' dir='ltr'><strong>servum</strong></span> <span class='ocrx_word' id='word_1_795' title='bbox 2814 5264 3067 5320; x_wconf 78' lang='lat' dir='ltr'><strong>eilieiunt.</strong></span> <span class='ocrx_word' id='word_1_796' title='bbox 3108 5262 3295 5321; x_wconf 82' lang='lat' dir='ltr'><strong>Omnis</strong></span> <span class='ocrx_word' id='word_1_797' title='bbox 3323 5266 3470 5321; x_wconf 88' lang='lat' dir='ltr'><strong>enim</strong></span> <span class='ocrx_word' id='word_1_798' title='bbox 3502 5267 3735 5322; x_wconf 82' lang='lat' dir='ltr'><strong>dominus</strong></span> 
     </span>
    </p>
   </div>
   <div class='ocr_carea' id='block_1_111' title="bbox 2162 5355 3737 5424">
    <p class='ocr_par' dir='ltr' id='par_1_111' title="bbox 2162 5355 3737 5424">
     <span class='ocr_line' id='line_1_111' title="bbox 2162 5355 3737 5424; baseline 0.001 -16"><span class='ocrx_word' id='word_1_799' title='bbox 2162 5355 2303 5408; x_wconf 84' lang='lat' dir='ltr'><strong>(mod</strong></span> <span class='ocrx_word' id='word_1_800' title='bbox 2332 5356 2595 5408; x_wconf 84' lang='lat' dir='ltr'><strong>habuerit.</strong></span> <span class='ocrx_word' id='word_1_801' title='bbox 2637 5358 2680 5408; x_wconf 89' lang='lat' dir='ltr'><strong>si</strong></span> <span class='ocrx_word' id='word_1_802' title='bbox 2717 5358 2966 5424; x_wconf 81' lang='lat' dir='ltr'><strong>voluerit,</strong></span> <span class='ocrx_word' id='word_1_803' title='bbox 3009 5360 3298 5424; x_wconf 85' lang='lat' dir='ltr'><strong>venundat,</strong></span> <span class='ocrx_word' id='word_1_804' title='bbox 3350 5359 3467 5415; x_wconf 81' lang='lat' dir='ltr'><strong>sive</strong></span> <span class='ocrx_word' id='word_1_805' title='bbox 3510 5375 3737 5423; x_wconf 80' lang='lat' dir='ltr'><strong>servum,</strong></span> 
     </span>
    </p>
   </div>
   <div class='ocr_carea' id='block_1_112' title="bbox 3610 5459 3737 5476">
    <p class='ocr_par' dir='ltr' id='par_1_112' title="bbox 3610 5459 3737 5476">
     <span class='ocr_line' id='line_1_112' title="bbox 3610 5459 3737 5476; baseline 0.016 -2"><span class='ocrx_word' id='word_1_806' title='bbox 3610 5459 3737 5476; x_wconf 63' lang='grc'><strong>⁸.-</strong></span> 
     </span>
    </p>
   </div>
  </div>
