3916 5622
113 279 179 336 Idl

738 280 1301 353 INTEBPRETA‘I‘IO
1339 282 1589 344 SYNODI
1627 282 1718 343 VII
1755 283 2164 347 GENERALIS.
2202 322 2273 347 η-
2306 291 2512 353 ACTIO
2548 293 2685 354 VIII.

3222 296 3332 357 502

104 411 183 469 cto,
204 398 478 472 tequaliter
496 410 785 473 peccantes
812 405 896 460 bis
921 420 1011 475 qui
1042 405 1438 478 blasphemant,
1465 404 1648 463 dicen-
1673 406 1726 469 Α
1751 405 1832 463 Ex
1867 407 2006 465 libro
2043 421 2237 481 quarto
2274 412 2580 485 Regnorum
2615 414 2753 487 (cap.
2783 412 2858 486 v),
2890 414 2955 471 de
2984 407 3133 486 lepra
3163 416 3331 471 Gicsi.

102 507 179 562 tes,
203 494 249 549 in
275 493 577 552 Beelzebub
620 495 820 565 ejicere
865 497 1129 557 damonia
1174 500 1450 557 Christum
1494 498 1648 572 (Luc.
1714 524 1725 537 -
1818 501 2173 579 Revemsque
2212 504 2464 563 Numen
2503 508 2576 563 ad
2602 509 2767 564 virum
2807 507 2905 565 Dei
2940 522 3058 564 cum
3097 509 3337 564 universo

101 586 175 657 si).
215 583 389 655 Atque
436 597 495 641 ut
530 587 711 643 verius
766 589 1029 669 dicamus,
1078 589 1230 648 Judze
1268 601 1654 663 comparantur

100 675 330 742 traditori,
358 676 450 747 qui
491 677 585 733 Dei
613 678 947 737 occisoribus
982 678 1182 739 Iudaeis
1220 682 1393 753 pretio
1441 682 1653 755 argenti

100 764 333 820 Christum
377 768 728 827 venundedit.
794 770 929 827 Cum
969 788 1099 845 ergo
1143 784 1363 831 sanctus
1416 774 1653 847 Spiritus

100 856 540 929 consubstantialis
583 859 650 915 sit
702 858 921 918 Christo
966 862 1078 921 Deo
1138 874 1323 921 nostro
1353 905 1369 932 ,
1411 864 1653 934 eiusdem

98 946 304 1004 munino‘
329 958 383 1005 et
425 950 529 1022 ipsi
560 953 825 1022 portionis
852 963 1037 1023 erunt,
1063 964 1123 1012 ut
1142 966 1419 1016 ostensum
1446 968 1549 1016 est.
1592 959 1651 1017 Si

98 1057 196 1098 vero
215 1056 317 1099 non
345 1044 619 1111 venditur,
652 1048 1017 1118 (perspicuum
1039 1050 1181 1106 enim
1210 1059 1311 1118 cst,
1342 1053 1484 1124 quod
1506 1052 1655 1111 nullo

98 1134 240 1207 modo)
285 1151 393 1192 non
444 1146 528 1193 est
573 1139 761 1209 procul
792 1139 957 1195 dubio
994 1141 1047 1196 in
1082 1142 1162 1197 eis
1190 1143 1365 1214 gratia
1415 1142 1654 1215 Spiritus

97 1227 253 1293 sancti,
284 1228 341 1286 id
373 1239 484 1298 est,
522 1231 808 1291 sacerdotii
848 1235 1129 1290 sanctitas.
1186 1234 1319 1313 Nam
1369 1237 1512 1307 quod
1544 1252 1651 1293 non

96 1327 405 1389 acceperunt,
448 1336 556 1393 non
592 1321 813 1385 habent.
854 1323 1119 1393 Mentorea
1157 1341 1287 1399 ergo
1325 1327 1437 1384 sint
1480 1328 1653 1386 sancti

95 1409 226 1478 Petri,
251 1413 321 1467 ad
349 1427 476 1469 eum
524 1414 618 1485 qui
659 1416 761 1472 hoc
796 1418 1049 1473 studebat
1093 1419 1163 1473 ita
1215 1418 1489 1476 dicentis:
1527 1419 1653 1476 Non

94 1513 152 1556 est
171 1503 249 1557 tibi
272 1520 420 1583 pars,
450 1523 613 1577 neque
633 1524 747 1562 sors
770 1509 823 1583 in
844 1525 1079 1565 sermone
1115 1511 1212 1566 hoc
1238 1509 1376 1583 (Act.
1409 1510 1549 1583 vnt).
1592 1509 1651 1567 Si

96 1594 206 1649 enim
237 1582 581 1654 venundatur
619 1582 907 1656 sacerdotii
956 1598 1188 1672 dignitas
1213 1644 1226 1668 ,
1250 1582 1255 1583 ί
1278 1617 1408 1674 ergo
1457 1582 1651 1674 super-

94 1688 174 1743 ﬂua
191 1697 264 1745 est
281 1689 420 1761 apud
451 1690 598 1762 ipsos
618 1692 743 1747 vita!
765 1693 1062 1765 probabilis
1093 1694 1252 1760 actio,
1294 1706 1347 1749 et
1388 1695 1441 1751 in
1488 1694 1653 1752 casti-

1750 594 1999 650 comitatu
2032 612 2151 664 suo,
2188 599 2324 653 venit
2358 607 2407 655 et
2444 601 2584 655 stetit
2628 616 2807 656 coram
2847 616 2930 667 eo,
2971 610 3020 657 et
3062 603 3177 656 ait:
3211 598 3339 655 Vere

1751 687 1858 742 scio
1893 688 2033 759 quod
2068 706 2170 746 non
2202 691 2270 747 sit
2307 690 2448 751 Deus
2489 691 2627 749 alius
2669 692 2727 751 in
2756 694 2997 749 universa
3032 704 3205 759 terra,
3236 690 3339 748 nisi

1751 787 1954 847 tantum
1983 780 2036 834 in
2063 780 2253 836 Israel.
2286 780 2511 839 Obsecro
2550 785 2723 856 itaque
2742 826 2755 849 ,
2787 795 2841 839 ut
2869 786 3096 855 accipias
3127 783 3341 839 benedi-

1752 864 1972 925 ctionem
1999 889 2030 926 a
2059 888 2202 929 servo
2226 883 2334 929 tuo.
2363 876 2427 929 At
2456 873 2543 930 ille
2567 876 2860 948 respondit:
2893 874 3027 932 Vivit
3057 875 3341 945 Dominus,

1753 950 1874 1017 ante
1900 981 2050 1036 quem
2091 976 2191 1031 sto,
2222 966 2344 1037 quia
2366 984 2466 1022 non
2500 968 2776 1038 accipiam.
2803 965 3035 1040 Cumque
3067 970 3167 1023 vim
3198 968 3343 1037 face-

1754 1064 1849 1119 ret,
1877 1055 2082 1126 penitus
2130 1072 2231 1112 non
2273 1058 2547 1130 acquievit;
2583 1067 2638 1115 et
2671 1070 2794 1131 post
2836 1076 3048 1132 pauca:
3095 1058 3343 1131 Dixitque

1754 1140 1900 1201 Ciezi
1927 1164 2058 1219 puer
2084 1149 2182 1203 viri
2210 1147 2347 1204 Dei:
2389 1148 2625 1221 Pepercit
2650 1152 2890 1206 dontinus
2920 1168 3064 1206 meus
3090 1148 3341 1205 Namnam

1756 1224 1892 1309 Syro
1935 1238 2052 1301 isti,
2092 1247 2147 1291 ut
2187 1255 2288 1293 non
2332 1240 2585 1313 occiperet
2626 1240 2689 1295 ab
2726 1258 2785 1297 eo
2812 1259 2930 1314 qua:
2961 1240 3154 1296 attulit.
3204 1238 3341 1295 Vivit

1753 1324 2031 1395 Dominus,
2059 1329 2182 1401 quia
2218 1349 2424 1387 curram
2468 1343 2581 1402 post
2613 1350 2765 1399 eum,
2803 1342 2851 1388 et
2885 1320 3139 1402 accipiant
3179 1330 3243 1386 ab
3280 1346 3342 1385 eo

1754 1422 1997 1495 aliquid:
2029 1434 2076 1478 et
2102 1436 2309 1480 secutus
2335 1435 2407 1480 est
2438 1424 2586 1480 (ἕτειί
2607 1436 2719 1497 post
2741 1435 2939 1498 tergum
2974 1423 3241 1480 Naaman.
3274 1421 3345 1478 Et

1751 1508 1873 1585 post
1910 1529 2120 1585 pauca:
2156 1512 2221 1568 Et
2257 1514 2390 1570 dixit
2435 1513 2717 1570 Naaman:
2759 1515 2946 1588 Accipe
2974 1515 3226 1570 talentum
3256 1529 3346 1567 ar-

1753 1606 1892 1676 genti
1932 1614 1979 1659 et
2020 1606 2182 1677 coegit
2210 1623 2349 1672 eum,
2379 1604 2657 1678 ligavitque
2693 1607 2797 1661 duo
2838 1604 3033 1661 talenta
3061 1605 3262 1677 argenti
3280 1604 3346 1660 in

1755 1694 1956 1749 duobus
1981 1696 2183 1762 saccis,
2226 1705 2273 1751 et
2312 1696 2543 1769 duplicia
2585 1696 2905 1753 vestimenta.
2954 1696 3022 1753 Et
3049 1705 3168 1768 post
3194 1695 3342 1750 alia:

99 1791 183 1837 tate
203 1782 425 1853 aliisque
465 1784 761 1858 virtutibus
799 1788 1162 1843 conversatio.
1204 1788 1518 1861 Superﬂuus
1566 1796 1650 1845 est
1678 1767 1725 1828 Β
1752 1783 1821 1841 Et
1848 1786 1981 1843 dixit
2008 1784 2276 1843 Eliswus:
2309 1767 2460 1842 Unde
2503 1787 2635 1843 venit
2673 1785 2819 1844 Giczi
2843 1784 2868 1842 1’
2895 1786 2997 1854 Qui
3034 1767 3345 1857 respondit:

95 1876 353 1930 secundum
384 1874 531 1944 ipsos
561 1877 727 1933 etiam
764 1877 962 1934 Paulus
991 1866 1204 1935 divinus
1244 1879 1531 1951 Apostolus
1558 1881 1653 1934 do-

96 1980 214 2033 cens,
236 1975 488 2038 oportere
512 1968 810 2040 episcopum
837 1971 1336 2041 irreprehensibilent
1370 1990 1501 2041 csse,
1524 1989 1653 2046 pra-

94 2058 282 2126 dentem,
328 2069 599 2128 ornatum,
646 2062 932 2130 doctorem,
978 2064 1350 2126 continentem.
1396 2065 1650 2131 sobrium,

93 2151 447 2221 amplectentern
469 2169 587 2209 eam
610 2154 700 2219 qui
721 2155 1003 2212 secundum
1025 2157 1320 2213 doctrinam
1342 2166 1419 2213 est
1444 2157 1651 2227 ﬁdelem

92 2258 369 2312 sermonem,
406 2254 462 2299 ut
488 2254 672 2317 potens
696 2247 763 2302 sit
786 2248 1054 2303 exhortari
1076 2249 1131 2303 in
1153 2249 1392 2303 doctrina
1424 2265 1579 2315 sana,
1603 2257 1653 2304 et

91 2334 260 2403 σοι(ιηὶ
280 2336 650 2393 contradicunt
683 2352 903 2409 arguere
929 2337 980 2411 (Ι
1007 2338 1146 2395 Tim.
1176 2355 1259 2405 ut,
1282 2339 1387 2395 Tit.
1415 2342 1478 2400 ι).
1515 2341 1651 2397 Pro-

94 2424 303 2481 lcrunlttr
328 2424 710 2502 [evanescunt]
749 2430 914 2501 igitur
942 2431 1056 2488 haec
1084 2431 1262 2489 omnia
1287 2432 1355 2488 de
1376 2433 1655 2493 venditare

91 2530 141 2569 ac
187 2522 422 2590 emptore
471 2518 720 2578 beneﬁcri
767 2520 1124 2595 [sacerdotii].
1186 2522 1359 2580 Porro
1410 2523 1654 2595 subjecta

90 2619 372 2666 sanctorum
408 2613 719 2669 testimonia
749 2612 983 2671 alienum
1021 2614 1240 2671 omnino
1284 2631 1312 2671 a
1352 2617 1656 2672 sacerdotio

88 2704 413 2772 pronuntiant
434 2722 560 2762 eum
593 2708 682 2779 qui
719 2708 931 2765 dederit
960 2709 1251 2780 aliquando
1278 2710 1362 2765 vel
1386 2711 1658 2782 acceperit

85 2798 128 2851 iu
148 2798 316 2871 aliquo
338 2810 607 2873 tempore,
634 2802 747 2858 sive
773 2801 979 2858 scilicet
1003 2810 1128 2858 ante
1149 2816 1339 2857 manus
1361 2802 1656 2872 impositio-

86 2906 206 2957 netu,
250 2893 366 2950 sive
411 2895 467 2950 in
505 2910 697 2951 manus
734 2880 1111 2966 itnpositionc,
1153 2896 1268 2952 sive
1309 2905 1432 2967 post
1466 2906 1657 2951 manus

85 2983 480 3055 impositionem.
521 2989 787 3060 Accipere
820 2997 906 3046 est
933 2989 1102 3055 enim,
1132 2989 1380 3060 accipere
1415 2988 1656 3058 quando-

85 3090 293 3149 cuuque.
335 3079 446 3136 Sed
491 3089 550 3136 et
598 3086 786 3137 omnes
836 3082 1206 3152 promotioncs
1257 3080 1656 3138 ecclesiasticas

84 3171 315 3228 nuerunt
355 3173 413 3229 in
447 3174 677 3237 'datione
714 3175 1089 3245 pecuniarum.

322 3304 512 3362 Ganon
550 3316 852 3363 sanctorum
891 3297 1261 3380 Apostolorum
1297 3308 1389 3366 29.

141 3419 193 3478 Si
218 3423 342 3494 quis
364 3424 653 3503 cpiscopus
671 3434 765 3482 aut
786 3428 1088 3505 presbyter,
1129 3439 1226 3493 aut
1270 3429 1531 3503 diamnus
1557 3445 1658 3502 per

80 3513 316 3601 pecunias
368 3514 508 3571 lianc
553 3516 852 3601 obtinuerit
894 3518 1237 3590 dignitatem,
1285 3519 1566 3595 dejiciatur
1602 3530 1661 3578 ct

82 3600 179 3671 ipse
229 3613 285 3660 et
328 3606 615 3663 ordinator
668 3600 806 3679 ejus,
860 3606 937 3664 et’
966 3625 997 3665 a
1053 3613 1432 3669 communione
1484 3612 1660 3670 modis

77 3695 314 3754 omnibus
364 3686 760 3767 abscindatur,
788 3686 957 3758 sicut
1003 3700 1188 3758 Simon
1238 3701 1424 3775 Magos
1484 3719 1516 3760 a
1572 3715 1661 3761 me

76 3783 241 3851 Petro.

301 3907 384 3965 De
415 3907 644 3966 Actibus
675 3910 1043 3979 apostolorum
1083 3910 1222 3984 (cap.
1265 3912 1410 3983 vin).

135 4016 265 4075 Cum
295 4022 511 4079 vidisset
538 4031 716 4079 autem
754 4023 959 4091 Simon,
1002 4026 1125 4097 quia
1158 4042 1250 4097 per
1277 4026 1659 4098 impositionem

75 4124 251 4168 manus
276 4113 639 4186 apostolorum
674 4115 894 4171 daretur
923 4117 1155 4190 Spiritus
1194 4128 1429 4187 sanctus,
1474 4120 1668 4176 obtulit

75 4207 140 4259 eis
164 4211 467 4277 pecuniam,
496 4209 678 4265 dicens
706 4223 724 4263 :
751 4210 884 4266 Date
910 4220 961 4266 et
988 4208 1117 4267 mihi
1147 4214 1283 4268 hanc
1329 4224 1659 4285 potestatem,

72 4308 122 4350 at
170 4302 468 4372 cuicunque
513 4290 814 4375 imposuere
867 4316 1075 4373 manus,
1126 4305 1349 4377 accipiat
1400 4302 1662 4377 Spiritum

74 4407 325 4452 sanctum.
371 4397 563 4454 Petrus
606 4409 781 4454 autem
822 4399 955 4454 dixit
993 4400 1063 4454 ad
1106 4414 1222 4455 ettm
1249 4416 1269 4455 :
1300 4394 1535 4455 Pecunia
1567 4410 1662 4455 tua

1682 3126 1729 3189 C

1752 1874 1877 1931 Non
1899 1877 1990 1931 ivit
2011 1894 2187 1932 servus
2218 1887 2339 1932 tuus
2360 1894 2642 1948 quoquam.
2676 1878 2740 1933 At
2763 1875 2851 1932 ille
2881 1876 2952 1930 ait
2978 1892 2996 1931 :
3029 1874 3219 1930 Nonne
3256 1890 3348 1929 cor

1752 1982 1921 2024 meum
1962 1970 2015 2023 in
2043 1969 2288 2039 presenti
2323 1980 2456 2037 erat,
2482 1969 2693 2041 quando
2720 1987 2952 2026 reversus
2989 1980 3063 2023 est
3100 1969 3253 2022 homo
3284 1966 3348 2021 de

1752 2076 1911 2114 curru
1948 2077 2045 2116 suo
2075 2062 2129 2115 in
2156 2076 2428 2115 occursum
2464 2062 2580 2116 tui?
2607 2058 2764 2116 Nunc
2791 2061 2954 2133 igitur
2985 2058 3230 2131 accepisti
3259 2074 3349 2111 ar—

1752 2162 1984 2223 gentum,
2010 2161 2057 2207 et
2081 2153 2323 2223 accepisti
2357 2162 2549 2220 vestes,
2583 2162 2641 2207 ut
2664 2169 2805 2208 emas
2840 2152 3045 2218 oliveta,
3070 2160 3118 2206 et
3145 2150 3348 2216 vineas,

1753 2252 1805 2298 et
1823 2256 1960 2307 oves,
1981 2251 2028 2297 et
2053 2244 2223 2307 bores,
2247 2250 2296 2298 et
2325 2259 2518 2311 servm,
2544 2252 2593 2299 et
2619 2241 2875 2309 ancillas;
2905 2242 2997 2298 sed
3027 2241 3170 2314 lepra
3201 2232 3351 2296 Naa-

1754 2348 1879 2388 man
1912 2333 2195 2390 adlucrebit
2224 2333 2317 2390 tibi
2344 2345 2390 2389 et
2422 2335 2607 2390 semini
2639 2346 2729 2390 tuo
2759 2335 2815 2391 in
2853 2333 3221 2406 sempiternum
3247 2346 3266 2388 :
3300 2337 3351 2385 et

1755 2440 1990 2498 egressus
2012 2436 2089 2482 est
2110 2429 2173 2481 ab
2200 2443 2261 2483 eo
2285 2426 2520 2501 leprosus
2544 2426 2695 2500 quasi
2718 2428 2828 2484 nix.

1880 2606 2046 2660 sancti
2091 2604 2277 2677 Basilii
2314 2605 2545 2677 episcopi
2584 2605 3009 2677 interpretatione
3031 2604 3087 2658 in
3120 2601 3346 2659 Isaiam.

2137 2675 2231 2745 (In
2250 2675 2366 2746 cap.
2393 2675 2515 2743 vui,
2548 2686 2661 2747 post
2688 2675 2962 2747 medium.)

1829 2808 2024 2879 Legem
2053 2808 2197 2864 dedit
2227 2808 2279 2864 in
2308 2808 2663 2878 adiutorium,
2696 2808 3013 2865 ut-dicant:
3054 2804 3168 2864 Non
3208 2807 3351 2864 sicut

1759 2900 1863 2956 hoc
1887 2902 1950 2956 de
1987 2917 2094 2973 quo
2138 2916 2242 2956 non
2289 2901 2419 2957 licet
2466 2896 2595 2957 dare
2646 2916 2890 2957 munera.
2931 2898 3056 2956 Ila-c
3094 2915 3222 2956 vero
3262 2898 3347 2955 lex

1760 2980 1865 3049 nan
1896 3002 1980 3049 est
2010 2994 2150 3049 sicut
2181 2993 2402 3049 verbum
2447 2990 2552 3049 hoc
2578 2993 2721 3064 quod
2756 3002 2839 3049 cst
2874 2993 2926 3048 in
2970 2992 3351 3063 ventriloquo:

1760 3101 1865 3140 nou
1895 3086 2040 3140 enim
2068 3085 2135 3139 ad
2169 3085 2537 3156 deccptionem
2566 3086 2868 3157 excogitata
2899 3094 2981 3142 cst
3004 3126 3019 3152 ,
3060 3085 3199 3141 sicut
3231 3084 3351 3157 illa,

1761 3174 1852 3235 sed
1886 3178 2145 3251 magistra
2172 3187 2255 3234 est
2289 3177 2535 3233 veritatis
2561 3192 2574 3233 :
2600 3187 2654 3232 et
2683 3176 2757 3231 illi
2787 3178 3004 3248 quidem
3045 3177 3098 3235 in
3127 3185 3352 3247 argento
3408 3178 3409 3181 “

1761 3271 1885 3345 [pro
1921 3269 2063 3344 arg]
2101 3266 2363 3326 divinant.
2409 3269 2524 3326 Hoc
2553 3269 2697 3325 enim
2743 3277 2827 3324 est
2870 3266 3012 3340 quod
3051 3267 3357 3335 deridetur.

1759 3367 1884 3438 quia
1917 3376 1970 3422 et
2008 3374 2291 3439 argentum
2316 3365 2398 3443 eis
2432 3366 2674 3422 tribuunt
2700 3366 3001 3422 mercedem
3042 3364 3264 3419 fallacia:
3297 3363 3352 3418 bi

1760 3457 1850 3529 qui
1897 3457 2253 3528 decipiuntur.
2304 3453 2420 3513 Hoc
2467 3465 2648 3512 autem
2686 3455 2933 3521 verbum,
2975 3455 3029 3511 id
3070 3462 3153 3510 est
3198 3452 3353 3524 legis,

1759 3565 1865 3606 non
1904 3557 1995 3612 est
2047 3548 2181 3614 tale,
2222 3556 2282 3603 ut
2323 3563 2543 3605 munera
2573 3547 2701 3603 dent
2734 3563 2831 3618 pro
2870 3560 2953 3603 eo.
2999 3544 3166 3600 Nemo
3208 3544 3351 3598 enim

1760 3642 1986 3715 gratiam
2018 3639 2113 3695 Dei
2136 3639 2427 3696 vcnundat.
2458 3636 2657 3706 Gratis,
2683 3638 2878 3713 inquit,
2909 3636 3199 3719 accepistis,
3230 3651 3351 3706 gra-

1760 3728 1827 3788 tis
1874 3731 1996 3787 date
2042 3728 2257 3804 (Matth.
2290 3730 2370 3803 x).
2409 3726 2608 3798 Vides,
2638 3728 2869 3800 qualiter
2904 3721 3213 3800 indignatus
3260 3720 3353 3781 Pe-

1762 3831 1879 3879 trus
1922 3823 1991 3877 sit
2038 3831 2223 3878 contra
2278 3820 2576 3888 Simonem,
2633 3820 2919 3893 pecuniam
2958 3834 3056 3892 pro
3115 3816 3355 3895 Spiritus

1758 3920 1933 3977 sancti
1962 3921 2133 3993 gratia
2162 3915 2514 3993 oll‘erentem‘l
2548 3917 2779 3976 Pecunia
2804 3915 3139 3999 tua,_inquit,
3181 3926 3356 3971 tecum

1761 3998 1837 4069 sil,
1873 4014 1926 4068 in
1962 4010 2336 4085 perditionem;
2369 4011 2497 4083 quia
2542 4010 2854 4066 existimasti
2892 3998 3086 4065 donum
3125 4006 3224 4069 Dei
3259 4020 3355 4080 per

1760 4106 2035 4179 pecuniam
2073 4100 2338 4178 possidere
2369 4102 2504 4176 (Act.
2533 4101 2677 4173 vut).
2709 4101 2825 4159 Non
2873 4109 2958 4158 est
3000 4114 3130 4175 ergo
3173 4097 3352 4154 Evan-

1762 4198 1885 4271 gelii
1917 4212 2130 4264 sermo,
2163 4197 2301 4254 sicut
2333 4193 2499 4252 verba
2540 4210 2660 4267 qum
2692 4194 2996 4257 venduntur
3037 4207 3068 4249 a
3096 4189 3355 4267 ventrilof

1763 4291 1905 4363 quis.
1933 4288 2071 4360 Quid
2098 4291 2242 4348 enim
2274 4287 2422 4346 dabit
2466 4288 2752 4359 quisquam
2796 4286 3016 4358 dignum
3055 4299 3153 4356 pro
3180 4283 3260 4338 eis
3295 4281 3351 4359 ip

1764 4364 2283 4461 commutationem?
2317 4379 2457 4435 Audi
2498 4378 2669 4433 David
2700 4377 3038 4434 haesitantem
3066 4383 3228 4445 atque
3264 4372 3349 4427 di-

73 4495 228 4543 tm
258 4491 334 4545 sit
359 4492 415 4546 in
440 4492 807 4561 perditionem,
831 4492 955 4563 quia
984 4492 1179 4547 donum
1215 4491 1314 4547 Dei
1347 4492 1663 4548 εχὶειίπιαετῖ
1686 4494 1738 4558 ι)
1764 4483 1976 4541 centeni
2008 4494 2020 4530 :
2063 4472 2202 4540 Quid
2240 4471 2541 4563 retribuam
2570 4468 2792 4563 Domino
2828 4484 2922 4538 pro
2961 4464 3199 4521 omnibus
3231 4476 3353 4533 qua!

69 4583 280 4648 pecunia
305 4583 593 4653 possidere.
637 4581 764 4639 Non
796 4595 873 4640 est
916 4584 1010 4640 tibi
1046 4603 1191 4657 pars,
1235 4600 1396 4656 neque
1440 4601 1552 4640 sors
1601 4588 1655 4640 in

70 4686 301 4728 sermone
325 4675 429 4730 isto
452 4690 473 4730 :
493 4691 589 4730 cor
617 4674 758 4730 enim
788 4678 935 4731 tuum
964 4692 1067 4732 non
1112 4685 1188 4731 est
1233 4685 1430 4731 rectum
1477 4684 1657 4730 coram

68 4759 188 4817 Deo.
232 4762 614 4823 Paenitentiam
637 4767 814 4839 itaque
842 4784 937 4840 age
959 4769 1025 4823 ab
1054 4768 1152 4822 hac
1175 4766 1408 4839 nequitia
1444 4777 1534 4822 tua
1561 4809 1575 4833 ,
1608 4776 1656 4822 et

68 4871 187 4926 roga
210 4857 408 4925 Dem,
431 4860 476 4915 si
496 4858 635 4930 forte
660 4861 955 4915 remittatur
975 4859 1069 4914 tibi
1086 4861 1197 4915 Iza’c
1218 4860 1461 4931 cogitatio
1485 4859 1658 4915 cordis

65 4951 153 5003 tui.
194 4950 266 5006 In
293 4951 421 5021 felle
445 4953 581 5008 enim
610 4952 983 5009 amaritudinis
1019 4961 1071 5010 et
1109 4952 1421 5025 obligatione
1466 4952 1660 5026 iniqui-

68 5042 183 5098 tatis
206 5044 377 5100 video
400 5052 448 5101 te
474 5046 604 5101 esse.

282 5182 374 5238 Ex
407 5182 546 5240 libro
580 5183 739 5241 tertio
778 5184 1086 5256 Regnorum
1116 5184 1253 5257 (cap.
1293 5200 1440 5258 xui}.

130 5294 259 5352 Non
293 5304 380 5351 est
403 5308 632 5355 reversus
657 5298 938 5365 Jerpboam
965 5300 1032 5356 de
1062 5299 1147 5354 via
1167 5316 1265 5355 sua
1287 5300 1514 5371 pessima
1533 5345 1548 5371 ,
1569 5303 1662 5361 sed

64 5400 89 5439 e
109 5388 397 5445 contrario
426 5388 543 5456 fecit
567 5391 631 5447 de
657 5390 955 5447 novissimis
973 5390 1152 5461 populi
1171 5391 1467 5447 sacerdotes
1493 5396 1658 5452 excel-

66 5568 145 5592 ενι

1764 4567 2001 4625 retribuit
2031 4566 2157 4622 mitti
2198 4563 2370 4637 (Psal.
2393 4562 2552 4639 cxv)?
2577 4561 2695 4619 Non
2720 4568 2946 4631 possunt
2966 4573 3094 4632 ergo
3128 4570 3352 4613 munera

1765 4660 1883 4716 dari
1914 4658 1980 4715 de
2004 4658 2110 4714 hoc
2132 4653 2396 4729 condigna
2423 4651 2633 4724 gratiae,
2659 4664 2779 4722 quae
2808 4650 2876 4706 ab
2905 4648 3023 4720 ipso
3044 4656 3147 4705 est.
3173 4645 3352 4704 Unum

1764 4758 1849 4806 est
1875 4749 2074 4805 donum
2103 4746 2352 4816 dignum,
2380 4743 2622 4802 custodia
2660 4739 2909 4798 videlicet
2936 4740 3053 4815 ejus
3087 4738 3229 4811 quod
3264 4737 3353 4799 tto-

1766 4852 1953 4898 natum
1997 4849 2095 4899 est.
2133 4838 2235 4909 Qui
2267 4838 2414 4896 dedit
2456 4836 2553 4893 tibi
2599 4836 2945 4917 thesaurum,
2977 4850 3083 4915 non
3127 4828 3368 4905 pretium

1768 4934 1968 5006 repetit
1995 4934 2131 5004 dati,
2161 4931 2256 4989 sed
2282 4928 2586 4991 custodiam
2616 4928 2833 4998 dignam
2859 4925 2981 4997 ejus
3004 4924 3145 5001 quod
3175 4922 3363 4980 datum

1768 5038 1872 5085 est.

1773 5181 2028 5255 Ejusdem
2063 5203 2128 5244 ea:
2167 5174 2393 5253 epistola
2431 5180 2501 5238 ad
2536 5182 2804 5255 episcopos
2843 5173 3120 5255 destinata
3161 5172 3255 5255 Qui
3284 5169 3379 5227 sub

1821 5254 1936 5325 ipso
1960 5270 2128 5327 erant,
2155 5265 2210 5310 ut
2238 5272 2345 5312 non
2367 5268 2553 5310 manus
2580 5254 2903 5320 imponerent
2929 5267 3034 5320 per
3055 5254 3321 5328 pecunias.

1844 5393 2172 5453 Existimant
2198 5407 2257 5448 se
2284 5408 2397 5450 non
2416 5402 2648 5460 peccare
2666 5426 2683 5454 ,
2716 5381 2842 5453 quia
2872 5400 2992 5445 non
3030 5389 3238 5468 pariter
3262 5384 3389 5437 eum

61 5495 262 5535 sarum.
309 5479 619 5555 Quicunque
654 5483 857 5541 valebat
875 5524 891 5550 ,
919 5484 1162 5556 implebat
1187 5499 1398 5541 manum
1427 5504 1580 5545 suam
1607 5498 1656 5544 et
1771 5502 1970 5546 manus
1991 5487 2339 5562 impositione
2362 5483 2558 5539 munus
2583 5475 2876 5547 accipitmt.
2910 5472 3187 5559 Accipere
3212 5474 3391 5529 ευίθηι

3159 5576 3224 5600 ..ι
3253 5565 3394 5612 hsmr;

2948 5589 3085 5610 ΑωηΑ
