3916 5476
522 413 628 470 505

1689 394 2053 456 ANASTASII
2089 385 2626 450 BlBLIOT-IIECARH

3671 373 3758 428 50!

523 523 957 583 contaminantes
996 516 1420 590 acceptlonibus,
1458 511 1816 584 vosmetipsos
1860 507 2107 582 indignos
2127 507 2187 573 Α
2210 503 2579 564 defensorem,
2613 495 2698 553 vel
2728 488 3182 553 mansionarium,
3232 492 3326 542 aut
3350 497 3668 555 quemquam
3685 483 3763 552 qui

524 617 737 676 taciatis
761 612 1065 675 celebrandi
1101 620 1286 668 sancta
1325 606 1604 681 mysteria.

872 729 950 784 De
975 729 1077 783 vita
1102 725 1163 782 S.
1194 707 1419 780 Joannis
1445 721 1591 777 aurei
1621 719 1746 774 oris.

595 843 839 900 Accessit
883 840 972 896 ille
1021 839 1111 909 qui
1159 836 1331 909 longae
1369 835 1526 891 nobis
1569 839 1688 888 erat
1732 825 2112 900 disputationis

524 943 733 999 auctor,
765 932 832 988 ad
853 930 1135 1001 episcopos
1159 943 1369 1002 omnes,
1400 924 1661 981 Eusebius
1682 919 1932 978 videlicet
1957 932 2112 973 accu-

523 1032 672 1080 sator
698 1041 789 1100 ses
827 1023 1157 1094 reliquorum
1188 1020 1566 1092 episc0porum
1591 1057 1606 1080 ,
1654 1023 1709 1070 et
1746 1010 2024 1084 postulans
2053 1016 2114 1064 ut

525 1115 892 1185 susciperetur
921 1114 972 1168 in
994 1110 1450 1169 communionem.
1479 1105 1867 1163 Contradicunt
1893 1099 2112 1172 quidam

523 1205 927 1277 episcoporum,
979 1219 1088 1259 non
1129 1209 1381 1272 oportere
1411 1197 1560 1254 illum
1601 1197 1652 1252 in
1682 1193 1786 1268 [ut]
1817 1190 2116 1249 calumnia-

525 1307 700 1353 torem
741 1295 973 1352 admitti.
1004 1293 1064 1351 ln
1104 1295 1188 1351 his
1227 1292 1551 1366 supplicavit
1591 1289 1776 1345 dicens
1804 1283 2116 1353 :‘Quoniam

524 1387 640 1444 litis
667 1386 778 1462 [lis]
811 1385 1070 1456 majorem
1101 1393 1311 1456 partem
1344 1399 1441 1454 per
1470 1380 1605 1436 duos
1642 1393 1814 1433 annos
1840 1374 2119 1430 examina-

523 1478 604 1533 vit
658 1478 990 1551 [examinata
1018 1476 1190 1553 gest],
1245 1485 1300 1532 et
1349 1474 1536 1530 dilatio
1583 1469 1794 1545 [causa]
1840 1468 1906 1523 ad
1955 1473 2119 1521 testes

525 1571 718 1660 etl'ecta
747 1583 867 1639 est,
917 1571 1178 1642 deprecor
1220 1579 1455 1626 vestram
1499 1567 1609 1623 Deo
1647 1562 2030 1620 amabilitatem
2063 1568 2124 1618 ut

526 1654 665 1749 mihi,
689 1664 756 1718 ab
777 1678 843 1718 eo
871 1660 1206 1736 testes‘[Gr.,
1232 1668 1291 1716 ut
1316 1676 1348 1716 a
1375 1674 1460 1716 me
1489 1657 1680 1732 testes]
1707 1656 1868 1713 hodie
1888 1654 2124 1711 tribuan.

527 1765 635 1834 tur.
669 1755 804 1810 Nam
847 1755 892 1811 si
927 1763 982 1810 et
1025 1755 1333 1813 Antoninus
1379 1753 1664 1824 episcopus
1714 1757 1959 1805 mortuus
1996 1755 2123 1812 est,

526 1849 619 1927 qui
650 1859 872 1921 accepto
911 1866 1044 1920 aure
1086 1849 1383 1922 promovit;
1426 1848 1520 1903 sed
1569 1854 1790 1903 manent
1828 1844 1920 1916 qui
1963 1843 2130 1900 dede-

2206 597 2484 670 subjectus
2512 601 2596 648 est
2627 587 2844 662 regulae,
2877 599 2974 658 pro
3011 583 3092 639 sui
3123 576 3420 651 turpissimi
3464 574 3604 630 lucri
3641 589 3766 629 com-

2119 708 2126 719 '
2209 665 2411 747 modo:
2441 687 2486 744 is
2510 699 2671 757 quem
2698 683 2803 738 hoc
2822 672 3431 744 attentasse-probatum
3460 665 3642 729 fuerit,
3665 679 3770 734 pro-

2121 793 2124 796 ’
2209 779 2314 854 prii
2339 756 2537 850 gradus
2559 772 2802 847 periculo
2823 765 3126 840 subjacebit
3151 783 3164 819 :
3192 770 3248 818 et
3266 760 3358 832 qui
3383 756 3664 814 ordinatus
3684 764 3769 820 est,

2212 853 2346 929 nihil
2380 887 2447 927 ex
2476 869 2579 925 hac
2613 863 2955 922 ordinatione
2996 868 3088 916 aut
3135 853 3501 927 promotione,
3541 863 3659 918 qua:
3697 861 3775 916 per

2215 963 2634 1036 negotiationem
2681 957 2821 1012 facta
2870 961 2981 1016 est,
3014 947 3291 1021 proﬁciat,
3331 945 3429 1000 sed
3479 941 3554 998 sit
3594 940 3776 995 alienus

2216 1023 2570 1126 eavdignitate
2593 1054 2648 1110 et
2669 1046 3052 1111 sollicitudine,
3077 1054 3240 1114 quam
3256 1034 3502 1110 pecuniis
3532 1023 3788 1104 quaesivit.‘

2219 1154 2276 1210 Si
2307 1124 2430 1224 quis
2458 1164 2587 1205 vero
2632 1145 2898 1201 mediator
2923 1149 3033 1196 tam
3063 1134 3310 1206 turpibus
3332 1138 3389 1187 et
3422 1127 3670 1184 nefandis
3700 1124 3778 1179 da-

2219 1247 2290 1303 tis
2318 1218 2403 1301 (γει
2445 1241 2682 1312 acceptis
2717 1233 3023 1298 exstiterit,
3061 1228 3326 1300 siquidem
3356 1223 3590 1280 clericus
3619 1218 3777 1282 fuerit,

2219 1337 2440 1413 proprio
2465 1333 2632 1408 gradu
2664 1329 2911 1388 decidat:
2941 1325 2986 1382 si
3013 1339 3142 1382 vero
3167 1319 3338 1378 laicus
3362 1325 3459 1374 aut
3483 1311 3780 1376 monachus,

2222 1429 2731 1488 anathematizetur.

2225 1565 2311 1623 Ea:
2347 1547 2598 1637 synodica
2639 1531 2855 1637 epistola
2899 1545 3520 1637 Qennadirsanctisfimi
3557 1541 3784 1612 archiepi-

2257 1620 2437 1708 Wscopi
2493 1620 3027 1762 ‘Const'antinopoleos
3058 1667 3073 1693 ,
3136 1633 3184 1681 et
3251 1620 3439 1693 synodi
3505 1633 3622 1689 qua:
3685 1630 3781 1668 cura

2257 1722 2266 1727 '
2297 1726 2357 1765 eo
2400 1723 2489 1762 era
2519 1745 2532 1760 .

2301 1843 2386 1900 Sit
2413 1842 2579 1914 igitur
2608 1815 2672 1894 ειΙ
2691 1844 2776 1892 est
2801 1833 3043 1902 abiectus
3067 1869 3082 1893 ,
3123 1837 3177 1883 et
3205 1824 3272 1880 ah
3301 1821 3448 1880 omni
3493 1814 3784 1874 sacerdotali

543 1903 566 1927 ι.
914 1903 1034 1920 εμη
1087 1903 1111 1922 ικ
1321 1903 1383 1915 γ.
1845 1903 1862 1916 .

527 1949 656 2014 runt
683 1951 738 1998 et
762 1942 994 1998 ordinati
1041 1951 1187 1999 sunt.
1223 1941 1415 1999 Sanxit
1442 1956 1680 2013 praaseus
1717 1938 2034 2002 concilium,
2064 1943 2124 1992 ut
2152 1903 2203 1964 Β
2233 1903 2492 2008 dignitate
2519 1941 2682 2000 atque
2727 1924 2901 1983 oﬂicio
2927 1922 3166 1985 alienus,
3205 1927 3261 1973 et
3287 1909 3646 1971 maledictioui
3674 1923 3783 1961 ana-

527 2034 841 2121 requiratur
888 2035 1202 2107 negotium;
1255 2034 1542 2090 inchoatur
1586 2047 1749 2088 causa
1789 2046 1854 2087 ex
1893 2029 2124 2085 lectione

529 2119 1004 2182 monumentorum
1045 2140 1167 2196 qum
1211 2123 1465 2197 primitus
1501 2132 1653 2195 gesta
1702 2129 1848 2178 sunt.
1889 2119 2125 2191 lngressi

527 2233 658 2280 sunt
679 2233 842 2282 testes
866 2241 881 2282 :
909 2225 1138 2297 ingressi
1165 2233 1292 2282 sunt
1325 2233 1381 2280 et
1409 2239 1503 2280 sex
1541 2223 1632 2295 qui
1662 2222 1928 2280 dederunt
1953 2229 2008 2278 et
2035 2237 2126 2280 or-

529 2315 702 2372 dinati
735 2324 897 2372 sunt:
941 2317 994 2371 in
1024 2315 1183 2372 initio
1225 2315 1512 2387 negabant.
1544 2314 1789 2385 Cumque
1837 2327 2123 2384 permane-

530 2417 655 2464 rent
685 2418 849 2466 testes
881 2418 989 2464 tam
1017 2409 1138 2466 laici
1179 2424 1343 2480 quam
1372 2407 1695 2480 presbyteri,
1727 2405 1924 2479 quibus
1951 2407 2126 2462 visum

529 2500 711 2558 fuerat
756 2502 986 2558 fidenter
1034 2517 1155 2558 esse
1209 2499 1349 2576 [Gr.,
1407 2501 1510 2557 visi
1567 2500 1782 2557 fuerant
1833 2495 2128 2571 conlidere]

531 2595 895 2679 credendum;
928 2593 1172 2667 quaedam
1199 2603 1379 2650 autem
1403 2601 1456 2648 et
1482 2593 1736 2650 mulieres
1763 2609 1776 2646 :
1810 2591 1974 2646 etiam
2010 2604 2132 2662 spe-

531 2685 647 2743 cies
672 2686 959 2758 pignorum
989 2685 1225 2757 prmfati,
1254 2696 1309 2741 et
1334 2686 1474 2752 loca,
1508 2693 1563 2741 et
1591 2695 1856 2757 tempora,
1887 2693 1943 2740 et
1964 2699 2132 2754 quan-

531 2779 772 2855 titatem;
810 2795 920 2857 non
955 2778 1242 2835 admodum
1275 2779 1416 2834 bene
1457 2777 1789 2835 conscientia
1825 2792 1920 2832 sua
1951 2775 2133 2846 dispo-

535 2870 659 2936 sita,
689 2871 920 2927 ultronei
951 2869 1278 2951 conﬁtentur
1312 2871 1517 2942 absque
1555 2869 1720 2924 multa
1762 2866 2130 2924 necessitate:

535 2961 664 3029 quia
705 2961 971 3026 dedimus,
996 2960 1340 3029 confitemur,
1379 2969 1435 3016 et
1457 2959 1586 3016 facti
1614 2974 1803 3014 sumus
1829 2957 1989 3013 talem
2017 2955 2134 3012 exi-

537 3053 836 3116 stimantes
871 3054 1318 3125 consequentiam
1352 3049 1844 3125 [consuetudinem]
1885 3063 2024 3118 esse,
2074 3057 2136 3104 ut

537 3143 851 3198 videremur
898 3158 928 3196 a
965 3143 1114 3199 curia
1165 3142 1377 3214 publica
1418 3141 1658 3199 liberari.
1692 3141 1758 3197 Et
1795 3157 1942 3197 nunc
1977 3141 2135 3196 obse-

2229 2028 2487 2088 thematis
2504 1999 2770 2086 subditus,
2792 2028 2899 2074 tam
2921 2015 3012 2087 qui
3037 2011 3310 2085 possidere
3330 2007 3434 2062 hoc
3452 1999 3785 2059 sacerdotium

2226 2139 2326 2196 per
2348 2117 2604 2192 pecunias
2633 2113 2908 2186 opinatur,
2940 2120 3101 2179 quam
3149 2103 3195 2158 is
3221 2100 3311 2173 qui
3343 2099 3586 2170 praebere
3615 2093 3662 2149 id
3685 2106 3791 2162 pre—

2230 2183 2352 2286 pter
2395 2183 2996 2284 pecunias'pollicetur,
3048 2195 3160 2251 sive
3207 2191 3461 2253 clericus,
3501 2187 3613 2243 sive
3647 2183 3790 2237 laicus

2231 2273 2346 2364 sit:
2383 2273 2498 2360 sive
2545 2273 2860 2358 convictus,
2904 2291 3017 2347 sive
3059 2302 3165 2342 uon
3204 2283 3366 2339 fuerit
3410 2279 3686 2336 convictus
3705 2273 3791 2327 hoc

2231 2401 2432 2456 facere.
2476 2393 2593 2449 Non
2621 2399 2707 2445 est
2736 2387 2880 2443 enim
2931 2367 3186 2453 possibile
3220 2373 3517 2433 convenire
3562 2370 3791 2424 inconve-

2231 2491 2456 2554 nientia,
2489 2499 2662 2554 neque
2689 2496 2812 2536 cum
2856 2477 2968 2533 Deo
2999 2469 3331 2530 concordare
3377 2475 3703 2521 mammona,
3725 2455 3795 2511 vel

2232 2598 2327 2640 eos
2355 2580 2448 2652 qui
2498 2553 2626 2633 huic
2661 2570 2944 2632 serviunt,
2987 2563 3191 2620 servire
3241 2559 3370 2615 Deo.
3422 2553 3697 2611 Dominica
3729 2556 3797 2603 est

2231 2641 2396 2729 etiam
2426 2663 2697 2724 sententia
2731 2661 2847 2716 lucc
2870 2670 2988 2727 quae
3015 2654 3395 2708 incunctanter
3433 2641 3671 2708 asserit,
3713 2653 3797 2693 non

2232 2775 2395 2836 posse
2442 2758 2552 2814 Deo
2593 2751 2797 2812 servire
2845 2755 2900 2804 et
2938 2755 3262 2802 mammona:
3309 2735 3532 2810 (Matth.
3566 2748 3651 2798 vt;
3695 2727 3797 2784 Luc.

2235 2867 2325 2908 xu
2349 2855 2389 2924 ).
2421 2876 2426 2886 -

2237 2983 2324 3041 Ea:
2369 2977 2657 3038 cauombus
2693 2982 2890 3032 sancti:
2932 2979 3092 3096 mg:
3125 2963 3311 3080 :ynodi
3355 2959 3544 3034 regula
3589 2956 3800 3030 vigesima

2877 3058 2998 3096 seca
3075 3057 3108 3094 a
3163 3079 3178 3094 .

2877 3057 3108 3099 secunaa
3128 3057 3178 3094 ⁸.

2312 3171 2419 3228 Eos
2445 3170 2536 3239 qui
2565 3181 2664 3238 per
2689 3159 2942 3234 pecunias
2972 3153 3207 3212 ordinati
3246 3157 3396 3216 sunt,
3428 3148 3549 3204 sive
3571 3139 3800 3215 episcopi.

540 3244 884 3335 ⁰Γ³¹Ϊ¹¹³⁸κ¹¹ίζ
927 3234 972 3335 εξ
1021 3234 1237 3335 quidem
1261 3234 1466 3335 jusfum
1495 3241 1579 3289 ⁸⁸⁸
1615 3247 1712 3289 "os
1741 3247 1865 3289 (⁵⁵⁸⁸³
1896 3233 1947 3287 in
1975 3230 2139 3286 mini'
2162 3261 2212 3326 C
2239 3265 2355 3322 sive
2382 3230 2703 3335 qui-cunque
2725 3252 2905 3311 clerici
2933 3291 2950 3318 ,
2994 3257 3050 3306 et
3090 3262 3195 3304 non
3227 3241 3527 3300 secundum
3558 3235 3804 3309 probatio.

538 3326 710 3383 sterio
759 3325 1040 3392 Ecclesiae,
1071 3327 1278 3382 simus:
1332 3325 1414 3404 sin
1463 3333 1666 3392 autem,
1713 3324 1899 3381 saltem
1941 3339 2134 3380 aurum

541 3417 684 3487 quod
709 3417 980 3482 dedimus,
1010 3417 1339 3488 recipiamus
1365 3432 1379 3470 :
1413 3430 1538 3470 nam
1565 3431 1799 3470 uxorum
1827 3423 2134 3471 nostrarum

541 3509 789 3583 quaedam
821 3509 1067 3566 dedimus
1093 3523 1240 3564 vasa.
1270 3506 1505 3565 Joannes
1535 3508 1601 3564 ad
1637 3509 1754 3564 haec
1797 3507 2142 3579 repromitte-

539 3607 634 3662 bat
665 3604 926 3672 concilio,
957 3605 1084 3677 quia
1113 3619 1142 3659 a
1176 3603 1322 3660 curia
1350 3603 1566 3674 quidem
1595 3618 1698 3674 ego
1728 3617 1822 3658 eos
1861 3617 1985 3659 cum
2025 3601 2140 3658 Deo

543 3695 809 3763 liberabo,
841 3697 1122 3768 postulans
1151 3695 1567 3767 imperatorem:
1598 3710 1697 3750 vos
1731 3703 1912 3750 autem
1945 3692 2142 3764 praeci-

544 3788 660 3858 pite
691 3788 940 3858 accipere
964 3786 1084 3842 illos
1111 3786 1255 3856 quod
1287 3783 1580 3852 dederunt,
1601 3786 1670 3841 ab
1699 3783 2006 3840 hmredibus
2031 3783 2143 3839 An-

544 3879 738 3936 tonini.
759 3878 1022 3949 Prtecepit
1046 3877 1285 3950 synodus
1305 3893 1496 3933 aurum
1519 3875 1738 3948 quidem
1769 3891 1864 3932 eos
1903 3875 2144 3946 recipere

549 3970 619 4024 ab
660 3969 970 4025 haeredibus
1016 3967 1307 4032 Antonini,
1338 3965 1742 4022 communicare
1784 3974 1964 4020 autem
2001 3965 2143 4020 intra

549 4060 744 4125 altare,
778 4069 833 4115 et
875 4072 996 4114 esse
1043 4058 1284 4128 privatos
1318 4055 1656 4112 sacerdotio:
1705 4071 1774 4112 ne
1818 4056 1935 4112 istis
1973 4055 2146 4111 indul-

551 4150 788 4224 gentiam
837 4149 1172 4214 consecutis,
1221 4147 1554 4203 consuctudo
1601 4145 1755 4203 ﬁeret
1794 4145 2018 4203 Judaica
2059 4147 2145 4204 vel

551 4239 807 4314 Egyptia
848 4239 1112 4296 vendendi
1156 4238 1536 4304 sacerdotium,
1586 4235 1670 4294 vel
1713 4239 1943 4296 emendi.
1979 4239 2148 4294 Aiunt
2181 4225 2183 4227 ’

549 4334 699 4391 enim
729 4333 1068 4406 pestilentem
1097 4339 1154 4387 et
1179 4330 1480 4398 falsidicum
1524 4329 1888 4399 patriarcham
1933 4327 2150 4387 Iudaeo-

550 4439 674 4485 rum
725 4444 822 4500 per
863 4425 1105 4498 singulos
1133 4440 1306 4480 annos
1345 4423 1429 4480 vel
1466 4423 1640 4489 infra,
1689 4423 2146 4500 archisynagogos
2180 4409 2187 4424 ’

551 4537 654 4594 per
703 4521 853 4578 vices
908 4519 1239 4577 constituere
1285 4533 1447 4574 causa
1496 4515 1807 4588 colligendm
1862 4515 2143 4587 pecunias:

2239 3371 2363 3413 nem
2399 3327 2461 3410 et
2487 3327 2617 3407 vitae
2639 3346 2912 3420 optionem
2939 3383 2956 3412 ,
2999 3337 3193 3411 deponi
3239 3333 3592 3408 praecipimus
3622 3349 3634 3384 :
3661 3327 3806 3384 sedet

2240 3447 2361 3504 illos
2397 3443 2488 3516 qui
2526 3442 2626 3498 hos
2673 3437 2954 3494 ordinasse
3002 3435 3318 3489 noscuntur.
3371 3424 3677 3481 Audiamus
3717 3420 3807 3475 haec

2167 3571 2170 3574 ~
2235 3531 2419 3595 omnia
2441 3575 2457 3602 ,
2495 3542 2550 3590 et
2592 3529 2813 3586 auribus
2839 3524 3208 3600 percipiamus
3234 3561 3250 3588 ,
3289 3535 3399 3576 non
3431 3516 3613 3572 solum
3641 3508 3807 3568 summi

2243 3629 2553 3688 sacerdotes
2574 3635 2629 3682 et
2649 3622 2961 3684 sacerdotes
2981 3626 3039 3674 et
3065 3617 3156 3689 qui
3186 3615 3240 3672 in
3267 3614 3413 3670 clero
3440 3621 3810 3668 connumerano

2244 3733 2352 3790 tur,
2383 3722 2477 3778 sed
2505 3728 2568 3774 ct
2607 3731 2799 3774 omnes
2842 3713 2933 3785 qui
2979 3713 3163 3768 orbem
3198 3706 3511 3765 habitamus
3545 3712 3808 3758 terrarum.

2245 3816 2474 3886 Oportet
2487 3812 2637 3869 enim
2660 3805 3024 3865 abundantius
3054 3817 3152 3858 nos
3172 3799 3455 3856 intendere
3485 3795 3576 3851 his
3599 3807 3712 3864 qum
3733 3805 3812 3843 au-

2246 3883 2482 3969 diuntur,
2507 3919 2578 3960 ne
2598 3901 2738 3958 forte
2759 3897 3094 3956 deﬂuamus:
3121 3892 3258 3960 Quia
3283 3906 3388 3945 non
3409 3883 3812 3958 corruptibilibttt

2247 4007 2462 4071 argento
2478 4006 2534 4052 et
2557 4009 2689 4050 auro
2716 3987 2967 4060 redempti
2993 4001 3185 4058 sumus
3215 3982 3279 4036 de
3302 3997 3440 4036 uana
3469 3989 3650 4034 nostra
3673 3972 3814 4028 mdi-

2247 4092 2403 4149 tionis
2443 4097 2677 4163 paterna:
2718 4071 3146 4144 conversatione,
3189 4079 3284 4134 sed
3324 4074 3557 4146 pretioso
3587 4068 3814 4140 sanguine

2248 4185 2384 4258 Agni
2443 4155 2786 4237 'immaculati
2855 4184 2902 4231 et
2978 4167 3381 4227 incontaminati
3441 4163 3578 4219 Iesu
3645 4155 3817 4214 Christi

2250 4248 2475 4347 (I’Petr.
2502 4271 2566 4346 ι).
2617 4270 2710 4326 Sic
2738 4284 2838 4324 nos
2861 4267 3084 4330 docete,
3130 4256 3646 4318 vir'sacratissime,
3682 4248 3814 4321 sequi

2250 4368 2488 4424 divinam
2517 4363 2875 4437 Scripturam,
2907 4367 2962 4415 et
3008 4352 3340 4426 evangelica,
3373 4349 3699 4419 apostolica,
3741 4357 3817 4396 αι·

2251 4458 2470 4524 nonica,
2499 4465 2555 4512 et
2580 4433 2808 4529 paterna
2832 4456 3122 4522 prrecepta.
3154 4443 3459 4520 .Obedituus
3485 4441 3633 4510 enim
3659 4433 3819 4491 verbis

2249 4554 2363 4610 oris
2383 4525 2776 4618 vestridSuper
2801 4544 3016 4619 excelsa
3042 4536 3366 4612 conscende,
3393 4532 3576 4604 exalta
3608 4532 3660 4586 in
3682 4525 3818 4584 {orti-

537 4613 811 4696 tsimimer
835 4621 891 4669 et
910 4611 1282 4669 {amatorem
1315 4609 1495 4700 huj"5’
1531 4610 1907 4700 λειενριίοηιηι
1937 4609 2149 4700 θεωρεῖ
2174 4631 2228 4693 D
2255 4609 2442 4700 tudine
2468 4655 2653 4697 vocem
2679 4609 2834 4694 luam.
2858 4651 2873 4691 :
2901 4636 2988 4690 abi
3021 4634 3074 4688 in
3110 4609 3416 4690 latitudine,
3449 4623 3686 4696 [medica
3714 4631 3820 4675 cum

553 4705 955 4773 patriarcbam;
986 4711 1048 4758 ut
1096 4702 1382 4774 impleatur
1425 4699 1552 4756 illud
1583 4699 1997 4770 propheticum:
2039 4699 2146 4756 Sa-

555 4795 789 4851 cerdotes
828 4812 943 4867 ejus
984 4811 1102 4848 eum
1139 4795 1438 4850 muneribus
1480 4793 1890 4865 respondebant,
1933 4805 1980 4849 et
2027 4809 2150 4864 pro-

553 4887 724 4957 pheta:
747 4885 890 4942 illius
916 4903 1034 4941 cum
1061 4896 1276 4957 argento
1305 4885 1608 4939 divinabam
1639 4883 1826 4955 (Mich.
1861 4884 1970 4954 tu).

562 5022 650 5080 Ea:
695 5026 979 5082 canonibus
1034 5034 1394 5081 sexcentarum
1442 5023 1655 5092 triginta
1704 5033 2002 5079 sartctornm
2042 5021 2151 5079 Pa-
2189 5065 2193 5070 ι

600 5097 888 5168 ιηηημιμιί
914 5095 1241 5152 Chalcedone
1267 5104 1611 5151 convenerunt
1651 5093 1830 5164 regula
1857 5096 2108 5150 secunda.

631 5207 699 5258 Si
741 5208 864 5254 ηιιῖκ
905 5209 1189 5260 episcenos
1216 5225 1316 5264 uer
1341 5195 1600 5263 necunias
1637 5193 1822 5256 rem"
1854 5208 2150 5260 m‘dinaﬁn-

2253 4736 2472 4800 ﬁducia,
2504 4742 2564 4789 ut
2589 4733 2866 4788 auferatur
2891 4737 2948 4784 et
2990 4726 3044 4781 in
3073 4722 3419 4779 abolitionem
3451 4717 3635 4773 veniat
3667 4716 3821 4781 impoo

2253 4830 2379 4887 sitio
2407 4843 2601 4885 manus
2640 4839 2762 4897 qua:
2789 4839 2886 4894 per
2921 4817 3180 4892 pecunias
3208 4814 3269 4870 ﬁt
3303 4832 3317 4868 :
3363 4826 3575 4868 necnon
3607 4819 3661 4864 et
3685 4803 3822 4876 quid-

2183 4975 2191 4982 .
2255 4923 2385 4996 quid
2416 4923 2558 4977 hanc
2589 4894 2807 4991 propter
2841 4913 3148 4986 avaritiam,
3181 4904 3498 4977 iniustitiam
3528 4911 3586 4958 et
3613 4894 3823 4969 acquisi-

2257 4994 2481 5080 tiouem,
2517 5013 2686 5081 turpis
2714 5001 2848 5065 lucri
2877 5007 3048 5078 gratia
3078 5002 3339 5073 sequitur.
3365 4996 3504 5068 .llac
3548 4994 3690 5050 enim
3729 5002 3822 5044 una

2257 5126 2378 5166 cum
2409 5107 2492 5163 his
2515 5121 2635 5176 quae
2666 5118 2787 5158 cum
2817 5101 2903 5155 illa
2936 5095 3298 5158 conveniunt,
3328 5106 3358 5145 a
3388 5087 3589 5161 populo
3617 5079 3824 5154 acquisi-

2260 5202 2423 5254 tionis
2467 5199 2558 5250 mti
2593 5195 2809 5250 nomine
2844 5189 3044 5248 Christi
3074 5193 3343 5247 censetur,
3377 5189 3434 5238 et
3462 5179 3634 5250 gratis
3659 5187 3823 5230 conse-

3372 5275 3383 5278 ’
3538 5269 3696 5313 "uti:
3717 5277 3824 5319 nua
