3916 5442
173 378 274 438 505
849 371 1404 431 INTERPRETA'I‘IO
1442 372 1690 432 SYNODI
1727 373 1818 432 VII
1847 374 2254 432 GEMALIS.
2293 372 2583 431 —AC'I‘|0
2621 372 2748 431 VIII.
3312 374 3417 432 506

171 516 235 554 ex
266 508 338 553 te.
370 495 513 565 Quin
543 502 597 550 et
627 509 719 550 eos
761 492 850 565 qui
895 501 1123 564 carpunt
1151 491 1432 547 dulcedine
1460 491 1748 563 replentcs,
1777 497 1828 557 Α
1855 501 2054 549 nasum
2083 503 2284 551 sancta:
2327 494 2421 550 Dei
2462 492 2768 566 genitricis,
2807 499 3221 561 sanctorumque
3255 505 3419 562 ange-

168 599 221 646 et
262 587 686 658 multiplicantes
735 583 854 640 illos
897 584 950 639 in
996 592 1139 638 terra
1177 595 1205 624 ι
1247 583 1430 653 pingui
1491 581 1750 654 [senecta
1847 589 2020 646 lorum
2050 633 2064 658 ,
2109 599 2163 646 et
2209 593 2448 647 omnium
2485 599 2793 646 sanctorum
2835 588 3056 643 Patrum
3090 596 3416 644 nostrorum.

166 678 365 755 uberi],
397 680 672 750 longaeva},
713 678 952 748 inquam,
985 677 1126 734 illius
1155 676 1277 732 vita:
1318 691 1383 733 ac
1427 674 1751 746 incorrupti-

162 769 288 831 biIIs
314 771 566 830 heredes
593 779 972 828 monstrantes.

161 906 269 962 Deo
297 907 669 962 colendissimo
691 908 1044 962 comministro
1073 907 1284 976 domino
1313 905 1508 960 Joanni
1531 905 1743 976 presby-

226 989 337 1033 tero
365 988 414 1032 et
455 980 739 1049 Iwgumeno
771 995 860 1031 seu
891 978 1221 1032 anachoreta:
1267 975 1404 1048 [Gr..
1437 985 1484 1030 et
1512 975 1744 1049 anacho-

225 1062 372 1114 ntre,
418 1045 666 1104 curarum
699 1049 892 1104 scilicet
940 1045 1325 1119 mundanorum
1358 1045 1740 1119 contemplari],

226 1119 485 1190 Tarasius
511 1119 757 1190 indignus
776 1122 1042 1188 episwpus
1059 1118 1578 1189 Constantinopoleos
1595 1118 1742 1173 nam

226 1189 413 1245 Romae
446 1193 504 1245 in
543 1190 764 1245 Domino
791 1190 1035 1245 salutem.

224 1321 326 1389 Qui
362 1337 432 1378 ex
471 1321 686 1377 ﬂuentis
730 1321 894 1377 divini
926 1320 1162 1392 Spiritus
1187 1320 1458 1390 irrigatus,
1492 1326 1545 1375 et
1575 1318 1741 1389 inspi-

156 1415 363 1468 ratione
405 1413 567 1481 hujus
592 1423 673 1468 est
698 1414 1019 1478 illustratus,
1048 1413 1216 1468 David
1250 1413 1335 1467 ille
1364 1413 1572 1468 scilicet
1600 1413 1741 1469 inter
1765 1419 1768 1422 ’

152 1522 304 1576 reges
338 1507 600 1577 propheta
629 1515 682 1560 et
713 1507 854 1561 inter
880 1507 1167 1577 prOphetas
1198 1521 1312 1567 rex,
1338 1506 1564 1561 laudans
1593 1505 1738 1560 dice-

151 1595 235 1647 lsat
274 1614 287 1647 :
329 1595 492 1651 Initio
537 1597 750 1667 cognovi
795 1597 859 1650 de
896 1597 1205 1651 testimoniis
1233 1597 1368 1661 tuis,
1405 1596 1650 1667 quoniam
1681 1597 1735 1651 in

1848 681 1942 738 IIis
1969 683 2040 737 ita
2068 697 2127 737 se
2161 681 2496 744 habentibus,
2525 690 2712 751 questa
2743 687 2826 735 est
2865 679 3067 752 synodo
3096 693 3224 750 pars
3250 677 3422 747 major

1771 787 1774 790 ’
1848 777 2260 833 reverendorum
2296 777 2686 842 monachorum
2733 772 3174 848 [episcoporum].
3229 771 3332 827 Sed
3363 779 3420 828 et

1844 885 1943 925 nos
1991 871 2360 940 prtescivimus
2429 867 2702 938 querelam
2775 868 2930 923 istam
2962 908 2977 933 ,
3039 867 3163 938 quia
3234 865 3418 935 plures

1843 963 2215 1032 episcoporum
2255 961 2497 1032 pecuniis
2536 961 2887 1016 obtinuerunt
2923 958 3282 1014 sacerdotium
3315 975 3328 1011 :
3361 964 3417 1013 et

1771 1055 1787 1072 '
1843 1055 1966 1111 licet
2000 1059 2236 1128 peccatis
2271 1058 2471 1114 nostris
2513 1058 2849 1112 ohctecemur
2891 1053 3310 1128 [implicentur],
3357 1053 3414 1110 et

1841 1150 2032 1205 horum
2087 1150 2290 1204 retibus
2320 1150 2774 1220 constringamur,
2825 1148 2875 1203 in
2906 1149 3101 1218 quibus
3147 1147 3410 1218 propitius

1841 1241 1995 1296 nobis
2016 1242 2086 1296 sit
2113 1242 2252 1296 Deus
2276 1260 2287 1296 :
2312 1250 2546 1296 attamen
2573 1240 3002 1311 evangelicorum
3036 1240 3408 1294 mandatorum

1839 1341 1894 1386 et
1921 1333 2302 1388 canonicarum
2327 1334 2744 1402 praeceptionum
2775 1332 3136 1403 cognitionem
3167 1331 3410 1402 percepi-

1838 1437 1976 1488 mus,
2005 1433 2059 1477 et
2088 1424 2140 1478 in
2170 1424 2366 1478 munda
2402 1424 2748 1484 conscientia,
2783 1431 2836 1476 et
2874 1422 3103 1492 simplici
3145 1422 3323 1484 corde,
3355 1428 3412 1477 et

1839 1515 1891 1570 in
1938 1530 2084 1568 more
2123 1514 2240 1571 sine
2286 1515 2534 1579 avaritia,
2573 1523 2628 1568 et
2657 1511 3080 1582 imperturbabili
3130 1512 3195 1565 ad
3243 1513 3406 1566 Deum

1837 1607 2040 1670 habito,
2059 1609 2373 1662 canonicum
2401 1604 2516 1679 [Gn
2531 1648 2544 1670 ,
2559 1605 2887 1661 conscientia
2905 1605 3156 1659 alacriter
3169 1605 3408 1674 erigente

146 1693 397 1758 (sternunt
431 1685 667 1755 fundasti
695 1704 755 1740 ea
807 1685 980 1758 (Psal.
1019 1688 1228 1755 CXVIII).
1280 1686 1408 1741 Sine
1454 1685 1736 1741 mendacio
1835 1712 1894 1752 se
1915 1697 1980 1750 ad
2006 1697 2198 1759 Deum.
2221 1695 2366 1768 eam]
2409 1710 2504 1766 per
2524 1695 2702 1749 omnia
2730 1695 2880 1763 sequi
2915 1703 3164 1762 opmmus
3202 1708 3407 1764 pra-ce-

147 1775 331 1844 itaque
356 1776 441 1830 his
468 1778 558 1848 qui
584 1777 910 1832 intellectum
934 1778 1152 1844 habent,
1176 1787 1259 1832 est
1281 1779 1568 1850 hymnodia
1594 1778 1731 1845 haec,
1764 1854 1794 1858 Α
1836 1797 1982 1858 ptum
2004 1806 2015 1840 ε
2035 1784 3402 1858 etcomprehendimus[submisimusjnosmetipsos,

145 1879 192 1920 et
220 1867 378 1922 lirtna
408 1869 494 1923 his
521 1869 611 1938 qui
644 1870 933 1924 concinunt
957 1884 1094 1925 eam.
1144 1870 1233 1925 Ait
1277 1870 1420 1925 enim
1461 1871 1731 1940 inspector
1761 1854 1807 1916 Β
1834 1854 2306 1932 iucliuavimus'ad
2335 1854 2676 1930 serviendum
2711 1854 3038 1948 evangelicis
3077 1884 3236 1946 atque
3278 1892 3406 1946 apo-

144 1957 234 2013 Dci
269 1959 485 2030 Moyses
512 1962 578 2016 de
606 1961 749 2017 omni
785 1961 979 2016 divinte
1008 1961 1302 2032 Scriptura:
1327 1961 1487 2016 aifatu
1512 1981 1524 2016 :
1548 1962 1604 2016 In
1629 1961 1732 2018 illis
1831 1967 2035 2024 stolicis
2068 1977 2124 2022 et
2171 1968 2408 2037 paternis
2447 1966 2886 2037 dispositionibus
2927 1985 2940 2021 :
2975 1968 3312 2022 decertantes
3345 1977 3404 2022 ut

142 2066 243 2105 non
296 2063 378 2106 est
426 2052 623 2107 addere
649 2093 664 2119 ,
713 2061 766 2108 et
805 2053 872 2107 ab
909 2053 1012 2108 illis
1042 2069 1146 2107 non
1177 2063 1260 2108 est
1288 2054 1499 2109 auferre
1548 2052 1727 2122 (Deut.
1832 2059 1884 2114 hi
1917 2060 2006 2129 qui
2034 2059 2393 2114 sacerdotium
2431 2058 2606 2113 sortiti
2642 2067 2786 2123 sunt,
2817 2060 2896 2114 sic
2924 2058 3118 2130 degant
3143 2069 3198 2114 et
3223 2061 3405 2114 vivant

145 2158 240 2205 xu,
267 2144 480 2214 xxxtv).
521 2144 621 2211 Qui
654 2160 782 2215 ergo
809 2144 1176 2200 scrutabiliter
1203 2154 1387 2200 etnon
1420 2146 1730 2202 trausitorie
1828 2161 1882 2208 et
1929 2162 2336 2216 conversentur,
2378 2151 2473 2206 sed
2518 2160 2570 2207 et
2608 2167 2796 2207 onmes
2833 2154 2925 2224 qui
2954 2152 3152 2207 Christi
3187 2154 3403 2208 nomine

139 2235 390 2288 omnibus
439 2235 611 2290 sacris
647 2233 940 2305 Scripturis
985 2243 1039 2290 et
1079 2237 1317 2305 paternis
1353 2236 1611 2292 doctrinis
1641 2237 1722 2291 in-

136 2327 398 2380 cnmhunt
423 2368 436 2390 ,
469 2336 524 2382 et
554 2327 768 2383 lectioni
815 2329 1006 2407 horum
1048 2329 1370 2394 intendunt,
1408 2339 1459 2384 et
1489 2339 1725 2385 mentem

134 2433 289 2472 suam
321 2419 508 2488 pietati
538 2427 590 2474 ct
622 2409 834 2475 veritati
867 2417 1094 2491 inﬁgunt
1137 2429 1192 2474 et
1226 2436 1331 2475 non
1361 2420 1426 2475 ad
1454 2421 1724 2491 propriam

132 2507 276 2562 hanc
325 2509 656 2564 voluntatem
707 2507 964 2573 referunt,
1005 2509 1373 2589 illuminantur
1407 2509 1726 2566 mirabiliter

130 2617 157 2653 a
188 2601 466 2656 montibus
494 2602 714 2657 aeternis
734 2645 748 2666 ,
788 2601 1036 2658 illustrati
1069 2603 1135 2658 ab
1163 2604 1486 2676 evangelicis
1514 2613 1566 2660 et
1595 2619 1723 2675 apo-

131 2691 340 2747 stolicis
371 2693 679 2763 prmceptis.
733 2692 938 2749 Montes
983 2695 1127 2749 enim
1173 2696 1285 2751 haec
1312 2695 1594 2752 Psalmista
1626 2712 1723 2753 no-

131 2783 303 2837 minat
347 2783 523 2855 (Psal.
557 2785 746 2856 Lxxv),
796 2785 1048 2856 quoniam
1088 2787 1138 2842 in
1186 2787 1270 2844 his
1309 2789 1627 2845 meditantes
1663 2800 1719 2846 et

128 2874 532 2931 inambulantes
562 2918 575 2941 ,
628 2877 694 2933 ad
743 2877 977 2933 caelestia
1014 2881 1408 2947 pertransimus
1444 2898 1457 2935 :
1487 2890 1719 2938 aeternos

127 2981 334 3036 autem,
367 2972 494 3042 quia
545 2988 647 3028 non
699 2973 935 3027 recentia
978 2989 1080 3030 nec
1134 2975 1470 3045 temporalia,
1516 2976 1608 3032 sed
1648 2975 1717 3032 ab

126 3062 337 3132 origine
368 3064 553 3118 mundi
591 3064 843 3135 praedicta
873 3073 994 3120 sunt
1041 3062 1184 3138 [Gr.,
1226 3076 1349 3122 ante
1376 3067 1557 3122 mundi
1588 3082 1716 3122 con-

126 3155 466 3211 stitutionem
494 3157 633 3211 dicta
665 3156 812 3229 sunt]
840 3175 854 3223 ;
903 3174 1211 3229 quanquam
1242 3159 1546 3214 novissimis
1579 3169 1713 3215 tem-

123 3249 348 3317 poribus
399 3249 610 3321 prolala
655 3251 766 3306 sint
811 3268 839 3306 a
889 3253 1334 3323 praedicatoribus
1364 3237 1711 3323 evangelica

122 3341 546 3410 praedicationis.
601 3339 709 3398 Nos
756 3357 905 3414 ergo,
938 3343 1024 3398 vir
1070 3343 1480 3408 desideriorum,
1521 3359 1709 3398 eorum

119 3429 371 3486 videlicet
386 3447 509 3502 quae.
535 3441 659 3488 sunt
687 3430 938 3504 Spiritus,
957 3433 1064 3489 Deo
1083 3445 1133 3490 te
1159 3450 1188 3488 a
1208 3433 1490 3504 juventute
1509 3450 1709 3506 cogno-

119 3532 336 3577 scentes
385 3523 669 3588 deditum,
718 3539 915 3594 paucos
964 3526 1143 3581 cordis
1196 3527 1363 3582 nostri
1421 3538 1598 3582 motus
1652 3535 1706 3583 et

117 3615 428 3670 voluntates
488 3613 554 3668 ad
611 3616 775 3670 animi
828 3615 1164 3672 alacritatem
1220 3613 1704 3674 commendamus:

117 3708 272 3778 plura
295 3711 496 3779 quippe
521 3706 735 3762 silentio
760 3708 1112 3764 Itonorentur.
1143 3707 1340 3779 Utique
1363 3708 1601 3763 auditum
1623 3716 1709 3763 est

119 3814 144 3851 a
179 3799 333 3854 vobis
361 3800 428 3852 de
454 3799 660 3870 synodo
688 3814 806 3868 qua:
850 3798 987 3854 facta
1035 3809 1119 3854 est
1163 3799 1497 3869 beneplacito
1526 3799 1617 3856 Dei
1648 3800 1702 3856 in

116 3890 431 3946 Nicensium
460 3890 592 3945 urbe
623 3907 636 3944 :
670 3891 734 3946 ad
765 3907 925 3962 quam
954 3891 1199 3946 videlicet
1231 3893 1490 3963 synodum
1520 3907 1618 3946 nos
1648 3900 1704 3947 et

113 3983 314 4039 sacrati
354 3984 454 4038 viri
504 3993 557 4038 et
607 3983 705 4038 loci
761 3993 1069 4040 servatores
1118 3994 1224 4040 tam
1276 4001 1424 4057 papa:
1471 3985 1700 4042 senioris

113 4074 302 4130 Roma:
331 4117 343 4139 ,
397 4090 560 4146 quam
614 4074 849 4132 Orientis
890 4077 1351 4131 sanctissimorum
1399 4077 1697 4148 principum

113 4166 458 4221 sacerdotum
498 4167 878 4232 convenimus;
926 4181 1134 4223 necnon
1182 4175 1236 4222 et
1285 4167 1394 4222 Deo
1440 4166 1734 4222 amabiles

111 4257 352 4330 episcopi
400 4257 616 4329 plurimi
668 4258 965 4315 secundam
1017 4260 1428 4330 praeceptionem
1485 4259 1696 4328 piorum

112 4349 505 4418 imperatorum
563 4355 891 4403 nostrorum.
969 4348 1228 4404 Similiter
1299 4357 1353 4406 et
1414 4348 1695 4405 reverendi

110 4439 559 4494 archimandritas
585 4448 640 4495 et
674 4439 980 4511 begumeni,
1010 4449 1066 4496 et
1095 4441 1378 4496 multitudo
1408 4443 1696 4496 monacho-

110 4547 252 4587 rum.
308 4529 554 4602 Cumque
603 4531 770 4586 multa
828 4533 972 4588 inter
1020 4547 1116 4587 nos
1165 4533 1499 4595 dicerentur,
1549 4531 1693 4603 quod

110 4638 298 4676 rerum
331 4631 387 4676 ct
412 4621 668 4692 placitum
699 4630 780 4677 est
809 4622 936 4688 Deo,
965 4619 1230 4677 sancitum
1265 4632 1377 4687 est;
1428 4630 1482 4676 et
1504 4637 1693 4676 secun-

1825 2245 2150 2300 vocitantur.
2185 2247 2254 2300 At
2282 2246 2327 2301 si
2356 2247 2572 2317 quidam
2600 2263 2705 2302 non
2734 2249 3100 2318 acquieverint
3122 2250 3405 2320 przcceptis

1826 2335 1975 2402 istis,
2027 2337 2451 2393 communicatur
2493 2338 2676 2393 talium
2723 2341 2814 2408 qui
2864 2340 3114 2394 dicuntur
3162 2341 3398 2410 quidem,

1825 2446 1932 2486 non
1980 2440 2160 2486 autem
2203 2440 2328 2486 sunt
2375 2433 2716 2498 sacerdotes,
2759 2447 2880 2488 esse
2925 2449 3029 2488 non
3071 2434 3266 2502 patior,
3306 2432 3399 2489 scd

1824 2521 2033 2576 alienus
2081 2518 2148 2576 ab
2193 2523 2386 2578 horum
2424 2538 2544 2578 sum
2585 2524 2832 2593 portione
2872 2543 2885 2579 :
2927 2533 2980 2579 et
3013 2525 3144 2580 mihi
3183 2526 3399 2596 quidem

1821 2614 2109 2682 protestari
2151 2615 2264 2670 haec
2292 2631 2396 2670 non
2427 2616 2637 2686 pigrum
2658 2657 2672 2680 ,
2708 2617 2839 2686 ipsis
2875 2625 3054 2672 autem
3082 2626 3272 2672 tutum.
3305 2617 3397 2672 Di-

1821 2706 1928 2763 vini
1969 2722 2098 2779 ergo
2125 2723 2363 2762 canoues
2403 2708 2618 2764 dantem
2652 2708 2736 2764 vel
2776 2709 3124 2780 accipientem
3165 2711 3214 2763 iu
3247 2709 3395 2764 ordi-

1819 2799 2034 2853 natione
2075 2797 2394 2863 sacerdotii,
2429 2798 2738 2870 depamnrt,
2772 2807 2826 2856 et
2854 2805 3241 2870 persequuuun
3285 2797 3399 2871 {ero

1817 2887 2044 2961 pellunt]
2087 2903 2117 2944 a
2154 2890 2477 2946 sacerdotali
2515 2875 2793 2962 dignitate.
2831 2891 3105 2962 Inspector
3131 2891 3221 2946 Dci
3251 2891 3395 2964 Moy-

1817 2994 1902 3035 ses
1928 3020 1941 3042 ,
1983 2990 2042 3034 ut
2079 2980 2221 3046 dixi,
2256 2981 2453 3038 clamat
2503 3000 2516 3036 :
2560 2983 2616 3036 In
2668 2981 2807 3047 illis,
2850 2982 3127 3052 inquiens.
3165 2998 3268 3038 non
3311 2990 3395 3038 est

1817 3068 2157 3135 addendum,
2203 3079 2259 3126 et
2306 3071 2375 3126 ab
2420 3071 2499 3127 eis
2545 3086 2650 3127 non
2693 3081 2776 3127 est
2818 3071 3168 3127 auferendum
3213 3073 3390 3140 (Deut.

1818 3175 1890 3214 χιι
1911 3201 1926 3225 ,
1958 3161 2164 3231 xxxiv).
2201 3159 2461 3217 Similiter
2493 3170 2546 3217 et
2571 3161 3010 3234 hymnographus
3040 3163 3206 3218 David
3245 3160 3391 3232 psal-

1815 3250 1895 3315 lil,
1927 3258 1982 3306 et
2006 3266 2108 3307 nos
2133 3267 2257 3307 cum
2287 3251 2378 3306 illo
2407 3269 2419 3305 :
2451 3251 2526 3306 Ab
2557 3248 2711 3306 initio
2740 3253 2954 3323 cognovi
2981 3251 3046 3307 de
3080 3253 3391 3308 testimoniis

1813 3341 1946 3406 tuis,
1982 3343 2108 3412 quia
2142 3343 2195 3397 in
2235 3352 2486 3398 aeternum
2524 3340 2760 3412 [undasti
2791 3359 2853 3398 ea
2879 3341 3050 3415 (Psal.
3083 3344 3290 3415 cxvur).
3325 3343 3391 3398 Et

1813 3433 1932 3502 quis
1975 3434 2042 3487 ad
2081 3433 2194 3488 haec
2237 3433 2523 3489 resistendi
2559 3432 2820 3490 idoneus?
2854 3433 2956 3488 nisi
2987 3431 3126 3489 forte
3155 3433 3386 3489 infatue-

1815 3535 1903 3580 tur
1928 3541 2110 3591 sensu,
2134 3534 2188 3581 et.
2209 3526 2404 3581 divinis
2428 3525 2558 3582 velit
2583 3523 2822 3580 illudere.
2852 3523 2971 3581 Jam
2993 3526 3134 3580 enim
3163 3525 3386 3580 fundata

1810 3626 1934 3671 sunt
1955 3615 2256 3671 testimonia
2280 3615 2400 3682 Dei,
2420 3625 2476 3672 et
2497 3615 2731 3670 radicata
2752 3624 2876 3670 sunt
2897 3614 2950 3670 in
2974 3612 3208 3671 Ecclesia
3229 3611 3344 3682 ejus
3367 3630 3384 3670 :

1809 3707 1930 3762 licet
1952 3707 2168 3777 quidam
2193 3706 2560 3778 temporaliter
2573 3722 2678 3762 non
2700 3707 3029 3773 obedientes,
3053 3707 3272 3764 minime
3291 3722 3385 3762 cu-

1808 3799 2138 3854 stodiantea.
2161 3797 2251 3853 Illa
2273 3812 2402 3868 ergo
2428 3798 2480 3852 in
2502 3807 2763 3853 aeternum
2789 3807 3035 3864 maneat;
3060 3806 3114 3852 et
3129 3797 3270 3853 beati
3289 3796 3384 3870 qui

1806 3898 2209 3956 scrutanturea,
2225 3897 2280 3946 et
2298 3889 2384 3946 his
2403 3889 2657 3953 obediunt
2673 3908 2685 3945 :
2703 3901 2756 3946 et
2771 3905 2850 3946 va:
2867 3889 2957 3960 qui
2974 3904 3080 3945 non
3103 3889 3382 3946 obcdiunt.

1805 3980 1992 4037 Omnis
2023 3997 2150 4052 ergo
2183 3981 2494 4052 episcopus,
2526 3981 2608 4036 vel
2641 3981 2953 4054 presbyter,
2991 3991 3082 4036 aut
3122 3981 3384 4040 diaconus

1803 4073 2116 4137 convictus,
2165 4073 2304 4142 quod
2344 4087 2440 4143 per
2471 4072 2727 4142 pecunias
2765 4088 2955 4129 manus
2987 4073 3381 4142 impositionem

1804 4164 2010 4220 dederit
2036 4164 2116 4218 vel
2145 4165 2440 4235 acceperit,
2475 4181 2505 4219 a
2535 4165 2840 4222 sacerdotio
2865 4165 3082 4222 decidit.
3113 4165 3382 4224 Fortassis

1803 4263 1980 4310 autem
2016 4255 2202 4311 dicunt
2231 4255 2436 4326 aliqui,
2474 4257 2598 4326 quia
2636 4256 3006 4326 pmnitentiam
3046 4257 3254 4329 agimus
3279 4271 3379 4329 pro
3473 4285 3479 4288 -

1801 4355 2044 4418 peccato,
2071 4358 2126 4402 et
2153 4347 2293 4403 Deus
2323 4348 2550 4418 ignoscit
2580 4348 2732 4404 illud.
2764 4347 2841 4403 Ita
2869 4357 2924 4405 et
2951 4364 3051 4420 ego
3079 4349 3218 4414 dico,
3251 4351 3376 4420 quia

1799 4448 1854 4492 et
1873 4453 2060 4493 omnes
2084 4449 2302 4509 agentes
2318 4439 2686 4508 paenitentiam
2711 4439 2850 4493 Deus
2870 4439 3113 4507 suscipit,
3135 4448 3184 4494 et
3207 4437 3378 4494 indul-

1799 4541 1887 4600 get
1913 4545 2007 4599 per
2036 4531 2402 4600 penitentiam
2441 4537 2660 4600 peccata
2697 4544 2818 4599 qua:
2839 4527 2952 4597 jam
2990 4537 3196 4600 patrata
3227 4537 3371 4585 sunt.

1796 4619 1928 4674 Novi
1965 4621 2107 4675 enim
2135 4629 2191 4674 et
2221 4620 2386 4674 David
2419 4619 2683 4675 adulterio
2711 4620 3020 4690 depressum
3059 4630 3111 4675 et
3148 4619 3374 4676 homici-

108 4714 233 4766 dtun
267 4712 503 4782 priscam
555 4711 944 4782 legislationem
991 4721 1298 4769 sanctorum
1344 4710 1564 4767 Patrum
1603 4728 1696 4769 no—
1792 4713 1882 4768 dio
1912 4711 1998 4783 (II
2033 4713 2158 4783 Reg.
2193 4714 2296 4783 χι),
2326 4711 2419 4768 sed
2464 4721 2582 4768 acta
2622 4711 2935 4782 paenitentia
2977 4723 3285 4784 receptum,
3316 4720 3374 4769 et

107 4812 346 4856 stt-orum
409 4801 648 4856 Ecclesia
709 4801 910 4870 recepit
975 4801 1268 4872 imaginum
1325 4800 1588 4871 picturam
1639 4809 1694 4856 et
1792 4803 1973 4859 divino
2003 4803 2307 4859 testimonio
2328 4800 2929 4873 approbatumzlnveni
2958 4803 3145 4866 David,
3176 4803 3368 4872 inquit,

107 4894 326 4958 titulos,
369 4895 434 4948 ad
465 4895 800 4965 superiorem
830 4910 1046 4951 sensum
1093 4894 1472 4968 [elevationem
1502 4893 1691 4967 animi]
1789 4894 1959 4964 ﬁlium
2000 4895 2178 4961 Iesse,
2209 4897 2374 4951 virum
2417 4895 2698 4951 secundum
2741 4912 2832 4950 cor
2867 4914 3073 4964 meum,
3104 4895 3192 4967 qui
3213 4894 3373 4963 faciet

104 4995 163 5038 et
213 4987 527 5040 memoriam
575 4980 776 5041 mentis
820 4995 1056 5051 nostrae,
1111 5001 1174 5042 ac
1226 4985 1691 5057 participationem

105 5075 383 5144 cujusdam
421 5076 889 5133 sanctiﬁcationis.
935 5076 1206 5148 Quidquid
1248 5075 1398 5133 enim
1443 5085 1686 5132 sanctum

103 5167 454 5241 Evangelium
494 5185 593 5240 per
620 5167 909 5223 lectionem
944 5167 1179 5223 insinuat
1207 5167 1394 5232 nobis,
1434 5168 1483 5222 id
1513 5169 1686 5239 ipsum

105 5270 161 5292 ⁸⁸
191 5263 443 5310 imit-inoo
470 5281 481 5294 -
533 5271 583 5306 nl
628 5261 889 5302 anilla-liti
923 5271 1194 5303 nautarum
1227 5259 1348 5292 ἐιη-³
1381 5261 1445 5296 δι)
1475 5261 1686 5312 πηραῘο-

1793 5005 1968 5044 omnes
1998 4991 2282 5047 voluntates
2304 5007 2442 5046 meas
2465 4988 2635 5062 (Psal.
2667 5005 2944 5059 t.xxxvm~;
2973 4992 3086 5046 Act.
3112 4987 3232 5056 xm)
3266 5003 3280 5040 :
3317 4995 3374 5042 et

1794 5092 1982 5138 sancta
2033 5082 2196 5140 David
2256 5084 2568 5154 prophetico
2624 5081 2992 5142 testimonium
3044 5079 3297 5141 habentia
3353 5090 3400 5138 ε’

1790 5177 2136 5247 perSpicunm
2178 5192 2308 5249 ergo
2344 5187 2429 5233 est
2455 5218 2470 5245 ,
2505 5191 2602 5247 per
2644 5175 3020 5242 paenitentiam
3061 5191 3182 5234 eum
3215 5173 3381 5230 fuisse

1789 5281 2096 5327 ροντρετιιιηι
2126 5266 2265 5335 [Gr.,
2297 5285 2477 5340 persp.
2516 5267 2603 5322 ubi
2651 5264 2696 5320 is
2725 5281 2821 5336 per
2856 5269 3230 5348 pcenitentiam
3261 5279 3385 5320 cor-

2505 5378 2510 5379 ν
2559 5357 2680 5392 ιιιουῖ
2720 5362 2942 5392 ιιι-ιη’.--
2983 5368 3130 5392 Sil...“
3163 5373 3190 5392 ἢ
3223 5358 3323 5392 ΙΪΜ
3363 5372 3379 5382 ³
