3916 5414
478 278 579 332 507

1598 263 1958 324 ANASTASII
1998 259 2541 320 BIBLIOTHECARH

3621 249 3710 303 508

477 393 690 466 (Matth.
744 406 867 458 ηις
918 389 1084 445 Marc.
1127 405 1202 455 II;
1239 385 1364 443 Luc.
1406 384 1460 458 v)
1494 403 1507 440 :
1540 399 1728 440 verum
1759 382 1961 437 milium
1989 396 2058 436 ex
2085 381 2135 441 Α
2162 383 2362 446 quanto
2390 373 2560 444 magis
2584 371 2724 426 Deus
2751 367 2988 424 omnium
3019 372 3261 438 nostrum
3296 369 3478 434 pater,
3518 376 3714 416 onmem

475 487 560 540 his
591 486 644 540 in
669 485 954 539 sacerdotii
988 484 1248 553 dignitate
1279 487 1617 535 numeratum
1637 519 1651 542 ,
1686 476 1788 530 nisi
1836 473 1975 528 forte
2002 471 2052 527 id

475 584 600 630 ante
621 574 883 645 baptisma
907 575 1257 630 commiserit.
1285 572 1414 628 Novi
1440 581 1494 627 et
1516 570 1808 626 monachos
1827 566 2052 635 aliquot,

475 682 596 721 cum
639 666 691 720 in
717 667 918 722 mundo
948 673 1166 732 essent,
1196 665 1344 720 omni
1376 663 1595 720 libidine
1631 666 2052 732 conspurcatos;

476 771 598 813 eum
631 765 811 815 autem
837 759 1076 816 solitarie
1097 759 1360 824 viverent,
1391 767 1643 826 tanquam
1669 753 1814 810 faces
1841 753 1893 808 in
1922 752 2054 808 orbe

475 850 874 921 resplenduisse
910 850 1290 923 [fornicatione
1319 851 1564 906 detentos
1584 890 1599 916 ,
1627 846 1846 904 effectos
1873 855 2052 901 autem

475 945 769 1000 monachos
806 946 945 1000 sicut
984 944 1270 998 luminaria
1315 943 1367 998 in
1400 943 1599 997 mundo
1626 957 1722 1012 per
1756 941 2053 1006 studiosam

472 1037 640 1091 vitam
663 1036 929 1109 lucentes]
957 1055 969 1091 :
997 1037 1197 1092 nullum
1229 1047 1406 1091 tamen
1433 1052 1498 1089 ex
1524 1036 1609 1091 his
1635 1036 1685 1090 in
1717 1035 2052 1091 sacerdotem

473 1131 802 1211 ordinatum.
845 1131 996 1198 Quod
1042 1131 1087 1187 si
1137 1140 1315 1184 autem
1357 1129 1406 1183 id
1454 1128 1618 1186 semel
1656 1137 1818 1196 atque
1858 1128 2052 1182 iterum

471 1224 675 1279 factum
699 1231 820 1290 est,
848 1239 952 1278 non
982 1232 1157 1278 tamen
1197 1223 1480 1277 confestim
1516 1222 1684 1291 legem
1725 1221 1774 1275 in
1817 1220 2053 1275 Ecclesia

470 1315 794 1388 pratscribit.
818 1313 1032 1372 Scimus
1060 1325 1301 1371 sanctam
1329 1314 1571 1388 [almam]
1604 1315 1821 1368 Mariam
1851 1327 1876 1354 ιι
1907 1315 2054 1384 prius

473 1407 814 1464 meretricem
846 1407 1042 1472 fuisse,
1071 1417 1258 1477 postea
1298 1407 1495 1462 factam
1527 1410 1892 1463 continentem
1926 1406 2056 1478 [for-

471 1500 756 1566 nicariam,
787 1506 977 1555 rursus
1001 1509 1180 1555 autem
1217 1499 1488 1571 pudicam]
1523 1519 1534 1554 :
1571 1509 1876 1554 nontamen
1913 1501 2055 1554 inter

473 1595 731 1651 diaconas
764 1595 938 1651 relata
975 1605 1074 1650 est.
1119 1594 1384 1661 Quorsum
1419 1609 1547 1650 vero
1588 1594 1703 1648 hinc
1742 1593 1905 1646 dico?
1931 1607 2051 1646 cum

473 1687 717 1744 veritatis
742 1703 1049 1744 sermonem
1081 1703 1422 1759 cognoscam,
1477 1699 1533 1742 et
1581 1702 1702 1741 eum
1734 1685 1821 1755 qui
1849 1701 1879 1739 a
1909 1684 2050 1738 divi-

471 1780 558 1836 nis
587 1781 841 1852 apostolis
868 1783 1107 1837 initiatus
1135 1789 1239 1846 est,
1261 1781 1519 1836 audacter
1542 1779 1862 1834 clamantem

473 1873 613 1929 vinis
658 1873 915 1944 apostolis
957 1883 1012 1929 et
1052 1875 1256 1930 sanctis
1294 1873 1546 1928 Pati-ibus
1586 1871 1787 1927 nostris
1833 1870 2056 1926 edoctus

474 1962 734 2021 audacter
759 1963 944 2037 clam.]
971 1965 1180 2021 videam
1213 1961 1368 2038 (Con.
1399 1965 1490 2036 50)
1525 1979 1539 2018 :
1569 1964 1722 2032 Quod
1747 1963 2057 2034 quicunque

471 2069 570 2126 per
597 2059 877 2128 pecuniam
917 2059 1198 2116 ordinatus
1236 2068 1320 2115 est
1361 2059 1675 2130 episcopus,
1703 2065 1795 2113 aut
1835 2048 2057 2129 presby-

475 2158 576 2214 ter,
618 2160 711 2205 aut
749 2151 1035 2214 diaconus,
1071 2151 1280 2207 alienus
1317 2160 1400 2207 est
1437 2165 1466 2206 a
1514 2148 1833 2206 sacerdotali
1881 2148 2056 2220 digni-

474 2249 582 2294 tate
609 2258 622 2294 :
655 2256 760 2296 non
787 2243 928 2297 enim
965 2243 1130 2297 divini
1162 2242 1396 2314 Spiritus
1431 2243 1602 2313 gratia
1630 2243 1902 2296 venditur.
1935 2239 2056 2295 Cai-

473 2331 722 2400 phaicnm
757 2333 859 2388 hoc
893 2333 1128 2387 studium
1156 2343 1269 2398 est,
1301 2333 1606 2389 Simoniaca
1634 2334 1748 2388 haec
1779 2332 2056 2388 machina-

472 2422 571 2486 tio,
610 2432 663 2477 et
689 2423 862 2478 aliena
891 2439 922 2478 a
946 2425 1264 2480 sacerdotali
1287 2425 1732 2500 sanctificatione.
1763 2425 1821 2480 In
1850 2433 2055 2480 scorta-

472 2515 620 2568 tione
646 2527 741 2570 aut
768 2516 1030 2573 adulterio
1065 2518 1109 2572 si
1148 2519 1414 2588 quispiam
1447 2528 1569 2588 post
1599 2518 1864 2588 baptisma
1895 2517 2056 2572 fuerit

472 2606 876 2676 deprehensus,
919 2609 1084 2664 divini
1127 2624 1363 2664 canones
1405 2609 1550 2664 illum
1588 2608 1652 2663 ad
1693 2608 2051 2664 sacerdotium

473 2714 577 2754 non
605 2701 896 2756 admittunt
926 2719 939 2755 :
971 2703 1100 2773 quin
1131 2702 1292 2757 etiam
1317 2702 1361 2758 si
1390 2700 1656 2771 quispiam
1685 2709 1964 2771 promotus
1987 2698 2052 2752 ad

470 2793 869 2858 sacerdotium,
917 2792 1022 2848 tale
1059 2792 1206 2864 [Gr.,
1247 2808 1420 2863 prom.
1465 2800 1549 2847 cst
1591 2792 1655 2846 ad
1691 2790 2052 2846 sacerdotium

470 2883 560 2952 qui
605 2882 728 2953 tale]
771 2882 974 2952 aliquid
1013 2882 1233 2948 fecerit,
1278 2882 1560 2938 confestim
1601 2881 1834 2951 ejicitur.
1865 2877 2054 2934 Omnis

469 2974 632 3041 igitur
660 2975 740 3028 vir
772 2975 863 3043 qui
894 2975 944 3028 in
981 2974 1296 3043 poenitentia
1328 2974 1600 3044 perdurat,
1637 2987 1735 3042 per
1760 2971 2051 3026 bonitatem

469 3075 526 3117 et
561 3065 1029 3120 mansuetudinem
1067 3065 1159 3120 Dei
1197 3066 1411 3120 veniam
1451 3077 1796 3135 peccatorum
1830 3078 2049 3118 suorum

471 3156 711 3222 obtinet,
757 3159 1205 3227 quemadmodum
1249 3159 1410 3214 etiam
1459 3159 1510 3212 in
1553 3159 1918 3228 superioribus
1961 3158 2052 3214 de.

472 3248 912 3304 monstravimus.
945 3247 1210 3304 Novatum
1239 3260 1418 3304 autem
1442 3290 1457 3316 ,
1487 3258 1542 3303 et
1577 3249 1694 3318 ejus
1741 3250 1916 3318 impia:
1946 3250 2052 3304 hae-

474 3339 610 3394 resis
649 3339 891 3396 asscclas
929 3341 1356 3405 anathematizo,
1385 3351 1569 3412 utpote
1609 3341 1698 3411 qui
1729 3340 1955 3410 injnrius
1983 3343 2054 3398 sit

473 3433 731 3488 adversus
750 3434 1144 3503 panitentiam,
1168 3443 1221 3488 ct
1243 3433 1706 3490 mansuetudinem
1738 3435 1830 3490 Dei
1859 3433 2049 3489 elevet.

472 3525 651 3593 Quare
673 3525 795 3595 ejus
815 3527 1084 3598 opinionis
1119 3543 1238 3583 sum
1257 3568 1270 3594 ,
1305 3535 1363 3582 ut
1393 3528 1656 3584 confitear
1686 3526 2049 3598 recipiendum

472 3620 778 3690 episcopum
810 3635 908 3691 per
937 3621 1194 3690 pecunias
1220 3621 1530 3676 ordinatum-
1560 3621 1718 3677 moc‘lo
1748 3620 2004 3691 pmtiiteat
2033 3633 2049 3674 :

470 3710 642 3765 bonus
685 3711 831 3767 enim
876 3713 1020 3767 Dens
1059 3723 1144 3768 est
1189 3714 1248 3767 io'
1277 3714 1560 3779 omnibus,
1597 3723 1649 3769 et
1694 3715 1899 3769 viscera
1937 3711 2052 3780 ejus

472 3812 656 3872 aperta
706 3811 833 3859 sunt
876 3813 1038 3875 super
1085 3818 1299 3862 omnem
1353 3808 1623 3862 hominem
1675 3809 2049 3876 pruni-tentem,

473 3909 630 3963 quem
656 3895 822 3951 etiam
859 3899 911 3951 in
953 3913 1176 3968 regnum
1215 3915 1369 3955 suum
1406 3901 1630 3956 inducit.
1663 3901 1767 3955 Sed
1795 3901 2049 3970 quoniam

466 3987 620 4058 juxta
650 3987 889 4044 divinum
918 3988 1233 4059 Apostoium
1269 3991 1321 4060 (1
1349 3991 1483 4045 Tim.
1517 3995 1620 4061 III),
1656 3993 1938 4063 episcopus
1966 3993 2051 4047 in-

470 4079 752 4150 culpabilis
775 4080 1312 4157 [irrepr‘ehensibilis]
1337 4100 1457 4140 esse
1479 4085 1636 4140 debet
1668 4101 1681 4138 :
1716 4086 1804 4155 qui
1835 4093 2054 4154 propter

471 4172 728 4241 pecunias
767 4171 1000 4244 aliquem
1040 4175 1291 4241 Ordinat,
1345 4186 1434 4230 aut
1479 4177 1546 4231 ab
1590 4175 1708 4231 aliis
1748 4176 2050 4242 ordinatur,

415 4267 423 4276 '
472 4263 680 4321 alienus
707 4273 791 4320 est
815 4281 847 4321 a
868 4267 1186 4324 sacerdotali
1211 4268 1488 4340 dignitate,
1513 4279 1573 4324 ut
1596 4269 1782 4325 omnes
1806 4270 2054 4326 novimus

471 4359 780 4430 quicunque
827 4359 1080 4418 Ecclesite
1125 4362 1323 4417 alumni
1370 4378 1574 4418 sumus.
1628 4363 1764 4433 Ergo
1811 4362 1952 4418 bona
2000 4369 2055 4417 et

473 4451 758 4509 laudabilis
790 4453 1104 4525 pmnitentia
1134 4471 1253 4525 quae
1276 4455 1338 4510 ad
1371 4454 1537 4510 Deum
1568 4455 1712 4510 ducit
1739 4496 1752 4521 ,
1789 4464 1844 4510 et
1867 4471 1896 4509 a
1931 4469 2054 4524 pec-

471 4545 608 4600 catis
637 4544 846 4600 liberat.
879 4544 946 4600 Et
988 4561 1086 4618 ego
1131 4561 1344 4618 quoque
1380 4547 1744 4603 misericordia
1787 4548 2001 4618 indigeo
2035 4565 2048 4602 :

472 4636 593 4690 nevi
639 4637 779 4690 enim
818 4636 913 4690 Dei
951 4638 1457 4705 mansuetudinem,
1499 4638 1589 4708 qui
1626 4653 1840 4693 omnem
1881 4637 1947 4692 ad
1992 4651 2052 4692 se

471 4716 773 4782 venientem
808 4728 1018 4799 recipit.
1063 4729 1207 4783 Dixit
1251 4731 1395 4784 enim
1441 4744 1537 4798 per
1573 4729 1889 4800 prophetam
1927 4746 1938 4781 ε
1974 4726 2054 4781 Tu

469 4819 670 4890 primus
693 4821 1002 4891 dicpeccata
1025 4832 1136 4887 tua,
1165 4832 1219 4876 nt
1244 4823 1554 4892 justi/ieceris
1575 4822 1707 4893 (Isa.
1733 4821 1909 4891 XLIII).
1943 4821 2049 4877 Et:

470 4908 597 4964 Dixi
627 4924 644 4961 :
678 4909 914 4982 Eloquar
939 4911 1262 4981 iniquitatem
1293 4925 1464 4966 meum
1501 4927 1673 4966 comm
1708 4911 1960 4976 Domino,
2004 4919 2053 4966 et

472 4996 532 5053 ιιι
556 4999 799 5054 remisisti
837 5001 1151 5072 impietatem
1185 5003 1355 5057 cordis
1386 5003 1488 5056 mei
1515 4999 1686 5073 (Psal.
1725 5001 1897 5074 XXXI).
1928 5003 1992 5056 Et
2035 5020 2052 5058 :

473 5084 584 5142 Pi’O
615 5107 675 5140 ea
713 5091 881 5136 01‘0""
911 5093 979 5142 ad
1017 5102 1065 5138 tn
1090 5096 1259 5136 nnlnic
1291 5103 1497 5142 mnrlus
1527 5096 1578 5136 δη
1608 5105 1834 5144 Ιρηιηρηορ
1870 5112 2055 5140 ηηηηιο-

2131 511 2134 514 -
2158 471 2504 538 ρωιιὶιριιιοιιι
2536 464 2791 536 suscipiet
2826 463 2878 516 in
2907 460 3048 515 ulnis
3077 459 3209 524 suis,
3237 471 3359 512 cum
3393 454 3465 510 sit
3495 453 3714 524 singula-

2155 563 2290 618 riter
2327 561 2672 618 misericors!
2720 545 2833 613 Non
2872 556 3016 611 enim
3056 563 3284 610 mortem
3323 551 3458 622 petit
3492 561 3717 620 peccato-

2156 654 2248 718 ris,
2282 653 2373 709 sed
2403 651 2572 724 magis
2602 659 2658 705 ut
2685 656 3031 706 convertatur
3067 656 3123 701 et
3151 645 3300 699 vivat
3325 640 3545 714 (Ezech.
3580 656 3715 704 xvuI,

2155 744 2373 812 χχχιιι).
2413 741 2873 812 Quemadmodum
2918 738 3078 792 etiam
3125 737 3178 792 in
3205 731 3500 804 Evangelia
3530 733 3597 788 ab
3620 732 3721 802 ipsa

2156 835 2366 890 Domini
2411 850 2541 891 voce
2576 849 2674 906 per
2709 830 3020 902 parabolam
3063 829 3130 885 de
3167 828 3424 899 prodigo,
3461 833 3518 881 et
3549 834 3722 894 postea

2153 928 2448 998 poenitente
2475 925 2628 998 (Luc.
2669 923 2794 995 xv),
2833 921 3084 977 instructi
3114 935 3333 984 sumus,
3365 935 3396 974 a
3436 917 3600 973 Patre
3627 909 3725 971 eos

2153 1015 2272 1072 lesti
2309 1023 2523 1085 recepto
2564 1015 2616 1068 in
2658 1013 2809 1069 coalis
2839 1012 2889 1067 ι).
2919 1010 3127 1067 Gaudet
3156 1011 3299 1065 enim
3325 1024 3492 1079 super
3519 1021 3724 1062 omnem

2157 1108 2427 1162 hominem
2461 1115 2706 1178 agentem
2734 1103 3128 1177 pcenitentiam.
3153 1100 3478 1156 Pwnitcntia
3511 1097 3727 1168 insignis

2155 1210 2237 1255 est
2269 1208 2574 1263 armatura,
2609 1213 2798 1268 magna
2836 1197 3024 1252 salutis
3065 1195 3186 1259 via,
3227 1206 3282 1248 ct
3329 1192 3548 1264 hospitii
3592 1191 3728 1261 regni

2155 1292 2413 1347 caelorum
2455 1289 2812 1360 dispensatrix
2843 1288 2987 1360 [Gr.,
3018 1287 3164 1359 regni
3201 1285 3322 1340 coal.
3354 1282 3724 1339 conciliatrix:

2155 1383 2272 1438 cod.
2315 1383 2422 1437 .Iof.
2472 1381 2840 1436 reconciliatio
2881 1380 3027 1450 regni
3076 1377 3260 1450 cu_rl.],
3316 1372 3729 1443 incorruptibilis

2154 1477 2255 1549 viae
2283 1476 2409 1540 dux,
2437 1475 2848 1546 ntartyricornm
2879 1472 3235 1528 ccrtamimnn
3272 1467 3648 1540 teqniparatio,
3671 1468 3728 1522 ad

2156 1569 2322 1624 Deum
2353 1569 2492 1622 viam
2531 1569 2804 1634 indicans,
2837 1575 2890 1622 et
2925 1580 3046 1620 cum
3076 1566 3188 1634 ipso
3228 1579 3324 1619 nos
3357 1577 3480 1616 esse
3510 1559 3726 1624 faciens;

2155 1663 2373 1720 humani
2402 1663 2616 1734 generis
2641 1661 2883 1725 baculus,
2909 1659 3211 1714 cadentium
3240 1666 3293 1713 et
3317 1656 3592 1728 lapsorum
3619 1670 3727 1707 sur-

1889 1777 1942 1850 [a
1971 1775 2052 1831 di-
2082 1743 2128 1804 Β
2157 1756 2344 1812 rectio.
2372 1755 2520 1811 Beati
2553 1756 2640 1826 qui
2689 1743 2828 1810 hanc
2868 1745 3290 1822 amplectuntur,
3329 1756 3384 1803 .et
3415 1748 3542 1801 huic
3569 1745 3731 1799 adlue-

2155 1855 2294 1903 rent.
2329 1847 2430 1916 Qui
2481 1848 2621 1902 hanc
2658 1854 2946 1911 exercent,
2977 1859 3096 1900 cum
3129 1840 3332 1912 angelis
3364 1840 3529 1893 vitam
3565 1852 3732 1905 requa-

2155 1938 2259 1994 lem
2289 1939 2526 2004 ducunt,
2566 1939 2634 1993 ab
2677 1937 2823 1992 onmi
2854 1935 2994 1990 man
3018 1934 3288 1989 declinant
3309 1973 3323 1996 ,
3357 1940 3411 1985 et
3438 1931 3636 1984 bonum
3664 1928 3733 1982 fa-

2153 2030 2319 2085 ciunt.
2350 2029 2675 2084 Ptnnitentia
2701 2037 2784 2083 est
2811 2028 3095 2083 coalumna
3120 2035 3174 2081 et
3197 2023 3480 2079 familiaris
3503 2022 3734 2076 dilectio-

2155 2121 2239 2177 nis
2268 2119 2623 2193 [collactanea
2655 2130 2709 2176 ct
2738 2119 3098 2175 eohabitatrix
3128 2115 3437 2187 charitatisj
3460 2157 3476 2180 ,
3508 2114 3730 2169 clccmo-

2153 2230 2298 2284 syntac
2338 2212 2455 2285 [δι’.
2492 2214 2616 2267 add.
2658 2209 2940 2284 orationis]
2969 2211 3180 2281 jejunii,
3211 2207 3576 2268 abstin’cntim,
3606 2215 3732 2260 tem-

2153 2303 2433 2372 perantia},
2465 2300 2768 2372 probitatis,
2812 2300 3132 2365 honestatis,
3175 2296 3607 2352 mansuetudinis
3638 2311 3650 2348 :
3684 2302 3733 2348 et

2154 2405 2212 2452 ut
2246 2413 2431 2452 verum
2461 2413 2567 2451 uno
2596 2396 2760 2451 verbo
2787 2396 2993 2460 dicant,
3026 2396 3140 2450 htec
3167 2394 3346 2448 omnia
3380 2391 3549 2462 pollet
3572 2389 3732 2460 patui-

2157 2489 2319 2545 tentia
2367 2487 2509 2561 [Gr.,
2555 2489 2667 2544 haec
2708 2489 2886 2543 omnia
2918 2496 3000 2541 est
3035 2483 3273 2557 pcenit.].
3319 2481 3375 2538 Si
3412 2482 3539 2552 quis
3568 2489 3731 2534 autem

2155 2581 2295 2635 hanc
2321 2579 2652 2636 contaminat
2697 2587 2750 2632 et
2793 2577 3120 2640 contemnit,
3151 2590 3255 2629 non
3295 2574 3438 2628 inter
3475 2577 3733 2632 servatos,

2154 2673 2247 2729 sed
2291 2673 2430 2727 inter
2464 2670 2704 2742 perditos
2752 2669 3117 2724 numerandus
3151 2676 3250 2730 cst,
3279 2680 3514 2737 quorum
3546 2661 3734 2718 vermis

2155 2780 2260 2818 non
2293 2765 2552 2826 moritur,
2587 2771 2639 2818 et
2667 2762 2804 2834 ignis
2835 2777 2938 2816 non
2966 2760 3345 2831 exstinguitur.
3372 2757 3419 2811 Α
3455 2756 3658 2827 quibus
3683 2755 3735 2809 li-

2154 2855 2434 2920 beremur,
2463 2855 2608 2926 digni
2650 2854 2818 2910 habiti
2851 2853 3131 2924 promissis
3166 2851 3320 2906 bonis
3364 2847 3732 2906 nIisericordia

2154 2957 2208 3026 et
2259 2947 2694 3003 miserationibus
2738 2945 2939 3001 Christi
2983 2945 3077 2999 Dei
3127 2943 3315 2998 nostri.
3358 2941 3487 2995 “me
3523 2958 3554 2995 a
3595 2939 3735 2994 nobis

2151 3045 2536 3114 ρι·;·υ‹1ἱο;ιιιιιιι·,
2585 3046 2664 3097 vir
2712 3041 3074 3105 sanctissime,
3115 3039 3161 3093 si
3204 3037 3342 3092 forte
3390 3035 3619 3096 fuerint,
3659 3033 3733 3103 qui

2079 3119 2122 3182 C
2157 3154 2256 3192 nos
2300 3153 2512 3208 quoque
2559 3134 2822 3190 infamare
2863 3132 3151 3186 voluerint.
3200 3129 3460 3185 Novimns
3508 3128 3654 3181 enim
3693 3135 3736 3178 te

2156 3229 2482 3301 singularem
2513 3227 2932 3282 admonitimtem
2964 3221 3079 3296 [δι’.
3112 3234 3158 3278 et
3194 3221 3311 3276 cod.
3337 3219 3473 3285 101.,
3509 3227 3738 3288 recepta-

2155 3321 2358 3394 culum]
2389 3332 2444 3376 et
2469 3321 2726 3377 cultorem
2755 3317 3190 3386 evangelicarnm
3218 3325 3271 3370 et
3298 3311 3734 3384 apostolicarntn,

2155 3416 2646 3483 canonicarnmque
2691 3411 3017 3482 jnssionnm.
3071 3407 3434 3478 Quamobrem
3489 3405 3736 3458 audacius

2155 3524 2368 3578 quoque
2397 3507 2460 3562 ad
2495 3516 2544 3561 te
2571 3506 2673 3560 ista
2705 3502 2993 3560 scribimus
3013 3543 3028 3569 ,
3053 3499 3411 3572 cupimusque
3460 3504 3524 3551 ut
3548 3512 3612 3550 ea
3640 3508 3737 3548 mo-

2154 3601 2372 3674 nachis,
2423 3610 2475 3654 et
2507 3597 2731 3662 ascetis,
2768 3595 3005 3665 virisque
3044 3593 3293 3648 omnibus
3324 3589 3469 3664 [Gr.,
3503 3589 3735 3657 virisque

2155 3689 2521 3761 Stecularihus]
2556 3687 2842 3758 religiosis,
2873 3701 2996 3741 cmn
3018 3683 3213 3754 quibus
3235 3682 3330 3736 tibi
3355 3679 3734 3736 commercium

2154 3789 2258 3846 est,
2283 3781 2553 3850 significes
2578 3776 2692 3852 [σν.
2727 3767 2852 3831 add.
2884 3778 2927 3832 si
2953 3790 3083 3830 vero
3105 3773 3269 3829 etiam
3296 3772 3543 3840 libuerit,
3571 3780 3738 3826 osten-

2157 3872 2274 3945 das]
2319 3891 2330 3927 :
2363 3883 2418 3927 et
2445 3883 2502 3926 ut
2537 3873 2588 3927 in
2618 3871 2953 3928 orationibus
2997 3869 3104 3923 tuis
3132 3866 3397 3936 cmlipetis
3431 3865 3609 3920 nostri
3639 3879 3738 3918 Iuc-

2154 3981 2274 4020 mor
2301 3965 2395 4030 sis,
2421 3963 2614 4020 obnixe
2643 3979 2912 4035 rogamus,
2938 3977 3044 4032 quo
3069 3976 3134 4015 ex
3158 3957 3624 4014 circumdantibus
3649 3970 3738 4011 nos

2155 4055 2391 4124 undique
2428 4053 2582 4108 malis
2615 4054 2829 4108 tandem
2875 4049 3161 4121 aliquando
3191 4049 3508 4103 liberemur.
3545 4046 3739 4117 Urgent

2155 4149 2298 4204 enim
2323 4157 2379 4203 et
2419 4147 2562 4202 intus
2586 4154 2640 4201 et
2663 4155 2816 4201 extra
2848 4144 3256 4209 insultationes,
3288 4158 3317 4195 a
3349 4129 3551 4212 quibus
3581 4141 3734 4192 miseo

2154 4239 2388 4294 ricordia
2421 4238 2515 4293 Dei
2543 4253 2727 4294 sunms
2759 4237 2966 4292 liberati
2987 4277 3008 4300 ,,
3058 4243 3112 4290 ct
3146 4234 3370 4305 posthac
3396 4246 3618 4301 quoque
3646 4246 3735 4284 nos

2154 4343 2412 4385 evasuros
2457 4328 2798 4384 confidimus.
2832 4327 3191 4394 Quamobrem
3226 4326 3419 4379 iterum
3455 4333 3616 4394 atque
3645 4322 3737 4375 itc-

2157 4438 2274 4484 rum
2303 4421 2552 4488 dicimus,
2579 4435 2696 4486 ora,
2718 4433 2942 4491 precare
2972 4435 3003 4475 o
3030 4419 3202 4473 amice
3228 4417 3308 4472 vir
3336 4416 3430 4471 Dei
3461 4425 3515 4471 et
3542 4423 3734 4478 uoster,

2079 4499 2132 4559 Ῐ)
2157 4513 2265 4569 imo
2292 4513 2469 4585 potius
2496 4521 2647 4584 pater
2679 4532 2691 4567 :
2727 4513 2929 4568 scimus
2960 4512 3101 4568 enim
3132 4511 3274 4582 quod
3302 4509 3497 4566 affectu
3532 4525 3596 4563 eo
3620 4522 3735 4577 erga

2155 4623 2254 4664 nos
2293 4606 2516 4663 affectus
2555 4621 2646 4670 cs,
2687 4622 2792 4676 quo
2831 4613 2984 4678 pater
3019 4620 3146 4674 erga
3185 4603 3386 4658 liberos
3422 4616 3573 4656 suos.
3607 4599 3736 4651 Deus

2154 4701 2339 4771 pacis,
2376 4700 2464 4770 qui
2495 4708 2548 4754 et
2586 4708 2792 4776 remota
2825 4709 2877 4754 et
2907 4699 3206 4769 prepinqua
3247 4696 3312 4750 ad
3363 4710 3420 4750 se
3460 4700 3736 4754 convocat,

2153 4802 2320 4857 vitam
2353 4809 2590 4856 nostram
2621 4798 2674 4853 in
2703 4812 2834 4868 pace
2865 4805 3172 4860 conservet,
3202 4803 3254 4848 et
3284 4806 3477 4847 omnes
3505 4790 3626 4843 illos
3654 4787 3736 4857 qui

2155 4907 2276 4948 eum
2300 4891 2483 4946 colunt
2506 4897 2562 4945 et
2585 4887 2941 4956 admirantur,
2971 4899 3274 4956 nomenque
3298 4883 3440 4938 illius
3465 4882 3734 4943 invocant,

2155 4985 2335 5041 salvos
2366 4984 2533 5040 faciat
2559 4980 2949 5038 intercessione
2991 4987 3044 5033 et
3089 4976 3335 5047 precibus
3378 4973 3612 5029 domina:
3653 4985 3739 5024 no-

2153 5087 2279 5133 stra:
2307 5087 2506 5130 sanetm
2543 5074 2637 5126 Dei
2670 5071 2949 5136 genitricis
2977 5113 2989 5137 ,
3029 5079 3085 5125 et
3121 5067 3361 5123 omnium
3404 5074 3731 5121 sanctorum.

3279 5175 3315 5180 λδ
3326 5156 3503 5202 “sar-ini
3518 5197 3532 5204 -
3557 5161 3734 5209 ιιοδίτο
