3916 5380
92 198 189 252 509

733 200 1288 258 INTEIiPRETATlO
1327 199 1576 258 SYNODI
1616 200 1701 256 VII
1740 200 2145 260 GENERALIS.
2179 235 2248 244 —
2288 203 2490 261 ACTIO
2530 204 2658 260 VIII.

3246 205 3352 261 5H)

92 328 114 356 ο
140 314 413 390 Quomodo
430 316 832 390 intelligendum
871 315 1071 390 sitDei
1112 333 1296 390 nomen
1330 296 1440 390 esse
1468 316 1667 369 incom-
1697 316 1743 377 Α
1774 319 1941 372 nostri
1974 318 2332 374 celeberrimi.
2366 320 2495 388 Qum
2520 328 2765 375 tenentes
2788 318 3107 387 Christiani,
3140 320 3351 390 signum

154 388 488 459 mrtimlrile,
515 399 562 443 et
587 405 788 443 onmem
812 388 1162 459 propheticum
1190 388 1528 452 lautorum,
1552 396 1669 443 and:

153 458 412 513 invehitur
436 460 491 512 in
521 459 682 513 idola.
716 514 721 519 ,

150 589 258 660 Qui
298 591 351 647 in
398 592 619 651 tertium
660 592 965 662 penetravit
1007 592 1231 656 calum.
1268 599 1325 648 et
1358 591 1681 663 paraﬁsutu-

88 685 357 757 ingressus
383 684 593 740 audivit
619 699 817 741 arcana
845 684 1007 741 verba
1042 681 1127 755 (ll
1313 681 1570 753 xu);:q'ui
1602 684 1681 740 ab

84 775 384 835 Jerusalem
414 793 514 849 per
540 778 823 837 circuitum
856 792 1027 848 usque
1063 779 1133 833 ad
1172 777 1687 849 Illyrieuutfprtedia-

83 870 225 925 cavit
247 869 601 941 Evangelium
634 870 813 939 (Rom.
845 870 960 940 xv).
990 869 1193 927 Paulus
1217 870 1435 926 dirutus
1456 878 1689 940 apag»:

86 960 165 1023 los
190 962 414 1032 impiam
440 972 499 1021 et
528 963 742 1019 inanem
780 962 1059 1033 gentilium
1099 961 1547 1033 superstitionem
1580 977 1689 1027 res:

86 1052 347 1123 darguens
374 1052 453 1108 ait
477 1070 493 1107 :
531 1052 867 1109 Intraverunt
889 1054 1113 1124 gloriam
1134 1052 1547 1123 irtcorrttptr‘bilia
1573 1052 1692 1108 Dei)

84 1147 133 1201 in
175 1146 581 1205 similitudinem
626 1148 875 1217 imaginis
920 1146 1275 1217 corruptibilis
1321 1147 1579 1211 hominis,
1614 1156 1692 1200 ut

85 1240 369 1305 totum,
398 1250 448 1296 et
476 1240 899 1312 quadrupedum,
934 1251 982 1295 et
1011 1241 1325 1309 serpemium
1353 1255 1371 1291 :
1409 1250 1463 1307 et
1496 1240 1694 1294 uolam

89 1341 259 1396 mu,-
286 1343 335 1387 ct
381 1334 669 1389 servierunt
717 1343 973 1388 creatura
1016 1334 1186 1404 potius
1232 1351 1391 1404 quam
1432 1332 1693 1388 Cremuti)

88 1422 256 1493 (Bent.
291 1424 355 1491 t).
392 1421 556 1479 Juxta
601 1424 744 1479 hunc
790 1422 952 1493 Igitur
992 1438 1208 1479 sen8ttm
1240 1423 1539 1493 intelligere
1562 1432 1691 1489 081,:

85 1516 216 1586 quod
238 1515 751 1571 inoommunicabile
778 1516 873 1570 Dei
901 1530 1097 1570 nomen
1131 1515 1291 1585 lignis
1322 1525 1378 1571 et
1402 1514 1693 1585 lapidibus!

87 1608 441 1676 adspici-unt:
470 1607 573 1663 hoc
595 1609 740 1664 enim
772 1607 847 1663 illi
874 1606 1144 1674 fecerunt,
1177 1609 1269 1679 qui
1300 1609 1368 1664 ab
1395 1607 1541 1666 omni
1572 1604 1695 1664 Dei't

87 1701 220 1756 cultu
250 1700 407 1758 fuero
434 1701 620 1766 alieni,
643 1710 698 1756 et
719 1701 809 1771 qui
835 1716 904 1758 ex
932 1701 1177 1758 Hebrteis
1204 1703 1482 1760 dementes
1500 1719 1531 1759 a
1554 1702 1667 1759 Deo
1686 1680 1742 1750 ΞΒ

86 1791 409 1850 deieceram.
446 1792 733 1850 Commissi
763 1800 892 1849 sunt
914 1794 1059 1849 enim
1093 1795 1237 1852 inter
1260 1804 1469 1867 gentes,
1504 1806 1559 1854 et
1586 1791 1693 1852 dl—’

87 1884 327 1939 dicarunt
356 1898 524 1955 opera
554 1900 765 1941 eorum.
798 1885 865 1941 Et
895 1886 1087 1942 relicto
1126 1886 1416 1951 invisibili,
1462 1889 1695 1945 incomi'

88 1974 456 2044 prebensibili,
488 1985 544 2031 et
578 1977 774 2047 opiﬁce
809 1978 1050 2034 omnium
1081 1977 1193 2035 Deo
1222 1988 1441 2046 nostro,
1477 1979 1671 2037 immo-

88 2065 325 2123 laverunt
349 2067 657 2133 dxemoniis,
686 2066 839 2134 Baal,
867 2068 1120 2136 Astartte,
1150 2067 1404 2134 Chamos,
1435 2070 1702 2140 Apolﬁnlt

90 2157 295 2225 etiovi,
339 2159 526 2214 Diana:
571 2168 628 2215 et
668 2158 887 2223 Veneri,
930 2160 1144 2217 Baccho
1188 2170 1242 2215 et
1287 2160 1576 2226 Mercurio,
1615 2170 1701 2217 et:

91 2251 325 2320 plurimis
353 2253 505 2317 aliis;
534 2262 588 2308 et
619 2253 812 2309 borum
845 2252 985 2308 idola
1015 2255 1146 2311 deos
1173 2254 1540 2325 appellarunt;
1573 2255 1698 2310 sed'

92 2343 436 2400 ctrolucrum
479 2351 537 2399 et
580 2344 991 2415 quadrupedum
1033 2354 1089 2401 ct
1127 2347 1479 2416 serpentium.
1527 2345 1698 2414 Qua--

93 2444 300 2505 propter
328 2436 470 2491 idem
500 2436 787 2506 Apostolus
817 2455 828 2490 :
870 2436 1128 2500 Tradidit,
1158 2436 1353 2507 inquit,
1382 2436 1501 2491 illos
1528 2436 1699 2492 Deus'

92 2531 136 2580 in
178 2530 448 2601 reprobum
491 2546 722 2596 sensum,
774 2539 828 2585 ut
877 2529 1076 2600 faciant
1110 2546 1171 2585 ea
1208 2547 1325 2601 qua:
1356 2546 1460 2584 non
1489 2547 1671 2586 conre-

94 2622 260 2687 niunt,
308 2621 529 2692 repletos
575 2622 717 2677 omni
764 2622 1072 2693 iniquitate,
1120 2622 1359 2687 malitia,
1419 2622 1669 2693 nequitia,

92 2714 331 2779 avaritia;
368 2713 550 2784 plenos
585 2714 809 2780 invidia,
848 2714 1153 2780 homicidio,
1187 2715 1546 2778 contentione;
1578 2731 1669 2768 su-
1708 2730 1715 2737 '

93 2821 346 2871 sun-ones,
376 2794 719 2871 detractores,
765 2807 873 2860 Deo
915 2805 1153 2873 adibit“,
1184 2806 1454 2877 superbos,
1482 2806 1667 2869 elatos,

94 2896 369 2951 inventores
391 2896 675 2952 mulorum.
706 2896 897 2968 (Ibid.)

154 2988 443 3060 Propterea
483 2989 627 3046 Deus
662 2989 835 3062 legem
874 2989 1019 3045 dedit
1048 3004 1146 3060 per
1177 2986 1396 3060 Moysen
1428 3006 1440 3042 :
1476 2986 1669 3044 deinde

1770 409 2094 465 Veneranda
2117 412 2298 467 crucis
2331 423 2575 467 sanctum
2620 412 2967 484 E'vangelium
3006 413 3209 482 scripto
3240 422 3351 466 tra-

1770 499 1962 563 ditum,
1993 500 2335 557 venerabiles
2381 501 2643 573 imagines
2689 510 2786 572 per
2830 503 3224 573 exprimentem
3274 500 3355 557 rei

1772 591 2169 662 ﬁgurationem,
2215 602 2273 650 et
2314 594 2711 665 quamplurima
2743 595 2846 650 alia
2877 596 2986 651 Deo
3014 596 3189 651 dicata
3215 612 3231 651 :
3263 610 3355 651 ea—

1769 699 1875 753 que
1900 685 2057 742 nobis
2083 686 2453 753 admoventes,
2490 694 2545 742 et
2574 702 2698 743 eum
2728 686 2922 745 affectu
2965 689 3255 744 adorantes
3290 702 3353 746 ac

1769 780 2090 846 salutantes,
2137 781 2585 838 sanctiﬁcationis
2636 782 2873 853 ipsorum
2915 784 3205 854 participes
3246 781 3357 838 elli-

1768 873 1962 927 c’tmur.
2008 872 2125 929 Non
2156 882 2333 929 tamen
2376 877 2440 929 ad
2486 877 2599 931 hate
2641 877 2791 947 quasi
2825 878 2891 931 ad
2919 878 3047 931 deos
3074 888 3359 932 accessere

1769 966 2083 1028 flbristiani.
2125 968 2581 1038 quemadmodum
2621 968 2686 1022 ad
2725 968 2862 1023 idola
2903 969 3152 1039 gentiles.
3200 966 3361 1023 Ahsit’

1770 1056 1821 1110 id
1855 1058 1923 1109 ab
1953 1058 2033 1111 eis
2065 1057 2270 1113 crimen
2302 1075 2315 1110 :
2352 1066 2509 1129 nugae
2546 1068 2667 1113 sunt
2707 1058 2810 1123 hm,
2855 1067 2909 1114 et
2947 1056 3348 1129 vaniloquentia

1769 1149 2245 1205 leonoclastarum.
2277 1150 2354 1205 Ex
2381 1166 2488 1221 quo
2511 1151 2673 1206 etiam
2702 1151 2897 1206 merito
2916 1151 3352 1207 Christianorum

1769 1250 2113 1298 accusatores
2163 1242 2519 1312 appellantur.
2589 1242 2832 1313 Cumque
2877 1240 3153 1298 dementes
3202 1243 3351 1310 sint,

1767 1334 1906 1388 vltna
1949 1334 2113 1389 locuti
2159 1342 2283 1389 sunt
2330 1334 2696 1405 unusquisque
2733 1336 2799 1389 ad
2842 1338 3146 1407 proximum
3195 1350 3350 1390 suunt

1754 1426 1941 1496 ‘(I’saL
1989 1428 2088 1498 xu).
2117 1427 2281 1482 Lahia
2329 1427 2510 1482 dolosa
2544 1428 2596 1482 in
2625 1429 2806 1494 corde,
2838 1438 2891 1483 et
2919 1429 2969 1483 in
2994 1424 3157 1483 cerdo
3185 1444 3348 1500 prava

1768 1515 1932 1575 ldcmi
1961 1529 2108 1575 sunt.
2140 1521 2293 1589 Quod
2320 1534 2382 1576 ea
2413 1537 2533 1591 qnze
2559 1522 2815 1576 adversus
2843 1520 2978 1576 idola
3006 1522 3349 1591 pronuntiata

1771 1614 1897 1670 sunt
1929 1628 1958 1667 a
1990 1613 2106 1685 lege
2135 1613 2339 1679 divina,
2379 1610 2655 1685 prophetis
2689 1621 2742 1668 et
2773 1612 3047 1683 apostolis,
3095 1613 3149 1667 in
3190 1628 3356 1667 cvan-

1770 1700 2063 1778 geliéarum
2100 1721 2279 1761 rerum
2310 1706 2554 1777 picturas
2587 1706 2723 1761 male
2754 1713 3103 1775 exceperunt,
3137 1718 3356 1774 put-vcr-

1771 1784 1955 1853 tentes
1979 1804 2189 1851 sacram
2216 1796 2555 1866 Scripturam
2592 1794 2743 1862 juxta
2792 1796 3006 1865 propria
3050 1794 3350 1860 desideria;

1738 1882 1917 1957 'fniltil’
1938 1890 2089 1944 aliud
2130 1888 2510 1959 intelligentes,
2564 1902 2727 1960 quam
2777 1902 2840 1943 ex
2891 1887 3050 1943 idolis
3097 1887 3200 1943 illis
3247 1903 3352 1943 non

1772 1986 1891 2039 esSe
1916 1965 2015 2063 nos
2045 1997 2143 2053 per
2168 1980 2441 2037 Christum
2471 1982 2637 2038 Deum
2670 1990 2912 2037 nostrum
2944 1980 3219 2046 liberatos,
3265 1989 3358 2034 aut

1772 2058 2030 2131 saltatus.
2077 2075 2121 2131 Ο
2168 2075 2445 2131 hominum
2486 2074 2811 2131 dementiam
2850 2082 3011 2145 atque
3049 2070 3350 2128 insaniam!

1772 2150 2191 2239 quia'sauctum
2261 2183 2289 2221 a
2355 2165 2581 2239 profano
2624 2182 2730 2221 non
2780 2166 3161 2221 diStinxcruut.
3223 2164 3353 2218 Nam

1773 2254 2089 2315 Dittnini'ct
2138 2269 2446 2315 sanctorum
2501 2257 2617 2329 ejus
2680 2258 2967 2330 imaginem
3014 2258 3201 2312 BOtIClll
3249 2262 3356 2327 quo

1773 2335 2161 2408 (latinorum-um
2200 2351 2401 2423 etligics
2439 2352 2654 2407 nomine
2692 2349 3047 2420 appellarunt.
3085 2347 3224 2402 Proh
3256 2349 3357 2402 iut-

1773 2436 2015 2515 probitas
2061 2445 2370 2505 hominum!
2418 2443 2508 2499 Va:
2554 2443 2706 2514 ipsis,
2749 2441 2890 2511 quod
2933 2456 2963 2494 a
3006 2438 3115 2496 Deo
3147 2440 3353 2495 resilie-

1776 2542 1920 2589 runt.
1947 2535 2154 2588 litcnim
2172 2533 2463 2588 Christiani
2490 2548 2655 2588 unum
2670 2533 2835 2587 Deum
2860 2531 3099 2585 calantes
3121 2532 3173 2584 in
3187 2529 3360 2584 'l‘rinih

1779 2635 1889 2681 late
1927 2625 2308 2687 collaudatum,
2335 2632 2386 2678 cl
2416 2623 2514 2680 soli
2557 2625 2657 2695 ipsi
2686 2624 2899 2679 Iatriam
2925 2621 3231 2687 ollercntes,
3264 2636 3358 2690 per

1774 2714 2047 2772 acttsihilla
2076 2718 2226 2785 signa
2254 2716 2499 2771 ducimur
2526 2715 2593 2771 ad
2619 2714 2989 2784 intclllgihilla.
3034 2712 3166 2768 Cum
3209 2712 3351 2765 enim

1777 2809 2061 2863 SOIISiiziIPS
2090 2809 2279 2871 simus,
2308 2823 2411 2862 non
2440 2802 2599 2860 aliter
2623 2806 2689 2859 ad
2718 2802 3070 2875 intelligiltilia
3102 2803 3355 2874 provehi-

1777 2917 1919 2966 tnur,
1962 2916 2122 2970 quant
2173 2915 2268 2970 per
2314 2897 2596 2955 scnsihilcs
2643 2906 2797 2951 notas
2830 2904 2941 2949 tum
2980 2895 3257 2963 scriptura!
3293 2893 3358 2947 ad

1776 2988 2166 3055 meditandum,
2200 3002 2309 3046 tum
2346 2990 2591 3061 pictum,
2641 3005 2746 3060 qua
2792 3004 2879 3043 res
2906 2987 3176 3043 coloribus
3212 2995 3259 3039 ct
3297 2984 3360 3038 li-

93 3084 373 3152 prophetas
403 3085 697 3140 adventum
736 3086 1161 3163 prtenuntiantcs
1192 3085 1490 3142 Salvatoris
1517 3084 1673 3140 Chri—
1702 3080 1747 3140 G
1779 3084 2079 3140 ncamentis
2106 3084 2502 3152 exprimuntur.
2544 3081 2668 3136 Ilaec
2694 3081 2839 3155 enim
2869 3080 2921 3134 in
2951 3088 3357 3149 prototyp-rum

94 3176 154 3229 sti
178 3174 272 3243 Dei
297 3178 495 3243 nostri,
530 3172 739 3234 uec'hon
766 3182 1073 3250 arguentes,
1105 3178 1440 3245 minitantes,
1483 3179 1670 3233 admo-

96 3275 294 3333 nentes,
324 3269 702 3337 cohortantes,
756 3280 813 3325 ut
864 3270 899 3326 ii
954 3272 1193 3327 redirent
1238 3272 1305 3327 ad
1342 3272 1671 3343 agnitionem

96 3361 345 3425 veritatis.
388 3370 447 3417 et
491 3364 802 3433 posthabita
838 3373 1086 3420 creatura
1120 3356 1388 3419 servirent
1418 3364 1526 3419 Deo
1552 3364 1672 3418 vivo

94 3463 141 3508 et
166 3471 327 3522 vero,
372 3458 528 3527 cujus
572 3473 769 3513 nomen
801 3474 924 3513 cum
954 3458 1222 3513 creaturis
1266 3466 1321 3513 et
1365 3456 1675 3517 simulacris

96 3547 297 3605 idolicis
322 3550 714 3607 communicari
746 3568 852 3608 non
883 3560 1084 3624 potest.
1129 3552 1219 3607 Ait
1262 3567 1495 3621 namque
1537 3551 1673 3625 Apo-

93 3642 258 3700 stolus
296 3663 312 3701 :
361 3643 495 3711 Qua:
526 3648 747 3701 societas
780 3644 886 3701 luci
916 3646 985 3700 ad
1017 3644 1299 3700 tenebras?
1336 3660 1453 3715 quat
1498 3652 1673 3698 autem

94 3735 350 3790 conventio
374 3734 572 3791 Christi
605 3737 677 3807 ad
703 3734 876 3791 Belial
907 3734 955 3807 (1
965 3735 992 3789 1
1030 3734 1155 3790 Cor.
1183 3734 1294 3805 Vt)?
1338 3733 1538 3789 Verum
1580 3747 1675 3788 nec

92 3808 188 3896 que
212 3827 322 3894 lex,
362 3842 538 3898 neque
575 3829 858 3900 prejthetze
882 3842 978 3882 eos
1004 3835 1323 3882 convertere
1347 3834 1673 3895 potuerunt;

93 3927 495 3989 permanserunt
525 3920 669 3976 enim
696 3920 749 3975 in
779 3920 1083 3991 perditione
1121 3934 1239 3974 sua.
1286 3917 1521 3986 Advenit
1546 3930 1676 3988 ergo

94 4013 177 4082 qui
204 4013 494 4084 praedictus
522 4022 644 4070 erat
682 4030 712 4070 a
754 4012 1052 4085 prophetis,
1083 4010 1252 4083 ipsius
1284 4011 1378 4067 Dei
1412 4010 1673 4077 Verbum,

96 4090 386 4159 coieternus
406 4103 583 4171 Patri,
608 4119 879 4174 verosque
909 4104 1070 4168 Deus,
1111 4110 1389 4172 assumpta
1418 4115 1579 4155 carne
1606 4113 1674 4154 ex

97 4195 404 4253 intemerata
444 4196 543 4252 Dei
583 4196 847 4267 genitrice
889 4210 1105 4265 semper
1134 4191 1354 4265 Virgine
1392 4190 1579 4255 Maria,
1621 4196 1678 4244 et

98 4286 268 4344 factus
309 4300 391 4346 est
437 4290 604 4345 homo
652 4288 806 4363 nobis
845 4289 1041 4345 similis
1080 4296 1307 4357 excepto
1334 4293 1573 4361 peccato,
1621 4291 1680 4338 ut

98 4393 189 4433 nos
210 4372 280 4434 ab
304 4393 489 4435 errore
520 4362 784 4437 idolOrum
815 4362 1091 4441 liberaret,
1132 4384 1184 4432 ct
1221 4391 1249 4429 a
1282 4374 1477 4431 diaboli
1510 4372 1679 4429 servi-

102 4479 206 4526 tute
232 4468 483 4544 eriperet.
525 4470 765 4543 Expletis
795 4456 921 4542 ergo
958 4470 1209 4527 omnibus
1249 4485 1359 4524 suae
1403 4469 1677 4537 dispcttsa-
1709 4442 1757 4505 θ

104 4566 256 4622 tionis
279 4566 578 4638 mysteriis,
609 4564 993 4636 passus‘carne
1023 4567 1075 4621 in
1112 4580 1296 4632 cruce,
1323 4575 1378 4622 et
1413 4566 1673 4637 sepultus,

103 4666 151 4710 ct
176 4671 479 4732 resurgens,
515 4668 572 4715 et
600 4659 899 4715 ascendens
926 4659 978 4713 in
1004 4658 1192 4725 cmlos,
1223 4658 1364 4713 unde
1390 4658 1678 4713 descende-

104 4758 204 4814 rat,
241 4751 383 4807 omni
420 4751 511 4807 illa
557 4752 870 4822 impuritate
899 4762 954 4807 et
981 4751 1382 4807 abominationc
1417 4742 1679 4806 nos‘libc-

104 4840 258 4909 ravit,
292 4843 472 4899 missis
512 4844 734 4910 sanctis
767 4844 880 4899 suis
922 4842 1181 4915 apostolis
1211 4851 1265 4899 et
1291 4841 1571 4913 discipulis
1610 4842 1679 4896 ad

106 4947 284 4992 omnes
323 4945 531 5008 gentes,
563 4945 788 5008 accepta
818 4936 885 4990 ab
916 4936 1017 5001 eis,
1057 4934 1511 5006 quemadmodum
1547 4934 1679 5006 ipsis

109 5026 439 5095 promiserat,
466 5028 670 5084 virtute
699 5041 768 5083 ex
798 5026 927 5093 alto,
965 5025 1169 5096 Spiritu
1211 5024 1456 5090 Domino,
1503 5022 1683 5082 virili-

114 5126 261 5175 caute
283 5127 336 5175 et
358 5122 748 5194 omnipotente,
781 5117 874 5190 qui
903 5132 969 5174 ex
1003 5117 1163 5177 Patre
1196 5133 1295 5190 per
1322 5114 1518 5174 Filium
1553 5133 1683 5191 pro-

116 5212 266 5268 cedit.
306 5213 405 5272 Per
442 5232 603 5289 quem
650 5213 785 5271 lacti
824 5221 1075 5284 potentes
1111 5226 1277 5287 opere
1311 5221 1367 5268 et
1404 5228 1678 5280 sermone,

119 5318 268 5350 'V’ni'c
294 5309 574 5360 ιιηιπηηηητ
605 5310 677 5356 ait
708 5306 856 5353 innni
891 5305 1146 5352 itinlnmm
1173 5306 1319 5349 mrilu
1348 5306 1678 5348 “har-antu!-

1775 3175 2015 3231 omnium
2044 3174 2246 3228 inducit
2267 3182 2319 3228 et
2342 3170 2981 3227 cvehit‘recortlatloﬁem
3010 3187 3023 3223 :
3053 3178 3104 3223 ct
3130 3167 3358 3221 alterum

1775 3266 1991 3338 quidem
2022 3265 2205 3320 auditu
2238 3264 2584 3335 percipimus,
2617 3262 2844 3317 alterum
2872 3276 2999 3316 vero
3030 3258 3199 3315 oculis
3227 3272 3361 3312 cou-

1778 3350 2116 3428 templamur.
2156 3356 2286 3424 Qua:
2322 3356 2397 3410 ita
2439 3370 2498 3411 se
2533 3354 2767 3420 habent,
2785 3361 2841 3408 ut
2877 3353 3102 3407 alterum
3134 3350 3360 3406 alterius

1777 3451 2023 3505 notitiam
2072 3448 2305 3505 inferat:
2334 3450 2531 3503 habent
2559 3449 2722 3503 etiam
2754 3448 2867 3502 sine
2893 3445 3257 3501 controversia
3300 3451 3360 3498 ut

1780 3543 2007 3597 alterunt
2055 3541 2278 3596 alterius
2307 3541 2579 3595 contineat
2610 3538 3050 3604 declarationem,
3079 3545 3133 3593 ct
3161 3535 3353 3593 iisdem

1777 3634 2079 3688 adiciantur
2108 3634 2419 3689 honoribus.

1848 3736 1928 3790 Ad
1963 3735 2251 3791 clariorem
2289 3742 2471 3789 autem
2511 3734 2589 3788 rei
2616 3729 3035 3805 intelligentiam
3068 3731 3171 3786 alia
3211 3734 3361 3802 quat;

1779 3829 1899 3885 dam
1941 3829 2104 3884 etiam
2146 3828 2404 3900 apologia:
2433 3843 2596 3883 causa
2627 3842 2941 3898 proponam.
2980 3823 3228 3881 Omnium
3268 3818 3362 3881 Dei

1778 3929 2154 3978 creaturarum
2181 3935 2471 3976 commune
2501 3908 2604 3981 est,
2654 3927 2713 3972 ut
2748 3917 3157 3989 participatione
3184 3915 3364 3984 aliqua

1778 4013 1920 4087 inter
1965 4029 2024 4069 se
2063 4014 2365 4085 conjuncta:
2392 4013 2501 4069 sint
2532 4011 2792 4066 atlinitatc
2820 4025 2835 4066 :
2866 4019 2917 4065 et
2956 4011 3204 4082 quamvis
3246 4009 3366 4066 aliae

1779 4105 1899 4160 aliis
1928 4106 2187 4177 dignitate
2216 4114 2268 4159 et
2298 4104 2488 4159 ordine
2516 4103 2859 4169 antecellunt,
2907 4118 2994 4158 res
3037 4111 3212 4157 tamen
3252 4116 3366 4156 om—
3412 4126 3417 4134 ο

1781 4213 1876 4252 ncs
1927 4196 2416 4251 communicatione
2470 4196 2700 4266 quadam
2757 4194 2897 4249 inter
2944 4209 3002 4249 se
3044 4192 3365 4265 junguntur.

1781 4289 1917 4345 Nam
1949 4287 2121 4357 angeli
2163 4304 2286 4344 cum
2327 4288 2436 4345 sint
2473 4302 2623 4359 pura:
2654 4297 2881 4350 mentes,
2920 4300 2987 4345 ex
3035 4284 3203 4355 nihilo
3245 4300 3371 4357 pro-

1782 4383 1927 4438 ducti
1958 4391 2085 4437 sunt
2114 4382 2182 4436 ab
2208 4381 2450 4437 omnium
2482 4395 2663 4437 rerum
2709 4379 2988 4443 conditore
3031 4378 3174 4443 Deo;
3222 4377 3371 4430 simi-

1783 4476 1905 4531 liter
1945 4485 1998 4532 et
2042 4483 2233 4528 natura
2279 4474 2549 4529 humana:
2585 4471 2676 4526 sed
2706 4481 2757 4524 et
2792 4469 2963 4524 media
2988 4477 3069 4523 est
3103 4470 3242 4523 inter
3268 4482 3368 4521 ex-

1783 4565 2169 4621 ccllctttiatuct
2201 4563 2553 4628 tenuitatem,
2603 4559 2900 4616 coelcslium
2948 4559 3156 4615 scilicet
3207 4573 3371 4641 ange-

1782 4658 1978 4731 lorum,
2028 4671 2317 4725 rerumque
2365 4663 2740 4709 ωιτρηίιτιιιιις
2777 4668 2962 4706 verum
3010 4661 3070 4705 ιιι
3110 4657 3371 4707 creaturte

1783 4750 2115 4807 conveniunt
2174 4748 2314 4803 inter
2363 4763 2440 4803 se.
2489 4747 2693 4801 Deinde
2740 4744 2916 4816 angeli
2962 4745 3179 4816 quidem
3225 4757 3373 4813 pura:

1784 4857 1911 4905 sunt
1946 4858 2158 4905 mentes
2194 4856 2250 4902 et
2288 4841 2748 4917 incorruptibiles,
2792 4841 2955 4897 homo
2999 4849 3183 4896 autem
3231 4852 3376 4891 mor-

1791 4941 1914 4997 talis
1944 4959 1955 4995 :
1991 4941 2085 4997 sed
2118 4954 2239 4994 cum
2286 4938 2357 4994 sit
2407 4938 2602 4994 mentis
2646 4948 2710 4987 ac
2745 4932 3040 5007 disciplinae
3066 4945 3261 5003 capax,
3288 4943 3380 4983 an-

1789 5031 2015 5105 gelicam
2045 5029 2336 5105 participat
2364 5039 2637 5085 naturam.
2665 5022 2873 5076 Rursus
2913 5012 3103 5078 natura
3146 5016 3383 5099 hominis

1789 5112 2001 5183 natura:
2044 5132 2366 5183 cmterorum
2418 5118 2730 5180 animalium
2777 5122 2862 5168 est
2907 5113 3199 5187 particeps,
3244 5105 3387 5179 quod

1790 5225 1846 5273 et
1890 5214 2011 5285 ipse
2053 5226 2110 5274 ct
2152 5213 2269 5285 ipsa
2311 5223 2487 5284 caro,
2530 5220 2584 5270 et
2632 5201 2958 5272 comedunt,
3004 5209 3057 5258 et
3099 5194 3391 5262 dormiunt,

1792 5318 2110 5358 Gaul-omn,"-
2161 5319 2514 5343 Αθ.η..οηι.ιη,,,
2556 5301 2753 5340 ιιαιιωη
2828 5304 2879 5335 οι
2933 5313 3031 5338 "nn
3070 5288 3275 5336 αηηεηιιει
3309 5302 3369 5318 οη
