3980 6296
497 287 595 374 5n

1661 289 2021 349 ANASTASII
2056 288 2597 350 BIBLIOTHECARII

3643 284 3742 341 διε

497 418 660 468 nexu,
701 411 864 470 terra,
893 417 1030 475 aqua
1048 443 1066 471 ,
1093 418 1206 470 aer,
1241 403 1414 477 ignis:
1445 413 1499 461 et
1527 413 1668 461 terra
1692 405 1905 484 quidem
1928 403 2070 460 sicca
2095 416 2146 476 Α
2178 406 2358 462 munia
2387 405 2718 472 hominibus,
2762 413 2816 460 et
2845 416 2943 460 vos
2964 401 3209 468 habetis;
3233 409 3422 472 estque
3443 400 3600 456 vobis
3624 416 3742 457 cum

497 504 580 558 est
601 503 656 551 et
683 495 894 568 frigida,
924 497 1063 567 ignis
1089 497 1264 553 siccus
1292 508 1348 553 et
1369 495 1594 565 calidus,
1623 512 1761 568 aqua
1797 495 1985 567 frigida
2017 504 2074 552 et

499 584 714 642 humida
731 627 746 652 ,
777 603 872 643 aer
893 588 1097 644 calidus
1119 597 1174 644 et
1200 589 1452 646 humidus
1477 605 1491 643 :
1521 598 1578 644 et
1602 589 1926 644 conveniunt
1953 589 2073 660 qui-

498 676 616 732 dem
648 687 791 734 terra
820 686 874 733 et
907 679 1066 750 ignis,
1105 688 1164 735 ut
1191 681 1366 747 sicca;
1409 688 1556 737 terra
1587 695 1716 737 vero
1750 689 1805 736 et
1827 677 1984 750 aqua,
2014 687 2074 734 ut

498 769 724 840 frigida:
750 769 910 825 simili
933 762 1170 828 m'odo.et
1194 771 1396 842 reliqua
1413 775 1679 828 elementa
1697 771 2074 828 communione

496 859 599 916 hac
644 861 785 940 inter
831 876 892 917 se
934 862 1226 917 sociantur.
1269 861 1406 919 Hinc
1427 863 1592 918 etiam
1629 854 1824 918 nostra]
1842 876 2072 933 corpora

495 953 840 1023 proportione
864 955 1054 1011 horum
1077 964 1307 1027 quatuor
1329 955 1720 1012 elementorum
1741 971 1808 1012 ex
1841 964 2074 1026 quatuor

498 1041 813 1100 humoribus
837 1055 1110 1111 constant,
1130 1047 1412 1120 sanguine,
1438 1045 1825 1118 pituita,ﬂava,
1853 1055 1907 1101 et
1952 1055 2070 1103 atra

496 1135 622 1201 bili;
654 1145 708 1192 et
739 1138 957 1210 sanguis
987 1139 1204 1210 quidem
1232 1138 1438 1206 calidus
1459 1147 1512 1194 et
1541 1137 1814 1206 humidus,
1847 1153 2075 1210 propor-

498 1228 642 1283 tione
680 1230 965 1300 respondet
993 1229 1106 1285 aeri
1137 1248 1151 1284 :
1189 1229 1328 1284 llava
1359 1229 1485 1286 bilis
1512 1228 1685 1284 calida
1729 1238 1782 1283 et
1816 1227 1981 1293 sicca,
2019 1235 2074 1283 et

493 1321 842 1390 proportione
863 1324 1150 1393 respondet
1177 1321 1318 1393 igni:
1340 1329 1457 1376 atra
1479 1321 1602 1376 bilis
1621 1319 1761 1376 sicca
1783 1328 1837 1375 et
1857 1319 2071 1391 frigida,

495 1417 549 1464 et
578 1410 921 1480 proportione
950 1411 1239 1483 respondet
1271 1421 1430 1468 terra!
1455 1429 1468 1466 :
1502 1411 1700 1467 humor
1731 1409 1989 1466 humidus
2018 1417 2074 1465 et

495 1499 754 1573 frigidus,
799 1511 856 1558 et
905 1503 1254 1575 proportione
1305 1504 1595 1574 respondet
1646 1517 1822 1572 aqum.
1864 1502 2073 1557 Addam

495 1591 658 1648 etiam
700 1593 767 1648 ad
804 1593 1062 1664 majorem
1093 1593 1526 1666 explanationem
1553 1611 1567 1649 :
1609 1595 1868 1650 Dominus
1896 1607 1991 1649 rex
2019 1601 2076 1649 et

497 1682 795 1754 imperator
823 1696 938 1753 est;
970 1687 1062 1742 sed
1103 1697 1157 1743 et
1194 1688 1478 1760 imperium
1516 1698 1756 1744 vestrum
1794 1687 2076 1761 pmfulget

2174 496 2426 553 omnibus
2448 495 2638 552 eadem
2667 504 2859 551 natura
2887 493 3210 550 communis.
3238 493 3309 548 At
3335 507 3465 548 vero
3497 493 3640 548 Deus
3665 493 3744 549 iu-

2172 587 2429 653 visibilis,
2477 585 3068 659 incomprehensibilis,
3115 583 3533 656 investigabilis,
3583 585 3746 642 incir-

2173 679 2564 751 cumscriptus,
2611 677 2993 749 impassibilis,
3036 675 3392 742 immortalis,
3440 673 3592 731 solus
3635 675 3745 733 Rex

2171 787 2378 843 regum,
2425 781 2486 833 et
2527 771 2787 828 Dominus
2833 771 3252 836 dominantium,
3298 769 3442 825 nulla
3489 777 3589 824 aut
3629 784 3744 826 tam

2173 863 2402 935 angelis,
2441 873 2535 919 aut
2567 879 2690 920 cum
2721 863 3050 928 hominibus,
3084 870 3180 918 aut
3203 854 3332 918 cum"
3362 860 3467 916 alia
3501 871 3746 917 creatura

2170 955 2663 1021 communicatione
2704 962 2790 1010 est
2829 953 3168 1025 conjunetus.
3207 951 3327 1023 Ipse
3363 951 3510 1006 enim
3551 948 3746 1020 opifex,

2173 1055 2369 1104 cuncta
2395 1062 2525 1103 vero
2553 1055 2740 1102 creata
2767 1063 2782 1101 :
2817 1045 2932 1116 ipse
2965 1042 3304 1116 providentia
3342 1040 3504 1114 regit,
3547 1041 3750 1112 reliqua

2173 1139 2357 1197 omnia
2402 1138 2739 1211 providentia
2785 1146 3063 1209 reguntur.
3111 1136 3276 1191 Extra
3323 1134 3494 1207 igitur
3539 1147 3748 1189 omnem

2175 1242 2412 1288 creatam
2445 1240 2699 1285 naturam
2727 1238 2811 1285 est
2842 1227 2983 1284 Deus
3011 1247 3024 1283 :
3056 1236 3216 1298 atque
3258 1227 3364 1282 hac
3407 1226 3622 1282 ratione
3661 1241 3753 1280 no-

2175 1339 2298 1380 men
2329 1323 2500 1393 ipsius
2527 1330 2582 1377 et
2609 1321 3139 1378 incommunicabile.
3179 1319 3383 1376 hlcirco
3419 1326 3476 1373 et
3515 1317 3749 1372 admira-

2174 1414 2300 1470 bilis
2330 1413 2544 1486 Moyses
2576 1411 2882 1484 peculiares
2909 1410 3128 1468 tradidit
3157 1409 3370 1466 litteras
3409 1409 3476 1463 ad
3516 1407 3753 1463 scriben-

2176 1505 2302 1562 dum
2333 1505 2426 1561 Dei
2467 1520 2681 1570 nomen,
2722 1517 2857 1574 quas
2899 1503 2965 1558 ad
3003 1501 3140 1557 alias
3175 1514 3338 1558 voces
3375 1514 3484 1556 non
3524 1512 3751 1568 usurpa-

2173 1598 2324 1654 bant.
2364 1597 2514 1668 Quod
2553 1599 2598 1655 si
2637 1597 2867 1654 virtutes
2898 1596 3176 1670 angelicze,
3215 1603 3378 1665 atque
3406 1592 3661 1649 homines
3684 1588 3752 1660 pii

2177 1691 2458 1761 Deumque
2485 1690 2736 1746 timentes
2762 1677 3058 1760 participes
3081 1685 3178 1742 Dei
3200 1687 3346 1751 sunt,
3387 1683 3440 1740 id
3484 1681 3606 1752 ejus
3637 1696 3756 1752 gra-

495 1775 765 1842 omnibus,
816 1785 872 1832 et
915 1778 1179 1850 dignitate
1223 1779 1544 1850 praeemiues
1591 1795 1714 1835 cum
1761 1780 1978 1836 domina
2019 1788 2076 1836 et
2102 1802 2149 1863 Β
2178 1782 2274 1849 tia,
2303 1798 2410 1837 non
2439 1791 2633 1837 natura
2661 1780 2882 1836 habent.
2929 1777 3094 1849 Cujus
3139 1786 3196 1832 tu
3239 1791 3456 1846 quoque
3495 1773 3596 1829 llas
3637 1787 3756 1843 par-

496 1863 839 1935 imperatrice
875 1877 1051 1924 matre
1088 1877 1200 1934 tua,
1229 1878 1518 1940 vestroque
1543 1870 1691 1924 nutui
1731 1869 1929 1925 subditi
1958 1885 2076 1926 om-

496 1970 593 2010 nes
623 1966 834 2026 parent.
877 1959 1130 2014 Attamen
1167 1959 1415 2015 homines
1453 1961 1616 2025 estis,
1663 1969 1720 2016 et
1763 1959 2074 2016 deliuitione

495 2049 1039 2118 comprehendimiui,
1077 2052 1331 2122 quoniam
1360 2052 1538 2108 omnis
1575 2053 1736 2128 homo
1760 2052 1960 2108 animal
1987 2060 2072 2109 est

496 2139 762 2196 rationale
805 2144 1071 2210 mortale,
1119 2129 1316 2224 mentis
1361 2155 1416 2201 et
1455 2147 1698 2202 scientiae
1743 2161 1912 2217 capax
1959 2163 1976 2203 :
2020 2155 2077 2204 et

493 2228 688 2286 Petrus
713 2233 857 2288 enim
886 2244 939 2289 et
967 2234 1186 2304 Paulus,
1224 2246 1280 2292 et
1316 2237 1499 2292 caeteri
1545 2237 1791 2293 homines
1827 2237 2072 2293 eamdem
2103 2299 2108 2302 _

495 2323 796 2394 suscipiunt
823 2325 1195 2384 deﬁnitionem
1224 2346 1238 2383 :
1269 2329 1371 2384 hoc
1398 2337 1502 2396 est,
1521 2344 1599 2406 ea
1629 2345 1748 2400 qum
1774 2339 1899 2386 sunt
1926 2345 2073 2387 com-

2179 1876 2349 1946 ticeps
2387 1889 2483 1944 per
2520 1874 2658 1929 bona
2697 1887 2878 1943 opera.
2927 1869 2997 1926 Et
3034 1870 3146 1940 ipse
3190 1867 3477 1939 imperium
3517 1873 3752 1919 vestrum

2175 1967 2413 2031 exaltet,
2461 1973 2517 2021 et
2560 1964 2826 2020 subvehat
2867 1976 2969 2018 vos
3013 1961 3081 2016 ad
3123 1957 3473 2029 intelligenda
3521 1965 3576 2012 et
3618 1954 3756 2025 cogi-

2177 2056 2342 2112 tanda
2383 2070 2502 2126 quae
2546 2052 2842 2125 perducunt
2883 2051 2951 2108 ad
2994 2059 3254 2106 aeternum
3294 2048 3464 2120 ipsius
3503 2059 3754 2118 regnum,

2180 2145 2530 2202 miseratione
2567 2159 2667 2201 sua
2702 2153 2758 2200 et
2795 2143 3047 2215 precibus
3079 2148 3281 2197 sancta:
3309 2146 3366 2194 et
3393 2134 3755 2192 immaculata:

2181 2237 2412 2293 dominae
2447 2244 2645 2292 nostra:
2680 2235 2775 2292 Dei
2810 2232 3120 2306 genitricis,
3162 2229 3514 2300 omniumque
3550 2236 3756 2285 sancto-

2180 2345 2300 2383 rum
2327 2325 2463 2398 ejus.
2501 2328 2694 2383 Amen.

511 2458 3752 2501 Μ

891 2623 1904 2744 CHRONOLOGIA
1989 2571 2506 2744 SANCTI
2589 2627 3353 2772 NICEPHORI

1553 2851 1856 2910 EPlSCOPl
1895 2851 2690 2910 CONSTANTINOPOLITANI

995 3005 1627 3118 ﬂnastasio
1699 2988 2563 3117 Bibliothecario
2644 3011 3266 3156 interprete

1544 3232 1640 3298 (Ex
1664 3231 1964 3286 Bibliotheca
1983 3236 2206 3286 veterum
2230 3231 2448 3310 Patrum,
2470 3247 2585 3288 saec.
2606 3237 2700 3299 rs.)

1887 3506 2355 3586 LECTORI.
2393 3584 2395 3586 .

567 3642 698 3698 Cum
727 3659 979 3718 consensu
998 3645 1249 3718 omnium
1288 3654 1473 3718 auctor
1495 3645 1655 3717 hujus
1690 3645 2061 3718 Chronologiq
2097 3643 2524 3718 S._Nicephorus
2543 3642 3438 3718 Constantinopolitanuscpiscopus
3464 3657 3754 3715 asseratur,

491 3730 642 3787 quem
690 3730 754 3768 ea:
778 3785 785 3787 _
807 3715 1108 3787 certissimis
1157 3716 1452 3787 auctoribus
1479 3715 1614 3771 diem
1644 3719 1830 3772 abiisse
1855 3715 1995 3772 anno
2026 3715 2238 3787 Domini
2260 3715 2366 3787 828
2400 3716 2686 3787 indannal.
2713 3715 2914 3772 Eccles.
2946 3727 3073 3787 tom.
3111 3715 3205 3771 IX
3233 3715 3493 3787 "(crtum
3523 3733 3755 3774 necessa-

493 3785 570 3836 rio
599 3784 878 3859 dicendum
932 3784 1251 3859 Theodotum
1307 3785 1642 3859 Qassiternm,
1686 3784 2977 3859 Antonium,JoannemSyngellum,Mctltodium,
3005 3784 3754 3859 [gnatium'Eunuqhum,-qui

489 3863 603 3928 post
648 3855 994 3928 hicephoruns
1019 3856 1242 3928 episcopi
1272 3855 1859 3928 iConstanlt'nopolitani
1910 3855 2130 3928 inferius
2186 3857 2240 3910 in
2261 3854 2359 3911 hac
2391 3854 2737 3928 Chronologia
2777 3854 3125 3928 recensentur,
3157 3875 3258 3912 non
3281 3877 3313 3912 a
3341 3857 3400 3913 S.
3433 3854 3752 3928 Nicepltoro,

491 3925 581 4000 sed
626 3923 689 3978 ab
741 3925 1020 3980 Anastasio
1049 3923 1468 3982 ‘Bibliotltecario
1492 3967 1505 3991 ,
1566 3928 1724 3998 hujus
1791 3923 2155 3997 Chronologiw
2227 3928 2537 3998 interprete,
2609 3923 2700 4000 qui
2743 3936 2970 4000 tempore
3012 3927 3211 3984 l'mntii
3263 3928 3482 3995 virebat,
3524 3923 3754 3999 adjectus

491 3994 653 4064 fuisse

492 4222 570 4290 In
614 4219 875 4320 Christi
905 4222 1189 4320 nomine
1220 4222 1468 4320 incipit
1501 4223 1968 4320 Chronologia
2014 4223 2392 4318 Tripartita
2431 4245 2513 4320 ex
2553 4221 2757 4295 beato
2807 4219 3200 4320 Nicephoro
3241 4231 3498 4320 Deusta
3515 4225 3746 4320 ntino-

585 4317 896 4415 politano
930 4318 1000 4390 in
1047 4315 1388 4393 Latinumﬁ
1426 4321 1595 4394 olim
1625 4315 1955 4394 conversa
1989 4345 2116 4415 per
2141 4315 2592 4393 Auastasium
2627 4318 3028 4415 apostolicae
3053 4317 3244 4392 sedis
3275 4315 3745 4415 bibliotheca-

589 4413 802 4531 r‘ium,
835 4417 922 4490 ad
955 4418 1164 4514 ﬁdem
1195 4417 1636 4508 Anastasiani
1666 4412 2108 4531 exemplaris,
2126 4416 2495 4492 emendata
2520 4427 2591 4490 et
2620 4416 2804 4490 notis
2836 4413 3178 4490 illustrata
3202 4437 3327 4512 per
3357 4412 3746 4488 Antonium

587 4513 946 4588 Contium.

1800 4617 2050 4704 PARS
2097 4625 2445 4704 PRIMA.

995 4917 1226 4975 CAPUT
1265 4917 1558 4994 paruum.

553 5007 726 5080 (Anno
754 5009 934 5064 mumli
961 5009 1088 5081 250)
1125 5011 1298 5065 Adam
1325 5012 1503 5068 anatis
1525 5027 1668 5070 anno
1698 5011 2068 5072 ducentesimo

483 5102 762 5156 tricesimo
793 5102 978 5171 genuit
1011 5100 1169 5170 Seth,
1199 5113 1254 5160 et
1281 5113 1470 5174 postea
1505 5105 1640 5160 vixit
1673 5107 1829 5190 annis
1857 5105 2064 5179 septin-

519 5193 690 5249 eutis.
1199 5233 1202 5236 .

519 5208 690 5249 cutis.
1199 5233 1202 5236 .

483 5208 517 5265 8
555 5284 702 5354 (455)
745 5283 874 5342 Seth
907 5262 1062 5344 natus
1111 5257 1282 5345 annos
1311 5289 1570 5346 ducentos
1611 5297 1666 5345 et
1699 5291 1937 5362 quinque
1968 5307 2063 5365 ge-

479 5378 597 5433 nuit
621 5378 786 5434 Enos.

555 5469 701 5541 (625)
740 5471 1264 5562 Enosnatusgannos
1300 5482 1515 5530 centum
1551 5474 1840 5546 nonaginta
1877 5477 2063 5547 genuit
2123 5535 2128 5544 _

476 5561 719 5618 Cainam.

550 5655 699 5724 (795)
739 5657 959 5713 Cainam
991 5665 1148 5714 natus
1167 5671 1339 5714 annos
1365 5667 1584 5716 centum
1605 5659 1940 5732 septuaginta
1971 5674 2059 5733 ge-

477 5745 597 5802 nuit
621 5747 877 5807 Mahleel.

1916 5832 1981 5848 Μ

2094 4924 2143 4988 C

2243 4915 2391 4991 (960)
2447 4913 2688 4973 Malaleel
2745 4921 2905 4972 natus
2963 4927 3136 4971 annos
3192 4921 3408 4971 centum
3472 4915 3744 4988 sexaginta

2170 5012 2409 5082 quinque
2434 5009 2618 5080 genuit
2639 5006 2823 5064 Jared.

2241 5102 2424 5176 (H22)
2461 5098 2621 5156 Jared
2649 5088 2809 5156 natus
2847 5112 3019 5156 annos
3045 5107 3260 5156 centum
3297 5099 3583 5170 sexaginta
3615 5097 3742 5154 duos

2169 5192 2353 5266 genuit
2379 5190 2582 5246 Enoch.

2222 5285 2426 5357 (1287)
2465 5281 2650 5338 Enoch
2671 5291 2827 5340 natus
2855 5296 3026 5339 annos
3044 5289 3263 5339 centum
3286 5279 3568 5352 sexaginta
3594 5278 3744 5352 quin-

2169 5397 2274 5454 que
2301 5380 2482 5453 genuit
2507 5377 2823 5435 Mathusala.
2891 5409 2896 5438 :

2243 5473 2426 5546 (M74)
2463 5471 2759 5528 Mathusala
2793 5479 2952 5528 natus
2997 5485 3170 5528 annos
3212 5479 3429 5528 centum
3469 5467 3742 5539 octoginta

2169 5577 2372 5639 septem
2399 5567 2582 5638 genuit
2605 5564 2861 5622 Lamech.
3169 5638 3174 5644 _
3277 5617 3286 5626 ,
3737 5611 3740 5618 .

2237 5658 2420 5729 (1662)
2450 5656 2683 5715 Lamcch
2714 5668 2872 5717 natus
2893 5674 3063 5719 annos
3091 5667 3310 5718 centum
3331 5665 3603 5730 octoginta
3625 5661 3742 5714 octo

2159 5749 2348 5818 genuit
2366 5748 2498 5808 Noe.

2862 5885 2960 5902 σου-θοι
