3916 5602
1196 649 1423 705 CAPUT
1464 650 1525 704 11.

983 761 1158 836 (Διιηο
1192 765 1226 820 2
1267 775 1380 833 post
1411 763 1713 834 diluvium.)

625 879 754 936 Post
779 879 1036 936 diluvium
1069 897 1210 935 anno
1251 882 1487 936 secundo
1532 881 1677 949 Scin,
1715 881 1856 937 ﬁlius
1887 881 2015 948 Noe,
2051 899 2148 939 na-

553 981 639 1029 tus
666 991 836 1030 annos
871 984 1084 1030 centum
1115 975 1300 1045 genuit
1331 975 1626 1045 Arphaxat.

629 1066 777 1137 (157)
817 1066 1097 1135 Arphaxat
1126 1076 1282 1121 natus
1311 1082 1480 1120 annos
1507 1075 1724 1123 centum
1753 1068 1968 1139 triginta
1991 1084 2145 1140 qum-

550 1159 654 1229 que
681 1157 863 1229 genuit
889 1158 1133 1213 Cainam.

638 1252 764 1325 297)
806 1251 1026 1308 Cainam
1065 1260 1221 1307 natus
1258 1268 1427 1308 annos
1456 1263 1671 1310 centum
1705 1255 1918 1326 triginta
1949 1257 2137 1327 genuit

549 1343 696 1402 Sala.

631 1439 781 1510 (π97)
821 1438 945 1493 Sala
993 1446 1152 1493 natus
1200 1455 1370 1496 annos
1416 1449 1633 1496 centum
1687 1444 1904 1515 triginta
1957 1445 2142 1516 genuit

549 1529 745 1587 I'lclier.

619 1624 767 1696 (551)
809 1625 987 1682 Heber
1014 1634 1172 1682 natus
1215 1642 1384 1682 annos
1410 1638 1628 1685 centum
1659 1629 1878 1702 triginta
1907 1640 2137 1704 quatuor

548 1717 730 1788 genuit
767 1717 986 1774 Phalec.

619 1808 766 1881 (661)
807 1807 1003 1866 Phalcc
1037 1819 1195 1867 natus
1243 1826 1413 1868 annos
1448 1822 1665 1868 centum
1698 1813 1915 1886 triginta
1950 1815 2135 1887 genuit

546 1902 792 1974 Ithagau.

1727 521 1862 576 ANA
1873 521 1998 577 STA
2009 521 2088 580 Sll
2130 521 2675 581 Bl-BLIOTHECARII

2168 641 2217 701 Α
2244 635 2288 689 Α
2322 634 2521 689 diluvio
2557 643 2734 691 autem
2766 649 2938 706 usque
2963 634 3029 692 ad
3055 635 3330 694 Abraham
3360 639 3488 696 anni
3517 640 3660 706 inille
3681 653 3793 705 octo;

3626 555 3630 559 '
3712 534 3790 594 5l6

2248 727 2395 799 ginta
2430 727 2555 783 duo.

2869 835 3098 901 CAPUT
3129 839 3215 901 111.

2317 973 2590 1029 Abraham
2646 989 2814 1046 agens
2855 991 3056 1034 annum
3105 983 3562 1052 septuagesimum
3593 971 3792 1054 quintani

2243 1059 2439 1135 dignus
2468 1065 2569 1120 fuit
2589 1066 2809 1138 oraculo
2836 1067 3016 1124 divino
3041 1078 3094 1123 et
3119 1069 3257 1126 facta
3286 1071 3386 1142 ipsi
3413 1075 3790 1143 promissionem

2281 1217 2285 1222 _
2315 1155 2360 1211 Α
2390 1172 2494 1226 qua
2519 1172 2688 1226 usque
2712 1159 2779 1212 ad
2816 1158 2922 1214 iter
2959 1173 3024 1213 ex
3069 1159 3326 1232 JEgypto,
3378 1165 3538 1236 cujus
3575 1167 3679 1221 dux
3722 1167 3795 1224 fuit

2243 1249 2478 1323 Moyses,
2525 1261 2655 1306 sunt
2689 1251 2814 1306 anni
2863 1254 3244 1323 quadringenti
3301 1256 3523 1328 triginta
3575 1265 3794 1329 quemad-

2242 1343 2458 1397 modum
2501 1352 2555 1398 et
2591 1344 2877 1415 Apostolus
2923 1353 3152 1400 testatur
3198 1347 3489 1418 inquiens:
3524 1351 3798 1410 Testamen-

2243 1445 2351 1489 tum
2391 1436 2506 1504 Dei,
2541 1436 2620 1490 les
2647 1447 2767 1508 post
2793 1453 2962 1494 annos
2989 1442 3417 1511 quadrii‘igcntos
3451 1442 3669 1514 triginta
3695 1445 3792 1512 lata,

2239 1543 2344 1582 non
2377 1528 2502 1583 facit
2530 1529 2742 1583 irritum
2786 1539 2843 1588 tit
2873 1532 3085 1586 abolent
3107 1533 3526 1602 promissionem
3551 1535 3690 1606 (Gal.
3716 1541 3794 1607 ιιι).

2239 1621 2306 1676 Et
2334 1621 2448 1692 ipse
2478 1623 2528 1677 in
2571 1623 2755 1678 Exodo
2797 1625 3091 1679 concordat
3121 1624 3330 1697 Moyses
3353 1642 3480 1682 cum
3507 1628 3587 1682 ait
3617 1647 3631 1681 :
3663 1630 3794 1684 Habi-

2241 1713 2372 1768 tatio
2424 1722 2602 1768 autem
2651 1713 2880 1769 ﬁliorum
2937 1715 3120 1782 Israel,
3179 1732 3284 1788 qua
3340 1715 3714 1776 habitaverunt
3757 1720 3797 1778 iii

2251 1806 2488 1880 Egypto
2531 1819 2585 1863 et
2609 1809 2660 1864 in
2695 1817 2839 1866 terra
2861 1809 3156 1878 Chanaan],
3209 1811 3385 1883 ipsiet
3412 1823 3597 1886 patres
3625 1830 3796 1878 eorum,

2237 1903 2358 1957 anni
2387 1903 2762 1973 quadringenti
2802 1903 3018 1975 triginta
3047 1890 3250 1976 (Exod.
3275 1903 3400 1975 xu).
3432 1904 3499 1960 Hi
3526 1915 3698 1962 autem
3723 1923 3796 1978 per

613 1994 813 2052 Diebus
852 2008 1030 2052 autem
1063 1997 1258 2052 Plralec
1286 1997 1564 2069 dispertita
1609 2000 1707 2055 fuit
1737 2009 1898 2066 terra,
1933 2001 2052 2058 ideo
2079 2011 2135 2057 et
2165 1997 2210 2058 B
2242 2004 2423 2064 ρεπιυε
2458 1994 2538 2071 itit,
2562 1994 2906 2065 colliguntur.

544 2103 739 2144 nomen
767 2088 962 2145 Pbalec
990 2089 1250 2144 Hebraica
1275 2091 1449 2162 lingua
1477 2094 1809 2162 partitionem
1841 2094 2126 2165 significat.

541 2179 630 2251 (Et
658 2179 745 2234 hic
774 2187 896 2233 ante
926 2188 1133 2248 patrem
1165 2195 1321 2234 suum
1352 2181 1624 2254 moritur.)
1660 2182 1722 2238 Et
1754 2191 1996 2254 tempore
2025 2185 2126 2240 liuv
2179 2209 2190 2260 ε

533 2271 644 2343 jus,
678 2272 764 2327 illa
796 2273 960 2327 turris
985 2272 1316 2328 substructio
1342 2284 1520 2345 empta
1546 2293 1560 2340 ;
1592 2283 1646 2331 et
1673 2291 1739 2331 ex
1768 2291 1875 2331 uno
1906 2278 2128 2349 antiquo

537 2378 805 2427 sermone,
840 2364 1002 2418 variae
1031 2379 1188 2420 voces
1214 2367 1455 2422 deductae
1483 2376 1536 2421 et
1558 2368 1893 2424 diversarum
1921 2370 2130 2441 lingua-

540 2473 656 2510 rum
689 2472 784 2512 sua
811 2456 1005 2528 cuique
1032 2457 1177 2528 genti
1205 2458 1464 2513 attributa
1494 2456 1615 2527 fuit,
1648 2468 1702 2513 ut
1733 2475 1900 2515 sacrae
1931 2461 2127 2517 litterae

538 2547 753 2606 docent.
1796 2570 1800 2575 ·

605 2637 758 2712 (795)
799 2640 1052 2710 lthagau,
1090 2651 1247 2698 natus
1288 2657 1458 2698 annos
1485 2650 1701 2700 centum
1746 2645 1962 2715 triginta
1992 2645 2126 2702 duos

536 2731 720 2801 genuit
756 2729 984 2787 Seruch.

603 2822 750 2896 (929)
791 2824 996 2880 Seruch
1027 2833 1185 2892 natus
1221 2840 1391 2882 annos
1431 2833 1646 2882 centum
1691 2827 1905 2898 triginta
1937 2829 2120 2900 genuit

531 2917 767 2973 Nachor.

603 3008 784 3080 (-1002)
827 3009 1038 3065 Nachor
1072 3019 1229 3066 natus
1251 3025 1420 3067 annos
1449 3013 1790 3084 septuaginta
1815 3029 2004 3067 novem
2032 3027 2122 3082 ge-

534 3097 652 3152 nuit
678 3097 908 3152 Tharra.
1457 3120 1459 3122 ·

606 3189 788 3261 (1072)
829 3190 1035 3247 Tharra
1108 3201 1267 3248 natus
1321 3210 1492 3250 annos
1545 3195 1882 3267 septuaginta
1937 3194 2120 3266 genuit

532 3281 826 3336 Abraham.

2305 2089 2580 2143 Abraham
2617 2098 2773 2144 natus
2805 2102 2976 2144 annos
2999 2099 3214 2144 centum
3242 2089 3432 2160 genuit
3461 2089 3634 2162 Isaac.

2302 2180 2454 2236 Isaae
2487 2189 2646 2234 natus
2677 2194 2852 2234 annos
2882 2181 3162 2250 sexaginta
3197 2180 3387 2252 genuit
3413 2179 3605 2236 Jacob.

2303 2271 2468 2327 Jacob
2505 2279 2661 2325 natus
2700 2285 2870 2326 annos
2901 2271 3172 2341 octoginta
3216 2283 3422 2341 septem
3465 2272 3651 2342 genuit
3675 2271 3796 2326 Levi.

2301 2363 2430 2418 Levi
2490 2372 2648 2417 natus
2707 2377 2881 2417 annos
2940 2362 3297 2434 quadraginta
3353 2363 3593 2434 quinque
3646 2365 3800 2436 genuit

2229 2455 2423 2511 Caath.

2299 2545 2469 2602 Caath
2496 2554 2654 2601 natus
2679 2560 2848 2601 annos
2876 2547 3155 2617 sexaginta
3177 2548 3204 2587 ι)
3233 2557 3344 2603 tres
3370 2550 3560 2620 genuit
3583 2549 3798 2604 Annam.

2296 2640 2518 2694 Amram
2550 2647 2708 2695 natus
2733 2656 2904 2695 annos
2932 2641 3267 2712 septuaginta
3298 2642 3486 2713 genuit
3512 2642 3739 2714 Moysen.

2299 2730 2510 2802 Moyses
2541 2740 2703 2786 natus
2737 2747 2908 2787 annos
2933 2733 3206 2804 octoginta
3241 2733 3427 2788 eduxit.
3465 2736 3711 2804 pepnlum
3746 2751 3796 2788 ex

2225 2819 2480 2894 Egypto.

2296 2898 2631 2984 colliguntur
2662 2914 2894 2968 universi
2944 2929 2972 2968 a
3023 2915 3198 2985 primo
3241 2929 3386 2970 anno
3435 2917 3703 2972 Abraham
3743 2915 3797 2968 ad

2225 3006 2329 3061 iter
2359 3023 2426 3062 ex
2455 3005 2692 3078 .-'Egypto
2719 3007 2844 3061 anni
2877 3008 3153 3078 quingenti
3181 3009 3440 3079 quinque.

2294 3100 2338 3151 A
2387 3098 2589 3153 diluvio
2648 3113 2777 3153 vero
2831 3100 2954 3153 anni
3010 3101 3156 3156 mille
3207 3102 3491 3171 quingenti
3545 3103 3798 3174 octoginta

2223 3199 2450 3262 septem.

2293 3286 2374 3341 Ab
2418 3287 2589 3342 Adam
2643 3301 2769 3341 vero
2813 3287 3109 3342 secundum
3155 3286 3514 3358 Septuaginta
3547 3299 3628 3344 ter
3668 3288 3796 3343 mille

603 3369 846 3429 Universi
883 3374 950 3429 ab
989 3374 1162 3431 Adam
1210 3392 1380 3447 usque
1429 3377 1496 3431 ad
1539 3378 1814 3433 Abranam
1863 3377 1987 3430 anni
2035 3393 2111 3433 se-
2147 3385 2192 3447 (ς
2223 3380 2514 3450 octingenti
2548 3380 2737 3450 viginti
2763 3395 2976 3435 novem.
3016 3380 3326 3437 Secundum
3353 3383 3513 3450 alios,
3553 3395 3630 3440 ter
3667 3383 3798 3440 mille

528 3467 760 3523 cundum
791 3467 933 3523 LXX
953 3479 1077 3526 sunt
1107 3480 1185 3526 ter
1216 3469 1360 3526 inille
1391 3472 1614 3527 trecenti
1648 3471 1836 3542 viginti
1870 3480 2118 3541 quatuor.

2225 3472 2462 3526 sexcenti
2493 3473 2782 3542 nonaginta
2813 3480 2937 3527 octo

1684 3588 1912 3644 CONTll
1951 3588 2158 3644 NOTIE
2197 3589 2769 3646 CIIRONOLOGICAE.

596 3673 824 3754 Anc“:
855 3675 916 3730 11.
939 3708 1007 3716 -
1031 3677 1134 3754 Per
1174 3681 1352 3754 omnia
1383 3684 1636 3738 convenit
1682 3685 1927 3754 superior
1969 3699 2116 3738 com-

530 3744 734 3824 putatio
779 3744 980 3801 Grateae
1011 3750 1230 3824 editioni
1262 3752 1488 3824 vulgata:
1537 3765 1591 3809 et
1633 3744 1838 3819 Lati-nae
1881 3754 2113 3824 Septua-

531 3821 675 3879 ginta
720 3825 956 3870 t'eterum
983 3821 1317 3875 translationi
1343 3821 1444 3892 qua
1469 3834 1678 3878 veteres
1709 3826 1788 3878 usi
1817 3821 1968 3879 sunt.-
1990 3825 2113 3880 Sola

530 3899 736 3965 summa
763 3901 1024 3965 annorum
1051 3899 1157 3944 tam
1185 3907 1213 3944 a
1242 3893 1441 3965 diluvio
1465 3896 1529 3947 ad
1557 3896 1827 3948 Abraham
1855 3912 2013 3965 quam
2047 3897 2113 3950 ab

529 3952 700 4033 Adam
751 3957 816 4033 ad
861 3958 1132 4033 Abraham
1184 3963 1505 4030 specialibus
1552 3966 1791 4020 numeris
1834 3952 1937 4021 non
1983 3983 2109 4022 cou—

530 4027 694 4092 gruit,
725 4027 816 4103 sed
849 4029 960 4096 pari
990 4045 1094 4103 quo
1119 4027 1274 4103 antea
1305 4034 1427 4103 jure
1451 4051 1687 4090 summas
1725 4037 1796 4090 ita
1818 4039 2110 4092 emendare

531 4109 635 4174 non
662 4098 916 4174 verebor,
939 4098 1097 4174 ut
1116 4101 1286 4156 Adam
1305 4098 1483 4174 usque
1505 4107 1569 4159 ad
1607 4107 1879 4162 Abraham
1925 4108 2108 4174 legan-

530 4168 760 4248 ειιεςέιιιιί
787 4168 946 4248 ἤδει,
976 4187 1003 4223 a
1029 4171 1228 4226 diluvio
1251 4188 1376 4229 vero
1393 4168 1562 4246 usque
1589 4179 1654 4230 ad
1682 4179 1952 4232 Abraham
1977 4168 2108 4234 anni

529 4233 685 4318 107.23..
715 4237 772 4318 ln
805 4239 907 4293 hac
937 4233 1092 4318 sane
1119 4233 1515 4318 computatione
1565 4258 1817 4318 tanquam
1869 4233 2108 4305 omnium

525 4312 828 4390 certissima
856 4312 1121 4390 aqnirscit
1151 4312 1308 4369 hodie
1337 4326 1445 4371 tota
1480 4312 1769 4374 Orientalis
1800 4321 2108 4376 Graecorum

524 4374 785 4460 Ecclesia,
818 4374 1136 4460 videturque
1173 4391 1603 4460 eaueomputatio
1636 4393 1796 4446 menti
1831 4394 1890 4446 l).
1927 4374 2107 4460 Atiqu

525 4456 648 4533 stini
683 4467 1001 4533 congruere,
1035 4456 1438 4533 utintelligitur
1467 4477 1532 4517 ex
1571 4462 1662 4515 lib.
1693 4464 1808 4533 ejus
1835 4464 1900 4516 de
1940 4456 2104 4518 Civil.

525 4517 639 4601 liei,
673 4537 718 4573 c.
766 4517 835 4601 10
870 4531 1015 4601 et_c.
1074 4528 1157 4581 115.
1209 4517 1342 4583 Nam
1394 4547 1515 4585 eum
1549 4533 1674 4587 huic
1719 4517 2106 4601 computationi

523 4592 874 4674 Septuaginta
938 4594 1680 4674 lnteiprctum“suffragetur
1730 4592 1893 4658 divini
1949 4603 2106 4659 Luca:

526 4664 867 4743 evangelista!
897 4664 1265 4743 gencalligiaka
1288 4671 1506 4727 Christo
1527 4664 1606 4726 'ad
1636 4673 1901 4728 Adamum
1946 4676 2105 4743 repli-

521 4741 666 4813 cata,
707 4736 860 4813 nefas
887 4738 1038 4813 duxit
1066 4736 1170 4792 tant
1201 4741 1382 4795 Graeca
1421 4759 1582 4813 quam
1611 4743 1802 4799 Latina
1840 4736 2101 4810 Ecclesia,

2219 3685 2491 3740 Abraham
2519 3686 2812 3740 varietates
2843 3685 2895 3740 in
2924 3683 3141 3741 brevem
3181 3702 3450 3742 canonem
3490 3690 3731 3744 subduxi.

2481 3799 2620 3853 Anni
2654 3799 2717 3852 ab
2764 3799 2931 3852 Adam
2968 3815 3126 3868 usque
3157 3799 3225 3853 ad
3253 3801 3544 3855 Abraham.

2291 3892 2682 3968 l_._S_eeundum_
2699 3892 2966 3968 vulgatam
2989 3893 3278 3948 editionem
3302 3897 3480 3949 sancti
3497 3895 3799 3968 Hieronymi

2222 3979 2284 4020 ex
2320 3962 2640 4018 Hebrzco.——
2667 3963 2818 4017 1948.

2283 4035 2336 4087 2.
2369 4035 2671 4108 secundum
2725 4033 2958 4108 Jndazos,
2989 4035 3099 4108 qui
3152 4037 3218 4089 ad
3257 4037 3627 4108 complendum
3668 4053 3803 4106 qua-

2216 4106 2577 4179 dragesimum
2623 4121 2820 4179 nonum
2862 4104 3159 4179 jubilteum,
3205 4117 3262 4161 et
3305 4104 3796 4179 quinguagesimum

2215 4176 2598 4240 inchoandum,
2625 4178 2758 4231 duos
2787 4176 3016 4246 amplius
3047 4192 3220 4233 annos
3249 4176 3477 4245 addunt,
3511 4176 3566 4232 ut
3593 4181 3658 4232 ait
3693 4178 3803 4233 Eu-

2216 4247 2491 4302 scbins.-—
2517 4247 2672 4302 1950.

2287 4318 2338 4370 5.
2374 4317 2680 4372 Secundum
2718 4317 3008 4372 editionem
3058 4319 3402 4384 Hebraicam,
3454 4322 3566 4376 sola
3605 4320 3668 4372 illi
3711 4321 3799 4374 in-

2219 4399 2454 4462 sertaa-s
2503 4389 2660 4462 Lucae
2707 4388 2998 4462 Evangelii)
3045 4391 3267 4446 Cainam
3297 4395 3640 4462 generatione
3670 4405 3802 4445 cum

2216 4461 2327 4514 Suis
2357 4459 2459 4514 150
2485 4461 2661 4522 annis,
2697 4469 2753 4513 ut
2784 4459 3053 4514 Marianus
3076 4459 3539 4519 maluiL-l—2l78.

2283 4531 2335 4583 4.
2375 4532 2676 4603 Secundum
2711 4545 2911 4585 meram
2961 4534 3250 4586 editionem
3300 4534 3661 4603 Septuaginta,
3695 4548 3802 4588 nec

2223 4617 2287 4656 eo
2313 4619 2472 4671 quam
2507 4602 2741 4655 diximus
2771 4603 2925 4655 modo
2955 4602 3390 4657 emendatam—4
3417 4602 3573 4660 55H.

2283 4673 2334 4726 5.
2366 4673 2668 4745 Secundum
2710 4672 3000 4745 editionem
3045 4674 3418 4745 Septuaginta,
3460 4677 3528 4730 ab
3571 4675 3804 4742 Origene

2213 4745 2310 4799 sub
2341 4743 2890 4817 obelisastericisque
2919 4746 3140 4800 editam.
3173 4743 3270 4799 ubi
3299 4749 3630 4817 expungitur
3651 4745 3790 4800 Cai-

525 4800 842 4884 llcbraicam
877 4807 1026 4877 sequi
1058 4800 1485 4884 utinierationeui
1517 4831 1580 4868 ac
1625 4831 1727 4868 non
1767 4818 1942 4884 potius
1984 4800 2105 4870 eam
2135 4825 2186 4882 ι)
2213 4814 2601 4868 ιιίιιιι.-5184.

525 4874 772 4957 amplecti
829 4874 984 4957 ρειαί.
1016 4894 1078 4932 ex
1136 4881 1423 4957 Evangelii)
1469 4874 1842 4957 auctoritatem
1887 4888 2103 4957 accipit.

523 4941 661 5018 liam
691 4941 988 5018 nunc—novi
1011 4941 1496 5018 psctnlochristiani
1540 4965 1593 5009 ct
1642 4958 1959 5011 bebraizent
1988 4941 2106 5011 mo-

521 5010 792 5069 lestlssimi
824 5018 914 5088 qui
963 5010 1186 5074 Judaica
1221 5022 1584 5079 obstinatione
1619 5036 1674 5080 et
1711 5029 1851 5081 nuda
1879 5010 2102 5082 littera-

525 5097 639 5134 rnm
675 5095 833 5162 atque
875 5090 1087 5162 apicum
1141 5094 1464 5149 auctoritate
1502 5097 1646 5162 freti,
1676 5098 1934 5153 adversus
1972 5099 2106 5153 divi-

523 5167 646 5238 nam
681 5155 1036 5238 βιξριιιειεὶιιιιι
1066 5161 1420 5238 lnterpl'etum
1447 5155 1877 5233 translationem,
1904 5178 1957 5222 et
1982 5185 2103 5222 cum

527 5223 878 5303 translatione
895 5223 1175 5303 wcunctam
1214 5223 1573 5303 'propbetiain
1620 5247 1672 5291 et
1703 5223 2101 5293 'l'lebraleornin

524 5295 838 5377 tuendoru‘in
867 5295 1291 5377 emendationem
1314 5295 1552 5373 quotidie
1581 5309 1972 5377 blasphemant.
2001 5307 2105 5364 Nos

526 5364 578 5446 in
630 5364 728 5414 hac
776 5364 1162 5446 t‘iicephoriana
1209 5364 1634 5445 chro'i'iograpbia
1678 5364 2101 5446 a‘cqiiiescemns,

526 5444 587 5515 ac
618 5446 682 5484 ne
718 5437 839 5502 quis
867 5437 1238 5514 desperatione
1262 5455 1354 5517 aut
1387 5437 1774 5515 deraiigatione'
1803 5437 2104 5517 diligentius

2283 4887 2334 4960 6.
2371 4885 2678 4960 Secundum
2709 4886 2989 4960 propriam
3034 4889 3340 4960 opinionem
3393 4890 3566 4944 sancti
3607 4889 3797 4956 Augu—

2212 4958 2335 5011 stini
2366 4957 2553 5029 viginti
2593 4957 2807 5024 quidem
2856 4957 3086 5029 amplius
3131 4975 3300 5014 annos
3334 4960 3640 5014 Mathusalte
3659 4975 3798 5013 cum

2211 5029 2394 5100 genuit
2420 5027 2675 5100 Lainech,
2709 5027 2978 5096 addentis,
3027 5031 3118 5087 sed
3156 5030 3430 5088 Lameeho
3457 5041 3632 5100 postea
3657 5045 3799 5084 cum

2209 5099 2392 5168 genuit
2419 5098 2604 5163 Neam;
2633 5113 2725 5151 sex
2760 5116 2931 5155 annos
2958 5103 3386 5156 detrahentis.—-
3400 5098 3559 5158 5528.

2281 5168 2666 5243 7.Secnndnm
2714 5169 2962 5243 Aldinam
3027 5172 3379 5242 Septuaginta
3433 5173 3800 5243 lnterpretum

2209 5239 2520 5302 editionem,
2546 5255 2704 5308 quam
2730 5240 3060 5310 Nieephorus
3087 5239 3170 5297 hic
3191 5239 3480 5298 conﬁrmat
3507 5239 3618 5299 esse.
3635 5250 3798 5295 recte

2214 5311 2552 5364 emendatam
2584 5321 2636 5362 et
2665 5311 2841 5364 omnis
2876 5313 3184 5368 Grazcorum
3215 5310 3722 5370 Ecclesia.—555L

2276 5383 2356 5456 An
2387 5381 2519 5456 (ξΑιι.
2543 5381 2690 5456 lll.~—
2713 5382 2788 5456 lis
2821 5383 3042 5456 singulis
3065 5386 3527 5456 nuiiierliseuiqnc
3548 5399 3797 5454 persona:

2207 5451 2456 5532 ascriptis
2504 5452 2613 5538 (qui
2667 5462 2718 5542 et
2771 5453 2820 5505 in
2866 5447 3099 5536 editione
3154 5447 3266 5516 tam.
3315 5447 3794 5550 Hebraicanqttam
