  <div class='ocr_page' id='page_1' title='image "/cluster/home/n/w/nwhite01/storage/ocr_20150623/129/hvd.32044015471709/266.png"; bbox 0 0 3916 5620; ppageno 0'>
   <div class='ocr_carea' id='block_1_1' title="bbox 190 354 2803 429">
    <p class='ocr_par' dir='ltr' id='par_1_1' title="bbox 190 354 2803 429">
     <span class='ocr_line' id='line_1_1' title="bbox 190 354 2803 429; baseline 0.005 -14"><span class='ocrx_word' id='word_1_1' title='bbox 190 359 272 415; x_wconf 64' lang='lat'><strong>5&#39;21</strong></span> <span class='ocrx_word' id='word_1_2' title='bbox 767 354 1321 420; x_wconf 79' lang='lat' dir='ltr'><strong>INTERPRETATiO</strong></span> <span class='ocrx_word' id='word_1_3' title='bbox 1355 361 1866 423; x_wconf 57' lang='lat' dir='ltr'><strong>CIIRONOLOGIAI</strong></span> <span class='ocrx_word' id='word_1_4' title='bbox 1907 366 1966 424; x_wconf 85' lang='lat' dir='ltr'><strong>S.</strong></span> <span class='ocrx_word' id='word_1_5' title='bbox 2006 365 2389 425; x_wconf 79' lang='lat' dir='ltr'><strong>NICEPIIORI.</strong></span> <span class='ocrx_word' id='word_1_6' title='bbox 2435 400 2503 409; x_wconf 92' lang='lat'><strong>—</strong></span> <span class='ocrx_word' id='word_1_7' title='bbox 2541 368 2723 425; x_wconf 84' lang='lat' dir='ltr'><strong>PARS</strong></span> <span class='ocrx_word' id='word_1_8' title='bbox 2760 370 2803 429; x_wconf 81' lang='lat' dir='ltr'><strong>L</strong></span> 
     </span>
    </p>
   </div>
   <div class='ocr_carea' id='block_1_2' title="bbox 249 469 1513 542">
    <p class='ocr_par' dir='ltr' id='par_1_2' title="bbox 249 469 1513 542">
     <span class='ocr_line' id='line_1_2' title="bbox 249 469 1513 542; baseline 0.004 -16"><span class='ocrx_word' id='word_1_9' title='bbox 249 477 460 526; x_wconf 86' lang='lat' dir='ltr'><strong>ruerunt</strong></span> <span class='ocrx_word' id='word_1_10' title='bbox 484 469 756 541; x_wconf 61' lang='lat' dir='ltr'><strong>prophetae</strong></span> <span class='ocrx_word' id='word_1_11' title='bbox 779 470 1051 541; x_wconf 72' lang='lat' dir='ltr'><strong>Michteas,</strong></span> <span class='ocrx_word' id='word_1_12' title='bbox 1082 474 1253 542; x_wconf 87' lang='lat' dir='ltr'><strong>Elias,</strong></span> <span class='ocrx_word' id='word_1_13' title='bbox 1285 474 1513 533; x_wconf 83' lang='lat' dir='ltr'><strong>Eliseus.</strong></span> 
     </span>
    </p>
   </div>
   <div class='ocr_carea' id='block_1_3' title="bbox 185 562 834 619">
    <p class='ocr_par' dir='ltr' id='par_1_3' title="bbox 185 562 834 619">
     <span class='ocr_line' id='line_1_3' title="bbox 185 562 834 619; baseline 0 0"><span class='ocrx_word' id='word_1_14' title='bbox 185 565 282 619; x_wconf 72' lang='lat' dir='ltr'><strong>Rex</strong></span> <span class='ocrx_word' id='word_1_15' title='bbox 307 562 485 617; x_wconf 85' lang='lat' dir='ltr'><strong>Joram</strong></span> <span class='ocrx_word' id='word_1_16' title='bbox 509 562 664 618; x_wconf 90' lang='lat' dir='ltr'><strong>annis</strong></span> <span class='ocrx_word' id='word_1_17' title='bbox 693 573 834 619; x_wconf 91' lang='lat' dir='ltr'><strong>octo.</strong></span> 
     </span>
    </p>
   </div>
   <div class='ocr_carea' id='block_1_4' title="bbox 182 656 1736 729">
    <p class='ocr_par' dir='ltr' id='par_1_4' title="bbox 182 656 1736 729">
     <span class='ocr_line' id='line_1_4' title="bbox 182 656 1736 729; baseline 0.005 -16"><span class='ocrx_word' id='word_1_18' title='bbox 182 656 426 713; x_wconf 80' lang='lat' dir='ltr'><strong>chozias</strong></span> <span class='ocrx_word' id='word_1_19' title='bbox 454 670 595 711; x_wconf 90' lang='lat' dir='ltr'><strong>anno</strong></span> <span class='ocrx_word' id='word_1_20' title='bbox 623 673 765 723; x_wconf 87' lang='lat' dir='ltr'><strong>uno;</strong></span> <span class='ocrx_word' id='word_1_21' title='bbox 794 656 1044 715; x_wconf 87' lang='lat' dir='ltr'><strong>Gotholia</strong></span> <span class='ocrx_word' id='word_1_22' title='bbox 1070 668 1248 717; x_wconf 87' lang='lat' dir='ltr'><strong>mater</strong></span> <span class='ocrx_word' id='word_1_23' title='bbox 1276 659 1547 729; x_wconf 71' lang='lat' dir='ltr'><strong>Ochoziae,</strong></span> <span class='ocrx_word' id='word_1_24' title='bbox 1576 663 1736 721; x_wconf 89' lang='lat' dir='ltr'><strong>annis</strong></span> 
     </span>
    </p>
   </div>
   <div class='ocr_carea' id='block_1_5' title="bbox 236 757 447 818">
    <p class='ocr_par' dir='ltr' id='par_1_5' title="bbox 236 757 447 818">
     <span class='ocr_line' id='line_1_5' title="bbox 236 757 447 818; baseline -0.019 -13"><span class='ocrx_word' id='word_1_25' title='bbox 236 757 447 818; x_wconf 87' lang='lat' dir='ltr'><strong>septem.</strong></span> 
     </span>
    </p>
   </div>
   <div class='ocr_carea' id='block_1_6' title="bbox 179 841 869 915">
    <p class='ocr_par' dir='ltr' id='par_1_6' title="bbox 179 841 869 915">
     <span class='ocr_line' id='line_1_6' title="bbox 179 841 869 915; baseline 0.003 -18"><span class='ocrx_word' id='word_1_26' title='bbox 179 842 287 899; x_wconf 82' lang='lat' dir='ltr'><strong>Joas</strong></span> <span class='ocrx_word' id='word_1_27' title='bbox 308 843 461 899; x_wconf 89' lang='lat' dir='ltr'><strong>annis</strong></span> <span class='ocrx_word' id='word_1_28' title='bbox 491 841 869 915; x_wconf 72' lang='lat' dir='ltr'><strong>quadraginta.</strong></span> 
     </span>
    </p>
   </div>
   <div class='ocr_carea' id='block_1_7' title="bbox 175 932 1048 1006">
    <p class='ocr_par' dir='ltr' id='par_1_7' title="bbox 175 932 1048 1006">
     <span class='ocr_line' id='line_1_7' title="bbox 175 932 1048 1006; baseline 0.001 -17"><span class='ocrx_word' id='word_1_29' title='bbox 175 932 400 989; x_wconf 79' lang='lat' dir='ltr'><strong>Amasias</strong></span> <span class='ocrx_word' id='word_1_30' title='bbox 428 935 586 990; x_wconf 89' lang='lat' dir='ltr'><strong>annis</strong></span> <span class='ocrx_word' id='word_1_31' title='bbox 617 935 801 1006; x_wconf 88' lang='lat' dir='ltr'><strong>viginti</strong></span> <span class='ocrx_word' id='word_1_32' title='bbox 831 950 1048 991; x_wconf 88' lang='lat' dir='ltr'><strong>novem.</strong></span> 
     </span>
    </p>
   </div>
   <div class='ocr_carea' id='block_1_8' title="bbox 176 1024 1731 1103">
    <p class='ocr_par' dir='ltr' id='par_1_8' title="bbox 176 1024 1731 1103">
     <span class='ocr_line' id='line_1_8' title="bbox 176 1024 1731 1103; baseline 0.006 -24"><span class='ocrx_word' id='word_1_33' title='bbox 176 1039 197 1066; x_wconf 82' lang='grc' dir='ltr'><strong>ι</strong></span> <span class='ocrx_word' id='word_1_34' title='bbox 217 1024 449 1091; x_wconf 80' lang='lat' dir='ltr'><strong>Azarias,</strong></span> <span class='ocrx_word' id='word_1_35' title='bbox 474 1026 566 1094; x_wconf 89' lang='lat' dir='ltr'><strong>qui</strong></span> <span class='ocrx_word' id='word_1_36' title='bbox 600 1035 654 1080; x_wconf 89' lang='lat' dir='ltr'><strong>et</strong></span> <span class='ocrx_word' id='word_1_37' title='bbox 693 1026 873 1093; x_wconf 81' lang='lat' dir='ltr'><strong>Ozias,</strong></span> <span class='ocrx_word' id='word_1_38' title='bbox 904 1030 1063 1085; x_wconf 87' lang='lat' dir='ltr'><strong>annis</strong></span> <span class='ocrx_word' id='word_1_39' title='bbox 1084 1028 1477 1103; x_wconf 81' lang='lat' dir='ltr'><strong>quinquaginta</strong></span> <span class='ocrx_word' id='word_1_40' title='bbox 1502 1032 1731 1089; x_wconf 90' lang='lat' dir='ltr'><strong>duobus.</strong></span> 
     </span>
    </p>
   </div>
   <div class='ocr_carea' id='block_1_9' title="bbox 231 1121 1731 1199">
    <p class='ocr_par' dir='ltr' id='par_1_9' title="bbox 231 1121 1731 1199">
     <span class='ocr_line' id='line_1_9' title="bbox 231 1121 1731 1199; baseline 0.007 -23"><span class='ocrx_word' id='word_1_41' title='bbox 231 1121 317 1177; x_wconf 83' lang='lat' dir='ltr'><strong>His</strong></span> <span class='ocrx_word' id='word_1_42' title='bbox 354 1122 688 1193; x_wconf 86' lang='lat' dir='ltr'><strong>temporibus</strong></span> <span class='ocrx_word' id='word_1_43' title='bbox 729 1122 1028 1181; x_wconf 81' lang='lat' dir='ltr'><strong>ﬂoruerunt</strong></span> <span class='ocrx_word' id='word_1_44' title='bbox 1052 1129 1332 1199; x_wconf 70' lang='lat' dir='ltr'><strong>propheta:</strong></span> <span class='ocrx_word' id='word_1_45' title='bbox 1356 1129 1517 1197; x_wconf 89' lang='lat' dir='ltr'><strong>Osee,</strong></span> <span class='ocrx_word' id='word_1_46' title='bbox 1544 1132 1731 1197; x_wconf 85' lang='lat' dir='ltr'><strong>Amos,</strong></span> 
     </span>
    </p>
   </div>
   <div class='ocr_carea' id='block_1_10' title="bbox 229 1212 784 1281">
    <p class='ocr_par' dir='ltr' id='par_1_10' title="bbox 229 1212 784 1281">
     <span class='ocr_line' id='line_1_10' title="bbox 229 1212 784 1281; baseline 0.002 -12"><span class='ocrx_word' id='word_1_47' title='bbox 229 1212 399 1277; x_wconf 84' lang='lat' dir='ltr'><strong>Isaias,</strong></span> <span class='ocrx_word' id='word_1_48' title='bbox 428 1212 617 1281; x_wconf 77' lang='lat' dir='ltr'><strong>Jonas,</strong></span> <span class='ocrx_word' id='word_1_49' title='bbox 648 1212 784 1270; x_wconf 85' lang='lat' dir='ltr'><strong>Joel.</strong></span> 
     </span>
    </p>
   </div>
   <div class='ocr_carea' id='block_1_11' title="bbox 174 1306 995 1368">
    <p class='ocr_par' dir='ltr' id='par_1_11' title="bbox 174 1306 995 1368">
     <span class='ocr_line' id='line_1_11' title="bbox 174 1306 995 1368; baseline 0.004 -4"><span class='ocrx_word' id='word_1_50' title='bbox 174 1307 270 1364; x_wconf 76' lang='lat' dir='ltr'><strong>Rex</strong></span> <span class='ocrx_word' id='word_1_51' title='bbox 296 1306 526 1363; x_wconf 76' lang='lat' dir='ltr'><strong>Joathau</strong></span> <span class='ocrx_word' id='word_1_52' title='bbox 552 1309 713 1366; x_wconf 89' lang='lat' dir='ltr'><strong>annis</strong></span> <span class='ocrx_word' id='word_1_53' title='bbox 735 1311 995 1368; x_wconf 84' lang='lat' dir='ltr'><strong>sedecim.</strong></span> 
     </span>
    </p>
   </div>
   <div class='ocr_carea' id='block_1_12' title="bbox 175 1404 801 1462">
    <p class='ocr_par' dir='ltr' id='par_1_12' title="bbox 175 1404 801 1462">
     <span class='ocr_line' id='line_1_12' title="bbox 175 1404 801 1462; baseline 0.002 -4"><span class='ocrx_word' id='word_1_54' title='bbox 175 1405 328 1459; x_wconf 69' lang='lat' dir='ltr'><strong>Achas</strong></span> <span class='ocrx_word' id='word_1_55' title='bbox 349 1404 512 1461; x_wconf 92' lang='lat' dir='ltr'><strong>annis</strong></span> <span class='ocrx_word' id='word_1_56' title='bbox 542 1406 801 1462; x_wconf 88' lang='lat' dir='ltr'><strong>sedecim.</strong></span> 
     </span>
    </p>
   </div>
   <div class='ocr_carea' id='block_1_13' title="bbox 174 1494 1055 1568">
    <p class='ocr_par' dir='ltr' id='par_1_13' title="bbox 174 1494 1055 1568">
     <span class='ocr_line' id='line_1_13' title="bbox 174 1494 1055 1568; baseline 0.006 -21"><span class='ocrx_word' id='word_1_57' title='bbox 174 1494 409 1550; x_wconf 79' lang='lat' dir='ltr'><strong>Ezechias</strong></span> <span class='ocrx_word' id='word_1_58' title='bbox 434 1496 598 1551; x_wconf 89' lang='lat' dir='ltr'><strong>annis</strong></span> <span class='ocrx_word' id='word_1_59' title='bbox 623 1496 814 1568; x_wconf 89' lang='lat' dir='ltr'><strong>viginti</strong></span> <span class='ocrx_word' id='word_1_60' title='bbox 840 1511 1055 1553; x_wconf 85' lang='lat' dir='ltr'><strong>novem.</strong></span> 
     </span>
    </p>
   </div>
   <div class='ocr_carea' id='block_1_14' title="bbox 173 1588 1728 1662">
    <p class='ocr_par' dir='ltr' id='par_1_14' title="bbox 173 1588 1728 1662">
     <span class='ocr_line' id='line_1_14' title="bbox 173 1588 1728 1662; baseline 0.003 -19"><span class='ocrx_word' id='word_1_61' title='bbox 173 1588 416 1645; x_wconf 68' lang='lat' dir='ltr'><strong>Manasses</strong></span> <span class='ocrx_word' id='word_1_62' title='bbox 469 1589 627 1643; x_wconf 92' lang='lat' dir='ltr'><strong>anuis</strong></span> <span class='ocrx_word' id='word_1_63' title='bbox 679 1590 1072 1661; x_wconf 79' lang='lat' dir='ltr'><strong>quinquaginta</strong></span> <span class='ocrx_word' id='word_1_64' title='bbox 1118 1590 1377 1662; x_wconf 91' lang='lat' dir='ltr'><strong>quinque.</strong></span> <span class='ocrx_word' id='word_1_65' title='bbox 1444 1590 1556 1647; x_wconf 92' lang='lat' dir='ltr'><strong>Sub</strong></span> <span class='ocrx_word' id='word_1_66' title='bbox 1605 1592 1728 1656; x_wconf 87' lang='lat' dir='ltr'><strong>hoc,</strong></span> 
     </span>
    </p>
   </div>
   <div class='ocr_carea' id='block_1_15' title="bbox 225 1680 1734 1754">
    <p class='ocr_par' dir='ltr' id='par_1_15' title="bbox 225 1680 1734 1754">
     <span class='ocr_line' id='line_1_15' title="bbox 225 1680 1734 1754; baseline 0.001 -19"><span class='ocrx_word' id='word_1_67' title='bbox 225 1695 353 1735; x_wconf 89' lang='lat' dir='ltr'><strong>anno</strong></span> <span class='ocrx_word' id='word_1_68' title='bbox 385 1680 731 1749; x_wconf 87' lang='lat' dir='ltr'><strong>duodecimo,</strong></span> <span class='ocrx_word' id='word_1_69' title='bbox 777 1683 1029 1738; x_wconf 87' lang='lat' dir='ltr'><strong>conditur</strong></span> <span class='ocrx_word' id='word_1_70' title='bbox 1076 1681 1399 1749; x_wconf 71' lang='lat' dir='ltr'><strong>Bizantium,</strong></span> <span class='ocrx_word' id='word_1_71' title='bbox 1454 1700 1574 1753; x_wconf 63' lang='lat' dir='ltr'><strong>(iure</strong></span> <span class='ocrx_word' id='word_1_72' title='bbox 1608 1692 1734 1754; x_wconf 75' lang='lat' dir='ltr'><strong>post</strong></span> 
     </span>
    </p>
   </div>
   <div class='ocr_carea' id='block_1_16' title="bbox 223 1774 1031 1845">
    <p class='ocr_par' dir='ltr' id='par_1_16' title="bbox 223 1774 1031 1845">
     <span class='ocr_line' id='line_1_16' title="bbox 223 1774 1031 1845; baseline -0.002 -15"><span class='ocrx_word' id='word_1_73' title='bbox 223 1774 717 1845; x_wconf 77' lang='lat' dir='ltr'><strong>Constantinopolis</strong></span> <span class='ocrx_word' id='word_1_74' title='bbox 748 1774 895 1829; x_wconf 82' lang='lat' dir='ltr'><strong>dicta</strong></span> <span class='ocrx_word' id='word_1_75' title='bbox 927 1782 1031 1831; x_wconf 87' lang='lat' dir='ltr'><strong>est.</strong></span> 
     </span>
    </p>
   </div>
   <div class='ocr_carea' id='block_1_17' title="bbox 214 1866 891 1924">
    <p class='ocr_par' dir='ltr' id='par_1_17' title="bbox 214 1866 891 1924">
     <span class='ocr_line' id='line_1_17' title="bbox 214 1866 891 1924; baseline 0.001 -3"><span class='ocrx_word' id='word_1_76' title='bbox 214 1866 364 1923; x_wconf 80' lang='lat' dir='ltr'><strong>Amos</strong></span> <span class='ocrx_word' id='word_1_77' title='bbox 390 1867 556 1923; x_wconf 90' lang='lat' dir='ltr'><strong>annis</strong></span> <span class='ocrx_word' id='word_1_78' title='bbox 584 1866 891 1924; x_wconf 86' lang='lat' dir='ltr'><strong>duodecim.</strong></span> 
     </span>
    </p>
   </div>
   <div class='ocr_carea' id='block_1_18' title="bbox 222 1956 1725 2036">
    <p class='ocr_par' dir='ltr' id='par_1_18' title="bbox 222 1956 1725 2036">
     <span class='ocr_line' id='line_1_18' title="bbox 222 1956 1725 2036; baseline 0.003 -24"><span class='ocrx_word' id='word_1_79' title='bbox 222 1956 382 2015; x_wconf 80' lang='lat' dir='ltr'><strong>Josias</strong></span> <span class='ocrx_word' id='word_1_80' title='bbox 396 1959 559 2014; x_wconf 89' lang='lat' dir='ltr'><strong>annis</strong></span> <span class='ocrx_word' id='word_1_81' title='bbox 579 1958 799 2030; x_wconf 83' lang='lat' dir='ltr'><strong>triginta</strong></span> <span class='ocrx_word' id='word_1_82' title='bbox 820 1974 953 2027; x_wconf 91' lang='lat' dir='ltr'><strong>uno,</strong></span> <span class='ocrx_word' id='word_1_83' title='bbox 971 1968 1025 2015; x_wconf 90' lang='lat' dir='ltr'><strong>et</strong></span> <span class='ocrx_word' id='word_1_84' title='bbox 1039 1960 1427 2032; x_wconf 88' lang='lat' dir='ltr'><strong>interregnum,</strong></span> <span class='ocrx_word' id='word_1_85' title='bbox 1445 1960 1725 2036; x_wconf 78' lang='grc' dir='ltr'><strong>ἀναρχίαο,</strong></span> 
     </span>
    </p>
   </div>
   <div class='ocr_carea' id='block_1_19' title="bbox 168 2056 1729 2127">
    <p class='ocr_par' dir='ltr' id='par_1_19' title="bbox 168 2056 1729 2127">
     <span class='ocr_line' id='line_1_19' title="bbox 168 2056 1729 2127; baseline 0.003 -16"><span class='ocrx_word' id='word_1_86' title='bbox 168 2056 298 2112; x_wconf 89' lang='lat' dir='ltr'><strong>annis</strong></span> <span class='ocrx_word' id='word_1_87' title='bbox 329 2057 550 2127; x_wconf 76' lang='lat' dir='ltr'><strong>triginta</strong></span> <span class='ocrx_word' id='word_1_88' title='bbox 582 2059 879 2114; x_wconf 86' lang='lat' dir='ltr'><strong>secundum</strong></span> <span class='ocrx_word' id='word_1_89' title='bbox 914 2057 1080 2124; x_wconf 78' lang='lat' dir='ltr'><strong>LXX,</strong></span> <span class='ocrx_word' id='word_1_90' title='bbox 1118 2059 1415 2115; x_wconf 55' lang='lat' dir='ltr'><strong>secundum</strong></span> <span class='ocrx_word' id='word_1_91' title='bbox 1472 2058 1729 2115; x_wconf 72' lang='lat' dir='ltr'><strong>llebrmos</strong></span> 
     </span>
    </p>
   </div>
   <div class='ocr_carea' id='block_1_20' title="bbox 169 2146 1727 2222">
    <p class='ocr_par' dir='ltr' id='par_1_20' title="bbox 169 2146 1727 2222">
     <span class='ocr_line' id='line_1_20' title="bbox 169 2146 1727 2222; baseline 0.003 -21"><span class='ocrx_word' id='word_1_92' title='bbox 169 2148 554 2221; x_wconf 81' lang='lat' dir='ltr'><strong>quinquaginta.</strong></span> <span class='ocrx_word' id='word_1_93' title='bbox 601 2146 696 2203; x_wconf 84' lang='lat' dir='ltr'><strong>His</strong></span> <span class='ocrx_word' id='word_1_94' title='bbox 745 2150 1075 2220; x_wconf 84' lang='lat' dir='ltr'><strong>temporibus</strong></span> <span class='ocrx_word' id='word_1_95' title='bbox 1125 2149 1422 2207; x_wconf 85' lang='lat' dir='ltr'><strong>ﬂoruerunt</strong></span> <span class='ocrx_word' id='word_1_96' title='bbox 1447 2150 1727 2222; x_wconf 72' lang='lat' dir='ltr'><strong>propheta:</strong></span> 
     </span>
    </p>
   </div>
   <div class='ocr_carea' id='block_1_21' title="bbox 165 2237 1097 2322">
    <p class='ocr_par' dir='ltr' id='par_1_21' title="bbox 165 2237 1097 2322">
     <span class='ocr_line' id='line_1_21' title="bbox 165 2237 1097 2322; baseline 0.003 -28"><span class='ocrx_word' id='word_1_97' title='bbox 165 2238 415 2322; x_wconf 77' lang='lat' dir='ltr'><strong>Jeremias,</strong></span> <span class='ocrx_word' id='word_1_98' title='bbox 448 2237 758 2312; x_wconf 88' lang='lat' dir='ltr'><strong>Sophonias</strong></span> <span class='ocrx_word' id='word_1_99' title='bbox 779 2253 834 2296; x_wconf 89' lang='lat' dir='ltr'><strong>et</strong></span> <span class='ocrx_word' id='word_1_100' title='bbox 860 2241 1097 2298; x_wconf 89' lang='lat' dir='ltr'><strong>Baruch.</strong></span> 
     </span>
    </p>
   </div>
   <div class='ocr_carea' id='block_1_22' title="bbox 220 2332 1383 2393">
    <p class='ocr_par' dir='ltr' id='par_1_22' title="bbox 220 2332 1383 2393">
     <span class='ocr_line' id='line_1_22' title="bbox 220 2332 1383 2393; baseline 0.003 -5"><span class='ocrx_word' id='word_1_101' title='bbox 220 2334 321 2389; x_wconf 77' lang='lat' dir='ltr'><strong>Rex</strong></span> <span class='ocrx_word' id='word_1_102' title='bbox 351 2332 559 2390; x_wconf 81' lang='lat' dir='ltr'><strong>Jachaz</strong></span> <span class='ocrx_word' id='word_1_103' title='bbox 589 2335 675 2391; x_wconf 77' lang='lat' dir='ltr'><strong>rel</strong></span> <span class='ocrx_word' id='word_1_104' title='bbox 698 2333 931 2392; x_wconf 72' lang='lat' dir='ltr'><strong>Joachaz</strong></span> <span class='ocrx_word' id='word_1_105' title='bbox 959 2350 1175 2392; x_wconf 88' lang='lat' dir='ltr'><strong>menses</strong></span> <span class='ocrx_word' id='word_1_106' title='bbox 1202 2345 1312 2393; x_wconf 91' lang='lat' dir='ltr'><strong>tres</strong></span> <span class='ocrx_word' id='word_1_107' title='bbox 1333 2336 1383 2391; x_wconf 75' lang='grc' dir='ltr'><strong>ά.</strong></span> 
     </span>
    </p>
   </div>
   <div class='ocr_carea' id='block_1_23' title="bbox 222 2426 1729 2499">
    <p class='ocr_par' dir='ltr' id='par_1_23' title="bbox 222 2426 1729 2499">
     <span class='ocr_line' id='line_1_23' title="bbox 222 2426 1729 2499; baseline 0.002 -18"><span class='ocrx_word' id='word_1_108' title='bbox 222 2426 428 2482; x_wconf 80' lang='lat' dir='ltr'><strong>Eliaeim</strong></span> <span class='ocrx_word' id='word_1_109' title='bbox 490 2443 664 2483; x_wconf 89' lang='lat' dir='ltr'><strong>annos</strong></span> <span class='ocrx_word' id='word_1_110' title='bbox 714 2428 997 2484; x_wconf 88' lang='lat' dir='ltr'><strong>duodecim</strong></span> <span class='ocrx_word' id='word_1_111' title='bbox 1029 2440 1073 2484; x_wconf 71' lang='grc' dir='ltr'><strong>θ.</strong></span> <span class='ocrx_word' id='word_1_112' title='bbox 1121 2427 1387 2499; x_wconf 84' lang='lat' dir='ltr'><strong>Regnavit</strong></span> <span class='ocrx_word' id='word_1_113' title='bbox 1427 2427 1518 2484; x_wconf 88' lang='lat' dir='ltr'><strong>hic</strong></span> <span class='ocrx_word' id='word_1_114' title='bbox 1558 2442 1729 2484; x_wconf 86' lang='lat' dir='ltr'><strong>annos</strong></span> 
     </span>
    </p>
   </div>
   <div class='ocr_carea' id='block_1_24' title="bbox 163 2516 1727 2590">
    <p class='ocr_par' dir='ltr' id='par_1_24' title="bbox 163 2516 1727 2590">
     <span class='ocr_line' id='line_1_24' title="bbox 163 2516 1727 2590; baseline 0.003 -21"><span class='ocrx_word' id='word_1_115' title='bbox 163 2518 383 2574; x_wconf 84' lang='lat' dir='ltr'><strong>undecim</strong></span> <span class='ocrx_word' id='word_1_116' title='bbox 409 2532 471 2575; x_wconf 90' lang='lat' dir='ltr'><strong>et.</strong></span> <span class='ocrx_word' id='word_1_117' title='bbox 498 2535 702 2590; x_wconf 90' lang='lat' dir='ltr'><strong>paucos</strong></span> <span class='ocrx_word' id='word_1_118' title='bbox 731 2534 964 2582; x_wconf 87' lang='lat' dir='ltr'><strong>menses,</strong></span> <span class='ocrx_word' id='word_1_119' title='bbox 994 2528 1050 2575; x_wconf 91' lang='lat' dir='ltr'><strong>et</strong></span> <span class='ocrx_word' id='word_1_120' title='bbox 1070 2516 1185 2588; x_wconf 89' lang='lat' dir='ltr'><strong>ejus</strong></span> <span class='ocrx_word' id='word_1_121' title='bbox 1218 2519 1366 2590; x_wconf 80' lang='lat' dir='ltr'><strong>regni</strong></span> <span class='ocrx_word' id='word_1_122' title='bbox 1397 2534 1541 2574; x_wconf 88' lang='lat' dir='ltr'><strong>anno</strong></span> <span class='ocrx_word' id='word_1_123' title='bbox 1567 2520 1727 2574; x_wconf 89' lang='lat' dir='ltr'><strong>tertio</strong></span> 
     </span>
    </p>
   </div>
   <div class='ocr_carea' id='block_1_25' title="bbox 164 2611 1063 2681">
    <p class='ocr_par' dir='ltr' id='par_1_25' title="bbox 164 2611 1063 2681">
     <span class='ocr_line' id='line_1_25' title="bbox 164 2611 1063 2681; baseline 0 -16"><span class='ocrx_word' id='word_1_124' title='bbox 164 2613 282 2667; x_wconf 82' lang='lat' dir='ltr'><strong>facta</strong></span> <span class='ocrx_word' id='word_1_125' title='bbox 306 2622 387 2668; x_wconf 90' lang='lat' dir='ltr'><strong>est</strong></span> <span class='ocrx_word' id='word_1_126' title='bbox 404 2620 467 2668; x_wconf 86' lang='lat' dir='ltr'><strong>et.</strong></span> <span class='ocrx_word' id='word_1_127' title='bbox 490 2612 728 2668; x_wconf 85' lang='lat' dir='ltr'><strong>secunda</strong></span> <span class='ocrx_word' id='word_1_128' title='bbox 754 2611 1063 2681; x_wconf 85' lang='lat' dir='ltr'><strong>captivitas.</strong></span> 
     </span>
    </p>
   </div>
   <div class='ocr_carea' id='block_1_26' title="bbox 216 2703 943 2761">
    <p class='ocr_par' dir='ltr' id='par_1_26' title="bbox 216 2703 943 2761">
     <span class='ocr_line' id='line_1_26' title="bbox 216 2703 943 2761; baseline -0.004 -1"><span class='ocrx_word' id='word_1_129' title='bbox 216 2703 499 2760; x_wconf 79' lang='lat' dir='ltr'><strong>Jechonias</strong></span> <span class='ocrx_word' id='word_1_130' title='bbox 524 2703 544 2744; x_wconf 72' lang='grc' dir='ltr'><em>τ</em></span> <span class='ocrx_word' id='word_1_131' title='bbox 571 2719 785 2760; x_wconf 86' lang='lat' dir='ltr'><strong>menses</strong></span> <span class='ocrx_word' id='word_1_132' title='bbox 814 2713 943 2761; x_wconf 89' lang='lat' dir='ltr'><strong>tres.</strong></span> 
     </span>
    </p>
   </div>
   <div class='ocr_carea' id='block_1_27' title="bbox 220 2794 1733 2866">
    <p class='ocr_par' dir='ltr' id='par_1_27' title="bbox 220 2794 1733 2866">
     <span class='ocr_line' id='line_1_27' title="bbox 220 2794 1733 2866; baseline -0.003 -12"><span class='ocrx_word' id='word_1_133' title='bbox 220 2798 503 2854; x_wconf 84' lang='lat' dir='ltr'><strong>Sedeehias</strong></span> <span class='ocrx_word' id='word_1_134' title='bbox 524 2799 682 2854; x_wconf 89' lang='lat' dir='ltr'><strong>annis</strong></span> <span class='ocrx_word' id='word_1_135' title='bbox 704 2797 976 2853; x_wconf 88' lang='lat' dir='ltr'><strong>undecim.</strong></span> <span class='ocrx_word' id='word_1_136' title='bbox 992 2795 1168 2866; x_wconf 81' lang='lat' dir='ltr'><strong>Hunc,</strong></span> <span class='ocrx_word' id='word_1_137' title='bbox 1182 2796 1354 2855; x_wconf 88' lang='lat' dir='ltr'><strong>oculis</strong></span> <span class='ocrx_word' id='word_1_138' title='bbox 1371 2794 1733 2863; x_wconf 65' lang='lat' dir='ltr'><strong>eﬂ‘ossis,‘Na—</strong></span> 
     </span>
    </p>
   </div>
   <div class='ocr_carea' id='block_1_28' title="bbox 168 2887 1732 2961">
    <p class='ocr_par' dir='ltr' id='par_1_28' title="bbox 168 2887 1732 2961">
     <span class='ocr_line' id='line_1_28' title="bbox 168 2887 1732 2961; baseline 0 -18"><span class='ocrx_word' id='word_1_139' title='bbox 168 2888 565 2947; x_wconf 83' lang='lat' dir='ltr'><strong>huchodonosor</strong></span> <span class='ocrx_word' id='word_1_140' title='bbox 593 2889 865 2961; x_wconf 89' lang='lat' dir='ltr'><strong>captivum</strong></span> <span class='ocrx_word' id='word_1_141' title='bbox 894 2889 1139 2955; x_wconf 81' lang='lat' dir='ltr'><strong>abduxit,</strong></span> <span class='ocrx_word' id='word_1_142' title='bbox 1162 2898 1217 2947; x_wconf 90' lang='lat' dir='ltr'><strong>et</strong></span> <span class='ocrx_word' id='word_1_143' title='bbox 1240 2889 1498 2961; x_wconf 87' lang='lat' dir='ltr'><strong>templum</strong></span> <span class='ocrx_word' id='word_1_144' title='bbox 1525 2887 1732 2943; x_wconf 81' lang='lat' dir='ltr'><strong>inﬂam-</strong></span> 
     </span>
    </p>
   </div>
   <div class='ocr_carea' id='block_1_29' title="bbox 160 2981 1731 3056">
    <p class='ocr_par' dir='ltr' id='par_1_29' title="bbox 160 2981 1731 3056">
     <span class='ocr_line' id='line_1_29' title="bbox 160 2981 1731 3056; baseline -0.001 -19"><span class='ocrx_word' id='word_1_145' title='bbox 160 2993 315 3039; x_wconf 86' lang='lat' dir='ltr'><strong>matur</strong></span> <span class='ocrx_word' id='word_1_146' title='bbox 330 2993 453 3056; x_wconf 89' lang='lat' dir='ltr'><strong>post</strong></span> <span class='ocrx_word' id='word_1_147' title='bbox 496 2998 716 3040; x_wconf 86' lang='lat' dir='ltr'><strong>menses</strong></span> <span class='ocrx_word' id='word_1_148' title='bbox 762 2984 1004 3053; x_wconf 82' lang='lat' dir='ltr'><strong>quinque</strong></span> <span class='ocrx_word' id='word_1_149' title='bbox 1031 2999 1063 3039; x_wconf 91' lang='lat' dir='ltr'><strong>a</strong></span> <span class='ocrx_word' id='word_1_150' title='bbox 1095 2981 1437 3049; x_wconf 86' lang='lat' dir='ltr'><strong>Nabuzarda,</strong></span> <span class='ocrx_word' id='word_1_151' title='bbox 1468 2998 1590 3039; x_wconf 89' lang='lat' dir='ltr'><strong>cum</strong></span> <span class='ocrx_word' id='word_1_152' title='bbox 1621 2992 1731 3037; x_wconf 90' lang='lat' dir='ltr'><strong>ste-</strong></span> 
     </span>
    </p>
   </div>
   <div class='ocr_carea' id='block_1_30' title="bbox 3321 370 3427 431">
    <p class='ocr_par' dir='ltr' id='par_1_30' title="bbox 3321 370 3427 431">
     <span class='ocr_line' id='line_1_30' title="bbox 3321 370 3427 431; baseline 0.009 -1"><span class='ocrx_word' id='word_1_153' title='bbox 3321 370 3427 431; x_wconf 56' lang='grc' dir='ltr'><strong>δη</strong></span> 
     </span>
    </p>
   </div>
   <div class='ocr_carea' id='block_1_31' title="bbox 1759 478 3424 557">
    <p class='ocr_par' dir='ltr' id='par_1_31' title="bbox 1759 478 3424 557">
     <span class='ocr_line' id='line_1_31' title="bbox 1759 478 3424 557; baseline 0.008 -25"><span class='ocrx_word' id='word_1_154' title='bbox 1759 482 1809 542; x_wconf 78' lang='grc' dir='ltr'><strong>Α</strong></span> <span class='ocrx_word' id='word_1_155' title='bbox 1839 478 2013 546; x_wconf 92' lang='lat' dir='ltr'><strong>tisset,</strong></span> <span class='ocrx_word' id='word_1_156' title='bbox 2045 494 2112 535; x_wconf 76' lang='lat' dir='ltr'><strong>ex</strong></span> <span class='ocrx_word' id='word_1_157' title='bbox 2136 495 2244 551; x_wconf 90' lang='lat' dir='ltr'><strong>quo</strong></span> <span class='ocrx_word' id='word_1_158' title='bbox 2266 480 2537 536; x_wconf 90' lang='lat' dir='ltr'><strong>conditum</strong></span> <span class='ocrx_word' id='word_1_159' title='bbox 2583 480 2783 548; x_wconf 78' lang='lat' dir='ltr'><strong>fuerat,</strong></span> <span class='ocrx_word' id='word_1_160' title='bbox 2830 482 2987 541; x_wconf 87' lang='lat' dir='ltr'><strong>annis</strong></span> <span class='ocrx_word' id='word_1_161' title='bbox 3008 484 3424 557; x_wconf 72' lang='lat' dir='ltr'><strong>quadringentis</strong></span> 
     </span>
    </p>
   </div>
   <div class='ocr_carea' id='block_1_32' title="bbox 1839 570 2342 642">
    <p class='ocr_par' dir='ltr' id='par_1_32' title="bbox 1839 570 2342 642">
     <span class='ocr_line' id='line_1_32' title="bbox 1839 570 2342 642; baseline 0.008 -18"><span class='ocrx_word' id='word_1_162' title='bbox 1839 570 2030 642; x_wconf 84' lang='lat' dir='ltr'><strong>viginti</strong></span> <span class='ocrx_word' id='word_1_163' title='bbox 2060 581 2292 641; x_wconf 89' lang='lat' dir='ltr'><strong>quatuor</strong></span> <span class='ocrx_word' id='word_1_164' title='bbox 2315 576 2342 614; x_wconf 71' lang='grc'>⁸</span> 
     </span>
    </p>
   </div>
   <div class='ocr_carea' id='block_1_33' title="bbox 1944 685 3315 815">
    <p class='ocr_par' dir='ltr' id='par_1_33' title="bbox 1944 685 3315 815">
     <span class='ocr_line' id='line_1_33' title="bbox 1944 685 3315 815; baseline 0.01 -76"><span class='ocrx_word' id='word_1_165' title='bbox 1944 685 2097 753; x_wconf 83' lang='lat' dir='ltr'><strong>Apud</strong></span> <span class='ocrx_word' id='word_1_166' title='bbox 2121 687 2461 745; x_wconf 74' lang='lat' dir='ltr'><strong>Anastasium</strong></span> <span class='ocrx_word' id='word_1_167' title='bbox 2489 692 2641 815; x_wconf 50' lang='lat' dir='ltr'><strong>annis</strong></span> <span class='ocrx_word' id='word_1_168' title='bbox 2672 693 3069 766; x_wconf 72' lang='lat' dir='ltr'><strong>quadringentis</strong></span> <span class='ocrx_word' id='word_1_169' title='bbox 3097 695 3315 769; x_wconf 79' lang='lat' dir='ltr'><strong>triginta</strong></span> 
     </span>
     <span class='ocr_line' id='line_1_34' title="bbox 2494 778 2740 815; baseline 0.004 -1"><span class='ocrx_word' id='word_1_170' title='bbox 2494 778 2597 815; x_wconf 87' lang='lat' dir='ltr'><strong>aua</strong></span> <span class='ocrx_word' id='word_1_171' title='bbox 2623 778 2740 815; x_wconf 88' lang='lat' dir='ltr'><strong>uor.</strong></span> 
     </span>
    </p>
   </div>
   <div class='ocr_carea' id='block_1_34' title="bbox 2494 778 2740 831">
    <p class='ocr_par' dir='ltr' id='par_1_34' title="bbox 2494 778 2740 831">
     <span class='ocr_line' id='line_1_35' title="bbox 2494 778 2740 831; baseline 0.016 -17"><span class='ocrx_word' id='word_1_172' title='bbox 2494 778 2740 831; x_wconf 81' lang='lat' dir='ltr'><strong>quatuor.</strong></span> 
     </span>
    </p>
   </div>
   <div class='ocr_carea' id='block_1_35' title="bbox 1906 863 3422 952">
    <p class='ocr_par' dir='ltr' id='par_1_35' title="bbox 1906 863 3422 952">
     <span class='ocr_line' id='line_1_36' title="bbox 1906 863 3422 952; baseline 0.011 -31"><span class='ocrx_word' id='word_1_173' title='bbox 1906 863 2156 923; x_wconf 78' lang='lat' dir='ltr'><strong>Universi</strong></span> <span class='ocrx_word' id='word_1_174' title='bbox 2216 868 2285 923; x_wconf 90' lang='lat' dir='ltr'><strong>ab</strong></span> <span class='ocrx_word' id='word_1_175' title='bbox 2341 869 2497 925; x_wconf 90' lang='lat' dir='ltr'><strong>initio</strong></span> <span class='ocrx_word' id='word_1_176' title='bbox 2560 874 2712 944; x_wconf 88' lang='lat' dir='ltr'><strong>regni</strong></span> <span class='ocrx_word' id='word_1_177' title='bbox 2772 873 3075 934; x_wconf 88' lang='lat' dir='ltr'><strong>Salomonis</strong></span> <span class='ocrx_word' id='word_1_178' title='bbox 3132 892 3309 952; x_wconf 89' lang='lat' dir='ltr'><strong>usque</strong></span> <span class='ocrx_word' id='word_1_179' title='bbox 3354 883 3422 937; x_wconf 91' lang='lat' dir='ltr'><strong>ad</strong></span> 
     </span>
    </p>
   </div>
   <div class='ocr_carea' id='block_1_36' title="bbox 1835 961 3419 1045">
    <p class='ocr_par' dir='ltr' id='par_1_36' title="bbox 1835 961 3419 1045">
     <span class='ocr_line' id='line_1_37' title="bbox 1835 961 3419 1045; baseline 0.009 -29"><span class='ocrx_word' id='word_1_180' title='bbox 1835 961 2204 1031; x_wconf 85' lang='lat' dir='ltr'><strong>captivitatem</strong></span> <span class='ocrx_word' id='word_1_181' title='bbox 2249 971 2374 1019; x_wconf 92' lang='lat' dir='ltr'><strong>sunt</strong></span> <span class='ocrx_word' id='word_1_182' title='bbox 2433 965 2556 1020; x_wconf 89' lang='lat' dir='ltr'><strong>anui</strong></span> <span class='ocrx_word' id='word_1_183' title='bbox 2624 967 3003 1040; x_wconf 85' lang='lat' dir='ltr'><strong>quadringenti</strong></span> <span class='ocrx_word' id='word_1_184' title='bbox 3061 974 3419 1045; x_wconf 83' lang='lat' dir='ltr'><strong>quadraginta</strong></span> 
     </span>
    </p>
   </div>
   <div class='ocr_carea' id='block_1_37' title="bbox 1834 1051 2092 1125">
    <p class='ocr_par' dir='ltr' id='par_1_37' title="bbox 1834 1051 2092 1125">
     <span class='ocr_line' id='line_1_38' title="bbox 1834 1051 2092 1125; baseline 0.016 -20"><span class='ocrx_word' id='word_1_185' title='bbox 1834 1051 2092 1125; x_wconf 90' lang='lat' dir='ltr'><strong>quinque.</strong></span> 
     </span>
    </p>
   </div>
   <div class='ocr_carea' id='block_1_38' title="bbox 2437 1147 2802 1207">
    <p class='ocr_par' dir='ltr' id='par_1_38' title="bbox 2437 1147 2802 1207">
     <span class='ocr_line' id='line_1_39' title="bbox 2437 1147 2802 1207; baseline 0 -2"><span class='ocrx_word' id='word_1_186' title='bbox 2437 1147 2665 1206; x_wconf 81' lang='lat' dir='ltr'><strong>CAPUT</strong></span> <span class='ocrx_word' id='word_1_187' title='bbox 2724 1150 2802 1207; x_wconf 84' lang='lat' dir='ltr'><strong>Vl.</strong></span> 
     </span>
    </p>
   </div>
   <div class='ocr_carea' id='block_1_39' title="bbox 1906 1254 3424 1330">
    <p class='ocr_par' dir='ltr' id='par_1_39' title="bbox 1906 1254 3424 1330">
     <span class='ocr_line' id='line_1_40' title="bbox 1906 1254 3424 1330; baseline 0.013 -20"><span class='ocrx_word' id='word_1_188' title='bbox 1906 1254 2037 1312; x_wconf 89' lang='lat' dir='ltr'><strong>Post</strong></span> <span class='ocrx_word' id='word_1_189' title='bbox 2073 1257 2442 1329; x_wconf 89' lang='lat' dir='ltr'><strong>captivitatem</strong></span> <span class='ocrx_word' id='word_1_190' title='bbox 2488 1270 2669 1318; x_wconf 86' lang='lat' dir='ltr'><strong>autem</strong></span> <span class='ocrx_word' id='word_1_191' title='bbox 2713 1263 3017 1323; x_wconf 72' lang='lat' dir='ltr'><strong>Iudaeorum</strong></span> <span class='ocrx_word' id='word_1_192' title='bbox 3068 1270 3424 1330; x_wconf 86' lang='lat' dir='ltr'><strong>abductorum</strong></span> 
     </span>
    </p>
   </div>
   <div class='ocr_carea' id='block_1_40' title="bbox 1833 1347 3424 1437">
    <p class='ocr_par' dir='ltr' id='par_1_40' title="bbox 1833 1347 3424 1437">
     <span class='ocr_line' id='line_1_41' title="bbox 1833 1347 3424 1437; baseline 0.012 -35"><span class='ocrx_word' id='word_1_193' title='bbox 1833 1347 2107 1419; x_wconf 78' lang='lat' dir='ltr'><strong>Babylona</strong></span> <span class='ocrx_word' id='word_1_194' title='bbox 2133 1360 2188 1406; x_wconf 91' lang='lat' dir='ltr'><strong>et</strong></span> <span class='ocrx_word' id='word_1_195' title='bbox 2216 1351 2558 1410; x_wconf 87' lang='lat' dir='ltr'><strong>solitudinem</strong></span> <span class='ocrx_word' id='word_1_196' title='bbox 2592 1354 2694 1411; x_wconf 91' lang='lat' dir='ltr'><strong>loci</strong></span> <span class='ocrx_word' id='word_1_197' title='bbox 2727 1359 2849 1412; x_wconf 86' lang='lat' dir='ltr'><strong>anui</strong></span> <span class='ocrx_word' id='word_1_198' title='bbox 2884 1374 3185 1431; x_wconf 87' lang='lat' dir='ltr'><strong>sequuntur</strong></span> <span class='ocrx_word' id='word_1_199' title='bbox 3206 1375 3424 1437; x_wconf 85' lang='lat' dir='ltr'><strong>septua-</strong></span> 
     </span>
    </p>
   </div>
   <div class='ocr_carea' id='block_1_41' title="bbox 1834 1439 3426 1527">
    <p class='ocr_par' dir='ltr' id='par_1_41' title="bbox 1834 1439 3426 1527">
     <span class='ocr_line' id='line_1_42' title="bbox 1834 1439 3426 1527; baseline 0.013 -35"><span class='ocrx_word' id='word_1_200' title='bbox 1834 1439 2005 1510; x_wconf 85' lang='lat' dir='ltr'><strong>ginta.</strong></span> <span class='ocrx_word' id='word_1_201' title='bbox 2047 1439 2110 1495; x_wconf 83' lang='lat' dir='ltr'><strong>Hi</strong></span> <span class='ocrx_word' id='word_1_202' title='bbox 2141 1443 2481 1515; x_wconf 87' lang='lat' dir='ltr'><strong>complentur</strong></span> <span class='ocrx_word' id='word_1_203' title='bbox 2509 1461 2651 1501; x_wconf 89' lang='lat' dir='ltr'><strong>anno</strong></span> <span class='ocrx_word' id='word_1_204' title='bbox 2677 1451 2915 1506; x_wconf 88' lang='lat' dir='ltr'><strong>secundo</strong></span> <span class='ocrx_word' id='word_1_205' title='bbox 2946 1451 3091 1509; x_wconf 89' lang='lat' dir='ltr'><strong>Darii</strong></span> <span class='ocrx_word' id='word_1_206' title='bbox 3126 1458 3268 1527; x_wconf 81' lang='lat' dir='ltr'><strong>regis</strong></span> <span class='ocrx_word' id='word_1_207' title='bbox 3294 1457 3426 1512; x_wconf 85' lang='lat' dir='ltr'><strong>Per-</strong></span> 
     </span>
    </p>
   </div>
   <div class='ocr_carea' id='block_1_42' title="bbox 1835 1535 3425 1613">
    <p class='ocr_par' dir='ltr' id='par_1_42' title="bbox 1835 1535 3425 1613">
     <span class='ocr_line' id='line_1_43' title="bbox 1835 1535 3425 1613; baseline 0.011 -27"><span class='ocrx_word' id='word_1_208' title='bbox 1835 1550 2058 1601; x_wconf 81' lang='lat' dir='ltr'><strong>sarum,</strong></span> <span class='ocrx_word' id='word_1_209' title='bbox 2095 1535 2186 1605; x_wconf 91' lang='lat' dir='ltr'><strong>qui</strong></span> <span class='ocrx_word' id='word_1_210' title='bbox 2222 1537 2476 1607; x_wconf 89' lang='lat' dir='ltr'><strong>populum</strong></span> <span class='ocrx_word' id='word_1_211' title='bbox 2517 1539 2663 1595; x_wconf 86' lang='lat' dir='ltr'><strong>illqu</strong></span> <span class='ocrx_word' id='word_1_212' title='bbox 2717 1544 3025 1613; x_wconf 82' lang='lat' dir='ltr'><strong>captivitate</strong></span> <span class='ocrx_word' id='word_1_213' title='bbox 3074 1547 3323 1605; x_wconf 81' lang='lat' dir='ltr'><strong>liberavit</strong></span> <span class='ocrx_word' id='word_1_214' title='bbox 3370 1559 3425 1605; x_wconf 84' lang='lat' dir='ltr'><strong>et</strong></span> 
     </span>
    </p>
   </div>
   <div class='ocr_carea' id='block_1_43' title="bbox 1835 1626 3055 1707">
    <p class='ocr_par' dir='ltr' id='par_1_43' title="bbox 1835 1626 3055 1707">
     <span class='ocr_line' id='line_1_44' title="bbox 1835 1626 3055 1707; baseline 0.011 -27"><span class='ocrx_word' id='word_1_215' title='bbox 1835 1626 2160 1684; x_wconf 85' lang='lat' dir='ltr'><strong>instauravit</strong></span> <span class='ocrx_word' id='word_1_216' title='bbox 2193 1631 2449 1701; x_wconf 86' lang='lat' dir='ltr'><strong>templum</strong></span> <span class='ocrx_word' id='word_1_217' title='bbox 2492 1632 3055 1707; x_wconf 82' lang='lat' dir='ltr'><strong>Rierosolymitanum.</strong></span> 
     </span>
    </p>
   </div>
   <div class='ocr_carea' id='block_1_44' title="bbox 2444 1749 2824 1809">
    <p class='ocr_par' dir='ltr' id='par_1_44' title="bbox 2444 1749 2824 1809">
     <span class='ocr_line' id='line_1_45' title="bbox 2444 1749 2824 1809; baseline 0.003 -4"><span class='ocrx_word' id='word_1_218' title='bbox 2444 1749 2673 1809; x_wconf 84' lang='lat' dir='ltr'><strong>CAPUT</strong></span> <span class='ocrx_word' id='word_1_219' title='bbox 2715 1751 2824 1808; x_wconf 82' lang='lat' dir='ltr'><strong>VII.</strong></span> 
     </span>
    </p>
   </div>
   <div class='ocr_carea' id='block_1_45' title="bbox 1759 1854 3421 1950">
    <p class='ocr_par' dir='ltr' id='par_1_45' title="bbox 1759 1854 3421 1950">
     <span class='ocr_line' id='line_1_46' title="bbox 1759 1854 3421 1950; baseline 0.012 -34"><span class='ocrx_word' id='word_1_220' title='bbox 1759 1854 1807 1916; x_wconf 84' lang='grc' dir='ltr'><strong><em>Β</em></strong></span> <span class='ocrx_word' id='word_1_221' title='bbox 1908 1862 2121 1921; x_wconf 86' lang='lat' dir='ltr'><strong>Primus</strong></span> <span class='ocrx_word' id='word_1_222' title='bbox 2159 1881 2256 1923; x_wconf 79' lang='lat' dir='ltr'><strong>rex</strong></span> <span class='ocrx_word' id='word_1_223' title='bbox 2292 1867 2584 1925; x_wconf 89' lang='lat' dir='ltr'><strong>Persarum</strong></span> <span class='ocrx_word' id='word_1_224' title='bbox 2622 1870 2730 1927; x_wconf 79' lang='lat' dir='ltr'><strong>fuit</strong></span> <span class='ocrx_word' id='word_1_225' title='bbox 2764 1872 2940 1943; x_wconf 79' lang='lat' dir='ltr'><strong>Cyrus</strong></span> <span class='ocrx_word' id='word_1_226' title='bbox 2977 1876 3136 1933; x_wconf 85' lang='lat' dir='ltr'><strong>annis</strong></span> <span class='ocrx_word' id='word_1_227' title='bbox 3176 1878 3421 1950; x_wconf 88' lang='lat' dir='ltr'><strong>triginta.</strong></span> 
     </span>
    </p>
   </div>
   <div class='ocr_carea' id='block_1_46' title="bbox 1905 1955 2644 2032">
    <p class='ocr_par' dir='ltr' id='par_1_46' title="bbox 1905 1955 2644 2032">
     <span class='ocr_line' id='line_1_47' title="bbox 1905 1955 2644 2032; baseline 0.009 -21"><span class='ocrx_word' id='word_1_228' title='bbox 1905 1955 2200 2029; x_wconf 85' lang='lat' dir='ltr'><strong>Cambyses</strong></span> <span class='ocrx_word' id='word_1_229' title='bbox 2226 1962 2384 2017; x_wconf 89' lang='lat' dir='ltr'><strong>annis</strong></span> <span class='ocrx_word' id='word_1_230' title='bbox 2415 1970 2644 2032; x_wconf 85' lang='lat' dir='ltr'><strong>septem.</strong></span> 
     </span>
    </p>
   </div>
   <div class='ocr_carea' id='block_1_47' title="bbox 1908 2048 3225 2129">
    <p class='ocr_par' dir='ltr' id='par_1_47' title="bbox 1908 2048 3225 2129">
     <span class='ocr_line' id='line_1_48' title="bbox 1908 2048 3225 2129; baseline 0.01 -26"><span class='ocrx_word' id='word_1_231' title='bbox 1908 2048 2101 2104; x_wconf 88' lang='lat' dir='ltr'><strong>Darius</strong></span> <span class='ocrx_word' id='word_1_232' title='bbox 2132 2049 2274 2106; x_wconf 84' lang='lat' dir='ltr'><strong>ﬁlius</strong></span> <span class='ocrx_word' id='word_1_233' title='bbox 2299 2051 2585 2123; x_wconf 84' lang='lat' dir='ltr'><strong>Hystaspis</strong></span> <span class='ocrx_word' id='word_1_234' title='bbox 2614 2054 2641 2094; x_wconf 72' lang='grc' dir='ltr'><strong>ιι</strong></span> <span class='ocrx_word' id='word_1_235' title='bbox 2676 2056 2833 2113; x_wconf 90' lang='lat' dir='ltr'><strong>annis</strong></span> <span class='ocrx_word' id='word_1_236' title='bbox 2863 2057 3081 2129; x_wconf 86' lang='lat' dir='ltr'><strong>triginta</strong></span> <span class='ocrx_word' id='word_1_237' title='bbox 3113 2074 3225 2116; x_wconf 79' lang='lat' dir='ltr'><strong>sex.</strong></span> 
     </span>
    </p>
   </div>
   <div class='ocr_carea' id='block_1_48' title="bbox 1908 2136 3427 2220">
    <p class='ocr_par' dir='ltr' id='par_1_48' title="bbox 1908 2136 3427 2220">
     <span class='ocr_line' id='line_1_49' title="bbox 1908 2136 3427 2220; baseline 0.011 -29"><span class='ocrx_word' id='word_1_238' title='bbox 1908 2136 2077 2207; x_wconf 83' lang='lat' dir='ltr'><strong>Hujus</strong></span> <span class='ocrx_word' id='word_1_239' title='bbox 2119 2156 2263 2196; x_wconf 87' lang='lat' dir='ltr'><strong>anno</strong></span> <span class='ocrx_word' id='word_1_240' title='bbox 2292 2144 2529 2199; x_wconf 88' lang='lat' dir='ltr'><strong>secundo</strong></span> <span class='ocrx_word' id='word_1_241' title='bbox 2558 2144 2660 2214; x_wconf 91' lang='lat' dir='ltr'><strong>(ut</strong></span> <span class='ocrx_word' id='word_1_242' title='bbox 2689 2147 2849 2203; x_wconf 90' lang='lat' dir='ltr'><strong>modo</strong></span> <span class='ocrx_word' id='word_1_243' title='bbox 2884 2148 3087 2204; x_wconf 90' lang='lat' dir='ltr'><strong>dictum</strong></span> <span class='ocrx_word' id='word_1_244' title='bbox 3117 2154 3239 2220; x_wconf 86' lang='lat' dir='ltr'><strong>est)</strong></span> <span class='ocrx_word' id='word_1_245' title='bbox 3274 2168 3427 2209; x_wconf 86' lang='lat' dir='ltr'><strong>reno-</strong></span> 
     </span>
    </p>
   </div>
   <div class='ocr_carea' id='block_1_49' title="bbox 1796 2231 3428 2312">
    <p class='ocr_par' dir='ltr' id='par_1_49' title="bbox 1796 2231 3428 2312">
     <span class='ocr_line' id='line_1_50' title="bbox 1796 2231 3428 2312; baseline 0.011 -30"><span class='ocrx_word' id='word_1_246' title='bbox 1796 2238 2017 2285; x_wconf 78' lang='lat' dir='ltr'><strong>&#39;vatum</strong></span> <span class='ocrx_word' id='word_1_247' title='bbox 2074 2231 2177 2288; x_wconf 89' lang='lat' dir='ltr'><strong>fuit</strong></span> <span class='ocrx_word' id='word_1_248' title='bbox 2234 2236 2493 2305; x_wconf 91' lang='lat' dir='ltr'><strong>templum</strong></span> <span class='ocrx_word' id='word_1_249' title='bbox 2565 2236 3135 2312; x_wconf 83' lang='lat' dir='ltr'><strong>Hierosolymitanum.</strong></span> <span class='ocrx_word' id='word_1_250' title='bbox 3198 2243 3428 2300; x_wconf 82' lang='lat' dir='ltr'><strong>Restant</strong></span> 
     </span>
    </p>
   </div>
   <div class='ocr_carea' id='block_1_50' title="bbox 1831 2319 2864 2403">
    <p class='ocr_par' dir='ltr' id='par_1_50' title="bbox 1831 2319 2864 2403">
     <span class='ocr_line' id='line_1_51' title="bbox 1831 2319 2864 2403; baseline 0.012 -26"><span class='ocrx_word' id='word_1_251' title='bbox 1831 2319 1999 2395; x_wconf 85' lang='lat' dir='ltr'><strong>igitur</strong></span> <span class='ocrx_word' id='word_1_252' title='bbox 2025 2327 2151 2382; x_wconf 92' lang='lat' dir='ltr'><strong>anni</strong></span> <span class='ocrx_word' id='word_1_253' title='bbox 2184 2326 2332 2384; x_wconf 89' lang='lat' dir='ltr'><strong>Darii</strong></span> <span class='ocrx_word' id='word_1_254' title='bbox 2366 2331 2585 2403; x_wconf 88' lang='lat' dir='ltr'><strong>triginta</strong></span> <span class='ocrx_word' id='word_1_255' title='bbox 2614 2343 2864 2403; x_wconf 90' lang='lat' dir='ltr'><strong>quatuor.</strong></span> 
     </span>
    </p>
   </div>
   <div class='ocr_carea' id='block_1_51' title="bbox 1906 2417 3370 2504">
    <p class='ocr_par' dir='ltr' id='par_1_51' title="bbox 1906 2417 3370 2504">
     <span class='ocr_line' id='line_1_52' title="bbox 1906 2417 3370 2504; baseline 0.01 -30"><span class='ocrx_word' id='word_1_256' title='bbox 1906 2417 2113 2477; x_wconf 79' lang='lat' dir='ltr'><strong>Xerxes</strong></span> <span class='ocrx_word' id='word_1_257' title='bbox 2142 2423 2287 2480; x_wconf 89' lang='lat' dir='ltr'><strong>Darii</strong></span> <span class='ocrx_word' id='word_1_258' title='bbox 2318 2424 2462 2482; x_wconf 82' lang='lat' dir='ltr'><strong>ﬁlius</strong></span> <span class='ocrx_word' id='word_1_259' title='bbox 2494 2428 2743 2499; x_wconf 86' lang='lat' dir='ltr'><strong>regnavit</strong></span> <span class='ocrx_word' id='word_1_260' title='bbox 2774 2431 2931 2487; x_wconf 88' lang='lat' dir='ltr'><strong>annis</strong></span> <span class='ocrx_word' id='word_1_261' title='bbox 2954 2432 3143 2504; x_wconf 91' lang='lat' dir='ltr'><strong>viginti</strong></span> <span class='ocrx_word' id='word_1_262' title='bbox 3175 2443 3297 2491; x_wconf 90' lang='lat' dir='ltr'><strong>octo</strong></span> <span class='ocrx_word' id='word_1_263' title='bbox 3332 2440 3370 2489; x_wconf 75' lang='grc' dir='ltr'><strong>ί.</strong></span> 
     </span>
    </p>
   </div>
   <div class='ocr_carea' id='block_1_52' title="bbox 1914 2514 2784 2592">
    <p class='ocr_par' dir='ltr' id='par_1_52' title="bbox 1914 2514 2784 2592">
     <span class='ocr_line' id='line_1_53' title="bbox 1914 2514 2784 2592; baseline 0.013 -25"><span class='ocrx_word' id='word_1_264' title='bbox 1914 2514 2220 2575; x_wconf 85' lang='lat' dir='ltr'><strong>Artabanes</strong></span> <span class='ocrx_word' id='word_1_265' title='bbox 2248 2521 2526 2576; x_wconf 87' lang='lat' dir='ltr'><strong>mensibus</strong></span> <span class='ocrx_word' id='word_1_266' title='bbox 2555 2532 2784 2592; x_wconf 88' lang='lat' dir='ltr'><strong>septem.</strong></span> 
     </span>
    </p>
   </div>
   <div class='ocr_carea' id='block_1_53' title="bbox 1904 2609 3423 2685">
    <p class='ocr_par' dir='ltr' id='par_1_53' title="bbox 1904 2609 3423 2685">
     <span class='ocr_line' id='line_1_54' title="bbox 1904 2609 3423 2685; baseline 0.007 -19"><span class='ocrx_word' id='word_1_267' title='bbox 1904 2613 2234 2668; x_wconf 72' lang='lat' dir='ltr'><strong>Artaxerxes</strong></span> <span class='ocrx_word' id='word_1_268' title='bbox 2261 2609 2625 2683; x_wconf 91' lang='lat' dir='ltr'><strong>Longimanus</strong></span> <span class='ocrx_word' id='word_1_269' title='bbox 2672 2616 2831 2671; x_wconf 89' lang='lat' dir='ltr'><strong>annis</strong></span> <span class='ocrx_word' id='word_1_270' title='bbox 2879 2616 3205 2685; x_wconf 73' lang='lat' dir='ltr'><strong>duodecnm;</strong></span> <span class='ocrx_word' id='word_1_271' title='bbox 3264 2620 3423 2685; x_wconf 84' lang='lat' dir='ltr'><strong>hujus</strong></span> 
     </span>
    </p>
   </div>
   <div class='ocr_carea' id='block_1_54' title="bbox 1834 2703 3424 2778">
    <p class='ocr_par' dir='ltr' id='par_1_54' title="bbox 1834 2703 3424 2778">
     <span class='ocr_line' id='line_1_55' title="bbox 1834 2703 3424 2778; baseline 0.003 -17"><span class='ocrx_word' id='word_1_272' title='bbox 1834 2712 2079 2775; x_wconf 87' lang='lat' dir='ltr'><strong>tempore</strong></span> <span class='ocrx_word' id='word_1_273' title='bbox 2107 2703 2260 2760; x_wconf 86' lang='lat' dir='ltr'><strong>aiunt</strong></span> <span class='ocrx_word' id='word_1_274' title='bbox 2288 2704 2551 2760; x_wconf 80' lang='lat' dir='ltr'><strong>accidisse</strong></span> <span class='ocrx_word' id='word_1_275' title='bbox 2577 2719 2643 2761; x_wconf 90' lang='lat' dir='ltr'><strong>ea</strong></span> <span class='ocrx_word' id='word_1_276' title='bbox 2682 2721 2800 2778; x_wconf 73' lang='lat' dir='ltr'><strong>qua:</strong></span> <span class='ocrx_word' id='word_1_277' title='bbox 2848 2708 2915 2763; x_wconf 87' lang='lat' dir='ltr'><strong>de</strong></span> <span class='ocrx_word' id='word_1_278' title='bbox 2955 2708 3152 2765; x_wconf 89' lang='lat' dir='ltr'><strong>Esther</strong></span> <span class='ocrx_word' id='word_1_279' title='bbox 3190 2718 3246 2765; x_wconf 90' lang='lat' dir='ltr'><strong>ct</strong></span> <span class='ocrx_word' id='word_1_280' title='bbox 3284 2710 3424 2766; x_wconf 81' lang='lat' dir='ltr'><strong>Mar-</strong></span> 
     </span>
    </p>
   </div>
   <div class='ocr_carea' id='block_1_55' title="bbox 1834 2793 2365 2867">
    <p class='ocr_par' dir='ltr' id='par_1_55' title="bbox 1834 2793 2365 2867">
     <span class='ocr_line' id='line_1_56' title="bbox 1834 2793 2365 2867; baseline -0.004 -16"><span class='ocrx_word' id='word_1_281' title='bbox 1834 2795 2058 2852; x_wconf 80' lang='lat' dir='ltr'><strong>doehaeo</strong></span> <span class='ocrx_word' id='word_1_282' title='bbox 2079 2793 2365 2867; x_wconf 88' lang='lat' dir='ltr'><strong>.leguntur.</strong></span> 
     </span>
    </p>
   </div>
   <div class='ocr_carea' id='block_1_56' title="bbox 1904 2886 2850 2946">
    <p class='ocr_par' dir='ltr' id='par_1_56' title="bbox 1904 2886 2850 2946">
     <span class='ocr_line' id='line_1_57' title="bbox 1904 2886 2850 2946; baseline 0 -2"><span class='ocrx_word' id='word_1_283' title='bbox 1904 2888 2119 2944; x_wconf 82' lang='lat' dir='ltr'><strong>Xerxes</strong></span> <span class='ocrx_word' id='word_1_284' title='bbox 2144 2886 2283 2942; x_wconf 87' lang='lat' dir='ltr'><strong>alter</strong></span> <span class='ocrx_word' id='word_1_285' title='bbox 2314 2887 2595 2946; x_wconf 91' lang='lat' dir='ltr'><strong>mensibus</strong></span> <span class='ocrx_word' id='word_1_286' title='bbox 2619 2887 2850 2946; x_wconf 85' lang='lat' dir='ltr'><strong>duobus.</strong></span> 
     </span>
    </p>
   </div>
   <div class='ocr_carea' id='block_1_57' title="bbox 1907 2981 2782 3055">
    <p class='ocr_par' dir='ltr' id='par_1_57' title="bbox 1907 2981 2782 3055">
     <span class='ocr_line' id='line_1_58' title="bbox 1907 2981 2782 3055; baseline 0 -17"><span class='ocrx_word' id='word_1_287' title='bbox 1907 2982 2212 3053; x_wconf 80' lang='lat' dir='ltr'><strong>Sogdianus</strong></span> <span class='ocrx_word' id='word_1_288' title='bbox 2244 2981 2525 3040; x_wconf 90' lang='lat' dir='ltr'><strong>mensibus</strong></span> <span class='ocrx_word' id='word_1_289' title='bbox 2555 2992 2782 3055; x_wconf 89' lang='lat' dir='ltr'><strong>septem.</strong></span> 
     </span>
    </p>
   </div>
   <div class='ocr_carea' id='block_1_58' title="bbox 1168 3095 2359 3158">
    <p class='ocr_par' dir='ltr' id='par_1_58' title="bbox 1168 3095 2359 3158">
     <span class='ocr_line' id='line_1_59' title="bbox 1168 3095 2359 3158; baseline -0.002 -3"><span class='ocrx_word' id='word_1_290' title='bbox 1168 3101 1236 3156; x_wconf 79' lang='grc' dir='ltr'><strong>Α.</strong></span> <span class='ocrx_word' id='word_1_291' title='bbox 1275 3098 1500 3158; x_wconf 87' lang='lat' dir='ltr'><strong>CONTII</strong></span> <span class='ocrx_word' id='word_1_292' title='bbox 1539 3096 1749 3154; x_wconf 71' lang='lat' dir='ltr'><strong>NOTAE</strong></span> <span class='ocrx_word' id='word_1_293' title='bbox 1785 3095 2359 3155; x_wconf 64' lang='lat' dir='ltr'><strong>CHRONOLOGICE.</strong></span> 
     </span>
    </p>
   </div>
   <div class='ocr_carea' id='block_1_59' title="bbox 161 3211 1805 3285">
    <p class='ocr_par' dir='ltr' id='par_1_59' title="bbox 161 3211 1805 3285">
     <span class='ocr_line' id='line_1_60' title="bbox 161 3211 1805 3285; baseline -0.001 -16"><span class='ocrx_word' id='word_1_294' title='bbox 161 3213 381 3283; x_wconf 87' lang='lat' dir='ltr'><strong>Baalino,</strong></span> <span class='ocrx_word' id='word_1_295' title='bbox 415 3213 728 3285; x_wconf 86' lang='lat' dir='ltr'><strong>traditaque</strong></span> <span class='ocrx_word' id='word_1_296' title='bbox 751 3218 915 3270; x_wconf 84' lang='lat' dir='ltr'><strong>estin</strong></span> <span class='ocrx_word' id='word_1_297' title='bbox 945 3227 1142 3285; x_wconf 81' lang='lat' dir='ltr'><strong>manus</strong></span> <span class='ocrx_word' id='word_1_298' title='bbox 1166 3212 1534 3285; x_wconf 80' lang='lat' dir='ltr'><strong>diripientium</strong></span> <span class='ocrx_word' id='word_1_299' title='bbox 1559 3211 1733 3285; x_wconf 87' lang='lat' dir='ltr'><strong>donec</strong></span> <span class='ocrx_word' id='word_1_300' title='bbox 1759 3216 1805 3279; x_wconf 88' lang='lat' dir='ltr'><strong>C</strong></span> 
     </span>
    </p>
   </div>
   <div class='ocr_carea' id='block_1_60' title="bbox 162 3281 1729 3355">
    <p class='ocr_par' dir='ltr' id='par_1_60' title="bbox 162 3281 1729 3355">
     <span class='ocr_line' id='line_1_61' title="bbox 162 3281 1729 3355; baseline -0.002 -15"><span class='ocrx_word' id='word_1_301' title='bbox 162 3281 431 3343; x_wconf 87' lang='lat' dir='ltr'><strong>suscitatus</strong></span> <span class='ocrx_word' id='word_1_302' title='bbox 471 3295 558 3342; x_wconf 88' lang='lat' dir='ltr'><strong>est</strong></span> <span class='ocrx_word' id='word_1_303' title='bbox 588 3281 839 3343; x_wconf 78' lang='lat' dir='ltr'><strong>Othoniel</strong></span> <span class='ocrx_word' id='word_1_304' title='bbox 868 3284 961 3355; x_wconf 89' lang='lat' dir='ltr'><strong>qui</strong></span> <span class='ocrx_word' id='word_1_305' title='bbox 994 3299 1088 3340; x_wconf 91' lang='lat' dir='ltr'><strong>eos</strong></span> <span class='ocrx_word' id='word_1_306' title='bbox 1123 3283 1419 3355; x_wconf 82' lang='lat' dir='ltr'><strong>liberaret?</strong></span> <span class='ocrx_word' id='word_1_307' title='bbox 1452 3281 1729 3355; x_wconf 74' lang='lat' dir='ltr'><strong>Ne_plura,</strong></span> 
     </span>
    </p>
   </div>
   <div class='ocr_carea' id='block_1_61' title="bbox 158 3351 1735 3430">
    <p class='ocr_par' dir='ltr' id='par_1_61' title="bbox 158 3351 1735 3430">
     <span class='ocr_line' id='line_1_62' title="bbox 158 3351 1735 3430; baseline -0.001 -18"><span class='ocrx_word' id='word_1_308' title='bbox 158 3374 252 3413; x_wconf 86' lang='lat' dir='ltr'><strong>non</strong></span> <span class='ocrx_word' id='word_1_309' title='bbox 285 3358 492 3430; x_wconf 84' lang='lat' dir='ltr'><strong>absque</strong></span> <span class='ocrx_word' id='word_1_310' title='bbox 539 3372 747 3430; x_wconf 71' lang='lat' dir='ltr'><strong>summa</strong></span> <span class='ocrx_word' id='word_1_311' title='bbox 790 3351 1001 3412; x_wconf 77' lang='lat' dir='ltr'><strong>ratione</strong></span> <span class='ocrx_word' id='word_1_312' title='bbox 1052 3353 1380 3430; x_wconf 69' lang='lat' dir='ltr'><strong>credendum</strong></span> <span class='ocrx_word' id='word_1_313' title='bbox 1409 3362 1496 3409; x_wconf 89' lang='lat' dir='ltr'><strong>est</strong></span> <span class='ocrx_word' id='word_1_314' title='bbox 1515 3351 1735 3430; x_wconf 57' lang='lat' dir='ltr'><strong>Graecos</strong></span> 
     </span>
    </p>
   </div>
   <div class='ocr_carea' id='block_1_62' title="bbox 161 3425 1735 3494">
    <p class='ocr_par' dir='ltr' id='par_1_62' title="bbox 161 3425 1735 3494">
     <span class='ocr_line' id='line_1_63' title="bbox 161 3425 1735 3494; baseline -0.002 -11"><span class='ocrx_word' id='word_1_315' title='bbox 161 3430 350 3494; x_wconf 85' lang='lat' dir='ltr'><strong>Patres,</strong></span> <span class='ocrx_word' id='word_1_316' title='bbox 375 3425 433 3485; x_wconf 66' lang='grc' dir='ltr'>ἐι</span> <span class='ocrx_word' id='word_1_317' title='bbox 458 3444 531 3484; x_wconf 83' lang='lat' dir='ltr'><strong>ex</strong></span> <span class='ocrx_word' id='word_1_318' title='bbox 566 3430 653 3485; x_wconf 90' lang='lat' dir='ltr'><strong>his</strong></span> <span class='ocrx_word' id='word_1_319' title='bbox 682 3426 1016 3484; x_wconf 89' lang='lat' dir='ltr'><strong>Clementem</strong></span> <span class='ocrx_word' id='word_1_320' title='bbox 1056 3425 1423 3482; x_wconf 90' lang='lat' dir='ltr'><strong>Stromateum</strong></span> <span class='ocrx_word' id='word_1_321' title='bbox 1444 3465 1460 3490; x_wconf 93' lang='lat'><strong>,</strong></span> <span class='ocrx_word' id='word_1_322' title='bbox 1502 3433 1556 3478; x_wconf 87' lang='lat' dir='ltr'><strong>et</strong></span> <span class='ocrx_word' id='word_1_323' title='bbox 1590 3426 1735 3481; x_wconf 89' lang='lat' dir='ltr'><strong>hunc</strong></span> 
     </span>
    </p>
   </div>
   <div class='ocr_carea' id='block_1_63' title="bbox 162 3498 1731 3571">
    <p class='ocr_par' dir='ltr' id='par_1_63' title="bbox 162 3498 1731 3571">
     <span class='ocr_line' id='line_1_64' title="bbox 162 3498 1731 3571; baseline -0.002 -18"><span class='ocrx_word' id='word_1_324' title='bbox 162 3501 507 3571; x_wconf 74' lang='lat' dir='ltr'><strong>Nicephorum</strong></span> <span class='ocrx_word' id='word_1_325' title='bbox 538 3508 754 3571; x_wconf 86' lang='lat' dir='ltr'><strong>secutos</strong></span> <span class='ocrx_word' id='word_1_326' title='bbox 778 3513 1043 3571; x_wconf 80' lang='lat' dir='ltr'><strong>esseeam</strong></span> <span class='ocrx_word' id='word_1_327' title='bbox 1069 3498 1500 3553; x_wconf 88' lang='lat' dir='ltr'><strong>numerationem</strong></span> <span class='ocrx_word' id='word_1_328' title='bbox 1521 3511 1646 3571; x_wconf 64' lang='lat' dir='ltr'><strong>qua:</strong></span> <span class='ocrx_word' id='word_1_329' title='bbox 1665 3511 1731 3552; x_wconf 75' lang='lat' dir='ltr'><strong>ex</strong></span> 
     </span>
    </p>
   </div>
   <div class='ocr_carea' id='block_1_64' title="bbox 159 3567 1731 3640">
    <p class='ocr_par' dir='ltr' id='par_1_64' title="bbox 159 3567 1731 3640">
     <span class='ocr_line' id='line_1_65' title="bbox 159 3567 1731 3640; baseline 0 -18"><span class='ocrx_word' id='word_1_330' title='bbox 159 3567 318 3627; x_wconf 83' lang='lat' dir='ltr'><strong>verbis</strong></span> <span class='ocrx_word' id='word_1_331' title='bbox 346 3572 578 3628; x_wconf 89' lang='lat' dir='ltr'><strong>minime</strong></span> <span class='ocrx_word' id='word_1_332' title='bbox 603 3569 819 3626; x_wconf 86' lang='lat' dir='ltr'><strong>violatis</strong></span> <span class='ocrx_word' id='word_1_333' title='bbox 843 3569 968 3625; x_wconf 88' lang='lat' dir='ltr'><strong>elici</strong></span> <span class='ocrx_word' id='word_1_334' title='bbox 996 3577 1194 3640; x_wconf 88' lang='lat' dir='ltr'><strong>potest,</strong></span> <span class='ocrx_word' id='word_1_335' title='bbox 1223 3583 1384 3638; x_wconf 90' lang='lat' dir='ltr'><strong>quam</strong></span> <span class='ocrx_word' id='word_1_336' title='bbox 1428 3582 1526 3622; x_wconf 87' lang='lat' dir='ltr'><strong>nec</strong></span> <span class='ocrx_word' id='word_1_337' title='bbox 1560 3567 1731 3623; x_wconf 79' lang='lat' dir='ltr'><strong>Euse-</strong></span> 
     </span>
    </p>
   </div>
   <div class='ocr_carea' id='block_1_65' title="bbox 160 3640 1727 3714">
    <p class='ocr_par' dir='ltr' id='par_1_65' title="bbox 160 3640 1727 3714">
     <span class='ocr_line' id='line_1_66' title="bbox 160 3640 1727 3714; baseline -0.003 -19"><span class='ocrx_word' id='word_1_338' title='bbox 160 3642 265 3698; x_wconf 89' lang='lat' dir='ltr'><strong>bius</strong></span> <span class='ocrx_word' id='word_1_339' title='bbox 287 3645 341 3699; x_wconf 93' lang='lat' dir='ltr'><strong>in</strong></span> <span class='ocrx_word' id='word_1_340' title='bbox 364 3643 690 3714; x_wconf 66' lang='lat' dir='ltr'><strong>praefatione</strong></span> <span class='ocrx_word' id='word_1_341' title='bbox 710 3640 1114 3714; x_wconf 81' lang='lat' dir='ltr'><strong>Chronicorum</strong></span> <span class='ocrx_word' id='word_1_342' title='bbox 1142 3641 1400 3714; x_wconf 83' lang='lat' dir='ltr'><strong>damnare</strong></span> <span class='ocrx_word' id='word_1_343' title='bbox 1427 3653 1590 3714; x_wconf 81' lang='lat' dir='ltr'><strong>ausus</strong></span> <span class='ocrx_word' id='word_1_344' title='bbox 1627 3645 1727 3702; x_wconf 90' lang='lat' dir='ltr'><strong>est,</strong></span> 
     </span>
    </p>
   </div>
   <div class='ocr_carea' id='block_1_66' title="bbox 159 3709 1527 3785">
    <p class='ocr_par' dir='ltr' id='par_1_66' title="bbox 159 3709 1527 3785">
     <span class='ocr_line' id='line_1_67' title="bbox 159 3709 1527 3785; baseline -0.005 -17"><span class='ocrx_word' id='word_1_345' title='bbox 159 3714 237 3768; x_wconf 87' lang='lat' dir='ltr'><strong>sed</strong></span> <span class='ocrx_word' id='word_1_346' title='bbox 264 3714 312 3768; x_wconf 92' lang='lat' dir='ltr'><strong>in</strong></span> <span class='ocrx_word' id='word_1_347' title='bbox 334 3709 801 3785; x_wconf 56' lang='lat' dir='ltr'><strong>arquilihriqeum</strong></span> <span class='ocrx_word' id='word_1_348' title='bbox 836 3712 942 3785; x_wconf 86' lang='lat' dir='ltr'><strong>alia</strong></span> <span class='ocrx_word' id='word_1_349' title='bbox 968 3711 1216 3767; x_wconf 88' lang='lat' dir='ltr'><strong>breviore</strong></span> <span class='ocrx_word' id='word_1_350' title='bbox 1252 3709 1527 3785; x_wconf 81' lang='lat' dir='ltr'><strong>sustinuit.</strong></span> 
     </span>
    </p>
   </div>
   <div class='ocr_carea' id='block_1_67' title="bbox 217 3781 1727 3855">
    <p class='ocr_par' dir='ltr' id='par_1_67' title="bbox 217 3781 1727 3855">
     <span class='ocr_line' id='line_1_68' title="bbox 217 3781 1727 3855; baseline -0.003 -17"><span class='ocrx_word' id='word_1_351' title='bbox 217 3786 291 3855; x_wconf 74' lang='lat' dir='ltr'><strong>An</strong></span> <span class='ocrx_word' id='word_1_352' title='bbox 319 3781 452 3841; x_wconf 59' lang='lat' dir='ltr'><strong>Car.</strong></span> <span class='ocrx_word' id='word_1_353' title='bbox 471 3785 539 3840; x_wconf 70' lang='grc' dir='ltr'><strong>ν.</strong></span> <span class='ocrx_word' id='word_1_354' title='bbox 562 3815 631 3824; x_wconf 90' lang='grc'><strong><em>-</em></strong></span> <span class='ocrx_word' id='word_1_355' title='bbox 646 3783 723 3839; x_wconf 92' lang='lat' dir='ltr'><strong>De</strong></span> <span class='ocrx_word' id='word_1_356' title='bbox 749 3784 1026 3855; x_wconf 87' lang='lat' dir='ltr'><strong>superiore</strong></span> <span class='ocrx_word' id='word_1_357' title='bbox 1038 3781 1727 3855; x_wconf 82' lang='lat' dir='ltr'><strong>supputatione_regnorum</strong></span> 
     </span>
    </p>
   </div>
   <div class='ocr_carea' id='block_1_68' title="bbox 159 3850 1733 3932">
    <p class='ocr_par' dir='ltr' id='par_1_68' title="bbox 159 3850 1733 3932">
     <span class='ocr_line' id='line_1_69' title="bbox 159 3850 1733 3932; baseline -0.001 -24"><span class='ocrx_word' id='word_1_358' title='bbox 159 3854 396 3932; x_wconf 83' lang='lat' dir='ltr'><strong>:_uj_nsq_ue</strong></span> <span class='ocrx_word' id='word_1_359' title='bbox 446 3856 593 3932; x_wconf 81' lang='lat' dir='ltr'><strong>regis</strong></span> <span class='ocrx_word' id='word_1_360' title='bbox 644 3857 786 3910; x_wconf 88' lang='lat' dir='ltr'><strong>inter</strong></span> <span class='ocrx_word' id='word_1_361' title='bbox 816 3850 1362 3932; x_wconf 44' lang='lat' dir='ltr'><strong>omnese—ditionis,</strong></span> <span class='ocrx_word' id='word_1_362' title='bbox 1412 3850 1634 3932; x_wconf 64' lang='lat' dir='ltr'><strong>Graecas</strong></span> <span class='ocrx_word' id='word_1_363' title='bbox 1676 3860 1733 3906; x_wconf 87' lang='lat' dir='ltr'><strong>et</strong></span> 
     </span>
    </p>
   </div>
   <div class='ocr_carea' id='block_1_69' title="bbox 160 3923 1731 4002">
    <p class='ocr_par' dir='ltr' id='par_1_69' title="bbox 160 3923 1731 4002">
     <span class='ocr_line' id='line_1_70' title="bbox 160 3923 1731 4002; baseline -0.001 -23"><span class='ocrx_word' id='word_1_364' title='bbox 160 3923 463 4002; x_wconf 74' lang='lat' dir='ltr'><strong>Hebraicas,</strong></span> <span class='ocrx_word' id='word_1_365' title='bbox 490 3923 547 4002; x_wconf 68' lang='lat' dir='ltr'><strong>et</strong></span> <span class='ocrx_word' id='word_1_366' title='bbox 572 3929 714 3982; x_wconf 91' lang='lat' dir='ltr'><strong>hunc</strong></span> <span class='ocrx_word' id='word_1_367' title='bbox 730 3935 983 4002; x_wconf 88' lang='lat' dir='ltr'><strong>_nostrum</strong></span> <span class='ocrx_word' id='word_1_368' title='bbox 1004 3923 1500 4002; x_wconf 67' lang='lat' dir='ltr'><strong>chronographum,</strong></span> <span class='ocrx_word' id='word_1_369' title='bbox 1527 3923 1731 4002; x_wconf 74' lang='lat' dir='ltr'><strong>optime</strong></span> 
     </span>
    </p>
   </div>
   <div class='ocr_carea' id='block_1_70' title="bbox 158 3993 1724 4067">
    <p class='ocr_par' dir='ltr' id='par_1_70' title="bbox 158 3993 1724 4067">
     <span class='ocr_line' id='line_1_71' title="bbox 158 3993 1724 4067; baseline 0.002 -22"><span class='ocrx_word' id='word_1_370' title='bbox 158 4000 416 4064; x_wconf 74' lang='lat' dir='ltr'><strong>convenit,</strong></span> <span class='ocrx_word' id='word_1_371' title='bbox 471 3999 517 4053; x_wconf 91' lang='lat' dir='ltr'><strong>si</strong></span> <span class='ocrx_word' id='word_1_372' title='bbox 549 3996 781 4067; x_wconf 88' lang='lat' dir='ltr'><strong>paucula</strong></span> <span class='ocrx_word' id='word_1_373' title='bbox 812 3993 1398 4067; x_wconf 74' lang='lat' dir='ltr'><strong>tantumobservemus</strong></span> <span class='ocrx_word' id='word_1_374' title='bbox 1420 4011 1451 4067; x_wconf 42' lang='grc' dir='ltr'><strong>ᾖ</strong></span> <span class='ocrx_word' id='word_1_375' title='bbox 1473 3993 1724 4048; x_wconf 83' lang='lat' dir='ltr'><strong>Azariam</strong></span> 
     </span>
    </p>
   </div>
   <div class='ocr_carea' id='block_1_71' title="bbox 157 4063 1727 4133">
    <p class='ocr_par' dir='ltr' id='par_1_71' title="bbox 157 4063 1727 4133">
     <span class='ocr_line' id='line_1_72' title="bbox 157 4063 1727 4133; baseline -0.003 -10"><span class='ocrx_word' id='word_1_376' title='bbox 157 4078 203 4123; x_wconf 84' lang='lat' dir='ltr'><strong>et</strong></span> <span class='ocrx_word' id='word_1_377' title='bbox 223 4068 400 4124; x_wconf 86' lang='lat' dir='ltr'><strong>Oziam</strong></span> <span class='ocrx_word' id='word_1_378' title='bbox 431 4063 686 4125; x_wconf 80' lang='lat' dir='ltr'><strong>eumdem</strong></span> <span class='ocrx_word' id='word_1_379' title='bbox 713 4082 832 4123; x_wconf 87' lang='lat' dir='ltr'><strong>esse</strong></span> <span class='ocrx_word' id='word_1_380' title='bbox 859 4081 922 4120; x_wconf 84' lang='lat' dir='ltr'><strong>ex</strong></span> <span class='ocrx_word' id='word_1_381' title='bbox 962 4065 1247 4122; x_wconf 89' lang='lat' dir='ltr'><strong>collatione</strong></span> <span class='ocrx_word' id='word_1_382' title='bbox 1270 4064 1389 4119; x_wconf 89' lang='lat' dir='ltr'><strong>libri</strong></span> <span class='ocrx_word' id='word_1_383' title='bbox 1420 4063 1727 4133; x_wconf 81' lang='lat' dir='ltr'><strong>Regnorum</strong></span> 
     </span>
    </p>
   </div>
   <div class='ocr_carea' id='block_1_72' title="bbox 158 4134 1726 4209">
    <p class='ocr_par' dir='ltr' id='par_1_72' title="bbox 158 4134 1726 4209">
     <span class='ocr_line' id='line_1_73' title="bbox 158 4134 1726 4209; baseline -0.004 -16"><span class='ocrx_word' id='word_1_384' title='bbox 158 4156 263 4193; x_wconf 88' lang='lat' dir='ltr'><strong>cum</strong></span> <span class='ocrx_word' id='word_1_385' title='bbox 307 4141 451 4196; x_wconf 90' lang='lat' dir='ltr'><strong>libro</strong></span> <span class='ocrx_word' id='word_1_386' title='bbox 494 4139 964 4209; x_wconf 87' lang='lat' dir='ltr'><strong>Paralipomenon,</strong></span> <span class='ocrx_word' id='word_1_387' title='bbox 1012 4135 1219 4209; x_wconf 84' lang='lat' dir='ltr'><strong>Joacim</strong></span> <span class='ocrx_word' id='word_1_388' title='bbox 1258 4151 1353 4191; x_wconf 91' lang='lat' dir='ltr'><strong>seu</strong></span> <span class='ocrx_word' id='word_1_389' title='bbox 1382 4134 1608 4189; x_wconf 80' lang='lat' dir='ltr'><strong>Eliacitu</strong></span> <span class='ocrx_word' id='word_1_390' title='bbox 1636 4149 1726 4209; x_wconf 82' lang='lat' dir='ltr'><strong>re-</strong></span> 
     </span>
    </p>
   </div>
   <div class='ocr_carea' id='block_1_73' title="bbox 158 4205 1725 4279">
    <p class='ocr_par' dir='ltr' id='par_1_73' title="bbox 158 4205 1725 4279">
     <span class='ocr_line' id='line_1_74' title="bbox 158 4205 1725 4279; baseline -0.002 -16"><span class='ocrx_word' id='word_1_391' title='bbox 158 4227 333 4276; x_wconf 71' lang='lat' dir='ltr'><strong>gnasse</strong></span> <span class='ocrx_word' id='word_1_392' title='bbox 363 4226 544 4267; x_wconf 84' lang='lat' dir='ltr'><strong>annos</strong></span> <span class='ocrx_word' id='word_1_393' title='bbox 569 4226 623 4265; x_wconf 74' lang='grc' dir='ltr'><strong>ιι</strong></span> <span class='ocrx_word' id='word_1_394' title='bbox 654 4205 712 4263; x_wconf 76' lang='lat' dir='ltr'><strong>ut</strong></span> <span class='ocrx_word' id='word_1_395' title='bbox 739 4209 934 4264; x_wconf 91' lang='lat' dir='ltr'><strong>dicitur</strong></span> <span class='ocrx_word' id='word_1_396' title='bbox 980 4222 1034 4262; x_wconf 81' lang='lat' dir='ltr'><strong>Iv</strong></span> <span class='ocrx_word' id='word_1_397' title='bbox 1078 4208 1284 4279; x_wconf 83' lang='lat' dir='ltr'><strong>Regum</strong></span> <span class='ocrx_word' id='word_1_398' title='bbox 1342 4221 1459 4275; x_wconf 92' lang='lat' dir='ltr'><strong>cap.</strong></span> <span class='ocrx_word' id='word_1_399' title='bbox 1508 4220 1641 4279; x_wconf 57' lang='lat' dir='ltr'><strong>qum</strong></span> <span class='ocrx_word' id='word_1_400' title='bbox 1670 4205 1725 4260; x_wconf 89' lang='lat' dir='ltr'><strong>in</strong></span> 
     </span>
    </p>
   </div>
   <div class='ocr_carea' id='block_1_74' title="bbox 159 4276 1730 4343">
    <p class='ocr_par' dir='ltr' id='par_1_74' title="bbox 159 4276 1730 4343">
     <span class='ocr_line' id='line_1_75' title="bbox 159 4276 1730 4343; baseline -0.004 -6"><span class='ocrx_word' id='word_1_401' title='bbox 159 4285 267 4337; x_wconf 85' lang='lat' dir='ltr'><strong>line.</strong></span> <span class='ocrx_word' id='word_1_402' title='bbox 320 4284 504 4337; x_wconf 76' lang='lat' dir='ltr'><strong>Anton</strong></span> <span class='ocrx_word' id='word_1_403' title='bbox 554 4295 811 4343; x_wconf 77' lang='lat' dir='ltr'><strong>regnasse</strong></span> <span class='ocrx_word' id='word_1_404' title='bbox 862 4279 1020 4334; x_wconf 86' lang='lat' dir='ltr'><strong>annis</strong></span> <span class='ocrx_word' id='word_1_405' title='bbox 1067 4276 1182 4343; x_wconf 53' lang='lat' dir='ltr'><strong>xu,‘</strong></span> <span class='ocrx_word' id='word_1_406' title='bbox 1212 4293 1281 4332; x_wconf 79' lang='lat' dir='ltr'><strong>ex</strong></span> <span class='ocrx_word' id='word_1_407' title='bbox 1321 4276 1645 4332; x_wconf 88' lang='lat' dir='ltr'><strong>auctoritate</strong></span> <span class='ocrx_word' id='word_1_408' title='bbox 1672 4285 1730 4331; x_wconf 90' lang='lat' dir='ltr'><strong>et</strong></span> 
     </span>
    </p>
   </div>
   <div class='ocr_carea' id='block_1_75' title="bbox 158 4296 1730 4422">
    <p class='ocr_par' dir='ltr' id='par_1_75' title="bbox 158 4296 1730 4422">
     <span class='ocr_line' id='line_1_76' title="bbox 159 4296 1730 4343; baseline -0.004 -6"><span class='ocrx_word' id='word_1_409' title='bbox 159 4296 267 4337; x_wconf 84' lang='lat' dir='ltr'><strong>une.</strong></span> <span class='ocrx_word' id='word_1_410' title='bbox 320 4296 504 4337; x_wconf 74' lang='lat' dir='ltr'><strong>Anton</strong></span> <span class='ocrx_word' id='word_1_411' title='bbox 554 4296 613 4336; x_wconf 89' lang='lat' dir='ltr'><strong>re</strong></span> <span class='ocrx_word' id='word_1_412' title='bbox 653 4296 811 4335; x_wconf 87' lang='lat' dir='ltr'><strong>nasse</strong></span> <span class='ocrx_word' id='word_1_413' title='bbox 862 4296 1020 4334; x_wconf 68' lang='lat' dir='ltr'><strong>annis</strong></span> <span class='ocrx_word' id='word_1_414' title='bbox 1067 4296 1166 4343; x_wconf 86' lang='lat' dir='ltr'><strong>xu,</strong></span> <span class='ocrx_word' id='word_1_415' title='bbox 1212 4296 1281 4332; x_wconf 78' lang='lat' dir='ltr'><strong>ex</strong></span> <span class='ocrx_word' id='word_1_416' title='bbox 1321 4296 1645 4332; x_wconf 74' lang='lat' dir='ltr'><strong>auctoritate</strong></span> <span class='ocrx_word' id='word_1_417' title='bbox 1672 4296 1730 4331; x_wconf 75' lang='lat' dir='ltr'><strong>et</strong></span> 
     </span>
     <span class='ocr_line' id='line_1_77' title="bbox 158 4296 1730 4422; baseline -0.003 -17"><span class='ocrx_word' id='word_1_418' title='bbox 158 4368 291 4409; x_wconf 89' lang='lat' dir='ltr'><strong>mera</strong></span> <span class='ocrx_word' id='word_1_419' title='bbox 318 4353 565 4410; x_wconf 89' lang='lat' dir='ltr'><strong>editione</strong></span> <span class='ocrx_word' id='word_1_420' title='bbox 613 4296 963 4422; x_wconf 60' lang='lat' dir='ltr'><strong>Septuaginta</strong></span> <span class='ocrx_word' id='word_1_421' title='bbox 1019 4347 1399 4422; x_wconf 82' lang='lat' dir='ltr'><strong>Interpretum,</strong></span> <span class='ocrx_word' id='word_1_422' title='bbox 1458 4354 1516 4401; x_wconf 92' lang='lat' dir='ltr'><strong>ut</strong></span> <span class='ocrx_word' id='word_1_423' title='bbox 1561 4346 1730 4422; x_wconf 78' lang='lat' dir='ltr'><strong>refert</strong></span> 
     </span>
    </p>
   </div>
   <div class='ocr_carea' id='block_1_76' title="bbox 158 4419 1727 4490">
    <p class='ocr_par' dir='ltr' id='par_1_76' title="bbox 158 4419 1727 4490">
     <span class='ocr_line' id='line_1_78' title="bbox 158 4419 1727 4490; baseline -0.001 -14"><span class='ocrx_word' id='word_1_424' title='bbox 158 4423 431 4490; x_wconf 77' lang='lat' dir='ltr'><strong>Eusebius,</strong></span> <span class='ocrx_word' id='word_1_425' title='bbox 486 4423 573 4479; x_wconf 91' lang='lat' dir='ltr'><strong>cui</strong></span> <span class='ocrx_word' id='word_1_426' title='bbox 621 4419 783 4477; x_wconf 86' lang='lat' dir='ltr'><strong>inea</strong></span> <span class='ocrx_word' id='word_1_427' title='bbox 825 4419 886 4477; x_wconf 77' lang='lat' dir='ltr'><strong>re</strong></span> <span class='ocrx_word' id='word_1_428' title='bbox 936 4421 1070 4476; x_wconf 86' lang='lat' dir='ltr'><strong>ﬁdes</strong></span> <span class='ocrx_word' id='word_1_429' title='bbox 1117 4419 1358 4474; x_wconf 90' lang='lat' dir='ltr'><strong>habenda</strong></span> <span class='ocrx_word' id='word_1_430' title='bbox 1389 4428 1515 4474; x_wconf 90' lang='lat' dir='ltr'><strong>est:</strong></span> <span class='ocrx_word' id='word_1_431' title='bbox 1548 4419 1727 4487; x_wconf 90' lang='lat' dir='ltr'><strong>utqui</strong></span> 
     </span>
    </p>
   </div>
   <div class='ocr_carea' id='block_1_77' title="bbox 158 4490 1723 4562">
    <p class='ocr_par' dir='ltr' id='par_1_77' title="bbox 158 4490 1723 4562">
     <span class='ocr_line' id='line_1_79' title="bbox 158 4490 1723 4562; baseline -0.003 -15"><span class='ocrx_word' id='word_1_432' title='bbox 158 4510 346 4550; x_wconf 79' lang='lat' dir='ltr'><strong>Inerant</strong></span> <span class='ocrx_word' id='word_1_433' title='bbox 380 4495 684 4550; x_wconf 89' lang='lat' dir='ltr'><strong>editionem</strong></span> <span class='ocrx_word' id='word_1_434' title='bbox 714 4492 976 4562; x_wconf 82' lang='lat' dir='ltr'><strong>ejusmodi</strong></span> <span class='ocrx_word' id='word_1_435' title='bbox 1007 4490 1276 4562; x_wconf 87' lang='lat' dir='ltr'><strong>habuerit,</strong></span> <span class='ocrx_word' id='word_1_436' title='bbox 1313 4498 1372 4544; x_wconf 92' lang='lat' dir='ltr'><strong>ut</strong></span> <span class='ocrx_word' id='word_1_437' title='bbox 1412 4490 1525 4559; x_wconf 87' lang='lat' dir='ltr'><strong>jam</strong></span> <span class='ocrx_word' id='word_1_438' title='bbox 1549 4498 1723 4562; x_wconf 33' lang='lat' dir='ltr'><strong>.antea</strong></span> 
     </span>
    </p>
   </div>
   <div class='ocr_carea' id='block_1_78' title="bbox 156 4558 1726 4621">
    <p class='ocr_par' dir='ltr' id='par_1_78' title="bbox 156 4558 1726 4621">
     <span class='ocr_line' id='line_1_80' title="bbox 156 4558 1726 4621; baseline -0.003 -4"><span class='ocrx_word' id='word_1_439' title='bbox 156 4566 475 4621; x_wconf 82' lang='lat' dir='ltr'><strong>monuimus.</strong></span> <span class='ocrx_word' id='word_1_440' title='bbox 523 4558 756 4621; x_wconf 72' lang='lat' dir='ltr'><strong>Hebraea</strong></span> <span class='ocrx_word' id='word_1_441' title='bbox 794 4573 975 4620; x_wconf 88' lang='lat' dir='ltr'><strong>autem</strong></span> <span class='ocrx_word' id='word_1_442' title='bbox 1020 4561 1188 4617; x_wconf 85' lang='lat' dir='ltr'><strong>editio</strong></span> <span class='ocrx_word' id='word_1_443' title='bbox 1209 4571 1263 4617; x_wconf 90' lang='lat' dir='ltr'><strong>et</strong></span> <span class='ocrx_word' id='word_1_444' title='bbox 1288 4558 1500 4621; x_wconf 76' lang='lat' dir='ltr'><strong>vulgata</strong></span> <span class='ocrx_word' id='word_1_445' title='bbox 1538 4558 1726 4615; x_wconf 66' lang='lat' dir='ltr'><strong>Graeca</strong></span> 
     </span>
    </p>
   </div>
   <div class='ocr_carea' id='block_1_79' title="bbox 155 4632 1725 4707">
    <p class='ocr_par' dir='ltr' id='par_1_79' title="bbox 155 4632 1725 4707">
     <span class='ocr_line' id='line_1_81' title="bbox 155 4632 1725 4707; baseline -0.004 -18"><span class='ocrx_word' id='word_1_446' title='bbox 155 4650 263 4704; x_wconf 71' lang='lat' dir='ltr'><strong>quae</strong></span> <span class='ocrx_word' id='word_1_447' title='bbox 286 4637 449 4694; x_wconf 85' lang='lat' dir='ltr'><strong>hodie</strong></span> <span class='ocrx_word' id='word_1_448' title='bbox 479 4635 749 4707; x_wconf 87' lang='lat' dir='ltr'><strong>Compluti</strong></span> <span class='ocrx_word' id='word_1_449' title='bbox 774 4644 829 4689; x_wconf 89' lang='lat' dir='ltr'><strong>et</strong></span> <span class='ocrx_word' id='word_1_450' title='bbox 855 4634 996 4704; x_wconf 89' lang='lat' dir='ltr'><strong>apud</strong></span> <span class='ocrx_word' id='word_1_451' title='bbox 1024 4632 1227 4707; x_wconf 77' lang='lat' dir='ltr'><strong>Aldurn</strong></span> <span class='ocrx_word' id='word_1_452' title='bbox 1260 4641 1316 4687; x_wconf 85' lang='lat' dir='ltr'><strong>et</strong></span> <span class='ocrx_word' id='word_1_453' title='bbox 1351 4632 1495 4707; x_wconf 68' lang='lat' dir='ltr'><strong>alios</strong></span> <span class='ocrx_word' id='word_1_454' title='bbox 1524 4645 1725 4707; x_wconf 72' lang='lat' dir='ltr'><strong>excusa</strong></span> 
     </span>
    </p>
   </div>
   <div class='ocr_carea' id='block_1_80' title="bbox 155 4700 1726 4781">
    <p class='ocr_par' dir='ltr' id='par_1_80' title="bbox 155 4700 1726 4781">
     <span class='ocr_line' id='line_1_82' title="bbox 155 4700 1726 4781; baseline -0.003 -23"><span class='ocrx_word' id='word_1_455' title='bbox 155 4700 362 4781; x_wconf 55' lang='lat' dir='ltr'><strong>exstat,</strong></span> <span class='ocrx_word' id='word_1_456' title='bbox 388 4709 550 4781; x_wconf 13' lang='lat' dir='ltr'><strong>duos,</strong></span> <span class='ocrx_word' id='word_1_457' title='bbox 583 4700 1007 4781; x_wconf 65' lang='lat' dir='ltr'><strong>tantutn_anno_s</strong></span> <span class='ocrx_word' id='word_1_458' title='bbox 1051 4704 1099 4758; x_wconf 87' lang='lat' dir='ltr'><strong>ei</strong></span> <span class='ocrx_word' id='word_1_459' title='bbox 1145 4704 1405 4781; x_wconf 82' lang='lat' dir='ltr'><strong>tribuunt.</strong></span> <span class='ocrx_word' id='word_1_460' title='bbox 1459 4700 1634 4781; x_wconf 54' lang='lat' dir='ltr'><strong>Quod“</strong></span> <span class='ocrx_word' id='word_1_461' title='bbox 1659 4701 1726 4781; x_wconf 87' lang='lat' dir='ltr'><strong>de</strong></span> 
     </span>
    </p>
   </div>
   <div class='ocr_carea' id='block_1_81' title="bbox 156 4770 1729 4847">
    <p class='ocr_par' dir='ltr' id='par_1_81' title="bbox 156 4770 1729 4847">
     <span class='ocr_line' id='line_1_83' title="bbox 156 4770 1729 4847; baseline -0.003 -19"><span class='ocrx_word' id='word_1_462' title='bbox 156 4770 404 4834; x_wconf 81' lang='lat' dir='ltr'><strong>anarchia</strong></span> <span class='ocrx_word' id='word_1_463' title='bbox 448 4779 583 4835; x_wconf 83' lang='lat' dir='ltr'><strong>dicit</strong></span> <span class='ocrx_word' id='word_1_464' title='bbox 605 4776 758 4847; x_wconf 25' lang='lat' dir='ltr'><strong>,Nicit</strong></span> <span class='ocrx_word' id='word_1_465' title='bbox 803 4775 1155 4846; x_wconf 84' lang='lat' dir='ltr'><strong>Nieephorus,</strong></span> <span class='ocrx_word' id='word_1_466' title='bbox 1194 4775 1247 4829; x_wconf 93' lang='lat' dir='ltr'><strong>id</strong></span> <span class='ocrx_word' id='word_1_467' title='bbox 1283 4783 1493 4847; x_wconf 69' lang='lat' dir='ltr'><strong>tempus</strong></span> <span class='ocrx_word' id='word_1_468' title='bbox 1526 4770 1729 4824; x_wconf 86' lang='lat' dir='ltr'><strong>indicat</strong></span> 
     </span>
    </p>
   </div>
   <div class='ocr_carea' id='block_1_82' title="bbox 156 4843 1726 4924">
    <p class='ocr_par' dir='ltr' id='par_1_82' title="bbox 156 4843 1726 4924">
     <span class='ocr_line' id='line_1_84' title="bbox 156 4843 1726 4924; baseline -0.006 -20"><span class='ocrx_word' id='word_1_469' title='bbox 156 4862 252 4917; x_wconf 78' lang='lat' dir='ltr'><strong>quo</strong></span> <span class='ocrx_word' id='word_1_470' title='bbox 280 4859 477 4924; x_wconf 76' lang='lat' dir='ltr'><strong>contra</strong></span> <span class='ocrx_word' id='word_1_471' title='bbox 520 4843 705 4924; x_wconf 77' lang='lat' dir='ltr'><strong>legem</strong></span> <span class='ocrx_word' id='word_1_472' title='bbox 726 4855 781 4901; x_wconf 88' lang='lat' dir='ltr'><strong>et</strong></span> <span class='ocrx_word' id='word_1_473' title='bbox 808 4862 904 4918; x_wconf 91' lang='lat' dir='ltr'><strong>per</strong></span> <span class='ocrx_word' id='word_1_474' title='bbox 933 4843 1100 4924; x_wconf 45' lang='lat' dir='ltr'><strong>vimna</strong></span> <span class='ocrx_word' id='word_1_475' title='bbox 1127 4860 1254 4924; x_wconf 81' lang='lat' dir='ltr'><strong>rege</strong></span> <span class='ocrx_word' id='word_1_476' title='bbox 1279 4843 1495 4915; x_wconf 60' lang='lat' dir='ltr'><strong>Egypti</strong></span> <span class='ocrx_word' id='word_1_477' title='bbox 1524 4850 1726 4924; x_wconf 74' lang='lat' dir='ltr'><strong>mutata</strong></span> 
     </span>
    </p>
   </div>
   <div class='ocr_carea' id='block_1_83' title="bbox 158 4918 1724 4989">
    <p class='ocr_par' dir='ltr' id='par_1_83' title="bbox 158 4918 1724 4989">
     <span class='ocr_line' id='line_1_85' title="bbox 158 4918 1724 4989; baseline -0.004 -17"><span class='ocrx_word' id='word_1_478' title='bbox 158 4929 231 4973; x_wconf 84' lang='lat' dir='ltr'><strong>est</strong></span> <span class='ocrx_word' id='word_1_479' title='bbox 262 4932 317 4976; x_wconf 90' lang='lat' dir='ltr'><strong>et</strong></span> <span class='ocrx_word' id='word_1_480' title='bbox 346 4918 773 4976; x_wconf 59' lang='lat' dir='ltr'><strong>turbata&#39;series</strong></span> <span class='ocrx_word' id='word_1_481' title='bbox 805 4918 1088 4989; x_wconf 79' lang='lat' dir='ltr'><strong>regnandi,</strong></span> <span class='ocrx_word' id='word_1_482' title='bbox 1121 4918 1458 4989; x_wconf 75' lang='lat' dir='ltr'><strong>primamque</strong></span> <span class='ocrx_word' id='word_1_483' title='bbox 1493 4918 1724 4989; x_wconf 82' lang='lat' dir='ltr'><strong>captivi-</strong></span> 
     </span>
    </p>
   </div>
   <div class='ocr_carea' id='block_1_84' title="bbox 162 4985 1727 5063">
    <p class='ocr_par' dir='ltr' id='par_1_84' title="bbox 162 4985 1727 5063">
     <span class='ocr_line' id='line_1_86' title="bbox 162 4985 1727 5063; baseline -0.007 -15"><span class='ocrx_word' id='word_1_484' title='bbox 162 4998 311 5063; x_wconf 72' lang='lat' dir='ltr'><strong>tatem</strong></span> <span class='ocrx_word' id='word_1_485' title='bbox 342 4990 653 5063; x_wconf 74' lang='lat' dir='ltr'><strong>signiﬁcat,</strong></span> <span class='ocrx_word' id='word_1_486' title='bbox 680 5003 800 5059; x_wconf 70' lang='lat' dir='ltr'><strong>quae</strong></span> <span class='ocrx_word' id='word_1_487' title='bbox 836 4985 985 5063; x_wconf 70' lang='lat' dir='ltr'><strong>facta</strong></span> <span class='ocrx_word' id='word_1_488' title='bbox 999 4996 1081 5043; x_wconf 92' lang='lat' dir='ltr'><strong>est</strong></span> <span class='ocrx_word' id='word_1_489' title='bbox 1111 4985 1349 5063; x_wconf 43' lang='lat' dir='ltr'><strong>tempore</strong></span> <span class='ocrx_word' id='word_1_490' title='bbox 1375 4985 1603 5063; x_wconf 77' lang='lat' dir='ltr'><strong>Joachas</strong></span> <span class='ocrx_word' id='word_1_491' title='bbox 1631 4998 1727 5063; x_wconf 83' lang='lat' dir='ltr'><strong>seu</strong></span> 
     </span>
    </p>
   </div>
   <div class='ocr_carea' id='block_1_85' title="bbox 159 5056 1728 5126">
    <p class='ocr_par' dir='ltr' id='par_1_85' title="bbox 159 5056 1728 5126">
     <span class='ocr_line' id='line_1_87' title="bbox 159 5056 1728 5126; baseline -0.004 -11"><span class='ocrx_word' id='word_1_492' title='bbox 159 5060 351 5118; x_wconf 78' lang='lat' dir='ltr'><strong>Joacim</strong></span> <span class='ocrx_word' id='word_1_493' title='bbox 398 5056 502 5118; x_wconf 62' lang='lat' dir='ltr'><strong>filii</strong></span> <span class='ocrx_word' id='word_1_494' title='bbox 546 5056 726 5126; x_wconf 65' lang='lat' dir='ltr'><strong>Josiai,</strong></span> <span class='ocrx_word' id='word_1_495' title='bbox 781 5057 931 5126; x_wconf 83' lang='lat' dir='ltr'><strong>cujus</strong></span> <span class='ocrx_word' id='word_1_496' title='bbox 974 5056 1236 5112; x_wconf 83' lang='lat' dir='ltr'><strong>meminit</strong></span> <span class='ocrx_word' id='word_1_497' title='bbox 1271 5056 1638 5111; x_wconf 88' lang='lat' dir='ltr'><strong>Theodoretus</strong></span> <span class='ocrx_word' id='word_1_498' title='bbox 1673 5056 1728 5108; x_wconf 92' lang='lat' dir='ltr'><strong>in</strong></span> 
     </span>
    </p>
   </div>
   <div class='ocr_carea' id='block_1_86' title="bbox 162 5126 1726 5197">
    <p class='ocr_par' dir='ltr' id='par_1_86' title="bbox 162 5126 1726 5197">
     <span class='ocr_line' id='line_1_88' title="bbox 162 5126 1726 5197; baseline -0.003 -12"><span class='ocrx_word' id='word_1_499' title='bbox 162 5133 428 5190; x_wconf 80' lang='lat' dir='ltr'><strong>Danielem</strong></span> <span class='ocrx_word' id='word_1_500' title='bbox 471 5142 608 5189; x_wconf 91' lang='lat' dir='ltr'><strong>orat.</strong></span> <span class='ocrx_word' id='word_1_501' title='bbox 637 5132 693 5197; x_wconf 91' lang='lat'><strong>9,</strong></span> <span class='ocrx_word' id='word_1_502' title='bbox 728 5130 819 5186; x_wconf 87' lang='lat' dir='ltr'><strong>ubi</strong></span> <span class='ocrx_word' id='word_1_503' title='bbox 852 5139 962 5185; x_wconf 88' lang='lat' dir='ltr'><strong>tres</strong></span> <span class='ocrx_word' id='word_1_504' title='bbox 992 5128 1330 5197; x_wconf 88' lang='lat' dir='ltr'><strong>captivitates</strong></span> <span class='ocrx_word' id='word_1_505' title='bbox 1358 5127 1524 5183; x_wconf 84' lang='lat' dir='ltr'><strong>fuisse</strong></span> <span class='ocrx_word' id='word_1_506' title='bbox 1548 5126 1726 5190; x_wconf 86' lang='lat' dir='ltr'><strong>docet,</strong></span> 
     </span>
    </p>
   </div>
   <div class='ocr_carea' id='block_1_87' title="bbox 161 5197 1726 5275">
    <p class='ocr_par' dir='ltr' id='par_1_87' title="bbox 161 5197 1726 5275">
     <span class='ocr_line' id='line_1_89' title="bbox 161 5197 1726 5275; baseline -0.003 -17"><span class='ocrx_word' id='word_1_507' title='bbox 161 5205 291 5273; x_wconf 80' lang='lat' dir='ltr'><strong>quod</strong></span> <span class='ocrx_word' id='word_1_508' title='bbox 325 5215 545 5275; x_wconf 85' lang='lat' dir='ltr'><strong>tempus</strong></span> <span class='ocrx_word' id='word_1_509' title='bbox 569 5219 690 5261; x_wconf 91' lang='lat' dir='ltr'><strong>eum</strong></span> <span class='ocrx_word' id='word_1_510' title='bbox 716 5201 963 5272; x_wconf 87' lang='lat' dir='ltr'><strong>sequenti</strong></span> <span class='ocrx_word' id='word_1_511' title='bbox 990 5197 1246 5256; x_wconf 80' lang='lat' dir='ltr'><strong>confundi</strong></span> <span class='ocrx_word' id='word_1_512' title='bbox 1283 5197 1460 5263; x_wconf 88' lang='lat' dir='ltr'><strong>debet,</strong></span> <span class='ocrx_word' id='word_1_513' title='bbox 1493 5211 1596 5254; x_wconf 87' lang='lat' dir='ltr'><strong>non</strong></span> <span class='ocrx_word' id='word_1_514' title='bbox 1628 5212 1726 5253; x_wconf 91' lang='lat' dir='ltr'><strong>au-</strong></span> 
     </span>
    </p>
   </div>
   <div class='ocr_carea' id='block_1_88' title="bbox 1838 3213 3423 3297">
    <p class='ocr_par' dir='ltr' id='par_1_88' title="bbox 1838 3213 3423 3297">
     <span class='ocr_line' id='line_1_90' title="bbox 1838 3213 3423 3297; baseline 0.004 -30"><span class='ocrx_word' id='word_1_515' title='bbox 1838 3221 1945 3296; x_wconf 77' lang='lat' dir='ltr'><strong>tem</strong></span> <span class='ocrx_word' id='word_1_516' title='bbox 1970 3213 2265 3297; x_wconf 81' lang='lat' dir='ltr'><strong>separatim</strong></span> <span class='ocrx_word' id='word_1_517' title='bbox 2288 3213 2500 3296; x_wconf 75' lang='lat' dir='ltr'><strong>censeri</strong></span> <span class='ocrx_word' id='word_1_518' title='bbox 2528 3230 2542 3268; x_wconf 92' lang='lat'><strong>:</strong></span> <span class='ocrx_word' id='word_1_519' title='bbox 2569 3213 2766 3297; x_wconf 83' lang='lat' dir='ltr'><strong>alioqui</strong></span> <span class='ocrx_word' id='word_1_520' title='bbox 2792 3230 2894 3297; x_wconf 68' lang='lat' dir='ltr'><strong>nec</strong></span> <span class='ocrx_word' id='word_1_521' title='bbox 2915 3232 2975 3271; x_wconf 91' lang='lat' dir='ltr'><strong>su</strong></span> <span class='ocrx_word' id='word_1_522' title='bbox 2985 3231 3124 3297; x_wconf 71' lang='lat' dir='ltr'><strong>mnta</strong></span> <span class='ocrx_word' id='word_1_523' title='bbox 3148 3218 3423 3297; x_wconf 75' lang='lat' dir='ltr'><strong>collectio-</strong></span> 
     </span>
    </p>
   </div>
   <div class='ocr_carea' id='block_1_89' title="bbox 1836 3284 3405 3349">
    <p class='ocr_par' dir='ltr' id='par_1_89' title="bbox 1836 3284 3405 3349">
     <span class='ocr_line' id='line_1_91' title="bbox 1836 3284 3405 3349; baseline 0.004 -10"><span class='ocrx_word' id='word_1_524' title='bbox 1836 3286 1920 3339; x_wconf 89' lang='lat' dir='ltr'><strong>nis</strong></span> <span class='ocrx_word' id='word_1_525' title='bbox 1957 3284 2225 3341; x_wconf 66' lang='lat' dir='ltr'><strong>universae</strong></span> <span class='ocrx_word' id='word_1_526' title='bbox 2274 3284 2607 3349; x_wconf 88' lang='lat' dir='ltr'><strong>conveniret,</strong></span> <span class='ocrx_word' id='word_1_527' title='bbox 2658 3284 2755 3340; x_wconf 79' lang='lat' dir='ltr'><strong>nec</strong></span> <span class='ocrx_word' id='word_1_528' title='bbox 2800 3287 2939 3343; x_wconf 90' lang='lat' dir='ltr'><strong>ullus</strong></span> <span class='ocrx_word' id='word_1_529' title='bbox 2988 3288 3280 3345; x_wconf 79' lang='lat' dir='ltr'><strong>historicus</strong></span> <span class='ocrx_word' id='word_1_530' title='bbox 3328 3304 3405 3346; x_wconf 72' lang='lat' dir='ltr'><strong>:m‘</strong></span> 
     </span>
    </p>
   </div>
   <div class='ocr_carea' id='block_1_90' title="bbox 1834 3354 3415 3427">
    <p class='ocr_par' dir='ltr' id='par_1_90' title="bbox 1834 3354 3415 3427">
     <span class='ocr_line' id='line_1_92' title="bbox 1834 3354 3415 3427; baseline 0.003 -16"><span class='ocrx_word' id='word_1_531' title='bbox 1834 3356 2301 3427; x_wconf 86' lang='lat' dir='ltr'><strong>chronographus.</strong></span> <span class='ocrx_word' id='word_1_532' title='bbox 2342 3355 2399 3410; x_wconf 92' lang='lat' dir='ltr'><strong>Si</strong></span> <span class='ocrx_word' id='word_1_533' title='bbox 2432 3354 2594 3427; x_wconf 84' lang='lat' dir='ltr'><strong>igitur</strong></span> <span class='ocrx_word' id='word_1_534' title='bbox 2636 3356 2735 3427; x_wconf 85' lang='lat' dir='ltr'><strong>hos</strong></span> <span class='ocrx_word' id='word_1_535' title='bbox 2783 3355 2890 3412; x_wconf 70' lang='lat' dir='ltr'><strong>M5</strong></span> <span class='ocrx_word' id='word_1_536' title='bbox 2939 3373 3109 3412; x_wconf 90' lang='lat' dir='ltr'><strong>annos</strong></span> <span class='ocrx_word' id='word_1_537' title='bbox 3156 3363 3415 3417; x_wconf 63' lang='lat' dir='ltr'><strong>arldanus</strong></span> 
     </span>
    </p>
   </div>
   <div class='ocr_carea' id='block_1_91' title="bbox 1835 3426 3413 3496">
    <p class='ocr_par' dir='ltr' id='par_1_91' title="bbox 1835 3426 3413 3496">
     <span class='ocr_line' id='line_1_93' title="bbox 1835 3426 3413 3496; baseline 0.004 -16"><span class='ocrx_word' id='word_1_538' title='bbox 1835 3428 1993 3482; x_wconf 89' lang='lat' dir='ltr'><strong>annis</strong></span> <span class='ocrx_word' id='word_1_539' title='bbox 2022 3426 2089 3479; x_wconf 88' lang='lat' dir='ltr'><strong>ab</strong></span> <span class='ocrx_word' id='word_1_540' title='bbox 2118 3426 2328 3496; x_wconf 86' lang='lat' dir='ltr'><strong>origine</strong></span> <span class='ocrx_word' id='word_1_541' title='bbox 2370 3440 2543 3496; x_wconf 89' lang='lat' dir='ltr'><strong>usque</strong></span> <span class='ocrx_word' id='word_1_542' title='bbox 2590 3427 2657 3481; x_wconf 92' lang='lat' dir='ltr'><strong>ad</strong></span> <span class='ocrx_word' id='word_1_543' title='bbox 2709 3426 3056 3484; x_wconf 88' lang='lat' dir='ltr'><strong>Salomonem</strong></span> <span class='ocrx_word' id='word_1_544' title='bbox 3089 3430 3249 3495; x_wconf 71' lang='grc'>4469,</span> <span class='ocrx_word' id='word_1_545' title='bbox 3289 3431 3413 3487; x_wconf 73' lang='lat' dir='ltr'><strong>{ient</strong></span> 
     </span>
    </p>
   </div>
   <div class='ocr_carea' id='block_1_92' title="bbox 1834 3496 3410 3570">
    <p class='ocr_par' dir='ltr' id='par_1_92' title="bbox 1834 3496 3410 3570">
     <span class='ocr_line' id='line_1_94' title="bbox 1834 3496 3410 3570; baseline 0.004 -18"><span class='ocrx_word' id='word_1_546' title='bbox 1834 3496 2422 3570; x_wconf 20' lang='lat' dir='ltr'><strong>anni§9i44ab‘Adattt</strong></span> <span class='ocrx_word' id='word_1_547' title='bbox 2471 3510 2641 3568; x_wconf 85' lang='lat' dir='ltr'><strong>usque</strong></span> <span class='ocrx_word' id='word_1_548' title='bbox 2684 3499 2753 3552; x_wconf 87' lang='lat' dir='ltr'><strong>ad</strong></span> <span class='ocrx_word' id='word_1_549' title='bbox 2802 3499 3171 3570; x_wconf 87' lang='lat' dir='ltr'><strong>captivitatem</strong></span> <span class='ocrx_word' id='word_1_550' title='bbox 3201 3501 3410 3558; x_wconf 55' lang='lat' dir='ltr'><strong>Judae-</strong></span> 
     </span>
    </p>
   </div>
   <div class='ocr_carea' id='block_1_93' title="bbox 1836 3566 2389 3639">
    <p class='ocr_par' dir='ltr' id='par_1_93' title="bbox 1836 3566 2389 3639">
     <span class='ocr_line' id='line_1_95' title="bbox 1836 3566 2389 3639; baseline -0.002 -17"><span class='ocrx_word' id='word_1_551' title='bbox 1836 3584 1953 3639; x_wconf 81' lang='lat' dir='ltr'><strong>rum</strong></span> <span class='ocrx_word' id='word_1_552' title='bbox 1982 3566 2389 3639; x_wconf 58' lang='lat' dir='ltr'><strong>Babylonium.</strong></span> 
     </span>
    </p>
   </div>
   <div class='ocr_carea' id='block_1_94' title="bbox 1901 3636 3420 3712">
    <p class='ocr_par' dir='ltr' id='par_1_94' title="bbox 1901 3636 3420 3712">
     <span class='ocr_line' id='line_1_96' title="bbox 1901 3636 3420 3712; baseline 0.005 -20"><span class='ocrx_word' id='word_1_553' title='bbox 1901 3638 1984 3712; x_wconf 72' lang='lat' dir='ltr'><strong>An</strong></span> <span class='ocrx_word' id='word_1_554' title='bbox 2023 3636 2149 3712; x_wconf 42' lang='lat' dir='ltr'><strong>cp“.</strong></span> <span class='ocrx_word' id='word_1_555' title='bbox 2193 3637 2281 3712; x_wconf 71' lang='lat' dir='ltr'><strong>Vi.</strong></span> <span class='ocrx_word' id='word_1_556' title='bbox 2314 3669 2384 3677; x_wconf 90' lang='lat'>—</span> <span class='ocrx_word' id='word_1_557' title='bbox 2415 3636 2527 3694; x_wconf 82' lang='lat' dir='ltr'><strong>Hoc</strong></span> <span class='ocrx_word' id='word_1_558' title='bbox 2577 3637 2955 3695; x_wconf 89' lang='lat' dir='ltr'><strong>brevissimum</strong></span> <span class='ocrx_word' id='word_1_559' title='bbox 3004 3650 3164 3712; x_wconf 89' lang='lat' dir='ltr'><strong>caput</strong></span> <span class='ocrx_word' id='word_1_560' title='bbox 3213 3643 3420 3699; x_wconf 84' lang='lat' dir='ltr'><strong>nullam</strong></span> 
     </span>
    </p>
   </div>
   <div class='ocr_carea' id='block_1_95' title="bbox 1832 3707 3415 3782">
    <p class='ocr_par' dir='ltr' id='par_1_95' title="bbox 1832 3707 3415 3782">
     <span class='ocr_line' id='line_1_97' title="bbox 1832 3707 3415 3782; baseline 0.004 -18"><span class='ocrx_word' id='word_1_561' title='bbox 1832 3709 1997 3764; x_wconf 88' lang='lat' dir='ltr'><strong>habet</strong></span> <span class='ocrx_word' id='word_1_562' title='bbox 2042 3707 2561 3782; x_wconf 12' lang='lat' dir='ltr'><strong>diﬂicultatemiaut</strong></span> <span class='ocrx_word' id='word_1_563' title='bbox 2598 3712 3016 3782; x_wconf 83' lang='lat' dir='ltr'><strong>computationis</strong></span> <span class='ocrx_word' id='word_1_564' title='bbox 3062 3707 3415 3782; x_wconf 73' lang='lat' dir='ltr'><strong>varietatem,</strong></span> 
     </span>
    </p>
   </div>
   <div class='ocr_carea' id='block_1_96' title="bbox 1832 3779 3418 3852">
    <p class='ocr_par' dir='ltr' id='par_1_96' title="bbox 1832 3779 3418 3852">
     <span class='ocr_line' id='line_1_98' title="bbox 1832 3779 3418 3852; baseline 0.005 -20"><span class='ocrx_word' id='word_1_565' title='bbox 1832 3782 2200 3852; x_wconf 77' lang='lat' dir='ltr'><strong>probaturque</strong></span> <span class='ocrx_word' id='word_1_566' title='bbox 2248 3780 2471 3852; x_wconf 88' lang='lat' dir='ltr'><strong>disertis</strong></span> <span class='ocrx_word' id='word_1_567' title='bbox 2526 3779 2806 3836; x_wconf 66' lang='lat' dir='ltr'><strong>Zachariae</strong></span> <span class='ocrx_word' id='word_1_568' title='bbox 2860 3783 3138 3852; x_wconf 76' lang='lat' dir='ltr'><strong>propheta:</strong></span> <span class='ocrx_word' id='word_1_569' title='bbox 3194 3779 3418 3841; x_wconf 60' lang='lat' dir='ltr'><strong>verbisi</strong></span> 
     </span>
    </p>
   </div>
   <div class='ocr_carea' id='block_1_97' title="bbox 1834 3849 3422 3928">
    <p class='ocr_par' dir='ltr' id='par_1_97' title="bbox 1834 3849 3422 3928">
     <span class='ocr_line' id='line_1_99' title="bbox 1834 3849 3422 3928; baseline 0.006 -25"><span class='ocrx_word' id='word_1_570' title='bbox 1834 3849 1936 3904; x_wconf 76' lang='lat' dir='ltr'><strong>llic</strong></span> <span class='ocrx_word' id='word_1_571' title='bbox 1965 3851 2375 3928; x_wconf 69' lang='lat' dir='ltr'><strong>septuagesima:</strong></span> <span class='ocrx_word' id='word_1_572' title='bbox 2413 3868 2582 3906; x_wconf 82' lang='lat' dir='ltr'><strong>annus</strong></span> <span class='ocrx_word' id='word_1_573' title='bbox 2612 3862 2722 3928; x_wconf 70' lang='lat' dir='ltr'><strong>est,</strong></span> <span class='ocrx_word' id='word_1_574' title='bbox 2760 3849 2977 3928; x_wconf 67' lang='lat' dir='ltr'><strong>inquit,</strong></span> <span class='ocrx_word' id='word_1_575' title='bbox 3022 3864 3139 3928; x_wconf 56' lang='lat' dir='ltr'><strong>etc.</strong></span> <span class='ocrx_word' id='word_1_576' title='bbox 3186 3857 3241 3910; x_wconf 84' lang='lat' dir='ltr'><strong>Si</strong></span> <span class='ocrx_word' id='word_1_577' title='bbox 3291 3873 3422 3928; x_wconf 79' lang='lat' dir='ltr'><strong>ergo</strong></span> 
     </span>
    </p>
   </div>
   <div class='ocr_carea' id='block_1_98' title="bbox 1831 3922 3521 3992">
    <p class='ocr_par' dir='ltr' id='par_1_98' title="bbox 1831 3922 3521 3992">
     <span class='ocr_line' id='line_1_100' title="bbox 1831 3922 3521 3992; baseline 0.004 -15"><span class='ocrx_word' id='word_1_578' title='bbox 1831 3938 1992 3992; x_wconf 88' lang='lat' dir='ltr'><strong>supra</strong></span> <span class='ocrx_word' id='word_1_579' title='bbox 2030 3922 2272 3977; x_wconf 63' lang='lat' dir='ltr'><strong>collectae</strong></span> <span class='ocrx_word' id='word_1_580' title='bbox 2309 3938 2533 3977; x_wconf 66' lang='lat' dir='ltr'><strong>summa:</strong></span> <span class='ocrx_word' id='word_1_581' title='bbox 2568 3922 2733 3978; x_wconf 88' lang='lat' dir='ltr'><strong>addas</strong></span> <span class='ocrx_word' id='word_1_582' title='bbox 2759 3922 2829 3977; x_wconf 86' lang='lat'><strong>70</strong></span> <span class='ocrx_word' id='word_1_583' title='bbox 2847 3922 3061 3989; x_wconf 78' lang='lat' dir='ltr'><strong>annos,</strong></span> <span class='ocrx_word' id='word_1_584' title='bbox 3113 3926 3244 3980; x_wconf 81' lang='lat' dir='ltr'><strong>ﬁent</strong></span> <span class='ocrx_word' id='word_1_585' title='bbox 3293 3922 3422 3982; x_wconf 66' lang='lat' dir='ltr'><strong>auiti</strong></span> <span class='ocrx_word' id='word_1_586' title='bbox 3502 3930 3521 3939; x_wconf 77' lang='lat'>&#39;</span> 
     </span>
    </p>
   </div>
   <div class='ocr_carea' id='block_1_99' title="bbox 1832 3992 3307 4064">
    <p class='ocr_par' dir='ltr' id='par_1_99' title="bbox 1832 3992 3307 4064">
     <span class='ocr_line' id='line_1_101' title="bbox 1832 3992 3307 4064; baseline 0.003 -17"><span class='ocrx_word' id='word_1_587' title='bbox 1832 3994 1900 4048; x_wconf 88' lang='lat' dir='ltr'><strong>ab</strong></span> <span class='ocrx_word' id='word_1_588' title='bbox 1928 3992 2099 4048; x_wconf 86' lang='lat' dir='ltr'><strong>Adam</strong></span> <span class='ocrx_word' id='word_1_589' title='bbox 2132 4007 2304 4064; x_wconf 90' lang='lat' dir='ltr'><strong>usque</strong></span> <span class='ocrx_word' id='word_1_590' title='bbox 2331 3993 2399 4048; x_wconf 88' lang='lat' dir='ltr'><strong>ad</strong></span> <span class='ocrx_word' id='word_1_591' title='bbox 2430 3992 2709 4048; x_wconf 80' lang='lat' dir='ltr'><strong>redue’tam</strong></span> <span class='ocrx_word' id='word_1_592' title='bbox 2744 3996 3113 4063; x_wconf 85' lang='lat' dir='ltr'><strong>captivitatem</strong></span> <span class='ocrx_word' id='word_1_593' title='bbox 3144 3996 3307 4053; x_wconf 67' lang='grc'><strong>4984.</strong></span> 
     </span>
    </p>
   </div>
   <div class='ocr_carea' id='block_1_100' title="bbox 1902 4063 3424 4140">
    <p class='ocr_par' dir='ltr' id='par_1_100' title="bbox 1902 4063 3424 4140">
     <span class='ocr_line' id='line_1_102' title="bbox 1902 4063 3424 4140; baseline 0.005 -23"><span class='ocrx_word' id='word_1_594' title='bbox 1902 4063 2168 4119; x_wconf 67' lang='lat' dir='ltr'><strong>Caeterum</strong></span> <span class='ocrx_word' id='word_1_595' title='bbox 2197 4063 2243 4120; x_wconf 82' lang='lat' dir='ltr'><strong>si</strong></span> <span class='ocrx_word' id='word_1_596' title='bbox 2271 4065 2393 4134; x_wconf 90' lang='lat' dir='ltr'><strong>quis</strong></span> <span class='ocrx_word' id='word_1_597' title='bbox 2423 4075 2605 4140; x_wconf 55' lang='lat' dir='ltr'><strong>partes</strong></span> <span class='ocrx_word' id='word_1_598' title='bbox 2628 4064 2793 4140; x_wconf 67' lang='lat' dir='ltr'><strong>huius</strong></span> <span class='ocrx_word' id='word_1_599' title='bbox 2825 4066 3092 4140; x_wconf 75' lang='lat' dir='ltr'><strong>temporis</strong></span> <span class='ocrx_word' id='word_1_600' title='bbox 3107 4068 3424 4140; x_wconf 84' lang='lat' dir='ltr'><strong>diligentius</strong></span> 
     </span>
    </p>
   </div>
   <div class='ocr_carea' id='block_1_101' title="bbox 1829 4133 3421 4208">
    <p class='ocr_par' dir='ltr' id='par_1_101' title="bbox 1829 4133 3421 4208">
     <span class='ocr_line' id='line_1_103' title="bbox 1829 4133 3421 4208; baseline 0.003 -19"><span class='ocrx_word' id='word_1_601' title='bbox 1829 4133 2067 4208; x_wconf 84' lang='lat' dir='ltr'><strong>digestas</strong></span> <span class='ocrx_word' id='word_1_602' title='bbox 2116 4149 2214 4205; x_wconf 89' lang='lat' dir='ltr'><strong>per</strong></span> <span class='ocrx_word' id='word_1_603' title='bbox 2262 4133 2438 4190; x_wconf 83' lang='lat' dir='ltr'><strong>annos</strong></span> <span class='ocrx_word' id='word_1_604' title='bbox 2472 4133 2848 4208; x_wconf 54' lang='lat' dir='ltr'><strong>Chaldaeorum</strong></span> <span class='ocrx_word' id='word_1_605' title='bbox 2880 4133 2972 4208; x_wconf 74' lang='lat' dir='ltr'><strong>seu</strong></span> <span class='ocrx_word' id='word_1_606' title='bbox 3003 4133 3421 4208; x_wconf 71' lang='lat' dir='ltr'><strong>Babyloniorum</strong></span> 
     </span>
    </p>
   </div>
   <div class='ocr_carea' id='block_1_102' title="bbox 1870 4205 3421 4276">
    <p class='ocr_par' dir='ltr' id='par_1_102' title="bbox 1870 4205 3421 4276">
     <span class='ocr_line' id='line_1_104' title="bbox 1870 4205 3421 4276; baseline 0.003 -17"><span class='ocrx_word' id='word_1_607' title='bbox 1870 4206 2162 4276; x_wconf 90' lang='lat' dir='ltr'><strong>rincipum,</strong></span> <span class='ocrx_word' id='word_1_608' title='bbox 2194 4217 2249 4261; x_wconf 86' lang='lat' dir='ltr'><strong>et</strong></span> <span class='ocrx_word' id='word_1_609' title='bbox 2284 4215 2468 4276; x_wconf 87' lang='lat' dir='ltr'><strong>postea</strong></span> <span class='ocrx_word' id='word_1_610' title='bbox 2496 4205 2771 4261; x_wconf 83' lang='lat' dir='ltr'><strong>Medorum</strong></span> <span class='ocrx_word' id='word_1_611' title='bbox 2803 4215 2858 4260; x_wconf 92' lang='lat' dir='ltr'><strong>et</strong></span> <span class='ocrx_word' id='word_1_612' title='bbox 2883 4205 3205 4275; x_wconf 75' lang='lat' dir='ltr'><strong>Pereuntia,</strong></span> <span class='ocrx_word' id='word_1_613' title='bbox 3249 4210 3421 4264; x_wconf 84' lang='lat' dir='ltr'><strong>subti-</strong></span> 
     </span>
    </p>
   </div>
   <div class='ocr_carea' id='block_1_103' title="bbox 1852 4275 3422 4349">
    <p class='ocr_par' dir='ltr' id='par_1_103' title="bbox 1852 4275 3422 4349">
     <span class='ocr_line' id='line_1_105' title="bbox 1852 4275 3422 4349; baseline 0.003 -19"><span class='ocrx_word' id='word_1_614' title='bbox 1852 4277 1934 4349; x_wconf 85' lang='lat' dir='ltr'><strong>ius</strong></span> <span class='ocrx_word' id='word_1_615' title='bbox 1964 4275 2484 4349; x_wconf 24' lang='lat' dir='ltr'><strong>Aiutelligerecupit,</strong></span> <span class='ocrx_word' id='word_1_616' title='bbox 2516 4278 2729 4333; x_wconf 85' lang='lat' dir='ltr'><strong>evolvat</strong></span> <span class='ocrx_word' id='word_1_617' title='bbox 2757 4277 3041 4349; x_wconf 67' lang='lat' dir='ltr'><strong>diligenter</strong></span> <span class='ocrx_word' id='word_1_618' title='bbox 3073 4294 3133 4332; x_wconf 88' lang='lat' dir='ltr'><strong>ea</strong></span> <span class='ocrx_word' id='word_1_619' title='bbox 3171 4296 3293 4349; x_wconf 75' lang='lat' dir='ltr'><strong>qua:</strong></span> <span class='ocrx_word' id='word_1_620' title='bbox 3327 4282 3422 4335; x_wconf 86' lang='lat' dir='ltr'><strong>do-</strong></span> 
     </span>
    </p>
   </div>
   <div class='ocr_carea' id='block_1_104' title="bbox 1829 4346 3422 4417">
    <p class='ocr_par' dir='ltr' id='par_1_104' title="bbox 1829 4346 3422 4417">
     <span class='ocr_line' id='line_1_106' title="bbox 1829 4346 3422 4417; baseline 0.002 -16"><span class='ocrx_word' id='word_1_621' title='bbox 1829 4346 2068 4402; x_wconf 88' lang='lat' dir='ltr'><strong>ctissime</strong></span> <span class='ocrx_word' id='word_1_622' title='bbox 2110 4347 2185 4417; x_wconf 14' lang='lat' dir='ltr'><strong>ing</strong></span> <span class='ocrx_word' id='word_1_623' title='bbox 2210 4347 2480 4402; x_wconf 89' lang='lat' dir='ltr'><strong>Danielem</strong></span> <span class='ocrx_word' id='word_1_624' title='bbox 2520 4348 2739 4417; x_wconf 90' lang='lat' dir='ltr'><strong>scripsit</strong></span> <span class='ocrx_word' id='word_1_625' title='bbox 2767 4346 3294 4417; x_wconf 40' lang='lat' dir='ltr'><strong>Theodoretusﬁubi</strong></span> <span class='ocrx_word' id='word_1_626' title='bbox 3329 4349 3422 4404; x_wconf 77' lang='grc' dir='ltr'><strong>,Ιο-</strong></span> 
     </span>
    </p>
   </div>
   <div class='ocr_carea' id='block_1_105' title="bbox 1829 4415 3416 4488">
    <p class='ocr_par' dir='ltr' id='par_1_105' title="bbox 1829 4415 3416 4488">
     <span class='ocr_line' id='line_1_107' title="bbox 1829 4415 3416 4488; baseline 0 -16"><span class='ocrx_word' id='word_1_627' title='bbox 1829 4419 2056 4488; x_wconf 89' lang='lat' dir='ltr'><strong>sephum</strong></span> <span class='ocrx_word' id='word_1_628' title='bbox 2105 4415 2301 4471; x_wconf 82' lang='lat' dir='ltr'><strong>refutat</strong></span> <span class='ocrx_word' id='word_1_629' title='bbox 2347 4433 2403 4488; x_wconf 76' lang='lat' dir='ltr'><strong>et</strong></span> <span class='ocrx_word' id='word_1_630' title='bbox 2432 4427 2564 4488; x_wconf 80' lang='lat' dir='ltr'><strong>tres</strong></span> <span class='ocrx_word' id='word_1_631' title='bbox 2610 4415 2955 4488; x_wconf 80' lang='lat' dir='ltr'><strong>captivitates</strong></span> <span class='ocrx_word' id='word_1_632' title='bbox 2999 4416 3165 4472; x_wconf 85' lang='lat' dir='ltr'><strong>fuisse</strong></span> <span class='ocrx_word' id='word_1_633' title='bbox 3214 4419 3416 4473; x_wconf 81' lang='lat' dir='ltr'><strong>docet:</strong></span> 
     </span>
    </p>
   </div>
   <div class='ocr_carea' id='block_1_106' title="bbox 1829 4486 3420 4558">
    <p class='ocr_par' dir='ltr' id='par_1_106' title="bbox 1829 4486 3420 4558">
     <span class='ocr_line' id='line_1_108' title="bbox 1829 4486 3420 4558; baseline 0.001 -16"><span class='ocrx_word' id='word_1_634' title='bbox 1829 4486 2090 4558; x_wconf 85' lang='lat' dir='ltr'><strong>primam,</strong></span> <span class='ocrx_word' id='word_1_635' title='bbox 2122 4502 2264 4558; x_wconf 83' lang='lat' dir='ltr'><strong>anno</strong></span> <span class='ocrx_word' id='word_1_636' title='bbox 2292 4487 2317 4540; x_wconf 84' lang='grc'><strong>1</strong></span> <span class='ocrx_word' id='word_1_637' title='bbox 2348 4486 2912 4558; x_wconf 62' lang='lat' dir='ltr'><strong>Nabuchodonosoris,</strong></span> <span class='ocrx_word' id='word_1_638' title='bbox 2944 4486 2997 4558; x_wconf 77' lang='lat' dir='ltr'><strong>in</strong></span> <span class='ocrx_word' id='word_1_639' title='bbox 3024 4502 3129 4557; x_wconf 89' lang='lat' dir='ltr'><strong>qua</strong></span> <span class='ocrx_word' id='word_1_640' title='bbox 3155 4489 3420 4544; x_wconf 85' lang='lat' dir='ltr'><strong>abductus</strong></span> 
     </span>
    </p>
   </div>
   <div class='ocr_carea' id='block_1_107' title="bbox 1830 4555 3422 4629">
    <p class='ocr_par' dir='ltr' id='par_1_107' title="bbox 1830 4555 3422 4629">
     <span class='ocr_line' id='line_1_109' title="bbox 1830 4555 3422 4629; baseline 0.001 -18"><span class='ocrx_word' id='word_1_641' title='bbox 1830 4555 1910 4611; x_wconf 79' lang='lat' dir='ltr'><strong>est</strong></span> <span class='ocrx_word' id='word_1_642' title='bbox 1959 4556 2177 4621; x_wconf 89' lang='lat' dir='ltr'><strong>Daniel,</strong></span> <span class='ocrx_word' id='word_1_643' title='bbox 2208 4571 2374 4629; x_wconf 75' lang='lat' dir='ltr'><strong>anno</strong></span> <span class='ocrx_word' id='word_1_644' title='bbox 2415 4556 2448 4610; x_wconf 76' lang='lat'><strong>5</strong></span> <span class='ocrx_word' id='word_1_645' title='bbox 2476 4556 2735 4629; x_wconf 61' lang='lat' dir='ltr'><strong>Eliaehjm</strong></span> <span class='ocrx_word' id='word_1_646' title='bbox 2784 4557 2926 4627; x_wconf 88' lang='lat' dir='ltr'><strong>regis</strong></span> <span class='ocrx_word' id='word_1_647' title='bbox 2968 4555 3138 4629; x_wconf 77' lang='lat' dir='ltr'><strong>Juda,</strong></span> <span class='ocrx_word' id='word_1_648' title='bbox 3189 4574 3422 4629; x_wconf 84' lang='lat' dir='ltr'><strong>eamque</strong></span> 
     </span>
    </p>
   </div>
   <div class='ocr_carea' id='block_1_108' title="bbox 1833 4625 3422 4697">
    <p class='ocr_par' dir='ltr' id='par_1_108' title="bbox 1833 4625 3422 4697">
     <span class='ocr_line' id='line_1_110' title="bbox 1833 4625 3422 4697; baseline 0.001 -15"><span class='ocrx_word' id='word_1_649' title='bbox 1833 4629 1995 4682; x_wconf 86' lang='lat' dir='ltr'><strong>tinem</strong></span> <span class='ocrx_word' id='word_1_650' title='bbox 2019 4626 2312 4696; x_wconf 88' lang='lat' dir='ltr'><strong>sumpsisse</strong></span> <span class='ocrx_word' id='word_1_651' title='bbox 2340 4629 2439 4682; x_wconf 90' lang='lat' dir='ltr'><strong>sub</strong></span> <span class='ocrx_word' id='word_1_652' title='bbox 2467 4625 2610 4697; x_wconf 87' lang='lat' dir='ltr'><strong>Cyro</strong></span> <span class='ocrx_word' id='word_1_653' title='bbox 2642 4627 2831 4690; x_wconf 88' lang='lat' dir='ltr'><strong>Persa;</strong></span> <span class='ocrx_word' id='word_1_654' title='bbox 2858 4625 3181 4693; x_wconf 83' lang='lat' dir='ltr'><strong>secundam,</strong></span> <span class='ocrx_word' id='word_1_655' title='bbox 3217 4625 3358 4685; x_wconf 79' lang='lat' dir='ltr'><strong>anno</strong></span> <span class='ocrx_word' id='word_1_656' title='bbox 3388 4632 3422 4685; x_wconf 82' lang='lat'><strong>9</strong></span> 
     </span>
    </p>
   </div>
   <div class='ocr_carea' id='block_1_109' title="bbox 1833 4697 3422 4770">
    <p class='ocr_par' dir='ltr' id='par_1_109' title="bbox 1833 4697 3422 4770">
     <span class='ocr_line' id='line_1_111' title="bbox 1833 4697 3422 4770; baseline 0.001 -17"><span class='ocrx_word' id='word_1_657' title='bbox 1833 4697 2409 4770; x_wconf 85' lang='lat' dir='ltr'><strong>Nabuchodonosoris,</strong></span> <span class='ocrx_word' id='word_1_658' title='bbox 2454 4712 2573 4765; x_wconf 67' lang='lat' dir='ltr'><strong>qua:</strong></span> <span class='ocrx_word' id='word_1_659' title='bbox 2615 4697 2769 4770; x_wconf 75' lang='lat' dir='ltr'><strong>ﬁnita</strong></span> <span class='ocrx_word' id='word_1_660' title='bbox 2805 4706 2890 4770; x_wconf 87' lang='lat' dir='ltr'><strong>est</strong></span> <span class='ocrx_word' id='word_1_661' title='bbox 2933 4699 3034 4753; x_wconf 88' lang='lat' dir='ltr'><strong>sub</strong></span> <span class='ocrx_word' id='word_1_662' title='bbox 3076 4699 3236 4752; x_wconf 83' lang='lat' dir='ltr'><strong>Dario</strong></span> <span class='ocrx_word' id='word_1_663' title='bbox 3279 4700 3422 4770; x_wconf 88' lang='lat' dir='ltr'><strong>llys-</strong></span> 
     </span>
    </p>
   </div>
   <div class='ocr_carea' id='block_1_110' title="bbox 1835 4766 3424 4839">
    <p class='ocr_par' dir='ltr' id='par_1_110' title="bbox 1835 4766 3424 4839">
     <span class='ocr_line' id='line_1_112' title="bbox 1835 4766 3424 4839; baseline -0.001 -15"><span class='ocrx_word' id='word_1_664' title='bbox 1835 4769 2044 4839; x_wconf 87' lang='lat' dir='ltr'><strong>taspis;</strong></span> <span class='ocrx_word' id='word_1_665' title='bbox 2092 4768 2345 4839; x_wconf 87' lang='lat' dir='ltr'><strong>tertiam,</strong></span> <span class='ocrx_word' id='word_1_666' title='bbox 2385 4783 2526 4821; x_wconf 88' lang='lat' dir='ltr'><strong>anno</strong></span> <span class='ocrx_word' id='word_1_667' title='bbox 2570 4769 2637 4824; x_wconf 75' lang='lat' dir='ltr'><strong>i9</strong></span> <span class='ocrx_word' id='word_1_668' title='bbox 2679 4766 3250 4839; x_wconf 85' lang='lat' dir='ltr'><strong>Nabuchodonosoris,</strong></span> <span class='ocrx_word' id='word_1_669' title='bbox 3303 4766 3424 4839; x_wconf 68' lang='lat' dir='ltr'><strong>qua:</strong></span> 
     </span>
    </p>
   </div>
   <div class='ocr_carea' id='block_1_111' title="bbox 1836 4838 3422 4896">
    <p class='ocr_par' dir='ltr' id='par_1_111' title="bbox 1836 4838 3422 4896">
     <span class='ocr_line' id='line_1_113' title="bbox 1836 4838 3422 4896; baseline -0.002 0"><span class='ocrx_word' id='word_1_670' title='bbox 1836 4838 1998 4896; x_wconf 81' lang='lat' dir='ltr'><strong>desiit</strong></span> <span class='ocrx_word' id='word_1_671' title='bbox 2042 4840 2145 4896; x_wconf 87' lang='lat' dir='ltr'><strong>sub</strong></span> <span class='ocrx_word' id='word_1_672' title='bbox 2190 4838 2496 4893; x_wconf 77' lang='lat' dir='ltr'><strong>Artaxerxe</strong></span> <span class='ocrx_word' id='word_1_673' title='bbox 2550 4838 2659 4896; x_wconf 80' lang='lat' dir='ltr'><strong>lilio</strong></span> <span class='ocrx_word' id='word_1_674' title='bbox 2710 4838 2949 4895; x_wconf 77' lang='lat' dir='ltr'><strong>Xerxis:</strong></span> <span class='ocrx_word' id='word_1_675' title='bbox 3002 4856 3191 4895; x_wconf 83' lang='lat' dir='ltr'><strong>omnes</strong></span> <span class='ocrx_word' id='word_1_676' title='bbox 3241 4838 3422 4895; x_wconf 77' lang='lat' dir='ltr'><strong>autem</strong></span> 
     </span>
    </p>
   </div>
   <div class='ocr_carea' id='block_1_112' title="bbox 1836 4907 3421 4982">
    <p class='ocr_par' dir='ltr' id='par_1_112' title="bbox 1836 4907 3421 4982">
     <span class='ocr_line' id='line_1_114' title="bbox 1836 4907 3421 4982; baseline -0.001 -17"><span class='ocrx_word' id='word_1_677' title='bbox 1836 4911 2062 4968; x_wconf 88' lang='lat' dir='ltr'><strong>durasse</strong></span> <span class='ocrx_word' id='word_1_678' title='bbox 2094 4910 2252 4966; x_wconf 89' lang='lat' dir='ltr'><strong>annis</strong></span> <span class='ocrx_word' id='word_1_679' title='bbox 2293 4910 2382 4964; x_wconf 85' lang='lat'><strong>70.</strong></span> <span class='ocrx_word' id='word_1_680' title='bbox 2432 4907 2539 4982; x_wconf 82' lang='lat' dir='ltr'><strong>Sed</strong></span> <span class='ocrx_word' id='word_1_681' title='bbox 2590 4909 2860 4982; x_wconf 83' lang='lat' dir='ltr'><strong>receptior</strong></span> <span class='ocrx_word' id='word_1_682' title='bbox 2901 4912 3085 4982; x_wconf 83' lang='lat' dir='ltr'><strong>opinio</strong></span> <span class='ocrx_word' id='word_1_683' title='bbox 3131 4920 3215 4967; x_wconf 87' lang='lat' dir='ltr'><strong>est</strong></span> <span class='ocrx_word' id='word_1_684' title='bbox 3260 4926 3421 4980; x_wconf 87' lang='lat' dir='ltr'><strong>quam</strong></span> 
     </span>
    </p>
   </div>
   <div class='ocr_carea' id='block_1_113' title="bbox 1833 4980 3423 5052">
    <p class='ocr_par' dir='ltr' id='par_1_113' title="bbox 1833 4980 3423 5052">
     <span class='ocr_line' id='line_1_115' title="bbox 1833 4980 3423 5052; baseline -0.001 -16"><span class='ocrx_word' id='word_1_685' title='bbox 1833 4990 1885 5036; x_wconf 89' lang='lat' dir='ltr'><strong>et</strong></span> <span class='ocrx_word' id='word_1_686' title='bbox 1929 4982 2018 5038; x_wconf 90' lang='lat' dir='ltr'><strong>hic</strong></span> <span class='ocrx_word' id='word_1_687' title='bbox 2064 4989 2253 5037; x_wconf 85' lang='lat' dir='ltr'><strong>auctor</strong></span> <span class='ocrx_word' id='word_1_688' title='bbox 2294 4980 2565 5052; x_wconf 89' lang='lat' dir='ltr'><strong>sequitur,</strong></span> <span class='ocrx_word' id='word_1_689' title='bbox 2607 4981 2851 5035; x_wconf 87' lang='lat' dir='ltr'><strong>ultimam</strong></span> <span class='ocrx_word' id='word_1_690' title='bbox 2896 4980 3423 5052; x_wconf 81' lang='lat' dir='ltr'><strong>transmigrationcm</strong></span> 
     </span>
    </p>
   </div>
   <div class='ocr_carea' id='block_1_114' title="bbox 1833 5051 3431 5177">
    <p class='ocr_par' dir='ltr' id='par_1_114' title="bbox 1833 5051 3431 5177">
     <span class='ocr_line' id='line_1_116' title="bbox 1833 5051 3431 5177; baseline -0.003 -67"><span class='ocrx_word' id='word_1_691' title='bbox 1833 5061 1905 5177; x_wconf 40' lang='lat' dir='ltr'><strong>ﬁ.</strong></span> <span class='ocrx_word' id='word_1_692' title='bbox 1918 5052 2307 5111; x_wconf 88' lang='lat' dir='ltr'><strong>desolationem</strong></span> <span class='ocrx_word' id='word_1_693' title='bbox 2340 5051 2500 5106; x_wconf 84' lang='lat' dir='ltr'><strong>tinem</strong></span> <span class='ocrx_word' id='word_1_694' title='bbox 2532 5053 2806 5123; x_wconf 81' lang='lat' dir='ltr'><strong>accepisse</strong></span> <span class='ocrx_word' id='word_1_695' title='bbox 2832 5051 2936 5106; x_wconf 91' lang='lat' dir='ltr'><strong>sub</strong></span> <span class='ocrx_word' id='word_1_696' title='bbox 2962 5051 3431 5125; x_wconf 79' lang='lat' dir='ltr'><strong>Dario-Hystaspis</strong></span> 
     </span>
     <span class='ocr_line' id='line_1_117' title="bbox 1855 5137 1963 5177; baseline 0.009 -1"><span class='ocrx_word' id='word_1_697' title='bbox 1855 5139 1870 5176; x_wconf 90' lang='grc' dir='ltr'><strong>ι</strong></span> <span class='ocrx_word' id='word_1_698' title='bbox 1894 5137 1963 5177; x_wconf 92' lang='grc' dir='ltr'><strong>ιο.</strong></span> 
     </span>
    </p>
   </div>
   <div class='ocr_carea' id='block_1_115' title="bbox 1855 5137 1963 5177">
    <p class='ocr_par' dir='ltr' id='par_1_115' title="bbox 1855 5137 1963 5177">
     <span class='ocr_line' id='line_1_118' title="bbox 1855 5137 1963 5177; baseline 0.009 -1"><span class='ocrx_word' id='word_1_699' title='bbox 1855 5137 1963 5177; x_wconf 80' lang='grc'><strong>1110.</strong></span> 
     </span>
    </p>
   </div>
   <div class='ocr_carea' id='block_1_116' title="bbox 1905 5190 3430 5267">
    <p class='ocr_par' dir='ltr' id='par_1_116' title="bbox 1905 5190 3430 5267">
     <span class='ocr_line' id='line_1_119' title="bbox 1905 5190 3430 5267; baseline -0.002 -17"><span class='ocrx_word' id='word_1_700' title='bbox 1905 5194 1988 5251; x_wconf 82' lang='grc' dir='ltr'><strong>Αι)</strong></span> <span class='ocrx_word' id='word_1_701' title='bbox 2007 5196 2136 5255; x_wconf 74' lang='lat' dir='ltr'><strong>CAP.</strong></span> <span class='ocrx_word' id='word_1_702' title='bbox 2164 5192 2277 5249; x_wconf 82' lang='lat' dir='ltr'><strong>VII.</strong></span> <span class='ocrx_word' id='word_1_703' title='bbox 2298 5222 2369 5235; x_wconf 91' lang='lat'><strong>—</strong></span> <span class='ocrx_word' id='word_1_704' title='bbox 2388 5192 2435 5246; x_wconf 84' lang='lat' dir='ltr'><strong>A</strong></span> <span class='ocrx_word' id='word_1_705' title='bbox 2463 5194 2776 5264; x_wconf 86' lang='lat' dir='ltr'><strong>captivitate</strong></span> <span class='ocrx_word' id='word_1_706' title='bbox 2810 5190 3038 5253; x_wconf 85' lang='lat' dir='ltr'><strong>reducta</strong></span> <span class='ocrx_word' id='word_1_707' title='bbox 3065 5194 3253 5267; x_wconf 90' lang='lat' dir='ltr'><strong>incipit</strong></span> <span class='ocrx_word' id='word_1_708' title='bbox 3277 5208 3430 5251; x_wconf 89' lang='lat' dir='ltr'><strong>sacra</strong></span> 
     </span>
    </p>
   </div>
   <div class='ocr_carea' id='block_1_117' title="bbox 1288 5308 2294 5374">
    <p class='ocr_par' dir='ltr' id='par_1_117' title="bbox 1288 5308 2294 5374">
     <span class='ocr_line' id='line_1_120' title="bbox 1288 5308 2294 5374; baseline -0.003 -5"><span class='ocrx_word' id='word_1_709' title='bbox 1288 5311 1595 5370; x_wconf 66' lang='lat' dir='ltr'><strong>EIUSDEM</strong></span> <span class='ocrx_word' id='word_1_710' title='bbox 1631 5308 1843 5372; x_wconf 62' lang='grc' dir='ltr'><strong>ΝΟΤΑΕ</strong></span> <span class='ocrx_word' id='word_1_711' title='bbox 1878 5309 2294 5374; x_wconf 68' lang='grc' dir='ltr'><strong>ιΙΙὸτθὶὶΙΟιΕ.</strong></span> 
     </span>
    </p>
   </div>
   <div class='ocr_carea' id='block_1_118' title="bbox 226 5405 1180 5470">
    <p class='ocr_par' dir='ltr' id='par_1_118' title="bbox 226 5405 1180 5470">
     <span class='ocr_line' id='line_1_121' title="bbox 226 5405 1180 5470; baseline -0.013 1"><span class='ocrx_word' id='word_1_712' title='bbox 226 5425 250 5454; x_wconf 73' lang='grc' dir='ltr'>ει</span> <span class='ocrx_word' id='word_1_713' title='bbox 275 5412 367 5470; x_wconf 88' lang='lat' dir='ltr'><strong>Sic</strong></span> <span class='ocrx_word' id='word_1_714' title='bbox 397 5428 470 5470; x_wconf 80' lang='lat' dir='ltr'><strong>ex</strong></span> <span class='ocrx_word' id='word_1_715' title='bbox 505 5411 797 5469; x_wconf 86' lang='lat' dir='ltr'><strong>Anastasio</strong></span> <span class='ocrx_word' id='word_1_716' title='bbox 825 5405 1180 5464; x_wconf 88' lang='lat' dir='ltr'><strong>restituimus.</strong></span> 
     </span>
    </p>
   </div>
   <div class='ocr_carea' id='block_1_119' title="bbox 224 5476 1743 5555">
    <p class='ocr_par' dir='ltr' id='par_1_119' title="bbox 224 5476 1743 5555">
     <span class='ocr_line' id='line_1_122' title="bbox 224 5476 1743 5555; baseline -0.007 -16"><span class='ocrx_word' id='word_1_717' title='bbox 224 5484 251 5523; x_wconf 70' lang='grc' dir='ltr'>δ</span> <span class='ocrx_word' id='word_1_718' title='bbox 270 5488 429 5555; x_wconf 75' lang='lat' dir='ltr'><strong>Apud</strong></span> <span class='ocrx_word' id='word_1_719' title='bbox 449 5482 805 5540; x_wconf 81' lang='lat' dir='ltr'><strong>Auastasium</strong></span> <span class='ocrx_word' id='word_1_720' title='bbox 844 5480 1006 5534; x_wconf 81' lang='lat' dir='ltr'><strong>etiam</strong></span> <span class='ocrx_word' id='word_1_721' title='bbox 1031 5476 1288 5533; x_wconf 84' lang='lat' dir='ltr'><strong>scribitur</strong></span> <span class='ocrx_word' id='word_1_722' title='bbox 1325 5476 1514 5543; x_wconf 81' lang='lat' dir='ltr'><strong>Aman,</strong></span> <span class='ocrx_word' id='word_1_723' title='bbox 1543 5476 1743 5533; x_wconf 90' lang='lat' dir='ltr'><strong>rectius</strong></span> 
     </span>
    </p>
   </div>
   <div class='ocr_carea' id='block_1_120' title="bbox 162 5555 529 5620">
    <p class='ocr_par' dir='ltr' id='par_1_120' title="bbox 162 5555 529 5620">
     <span class='ocr_line' id='line_1_123' title="bbox 162 5555 529 5620; baseline -0.003 -12"><span class='ocrx_word' id='word_1_724' title='bbox 162 5570 310 5620; x_wconf 87' lang='lat' dir='ltr'><strong>quam</strong></span> <span class='ocrx_word' id='word_1_725' title='bbox 339 5555 529 5611; x_wconf 79' lang='lat' dir='ltr'><strong>Amos.</strong></span> 
     </span>
    </p>
   </div>
   <div class='ocr_carea' id='block_1_121' title="bbox 1855 5400 2879 5467">
    <p class='ocr_par' dir='ltr' id='par_1_121' title="bbox 1855 5400 2879 5467">
     <span class='ocr_line' id='line_1_124' title="bbox 1855 5400 2879 5467; baseline 0.001 -12"><span class='ocrx_word' id='word_1_726' title='bbox 1855 5410 2070 5463; x_wconf 87' lang='lat' dir='ltr'><strong>vocavit</strong></span> <span class='ocrx_word' id='word_1_727' title='bbox 2092 5404 2361 5467; x_wconf 87' lang='lat' dir='ltr'><strong>Joachim,</strong></span> <span class='ocrx_word' id='word_1_728' title='bbox 2387 5400 2615 5459; x_wconf 89' lang='lat' dir='ltr'><strong>nomine</strong></span> <span class='ocrx_word' id='word_1_729' title='bbox 2648 5405 2879 5456; x_wconf 88' lang='lat' dir='ltr'><strong>mutato.</strong></span> 
     </span>
    </p>
   </div>
   <div class='ocr_carea' id='block_1_122' title="bbox 1928 5470 3435 5547">
    <p class='ocr_par' dir='ltr' id='par_1_122' title="bbox 1928 5470 3435 5547">
     <span class='ocr_line' id='line_1_125' title="bbox 1928 5470 3435 5547; baseline -0.005 -15"><span class='ocrx_word' id='word_1_730' title='bbox 1928 5474 1947 5547; x_wconf 58' lang='grc' dir='ltr'><em>ἵ</em></span> <span class='ocrx_word' id='word_1_731' title='bbox 1974 5477 2075 5545; x_wconf 86' lang='lat' dir='ltr'><strong>Qui</strong></span> <span class='ocrx_word' id='word_1_732' title='bbox 2095 5487 2151 5534; x_wconf 92' lang='lat' dir='ltr'><strong>et</strong></span> <span class='ocrx_word' id='word_1_733' title='bbox 2171 5474 2411 5547; x_wconf 73' lang='lat' dir='ltr'><strong>loachim</strong></span> <span class='ocrx_word' id='word_1_734' title='bbox 2435 5470 2616 5530; x_wconf 91' lang='lat' dir='ltr'><strong>dictus</strong></span> <span class='ocrx_word' id='word_1_735' title='bbox 2635 5480 2749 5537; x_wconf 88' lang='lat' dir='ltr'><strong>est;</strong></span> <span class='ocrx_word' id='word_1_736' title='bbox 2780 5472 2883 5526; x_wconf 91' lang='lat' dir='ltr'><strong>sub</strong></span> <span class='ocrx_word' id='word_1_737' title='bbox 2912 5490 3024 5547; x_wconf 89' lang='lat' dir='ltr'><strong>quo</strong></span> <span class='ocrx_word' id='word_1_738' title='bbox 3050 5476 3280 5534; x_wconf 83' lang='lat' dir='ltr'><strong>secunda</strong></span> <span class='ocrx_word' id='word_1_739' title='bbox 3310 5490 3435 5538; x_wconf 82' lang='lat' dir='ltr'><strong>cap-</strong></span> 
     </span>
    </p>
   </div>
   <div class='ocr_carea' id='block_1_123' title="bbox 1849 5545 2279 5620">
    <p class='ocr_par' dir='ltr' id='par_1_123' title="bbox 1849 5545 2279 5620">
     <span class='ocr_line' id='line_1_126' title="bbox 1849 5545 2279 5620; baseline 0.002 -23"><span class='ocrx_word' id='word_1_740' title='bbox 1849 5545 2034 5620; x_wconf 83' lang='lat' dir='ltr'><strong>tivitas</strong></span> <span class='ocrx_word' id='word_1_741' title='bbox 2058 5545 2279 5604; x_wconf 86' lang='lat' dir='ltr'><strong>accidit.</strong></span> 
     </span>
    </p>
   </div>
  </div>
