3916 5526
507 517 610 576 525

576 636 773 691 Darius
805 648 829 675 α
863 637 1017 690 anuis
1049 636 1442 690 novcmdecim.

574 727 908 783 Artaxerxes
930 724 1180 782 Memnon
1199 726 1341 781 Darii
1363 726 1748 785 etParisatidis
1769 727 1910 783 ﬁlius
1933 727 2088 782 annis

506 811 876 890 quadraginta.

573 914 925 978 Artaxerxes,
955 915 1043 984 qui
1088 915 1373 977 etOchus,
1402 915 1556 972 annis
1577 914 1765 984 viginti
1796 914 2004 970 duobus
2035 915 2083 966 b.

573 1007 739 1063 Arses
765 1004 896 1063 Ochi
925 1008 1080 1061 annis
1106 1016 1358 1076 quatuor.

575 1100 768 1154 Darius
801 1099 1045 1155 Arsamis
1072 1100 1228 1154 annis
1259 1115 1372 1155 sex.
1409 1100 1520 1154 Hoc
1559 1100 1794 1166 sublato,
1826 1111 1879 1154 ct
1915 1100 2087 1155 deleto

507 1194 732 1264 imperio
757 1193 1040 1248 Persarum
1060 1233 1073 1258 ,
1105 1193 1412 1248 Alexander
1438 1193 1658 1248 Macedo
1702 1192 1945 1262 regnavit
1987 1208 2085 1246 an-

505 1289 589 1342 nis
637 1302 768 1352 sex,
813 1287 1015 1356 potitus
1055 1300 1236 1340 rerum
1289 1294 1412 1340 ante
1441 1285 1586 1341 Darii
1628 1285 1904 1339 interitum
1932 1285 2087 1340 annis

506 1379 808 1436 duodecim.
853 1378 1094 1434 Mortuus
1137 1379 1237 1432 fuit
1279 1378 1551 1450 Babylone
1579 1392 1751 1432 annos
1803 1386 1958 1431 natus
1991 1377 2086 1431 tri-

505 1472 654 1541 ginta
683 1471 938 1542 quinque,
966 1470 1072 1538 vel,
1103 1479 1162 1525 ut
1193 1470 1280 1524 alii
1309 1469 1679 1534 tradiderunt,
1722 1467 1938 1539 triginta
1969 1483 2082 1523 sex.

505 1561 619 1616 Itcx
646 1561 810 1630 igitur
835 1562 932 1615 fuit
974 1561 1130 1617 annis
1159 1561 1543 1632 septemdecim
1578 1573 1621 1614 ο.

573 1652 798 1723 Subegit
825 1651 1144 1708 Barbaricas
1173 1653 1418 1710 nationes
1444 1667 1670 1709 numero
1710 1649 1900 1723 viginti
1928 1650 2082 1719 duas,

500 1754 554 1798 et
583 1744 807 1800 Graeciae
833 1743 1082 1800 civitates
1109 1745 1371 1800 tredecim
1399 1744 1448 1798 ἀ.

570 1835 811 1892 Mortuus
833 1834 916 1907 (ut
940 1836 1195 1909 diximus)
1225 1837 1278 1892 in
1307 1835 1559 1903 Perside,
1589 1834 1813 1892 ﬂorente
1840 1834 2079 1906 imperio.

571 1930 823 1987 Universi
863 1931 932 1986 ab
966 1930 1138 1986 Adam
1180 1945 1352 2000 usque
1381 1930 1448 1985 ad
1478 1937 1709 1986 mortem
1753 1927 2078 1990 Alexandri,

1657 484 2014 576 Auxsrxsn
2059 519 2601 576 BlBLlOTllECARlI

2105 640 2158 699 Α
2255 633 2603 698 Ptolemmus,
2649 639 3004 702 cognomento
3058 625 3343 701 Dionysius
3389 628 3418 670 ιι
3473 629 3627 687 annis
3663 635 3734 688 tri-

3654 521 3735 575 524

2230 725 2360 780 inta.

2230 741 2360 780 tnta.

2192 741 2225 796 α
2261 814 2547 883 Cleopatra
2579 810 2848 866 Ptolemaei
2884 809 2992 864 lilia
3035 812 3192 866 annis
3241 811 3431 882 viginti
3458 809 3679 866 duobus.

2261 904 2431 972 Hujus
2457 918 2598 958 anno
2622 903 2782 958 tertio
2802 902 3011 971 primus
3031 903 3314 973 occupavit
3331 918 3552 975 regnum
3583 901 3742 957 Roma!

2189 998 2250 1053 C.
2274 997 2448 1052 Julius
2475 996 2677 1062 Caesar,
2703 1012 2732 1050 a
2755 1009 2861 1066 quo
2892 983 3080 1050 omnes
3112 995 3365 1065 deinceps
3413 994 3743 1064 impcratoves

2190 1089 2421 1144 Romani
2446 1087 2596 1144 Cassa
2607 1103 2691 1143 res
2726 1086 2978 1158 appellati
3003 1086 3242 1144 fuerunt.

2259 1181 2359 1236 llic
2407 1182 2652 1251 regnavit
2692 1179 2849 1235 annis
2877 1189 3128 1250 quatuor,
3164 1173 3443 1235 mensibus
3468 1190 3684 1250 septem.

2259 1271 2387 1329 Post
2449 1270 2646 1326 Julium
2710 1271 2956 1342 regnavit
3020 1261 3206 1326 Roma:
3261 1268 3445 1325 Caesar
3499 1271 3746 1341 Augustus

2187 1367 2518 1424 Octavianus
2561 1366 2720 1422 annis
2759 1367 3146 1437 quinquaginta
3177 1382 3290 1432 sex,
3325 1366 3605 1421 mensibus
3647 1383 3743 1421 sex.

2257 1461 2340 1517 Ab
2388 1461 2490 1516 hoc
2537 1460 2793 1532 deinceps
2827 1459 3149 1517 Antiocheni
3199 1474 3372 1516 annos
3423 1475 3552 1516 suos
3579 1475 3745 1515 nume-

2186 1561 2331 1608 rant.

2257 1647 2360 1704 Hic
2388 1663 2531 1703 anno
2557 1647 2769 1718 imperii
2793 1647 2875 1703 sui
2899 1646 3109 1704 decimo
3136 1647 3348 1718 quinto,
3373 1645 3586 1704 sublata
3608 1647 3744 1704 Cleo-

2185 1752 2364 1814 patra,
2414 1743 2608 1798 evertit
2662 1757 2890 1812 regnum
2937 1741 3366 1808 Ptolemaeorum,
3421 1743 3516 1812 qui
3558 1741 3677 1796 illud
3703 1741 3742 1794 in

2186 1833 2420 1907 Egypto
2446 1843 2735 1890 tenuerant
2783 1835 2942 1890 annis
2991 1833 3237 1891 ducentis
3296 1835 3594 1905 nonaginta
3644 1847 3742 1903 sep-

2187 1939 2295 1986 tem
2303 1971 2315 1984 .

501 2024 626 2082 anni
673 2023 962 2096 quinquies
1001 2024 1149 2080 mille
1197 2033 1414 2080 centum
1468 2023 1808 2095 septuaginta
1846 2031 2074 2094 septem.
2106 2023 2154 2085 B
2255 2023 2478 2079 Summa
2529 2039 2561 2076 a
2606 2031 2769 2077 morte
2826 2004 3115 2076 Alexandri
3164 2038 3325 2092 usque
3375 2021 3447 2075 ad
3502 2019 3740 2076 Christum

1083 2154 1312 2212 CAPUT
1352 2155 1481 2211 Vlll.

567 2271 698 2332 Post
715 2279 944 2342 mortem
971 2270 1264 2327 Alexandri
1287 2265 1462 2340 Magni
1490 2271 1696 2341 primus
1725 2285 1819 2326 rex
1846 2269 2075 2325 Alexan-

496 2366 627 2420 dria:
649 2366 703 2420 in
723 2362 956 2436 [Egypto
976 2363 1076 2418 fuit
1093 2358 1418 2418 Ptolemaeus
1444 2361 1572 2432 Lagi
1593 2361 1734 2418 ﬁlius
1755 2363 1911 2418 annis
1945 2378 2078 2434 qua-

499 2457 769 2526 draginta.

569 2547 889 2603 Ptolemaeus
925 2546 1312 2616 Philadelphus
1360 2545 1517 2601 annis
1545 2545 1900 2622 quadraginta
1927 2555 2071 2624 octo.

501 2640 613 2696 Hoc
652 2647 912 2711 regnante
967 2640 1107 2695 sacri
1148 2640 1269 2695 libri
1313 2639 1663 2696 Hebraeorum
1715 2640 1769 2692 in
1831 2638 2069 2710 linguam

495 2731 740 2787 Graecam
772 2732 1000 2787 traducti
1031 2730 1269 2796 luerunt,
1300 2741 1354 2787 et
1401 2733 1616 2802 repositi
1662 2733 1713 2785 in
1739 2729 2073 2787 Bibliotheca

492 2823 876 2879 Alexandrina.
901 2823 1256 2879 Pontilicatus
1277 2823 1569 2879 Eleazaris.

561 2918 885 2996 Ptolomaeus
913 2919 1174 2988 Evergeta
1203 2919 1357 2974 annis
1378 2903 1567 2990 viginti
1589 2919 1844 2989 quinque.

568 2995 897 3069 Ptulomaeus
923 3011 1236 3082 Philopator
1271 3014 1426 3068 annis
1451 3014 1856 3085 septemdecim.

561 3093 883 3161 Ptolomaeus
905 3106 1210 3176 Epiphanes
1244 3119 1266 3145 θ
1293 3107 1446 3161 annis
1488 3107 1676 3176 viginti
1705 3124 1819 3162 sex.

565 3195 734 3266 Hujus
795 3197 1126 3269 temporibus
1156 3215 1218 3254 ea
1252 3207 1400 3266 gesta
1435 3208 1560 3253 sunt
1589 3213 1706 3268 qum
1737 3199 1801 3254 de
1853 3197 2068 3254 Macha-

493 3292 625 3347 baeis
645 3290 916 3363 leguntur.

563 3381 882 3440 Ptolomzeus
908 3382 1240 3460 Philometor
1270 3383 1425 3439 annis
1459 3373 1676 3454 triginta
1707 3381 1964 3455 quinque.

535 3475 889 3554 .Ptolemteus
921 3476 1103 3532 minor
1146 3475 1164 3514 ί
1193 3476 1349 3531 armis
1387 3475 1576 3546 viginti
1599 3464 1826 3532 novem.

455 3564 876 3636 ,_-;‘.‘1Ptolemaeus
930 3565 1179 3639 Physcon
1233 3571 1256 3606 8
1301 3568 1456 3622 annis
1491 3568 2068 3635 sedccim,'mensibus

484 3656 600 3718 s'ex'.

558 3750 877 3810 Ptolemaeus
905 3751 1211 3807 Alexander
1245 3752 1401 3807 annis
1428 3752 1635 3808 decem.

556 3842 879 3899 Ptolemaeus
904 3842 1073 3899 frater
1100 3844 1261 3914 hujus
1300 3844 1457 3898 annis
1486 3852 1629 3898 octo.

2183 2126 2366 2174 natum
2402 2116 2526 2169 anni
2557 2115 2775 2176 ducenti
2798 2113 2976 2185 viginti
3005 2123 3127 2180 (res,
3166 2115 3387 2184 Augusti
3417 2112 3741 2185 quadraginta

2182 2210 2305 2264 duo.

2775 2275 3003 2333 CAPUT
3058 2271 3152 2332 1X.

2250 2371 2587 2443 Colliguntur
2637 2371 2820 2440 itaque
2867 2369 3102 2424 universi
3156 2367 3222 2423 ab
3269 2365 3442 2422 Adam
3486 2382 3654 2440 usque
3683 2365 3741 2420 ad

2179 2464 2394 2520 initium
2425 2461 2644 2532 imperii
2675 2461 2925 2532 Augusti,
2975 2460 3273 2516 secundum
3301 2449 3606 2528 exquisitos
3629 2467 3743 2513 tem-

2179 2572 2370 2628 porum
2403 2555 2785 2623 descriptores,
2832 2555 2958 2608 anni
3002 2553 3287 2624 quinquies
3327 2552 3475 2608 mille
3505 2552 3742 2622 quadrin-

2179 2648 2325 2719 genti
2365 2646 2754 2718 quinquaginta
2784 2645 2989 2716 septem
3029 2646 3072 2699 ί.
3125 2643 3331 2715 Quippe
3367 2645 3661 2717 Augustus,
3695 2653 3743 2697 ut

2177 2751 2260 2796 est
2281 2739 2508 2804 dictum,
2534 2738 2818 2809 imperium
2847 2737 3018 2792 tenuit
3041 2737 3196 2793 annis
3223 2737 3620 2808 quinquaginta
3644 2751 3742 2799 sex,

2175 2831 2454 2887 mensibus
2489 2846 2602 2885 sex.
2628 2829 2784 2884 Anno
2828 2838 3005 2884 autem
3057 2827 3476 2901 quadragesimo
3529 2828 3744 2883 secundo

2177 2924 2344 2994 ipsius
2377 2933 2535 2979 natus
2586 2923 2687 2978 fuit
2739 2925 3032 2979 secundum
3066 2915 3295 2980 'carnem
3356 2937 3425 2979 ex
3474 2935 3656 2978 sancta
3702 2934 3747 2977 et

2176 3015 2402 3086 Deipara
2452 3015 2659 3088 virgine
2697 3013 2862 3071 Maria
2903 3015 3161 3073 Dominus
3195 3005 3395 3072 noster
3417 3015 3576 3073 Jesus
3603 3015 3746 3070 Chri-

2175 3119 2309 3162 stus.
2345 3108 2486 3163 Deus
2536 3117 2792 3174 aeternus,
2845 3108 2898 3163 in
2955 3095 3152 3179 oppido
3205 3107 3408 3166 Iudaeae
3451 3103 3745 3163 Bethlehem

2174 3211 2300 3257 ante
2321 3201 2461 3258 diem
2488 3217 2581 3258 Vill
2641 3197 2928 3258 Kalendar.
2977 3201 3240 3270 Januarii,
3272 3204 3365 3272 qui
3399 3213 3487 3259 est
3515 3202 3698 3258 Cinnae
3727 3202 3738 3247 ἱ

2170 3294 2463 3350 vicesimus
2507 3310 2706 3360 nonus,
2775 3295 3024 3366 idemque
3099 3294 3416 3352 Decembris
3479 3295 3748 3350 vicesimus

2099 3393 2146 3458 (ζ
2178 3383 2419 3457 quintus.

2249 3476 2538 3550 Cyrenaeus
2577 3461 2634 3544 3k,
2697 3487 2809 3533 tum
2856 3467 3103 3546 ai’se'natu
3149 3473 3626 3554 missus,eensum
3651 3476 3745 3548 egit

2177 3571 2626 3640 patrimoniorum
2657 3581 2712 3626 et
2755 3569 3071 3627 incolarum.
3103 3559 3267 3622 Fiunt
3311 3557 3492 3640 'ig‘itur
3529 3565 3744 3623 universi

2175 3663 2242 3717 ab
2274 3663 2446 3719 Adam
2479 3665 2543 3719 ad
2593 3663 2806 3718 Domini
2861 3662 3032 3717 nostri
3083 3660 3208 3716 .Iesu
3257 3661 3470 3717 Christi
3517 3662 3569 3716 iu
3598 3672 3744 3715 carne

2174 3753 2719 3820 administrationem,
2772 3753 2824 3807 id
2857 3761 2938 3808 est
2987 3754 3222 3828 ἐπάρκον
3247 3754 3554 3826 οἰκονομίαν,
3586 3747 3743 3833 exqui-

2171 3849 2426 3904 sitissima
2481 3851 2712 3913 ratione,
2749 3848 2875 3903 anni
2920 3845 3210 3916 quinquies
3240 3841 3404 3900 'millc
3454 3835 3738 3916 quingenti.

1539 3937 1602 3988 Λ.
1644 3933 1868 3989 CONTll
1909 3937 2115 3994 NOTAE
2148 3939 2725 3998 CllRONOLOGlC/E.

487 4030 763 4098 Scriptura
787 4043 1071 4087 munerare
1117 4037 1358 4100 tempora
1382 4044 1482 4099 per
1511 4043 1696 4100 annos
1719 4037 2063 4085 externorum

486 4101 824 4170 principum,
849 4114 985 4169 quos
1010 4100 1171 4154 etiam
1203 4098 1306 4170 hoc
1327 4098 1502 4168 capite
1527 4098 1841 4170 complexus
1865 4113 1946 4156 est
1973 4102 2064 4155 Ni-

487 4173 772 4240 cephorus.
801 4169 1064 4232 Caeterum
1094 4185 1258 4240 quam
1294 4169 1432 4224 inter
1459 4187 1518 4226 se
1546 4169 1864 4226 dissentiant
1892 4171 2062 4228 Grmci

485 4251 736 4298 auctores
763 4242 829 4296 de
869 4241 1663 4312 singulorumimonarcharum
1706 4241 1893 4308 annis,
1934 4245 2060 4298 nulli

483 4328 590 4366 non
618 4323 701 4370 est
737 4311 1019 4376 incertum.
1063 4312 1168 4367 Sed
1210 4311 1566 4382 Nicephorum
1608 4314 1946 4383 probatiores
1976 4332 2061 4370 sc-

481 4392 667 4440 cutum
694 4384 863 4440 fuisse
886 4383 1214 4442 credendum
1257 4392 1376 4449 est;
1419 4398 1596 4452 neque
1634 4385 1776 4439 enim
1817 4384 1930 4440 fere
1973 4388 2040 4442 ab

480 4453 714 4510 Eusebio
744 4465 798 4510 et
824 4457 1026 4510 Isidoro
1054 4455 1303 4510 dissentit
1332 4463 1386 4508 et
1410 4453 1561 4508 libris
1588 4454 1772 4512 Esdrae
1801 4464 1855 4508 et
1884 4455 2058 4512 Nehe-

479 4526 622 4596 mia}.
653 4524 874 4581 Summa
902 4535 1085 4581 autem
1129 4541 1396 4596 annorum
1429 4540 1460 4578 a
1499 4527 1716 4581 reducta
1747 4527 2058 4596 captivitate

480 4595 662 4665 (quam
689 4597 1034 4667 praetermisit
1056 4595 1407 4667 Nicephorus)
1432 4607 1514 4650 est
1538 4612 1802 4651 annorum
1830 4597 1924 4650 201
1949 4640 1963 4664 ,
1993 4599 2060 4654 ab

2170 4034 2435 4104 superiori
2481 4034 2655 4104 capite
2697 4033 2972 4104 mendum
2999 4039 3099 4104 est.
3155 4030 3296 4104 Sunt
3329 4031 3501 4102 igitur
3528 4047 3557 4084 a
3587 4037 3738 4104 morte

2168 4102 2458 4161 Alexandri
2496 4102 3299 4173 usquc'natum'Christ.mn,'id
3340 4113 3430 4156 est
3464 4102 3738 4173 quadrage-

2167 4177 2363 4231 simum
2411 4172 2705 4232 secundum
2754 4175 2978 4237 Augusti
3030 4183 3270 4237 mtuum,
3321 4173 3451 4226 anni
3504 4173 3631 4236 525;
3678 4172 3734 4223 ab

2165 4248 2335 4300 Adam
2367 4263 2496 4302 vero
2528 4262 2697 4317 usque
2733 4247 2797 4300 ad
2831 4218 3104 4317 Christum
3132 4218 3270 4317 anni,
3299 4244 3464 4308 5508,
3495 4244 3539 4317 si
3569 4218 3734 4295 mian

2165 4317 2426 4387 Spcciales
2467 4327 2520 4372 et
2558 4315 2840 4373 universas
2867 4315 3118 4387 summas
3147 4315 3297 4382 prius
3323 4316 3681 4387 expositas__et
3706 4330 3728 4364 a

2165 4383 2322 4462 nobis
2364 4390 2644 4462 restitutas
2682 4390 2743 4462 in
2766 4383 3730 4462 _uiiam__collegerimtxs."AlterNicej

2164 4460 2368 4530 phorus
2403 4459 2491 4514 lib.
2529 4459 2886 4531 tEcclesiast.
2931 4456 3329 4531 Histor._gc._‘l(_)
3373 4467 3429 4510 et
3456 4456 3626 4531 c._nlt.
3667 4456 3730 4506 ait

2166 4526 2306 4585 anno
2334 4531 2514 4584 mundi
2548 4530 2687 4586 5505
2714 4541 2894 4584 natum
2924 4529 3090 4582 fuisse
3119 4526 3430 4593 Christum;
3481 4527 3729 4583 Cedrcnus

2165 4616 2313 4668 vero,
2339 4615 2480 4655 anno
2505 4604 2684 4655 mundi
2712 4601 2850 4656 5506
2881 4621 2892 4655 :
2925 4599 3061 4653 alter
3089 4600 3282 4663 tribus,
3303 4598 3446 4652 alter
3469 4614 3590 4652 vom
3613 4596 3730 4650 duo-

475 4657 706 4737 origine'
730 4683 856 4723 vero
888 4668 1072 4722 mundi
1100 4685 1112 4732 ;
1231 4676 1345 4733 est,
1380 4657 1447 4722 ab
1488 4667 1604 4738 ipso
1641 4666 1849 4739 Adatno
1889 4657 2061 4739 usque
2086 4657 2139 4718 Ῑ)
2165 4673 2263 4727 bus
2300 4657 2515 4726 tantum
2545 4674 2699 4728 annis
2724 4674 2790 4727 ab
2816 4674 2918 4727 hac
2941 4679 3121 4726 nostra
3145 4657 3478 4723 deﬁcientes.
3509 4668 3610 4724 Sed
3630 4669 3726 4739 D3136.

411 4775 413 4777 ι
477 4739 545 4808 ad
576 4736 803 4794 mortem
827 4739 1117 4793 Alexandri
1146 4737 1323 4808 Magni
1348 4779 1363 4803 ,
1396 4736 1659 4792 annorum
1686 4736 1848 4792 5185.

523 4807 627 4880 'An
665 4809 793 4864 ΟΑΡ.
837 4809 965 4863 Vill.
990 4840 1056 4849 —-
1078 4807 1410 4880 Superiores
1439 4809 1886 4880 computationes,
1934 4820 2069 4880 quot

478 4879 635 4935 annis
683 4880 910 4953 quisque
960 4894 1330 4953 successorum
1387 4879 1680 4953 Alexandri
1727 4880 1779 4953 in
1829 4879 2063 4953 JEgypto

473 4951 802 5023 regnaverit,
844 4950 1098 5023 Eusebio,
1129 4949 1350 5014 Isidoro,
1389 4959 1443 5023 et
1476 4949 1684 5023 ceteris
1718 4949 2060 5023 chronogra-

473 5020 598 5087 phis
631 5023 765 5075 mire
796 5021 1167 5087 consentiunt;
1206 5023 1300 5076 sed
1340 5019 1585 5076 collectio
1632 5022 1795 5075 totius
1840 5019 2060 5078 summa:

474 5105 584 5144 non
611 5094 877 5146 convenit.
917 5091 1057 5158 Quot
1084 5102 1265 5146 autem
1298 5091 1425 5145 anni
1464 5090 1712 5147 intersint
1742 5093 1882 5148 inter
1909 5108 2056 5148 mor-

478 5169 584 5246 tem
613 5161 900 5246 Alexandri
934 5173 988 5214 et
1015 5160 1213 5260 Clqigiﬁsti
1246 5162 1579 5250 nativitatem
1606 5165 1862 5252 sequenti.
1881 5165 2057 5254 capite

531 5231 540 5246 ι
621 5238 631 5246 ι
676 5231 686 5246 ι
714 5231 721 5239 ε
893 5246 1008 5258 Auni.
1061 5232 1161 5258 In!
1348 5242 1356 5250 .
1532 5233 1544 5250 1
1606 5235 1620 5250 ι
1658 5231 1756 5252 ιζημ
1807 5249 1816 5252 ,
1847 5235 1862 5252 γι
1903 5231 1963 5254 εινῖ
1992 5235 2028 5253 ηρ

893 5246 1008 5258 ΛΑιῆΛ

2166 4759 2326 4812 quam
2354 4745 2665 4813 collegimus
2687 4745 3030 4797 exactissima
3061 4749 3145 4795 est
3168 4751 3222 4794 et
3249 4753 3346 4813 usu
3379 4756 3407 4794 a
3429 4737 3726 4813 GmcauF-e-

2167 4808 2327 4869 clesia
2372 4808 2606 4883 recepta,
2641 4823 2699 4868 ut
2747 4814 2980 4883 ostendit
3020 4821 3193 4883 canOn
3213 4811 3420 4883 tertius
3455 4809 3646 4883 synodi
3679 4808 3722 4861 in

2166 4884 2371 4947 Trullo,
2407 4881 2571 4940 sex—ta;
2607 4882 2940 4946 universalis,
2974 4893 3028 4936 et
3064 4882 3411 4947 Horologium
3437 4881 3722 4936 Graecorumn

2165 4955 2403 5028 Yenetiis
2428 4959 2748 5028 impressum
2776 4954 3137 5028 annoChristi
3159 4953 3326 5028 i555,
3358 4967 3518 5028 quem
3544 4964 3728 5006 annum

2165 5026 2218 5080 in
2250 5043 2443 5096 magno
2487 5023 2649 5098 Cyclo
2689 5023 3348 5098 Paschaliilnﬁsulzjecto‘
3380 5024 3508 5078 facit
3544 5036 3726 5098 annum

2165 5091 2358 5170 mundi
2380 5091 2546 5165 70H;
2589 5116 2618 5151 a
2647 5099 2844 5168 quibus
2872 5098 2914 5150 si
3107 5091 3419 5170 admireris,
3429 5109 3602 5170 annos
3629 5091 3722 5170 sci:

2140 5166 2285 5222 licet
2304 5163 2828 5236 Christi,»restahunt
2850 5167 2972 5221 anni
2995 5165 3148 5227 5508,
3175 5166 3301 5218 anni
3324 5165 3535 5219 seilicet
3559 5163 3724 5217 mundi

2284 5256 2316 5257 η
2363 5258 2373 5259 η
2405 5240 2419 5260 ι
2448 5241 2505 5262 ιη
2562 5239 2571 5250 '
2611 5249 2620 5254 -
2751 5247 2932 5266 -υ
2968 5241 2987 5268 ι
3047 5235 3149 5278 ςριι
3177 5246 3230 5284 et
3253 5251 3405 5291 nunc
3441 5244 3726 5290 vertentem

3485 5314 3490 5322 ‘
3550 5314 3590 5332 -Ι
3623 5305 3732 5348 Αἴης
