3916 5758
527 452 629 511 527

1714 448 2076 507 ANASTASII
2116 448 2661 511 BIBLIOTHECARII

3687 451 3770 511 528

524 563 955 632 persecutionem
977 567 1349 618 commovente
1364 559 1561 616 Joanni
1584 560 1828 632 apostolo
1849 561 2113 618 Pathums
2141 571 2191 629 Α
2290 562 2568 633 Philippus
2601 561 2759 618 annis
2792 568 3020 633 septem.
3051 560 3235 619 Caesus
3275 562 3327 619 in
3356 562 3533 620 hortis
3559 563 3771 621 Tiberia-

522 658 699 715 insula
729 657 796 713 ad
836 656 1178 713 incolentium
1213 656 1540 727 assignatur.
1591 654 1694 723 Qui
1734 663 1858 727 post
1882 665 2112 712 mortem

521 748 812 806 Domitiani
850 748 973 804 inde
1005 762 1255 804 reversus
1276 748 1570 819 Ephesum,
1603 748 1678 805 ibi
1705 748 1908 805 mansit
1944 764 2114 820 usque

522 843 591 899 ad
624 841 912 913 imperium
933 839 1176 909 Traiani.

591 932 769 988 Nerva
791 948 993 987 annum
1028 948 1216 999 unum,
1260 945 1476 989 menses
1501 940 1756 1004 quatuor.

2218 669 2324 711 HIS.

2291 747 2490 805 Decius
2510 749 2714 804 annum
2748 762 2937 815 unum,
2969 761 3183 802 menses
3210 755 3338 803 tres.
3383 746 3554 805 Periit
3576 749 3628 804 in
3661 749 3771 808 foro.

2289 841 2461 912 Hujus
2482 850 2723 912 tempore
2771 840 2832 895 ﬁt
2871 848 3079 912 martyr
3103 839 3407 896 Antiochia
3435 853 3653 898 sanctus
3691 842 3773 897 Ba-

2216 932 2371 1005 bylas
2392 942 2449 988 et
2466 932 2555 988 alii
2577 948 2675 1005 per
2701 932 2947 989 diversas
2973 931 3303 1003 provincias,
3331 939 3387 987 et
3413 940 3622 1003 septem
3648 934 3774 1003 puen'

591 1023 856 1095 Trajanus
907 1023 1066 1079 annis
1114 1024 1506 1088 novemdecim,
1539 1039 1755 1080 menses
1782 1036 1903 1079 sex.
1942 1022 2117 1095 Hujus
2218 1024 2437 1096 Ephesi.

520 1129 763 1189 tempore
797 1117 969 1174 deifer
997 1130 1023 1159 ι
1049 1117 1288 1188 lgnatius
1316 1117 1501 1175 Romae
1529 1118 1589 1174 ﬁt
1638 1127 1846 1189 martyr
1872 1119 2116 1189 objectus

516 1209 728 1266 bestiis.

589 1299 863 1355 Adrianus
910 1299 1069 1355 annis
1122 1299 1314 1372 viginti
1370 1315 1495 1357 uno.
1550 1300 1795 1357 Deccssrt
1832 1301 1899 1356 ad
1953 1301 2115 1358 Baias

518 1408 660 1464 aqua
693 1394 836 1449 inter
880 1403 1060 1449 cutem
1096 1392 1284 1450 etfusa.
1316 1393 1437 1461 Hic,
1472 1392 1866 1465 Hierosolymis
1895 1394 2108 1462 deletis,

521 1486 645 1541 urbi
672 1486 985 1542 instauratae
1005 1485 1164 1543 [Elite
1191 1502 1389 1542 nomen
1419 1487 1633 1543 indidit.

586 1578 739 1635 Titus
769 1578 1062 1644 Antonius,
1097 1587 1456 1652 cognomento
1486 1578 1636 1647 Pius,
1690 1595 1814 1637 cum
1846 1582 1971 1637 ﬁliis
2003 1582 2111 1636 Au-

516 1668 615 1724 rel.
647 1668 784 1725 Vero
823 1678 876 1725 et
899 1669 1069 1726 Lucio
1110 1671 1268 1727 annis
1304 1671 1498 1743 viginti
1538 1672 1768 1739 duobus,
1800 1688 1977 1729 mens.
2014 1673 2111 1727 tri-

514 1764 638 1820 bus.

586 1853 803 1911 Marcus
853 1856 1105 1913 Aurelius
1136 1855 1280 1913 ﬁlius
1318 1857 1481 1929 hujus
1510 1858 1670 1914 annis
1709 1860 2102 1924 novemdecim,

513 1946 792 2001 mensibus
848 1945 1080 2003 duobus.
1110 1946 1281 2017 Hujus
1309 1956 1555 2021 tempore
1592 1948 1838 2006 Justinus
1865 1951 2106 2020 philoso-
2135 1951 2182 2011 B

510 2039 652 2107 phus
688 2049 899 2111 martyr
942 2039 1139 2096 factus.
1184 2042 1454 2098 Antonius
1485 2042 1659 2101 Verus
1710 2045 1866 2101 armis
1900 2040 2099 2104 duode-

512 2129 618 2184 cim
647 2131 698 2184 ιι.

585 2222 918 2281 Commodus
938 2226 1097 2282 annis
1117 2226 1400 2284 tredecim.

579 2314 760 2372 Elius
800 2317 1057 2373 Pertinax
1080 2334 1296 2376 menses
1318 2335 1435 2376 sex.
1467 2320 1655 2378 Caesus
1684 2322 1739 2378 in
1768 2322 1988 2394 palatio.

581 2406 821 2465 Severus
851 2411 1007 2467 annis
1026 2411 1349 2469 octodecim.
1384 2412 1555 2485 Hujus
1589 2415 1803 2486 imperii
1838 2426 2100 2486 tempore,

506 2500 798 2567 Leonides,
821 2498 1071 2574 Origenis
1101 2505 1400 2581 κακοφρόνος
1429 2517 1451 2544 °
1478 2514 1657 2577 pater,
1686 2513 1895 2577 martyr
1929 2507 2103 2563 factus

505 2598 610 2647 est.
639 2590 709 2646 Et
737 2590 922 2648 ﬂoruit
964 2592 1285 2665 Hippolytus
1314 2594 1475 2651 Rom.
1502 2596 1796 2653 historicus
1822 2606 1877 2653 et
1904 2597 2105 2669 Grego-

507 2676 622 2739 rius
644 2683 1056 2763 ταυματούργος,
1085 2685 1548 2759 Thaumaturgus.
1571 2687 1624 2744 id
1652 2698 1757 2758 est,
1773 2689 2103 2745 mirabilium

504 2775 748 2844 eﬁ‘ector,
777 2787 834 2833 et
853 2778 1104 2834 Clemens
1121 2777 1543 2837 Alexandrinus.

574 2869 844 2926 Antonius
887 2868 1078 2925 Severi
1113 2869 1258 2927 ﬁlius
1286 2870 1445 2927 annis
1485 2877 1714 2943 septem.
1746 2871 1931 2931 Caesus
1959 2873 2103 2930 inter

501 2962 702 3019 Carras
729 2971 788 3018 et
811 2962 1095 3019 Edessam.
1920 2978 1925 2985 ‘

572 3055 846 3110 Macrinus
875 3069 1078 3109 annum
1107 3068 1298 3110 unum.
1324 3053 1514 3111 Caesus
1546 3056 1638 3128 (ab
1665 3056 1954 3128 exercitu).

570 3145 841 3203 Antonius
871 3144 1109 3203 Gabalus
1127 3147 1288 3203 annis
1314 3156 1568 3218 quatuor.
1604 3148 1789 3205 Caesus
1818 3149 2025 3207 Romae.

568 3237 879 3294 A'lexander
929 3237 1152 3295 Mameae
1196 3237 1364 3304 ﬁlius,
1412 3238 1571 3296 annis
1593 3240 1875 3296 tredecim.
1914 3241 2099 3297 Caesus

498 3331 644 3401 apud
680 3328 1104 3402 Mnguntiacum.

565 3421 895 3479 Maximinus
926 3422 1087 3479 annis
1110 3422 1310 3481 tribus.
1340 3421 1527 3480 Caesus
1554 3423 1622 3480 ad
1655 3422 1982 3495 Aquileiam.

566 3515 877 3574 Gordianus
933 3518 1092 3575 annis
1137 3532 1255 3575 sex.
1296 3517 1602 3591 Suspendio
1647 3519 1815 3575 vitam
1852 3518 1993 3574 ﬁniit
2038 3518 2093 3575 in

492 3607 700 3667 Africa.

2288 1115 2475 1173 Gallus
2517 1124 2575 1173 et
2606 1114 2935 1175 Volusianus
2980 1132 3163 1174 annuo
3191 1132 3320 1184 uno,
3350 1114 3629 1174 mensibus
3673 1130 3774 1188 qua

2219 1207 2400 1263 tuord.

2292 1298 2618 1357 Valerianus
2637 1310 2694 1357 et
2710 1299 2971 1358 Galienus
2984 1300 3144 1358 annis
3165 1299 3475 1358 duodecim.
3491 1297 3776 1357 Valerianus

2214 1406 2391 1449 caesus
2420 1393 2473 1447 in
2505 1392 2747 1461 Perside,
2770 1392 3006 1450 Galenus
3031 1392 3340 1450 Mediolani.

2282 1510 2539 1567 Claudius
2569 1527 2713 1569 anno
2733 1526 2862 1569 uno.
2887 1526 3059 1569 mens.
3084 1527 3301 1569 novem.
3326 1510 3574 1568 Mortuus
3598 1509 3774 1566 Sirmii.

2280 1603 2607 1661 Aurelianus
2648 1620 2777 1661 ann.
2837 1604 3099 1676 quinque,
3130 1618 3348 1662 menses
3377 1619 3497 1660 sex.
3539 1602 3775 1659 Caesusin

2210 1693 2361 1752 Novo
2383 1694 2619 1752 Castello
2652 1709 2699 1751 ε.

2281 1788 2502 1847 Tacitus
2541 1804 2755 1848 menses
2804 1806 2925 1849 sex.
2983 1793 3169 1849 Caesus
3196 1792 3253 1848 in
3287 1789 3481 1847 Ponto.
3511 1790 3627 1860 Quo
3667 1800 3776 1848 tem.

2208 1899 2342 1956 pore
2370 1893 2590 1941 sanctus
2613 1884 2839 1942 Charito
2867 1885 3268 1943 confessionem
3297 1886 3568 1941 exhibuit.

2276 1995 2484 2052 Probus
2508 1996 2666 2053 annis
2695 2011 2813 2064 sex,
2840 1992 3058 2054 menses
3080 2006 3335 2069 quatuor.
3374 1995 3563 2051 Caesus
3590 1993 3768 2051 Sirmii.

2273 2088 2446 2146 Carus
2471 2105 2576 2146 una
2623 2105 2747 2147 cum
2798 2091 2927 2147 ﬁliis
2973 2091 3174 2147 Carino
3218 2102 3274 2147 et
3309 2088 3637 2146 Numeriano
3663 2105 3769 2143 ann.

2204 2181 2434 2240 duobus.
2486 2183 2658 2240 Carus
2704 2183 2924 2254 quidem
2981 2193 3226 2239 mortuus
3278 2183 3333 2238 in
3378 2180 3772 2252 Mesopotamia;

2202 2276 2437 2334 Carinus
2469 2287 2651 2334 autem
2690 2287 2940 2335 mortuus
2982 2278 3039 2333 in
3079 2275 3324 2333 Thraciae
3362 2275 3561 2347 oppido
3603 2272 3774 2329 Nume-

2205 2372 2286 2426 ria
2319 2370 2367 2428 ί.

2275 2486 2644 2547 Diocletianus
2682 2498 2739 2547 et
2783 2489 3143 2547 Maximianus
3183 2503 3312 2543 ann.
3371 2484 3586 2555 viginti.
3628 2481 3776 2552 Hujus

2203 2588 2448 2652 tempore
2470 2591 2681 2655 martyr
2705 2583 2767 2639 ﬁt
2806 2582 2863 2637 S.
2896 2581 3091 2638 Petrus
3108 2577 3465 2636 Alexandriae
3514 2576 3776 2648 episcopus

2204 2680 2260 2729 et
2276 2659 2371 2728 alii
2400 2673 2555 2728 multi
2574 2688 2674 2746 per
2700 2683 2868 2731 totam
2888 2673 3223 2745 proxinciam
3247 2681 3297 2726 ε.

2275 2766 2667 2825 Constantinus
2696 2767 2925 2841 Magnus
2949 2760 3106 2824 annis
3130 2767 3349 2838 triginta
3379 2781 3515 2823 uno.

2273 2863 2434 2918 Anno
2474 2862 2689 2934 imperii
2736 2863 2897 2933 hujus
2918 2862 3181 2920 vicesimo
3202 2871 3394 2918 coacta
3434 2861 3539 2916 fuit
3558 2858 3777 2932 synodus

2204 2966 2391 3013 sancta
2426 2959 2625 3031 prima'
2656 2970 3022 3017 trecentorum
3061 2962 3248 3017 decem
3294 2969 3351 3016 et
3401 2970 3528 3017 octo
3578 2958 3778 3014 Patrum

2203 3047 2398 3106 Nicaea:
2425 3050 2483 3106 in
2504 3051 2780 3126 Bithynia,
2813 3068 2958 3109 anno
2978 3061 3103 3124 post
3124 3053 3403 3110 Christum
3431 3052 3489 3108 in
3512 3068 3673 3109 carne
3697 3066 3781 3106 na-

2204 3151 2321 3197 tum
2354 3142 2483 3210 518,
2509 3153 2635 3216 post
2662 3146 3030 3203 venerabilem
3057 3157 3238 3202 autem
3269 3146 3582 3218 passionem
3608 3155 3661 3201 et
3680 3143 3777 3216 glo-

2205 3233 2407 3289 riosam
2444 3236 2926 3301 resurrectionem,
2960 3236 3065 3293 585
3089 3236 3142 3290 ιι.

2124 3322 2172 3387 C
2268 3346 2437 3404 Fiunt
2476 3348 2641 3420 igitur
2665 3348 2906 3405 universi
2940 3348 3008 3404 ab
3033 3348 3209 3405 Adam
3236 3363 3413 3421 usque
3444 3350 3514 3406 ad
3562 3357 3774 3406 mortem

2199 3434 2541 3495 Constantini
2557 3438 2736 3512 Magni
2757 3439 2885 3497 anni
2906 3439 3198 3512 quinquies
3210 3440 3361 3498 mille
3373 3441 3669 3515 octingenti
3699 3438 3781 3495 tri-

2200 3530 2352 3601 ginta
2376 3544 2493 3587 sex.

1554 3730 1623 3786 A.
1665 3703 1894 3789 eam
1920 3729 2131 3790 NOTAE
2173 3733 2754 3795 CHRONOLOGICE.

493 3822 641 3879 inter
702 3835 763 3879 se
816 3820 1143 3878 dissentiunt
1193 3830 1443 3879 auctores
1498 3822 1679 3878 Latini
1728 3833 1784 3880 et
1856 3824 2083 3891 Graeci,

492 3892 710 3966 profani
787 3901 844 3947 et
914 3892 1233 3966 Christiani.
1304 3893 1420 3966 Qua
1501 3894 1559 3966 in
1611 3893 1948 3966 dissensione
1999 3910 2085 3951 se-

384 3974 401 3987 ‘
494 3963 695 4028 danda,
763 3972 857 4018 aut
924 3972 1134 4019 rectore
1185 3963 1271 4036 via
1350 3963 1639 4035 eligenda,
1700 3964 1834 4036 nihil
1909 3967 2089 4036 potius

494 4050 620 4091 reor
659 4048 823 4104 quam
870 4048 977 4089 una
1033 4049 1157 4090 cum
1203 4034 1589 4104 imperatorum
1636 4034 1793 4089 annis
1837 4034 2088 4094 consules

494 4113 809 4177 quoqueet
852 4118 1042 4177 eorum
1090 4104 1400 4177 catalogumg
1437 4121 1468 4160 a
1512 4104 1835 4162 Cassiodoro
1881 4116 1936 4162 et
1969 4108 2088 4165 aliis

494 4170 854 4247 compositum
892 4170 1405 4248 conjungere,iquod
1431 4185 1486 4232 et
1514 4193 1613 4233 nos
1638 4178 1689 4231 in
1718 4186 1904 4233 nostra
1928 4180 2087 4235 chro-

495 4248 711 4318 nologia
738 4264 899 4319 quam
944 4247 1353 4319 diligentissime
1400 4249 1671 4317 potuimus
1705 4264 1892 4305 sumus
1928 4266 2088 4307 exse-

494 4319 606 4374 cuti
637 4335 650 4371 :
682 4318 749 4373 ad
778 4332 941 4389 quam
974 4318 1229 4374 lectorem
1271 4319 1540 4374 curiosum
1581 4322 1852 4375 remittam
1876 4322 2085 4378 lubens.

494 4389 574 4446 De
604 4388 811 4462 Tiberii
837 4388 999 4462 annis
1013 4461 1017 4462 ί
1044 4388 1117 4443 23
1163 4390 1417 4462 convenit
1463 4390 1603 4462 inter
1648 4407 1873 4459 omnes,
1921 4402 1975 4448 et
2014 4393 2087 4451 ita

494 4463 635 4532 apud
676 4458 805 4515 Sex.
842 4460 1117 4515 Aurelium
1164 4458 1434 4515 Victorem
1483 4458 1911 4534 manuscriptum
1936 4505 1950 4529 ,
1981 4479 2087 4534 quo

491 4534 699 4602 optimo
722 4541 866 4596 utor,
894 4534 1156 4602 scriptum
1177 4540 1277 4597 est,
1300 4547 1427 4597 non,
1446 4542 1506 4587 ut
1526 4533 1581 4587 iu
1607 4533 1889 4603 impressis
1910 4533 2083 4600 libris,

490 4603 583 4658 24.
616 4603 803 4672 itaque
836 4602 1049 4671 quoties
1084 4612 1336 4658 auctores
1363 4603 1418 4656 in
1453 4602 1818 4659 testimonium
1851 4607 2082 4673 adduco,

492 4674 667 4729 sciant
702 4663 930 4728 lectores
978 4688 1064 4728 me
1102 4674 1221 4745 his.
1248 4674 1588 4744 potissimum
1620 4676 1695 4730 uti
1742 4691 1878 4745 quos
1910 4663 2084 4733 habeo
2114 4663 2164 4722 Ῑ)

489 4760 616 4800 cum
653 4745 871 4814 optimis
903 4753 959 4800 et
1005 4744 1203 4816 multis
1236 4745 1618 4816 manuscriptis
1653 4744 1897 4803 collatos.
1949 4747 2083 4803 Nam

489 4816 548 4871 in
580 4815 730 4870 libris
756 4816 1038 4884 impressis
1076 4815 1211 4870 nihil
1240 4816 1359 4870 fere
1388 4815 1579 4871 sanum
1620 4819 1834 4886 reperio
1864 4819 1917 4872 in
1950 4829 2085 4874 tem-

487 4901 684 4958 porum
713 4898 770 4942 et
797 4901 1076 4958 annorum
1094 4886 1254 4953 notis,
1287 4888 1465 4958 et_hoc
1497 4888 1693 4943 mendo
1716 4889 2086 4945 mendosiores

491 4956 706 5026 Semper
738 4968 866 5013 sunt
905 4956 1097 5028 Graeci,
1130 4972 1294 5027 quam
1348 4956 1562 5022 Latini,
1601 4967 1824 5028 propter
1866 4959 2081 5016 Cra-ca-

489 5043 613 5153 Zum
656 5037 911 5084 notarum
959 5027 1365 5084 similitudinem
1414 5037 1470 5083 et
1512 5027 1884 5087 subtilitatem.
1926 5031 2080 5088 Vers.

541 5112 696 5153 uson.

541 5112 696 5153 υεοη.

647 5187 712 5238 Et
733 5195 810 5239 ter
831 5191 1053 5252 septenis
1075 5191 1297 5252 geminos
1320 5188 1454 5242 Nero
1475 5189 1705 5242 Claudius
1728 5192 1881 5244 addit.

493 5267 631 5325 Gaio
661 5269 977 5339 imperatori
1015 5271 1200 5327 tribuit
1227 5270 1563 5343 Nicephorus
1596 5288 1766 5329 annos
1795 5272 1863 5338 '5,
1906 5288 2082 5330 mens.

566 5461 595 5489 ι
636 5446 731 5502 Sic
757 5448 923 5503 vertit
948 5446 1300 5506 Anastasins'
1344 5468 1363 5482 π
1390 5468 1397 5469 ⁷

566 5519 596 5559 b
635 5518 939 5578 Lea'enrh'm
1032 5520 1043 5528 '

1946 5362 2157 5421 NOTAE
2194 5361 2608 5423 HlSTORlC/E.

2196 3828 2301 3896 l0;
2337 3830 2429 3884 sed
2455 3828 2711 3886 Aurelius
2740 3827 2928 3885 Victor
2953 3827 3244 3896 Eusebius,
3276 3824 3709 3898 Harmenopulus
3733 3824 3782 3881 in

2194 3899 2555 3970 Chronologia
2605 3902 2992 3970 imperatorum
3042 3902 3420 3969 manuscripta
3452 3914 3623 3955 annos
3662 3898 3699 3952 ι
3737 3898 3781 3950 ei

2195 3971 2328 4097 {latnt
2372 3971 2630 4041 integros.
2665 3969 2836 4027 Notus
2874 3980 2959 4028 est
2995 3972 3295 4029 versiculus
3340 3972 3588 4028 Ausonio
3614 3969 3785 4040 impu-

2221 4058 2249 4097 a
2279 4057 2340 4099 us
2368 4060 2381 4096 :

2353 4178 2522 4231 Tertia
2540 4178 2667 4244 fugit
2689 4180 2850 4233 hiems
2872 4179 3136 4232 crassantia
3160 4160 3378 4244 tempora
3405 4178 3513 4232 Gai.

2264 4285 2489 4343 Claudio
2518 4287 2608 4344 hic
2631 4289 2829 4344 dantur
2853 4288 2980 4342 anni
3016 4286 3111 4354 l5,
3138 4288 3340 4343 mensis
3380 4302 3520 4341 unus
3540 4326 3556 4347 ,
3594 4284 3694 4339 sed
3722 4281 3784 4339 ab

2192 4357 2426 4415 Eusebio
2452 4358 2932 4434 _(manus_criptum
2964 4373 3180 4434 semper
3207 4357 3490 4434 intelligo,
3522 4370 3648 4411 nam
3684 4357 3783 4434 mi-_

2191 4444 2313 4501 sere
2341 4438 2397 4484 et
2435 4428 2885 4501 depravatissime
2925 4439 3011 4486 est
3048 4428 3343 4500 impressus
3365 4428 3626 4501 )Gdantur
3661 4428 3785 4501 angi

2192 4500 2281 4567 15,
2314 4497 2529 4557 menses
2567 4502 2622 4567 7,
2654 4501 2770 4556 dies
2806 4499 2916 4567 28;
2961 4503 3029 4556 ab
3065 4497 3467 4570 Harmenopulo
3506 4498 3631 4553 anni
3662 4497 3784 4570 ίιξ,

2191 4586 2406 4628 menses
2430 4572 2485 4640 8,
2518 4572 2634 4628 dies
2654 4571 2709 4626 9.
2734 4571 2935 4627 Neroni
2956 4587 3171 4643 quoque
3201 4572 3291 4627 hic
3319 4568 3519 4626 dantur
3543 4569 3675 4643 anni
3692 4568 3786 4643 ΑΞ,

2190 4657 2362 4698 mens.
2391 4637 2570 4709 8;'ab
2615 4643 2850 4699 Eusebio
2881 4637 3010 4698 vero
3041 4637 3165 4697 anni
3212 4643 3278 4697 15
3302 4683 3319 4709 ,
3348 4656 3522 4699 mens.
3570 4637 3627 4706 7,
3674 4638 3788 4695 dies

2187 4713 2258 4786 28
2286 4712 2414 4786 (non
2444 4708 2513 4769 'ut
2539 4714 2592 4768 in
2614 4714 2893 4786 impresso
2928 4713 3188 4786 habetur,
3226 4715 3356 4786 anni
3391 4713 3478 4778 ﬂ,
3516 4724 3693 4786 megs.
3732 4708 3786 4775 8,

2190 4780 2305 4840 dies
2324 4786 2417 4851 28,
2450 4799 2558 4855 quo
2596 4780 2940 4854 decipiuntur
2980 4784 3212 4854 omnes).
3242 4783 3362 4855 Sed
3387 4780 3789 4855 Aurelj’iqor

2190 4855 2413 4911 Claudio
2440 4853 2672 4912 rotunde
2700 4853 2872 4911 annos
2900 4855 2969 4911 14
2999 4856 3207 4921 tribuit,
3236 4853 3435 4911 Neroni
3472 4855 3559 4910 15.
3581 4853 3789 4907 Verum

2189 4926 2760 4999 Ausonii_versicuius
2806 4927 2971 4999 (quod
3003 4942 3177 4999 genus
3214 4928 3563 4999 probationis
3585 4925 3644 4999 in
3690 4924 3788 4978 hac

2190 5012 2250 5051 re
2276 5006 2358 5053 est
2383 4996 2836 5063 efﬁcacissimum,
2852 4996 3181 5068 ’quiag‘extra
3214 4996 3397 5054 inendi
3421 4996 3788 5067 suspicione:-

2190 5076 2275 5124 est
2301 5070 2558 5140 positum)
2582 5069 2799 5139 utrique
2822 5066 3052 5125 rotunde
3079 5069 3265 5124 tribuit
3291 5084 3421 5125 ann.
3460 5066 3567 5124 id:

2254 5178 2480 5231 Claudius
2501 5178 2857 5230 hebdomadam
2880 5178 3130 5242 duplicem
3150 5180 3297 5229 trahit
3319 5184 3374 5229 et
3394 5177 3529 5229 Nero
3542 5176 3706 5228 dirus.

2262 5252 2429 5309 Galba
2457 5254 2618 5310 etiam
2645 5254 2735 5310 hic
2755 5267 2854 5326 per
2876 5261 3114 5309 erratum
3156 5253 3334 5325 potius
3373 5252 3578 5311 librarii
3616 5266 3789 5323 quam
