3980 6296
240 450 350 511 529

312 654 540 711 Moritur
584 660 767 710 autem
817 651 1209 711 Constantinus
1254 669 1381 711 eum
1416 666 1717 728 regnasset,
1765 668 1826 714 ut

233 749 413 809 aiunt,
444 761 616 802 annos
663 745 887 817 triginta
913 761 1102 812 unum,
1152 753 1315 802 natus
1340 761 1513 803 annos
1542 749 1824 821 sexaginta

232 840 503 910 quinque,
545 835 751 894 relictis
795 836 922 892 ﬁliis
966 837 1160 903 tribus,
1204 836 1519 901 Constante,
1551 838 1823 895 Constan-

232 931 355 987 tino
377 942 435 986 et
470 927 809 996 Constantio,
842 942 1073 1000 quorum
1098 926 1367 984 Constans
1390 930 1591 986 veteris
1617 929 1824 999 Romae,

229 1023 627 1081 Constantinus
656 1036 830 1088 novae,
879 1020 1232 1078 Constantius
1271 1021 1572 1080 Antiochia:
1600 1039 1825 1097 regnum

232 1119 436 1174 tenuit.
459 1115 711 1174 Confecit
734 1114 1051 1172 consulatus
1082 1115 1217 1172 duos
1242 1127 1291 1169 ι.

307 1207 420 1265 Sed
461 1206 556 1264 ﬁlii
586 1213 711 1279 post
738 1204 1159 1265 Constantinum
1203 1216 1505 1279 regnarunt
1557 1208 1718 1267 anuis
1745 1210 1826 1266 vi-

228 1300 375 1373 ginti
403 1308 658 1371 quatuor.

299 1389 553 1446 Julianus
574 1403 664 1444 an.
695 1387 926 1444 duobus.
958 1386 1282 1447 Interfectus
1314 1388 1370 1446 in
1398 1389 1644 1448 Perside.

298 1477 568 1535 Jovianus
614 1491 834 1534 menses
862 1491 1080 1534 novem.

298 1569 716 1629 Valentinianus
743 1568 971 1641 Magnus
1009 1578 1066 1626 et
1093 1568 1296 1628 Valens
1337 1570 1509 1629 frater
1534 1571 1695 1630 annis
1738 1571 1832 1628 de-

219 1676 373 1730 cem,
422 1662 704 1720 mensibus
756 1678 976 1723 novem.
1035 1665 1279 1723 Valentis
1346 1668 1578 1740 imperio
1647 1666 1828 1726 factus

220 1762 440 1828 martyr
470 1755 574 1813 fuit
620 1754 679 1812 S.
724 1755 952 1814 Doroth.
988 1757 1233 1830 objectus
1278 1760 1338 1816 in
1365 1759 1656 1818 venatione
1695 1759 1831 1818 feris

225 1845 301 1902 ab
326 1845 569 1903 Arianis.

848 449 1404 510 INTERPRETATIO
1443 451 1956 515 CHRONOLOGIIE
2000 458 2060 513 S.
2099 455 2487 513 NICEPHOBI.
2531 486 2597 496 —
2636 455 2816 511 PARS
2854 455 2893 511 Ι.

3412 453 3517 509 5'50

1856 577 1910 634 Α
2007 570 2348 627 Theodosius
2403 569 2580 626 Minor
2651 571 2809 626 annis
2881 569 3242 641 quadraginta
3306 569 3516 624 duobus

1927 676 2245 719 mens.scx.
2298 661 2412 718 Sub
2464 661 2568 719 hoc
2615 660 2890 718 celebrata
2938 660 3043 717 fuit
3081 660 3322 735 synodus
3357 661 3517 716 tertia

1929 756 2131 828 Ephesi
2180 754 2403 812 Patrum
2452 764 2763 812 sanctorum
2813 756 3190 820 ducentorum,
3247 762 3305 811 et
3348 751 3520 810 altera

1925 848 2265 905 insidiatoris
2282 860 2327 915 ο,
2352 849 2437 905 cui
2462 847 2671 918 praefuit
2697 848 2895 918 impius
2924 846 3234 904 Dioscorus.

2000 940 2298 998 Martianus
2325 950 2381 998 et
2409 940 2825 999 Valentinianus
2853 958 2981 998 ann.
3016 942 3208 1014 viginti
3256 941 3518 1012 quinque,
3612 958 3615 965 '

1928 1034 2029 1091 sub
2055 1050 2162 1105 quo
2184 1033 2526 1091 Chalcedone
2548 1043 2744 1106 quarta
2771 1043 2961 1091 sancta
2991 1034 3233 1107 synodus
3247 1032 3518 1091 celebrata

1926 1126 2030 1183 fuit
2051 1135 2365 1183 sanctorum
2391 1125 2619 1182 Patrum
2645 1133 3033 1183 sexcentorum
3060 1125 3303 1198 triginta.

1998 1219 2109 1275 Leo
2135 1233 2366 1291 magnus
2394 1218 2552 1274 annis
2579 1218 2838 1275 sedecim.

1998 1309 2110 1368 Leo
2134 1325 2336 1383 parvus
2354 1326 2480 1367 cum
2509 1318 2666 1383 patre
2689 1325 2892 1367 annum
2915 1325 3084 1366 unum
3117 1311 3370 1366 moritur.

1999 1403 2147 1461 Zeno
2176 1420 2268 1461 an.
2292 1404 2679 1478 septemdecim
2709 1419 2834 1462 cum
2868 1413 3104 1478 tyranno
3133 1405 3397 1464 Basilisco
3421 1419 3521 1462 an-

1926 1496 2016 1555 nis
2041 1497 2274 1554 duobus.

1999 1589 2324 1648 Anastasius
2366 1590 2527 1647 annis
2561 1588 2754 1663 viginti
2796 1594 3021 1662 septem,
3055 1604 3229 1646 mens.
3262 1599 3515 1662 quatuor.

1998 1682 2247 1741 Justinus
2274 1683 2459 1741 Thrax
2490 1700 2581 1739 an.
2620 1699 2836 1749 novem,
2882 1698 3057 1739 mens.
3094 1683 3285 1739 tribus.

1997 1771 2340 1831 Justinianus
2363 1773 2590 1847 Magnus
2617 1774 2778 1830 annis
2808 1773 3028 1845 triginta
3054 1782 3198 1838 octo,
3238 1773 3355 1830 dies
3389 1787 3517 1845 sep-

1927 1871 2057 1921 tem.
2090 1863 2206 1922 Sub
2246 1880 2356 1936 quo
2404 1873 2595 1922 sancta
2634 1862 3235 1936 Constantinopolitana
3280 1865 3520 1938 synodus

292 1938 593 1999 Gratianus
637 1950 696 2000 et
730 1937 1147 2005 Valentinianus
1169 1944 1347 2004 Minor
1365 1947 1417 2016 ιι,
1458 1946 1822 2005 Valentiniani
1851 1948 1903 2012 Β
1924 1940 2165 2031 (quinta)
2201 1959 2526 2016 celebratur.

219 2031 324 2088 ﬁlii
354 2041 410 2088 et
429 2048 553 2090 cum
582 2034 691 2093 his.

291 2121 637 2184 Theodosius
673 2125 900 2198 Magnus
946 2132 1107 2187 annis
1157 2132 1395 2187 sedecim
1445 2142 1654 2189 consul.
1710 2140 1817 2189 ter-

219 2217 383 2273 tium.
419 2217 675 2278 Secundo
708 2237 860 2278 anno
904 2223 1119 2295 imperii
1162 2223 1324 2296 hujus
1354 2234 1543 2282 coacta
1587 2223 1691 2281 fuit
1732 2240 1809 2280 se-

216 2309 403 2366 cunda
451 2311 692 2384 synodus
738 2311 1244 2388 Constantinopoli,
1283 2324 1504 2373 centum
1549 2318 1818 2389 quinqua-

217 2401 373 2473 ginta
409 2414 723 2462 sanctorum
744 2405 988 2463 Patrum.

289 2494 564 2554 Arcadius
589 2507 646 2556 et
671 2496 944 2557 Honorius
984 2498 1300 2573 ﬁlii-ipsius
1353 2500 1484 2559 anni
1530 2499 1817 2568 tredecim,

214 2600 399 2646 mens.
438 2588 637 2648 tribus.
856 2580 866 2589 ’

1994 2051 2263 2120 Justinus,
2288 2050 2581 2109 Justiniani
2620 2051 2807 2109 fratris
2840 2050 3006 2114 ﬁlius.
3041 2066 3171 2108 ann.
3208 2050 3519 2121 duodecim.

1925 2158 2100 2200 mens.
2130 2143 2409 2210 undecim,
2456 2143 2601 2200 dieh.
2624 2144 2838 2216 viginti.

1997 2235 2242 2308 Septimo
2280 2252 2426 2293 anno
2472 2237 2637 2309 hujus
2680 2237 2893 2309 imperii
2945 2238 3249 2310 completus
3293 2237 3395 2293 fuit
3425 2252 3515 2310 cy-

1924 2328 2041 2386 clus
2071 2344 2214 2385 unus
2259 2329 2435 2385 sancti
2474 2326 2773 2386 Paschatos
2802 2345 3068 2386 annorum
3099 2330 3517 2403 quingentorum

1926 2418 2147 2492 triginta
2173 2420 2405 2475 duorum
2426 2460 2441 2487 ,
2468 2435 2536 2476 ex
2566 2434 2673 2490 quo
2709 2420 3008 2478 cruciﬁxus
3036 2420 3217 2478 fuerat
3260 2419 3517 2476 Dominus

1925 2520 2115 2570 noster
2136 2511 2294 2571 Jesus
2321 2513 2595 2582 Christus,
2622 2513 2924 2572 indictione
2962 2515 3017 2581 6,
3060 2531 3204 2573 anno
3244 2531 3275 2570 a
3300 2514 3518 2572 condito

1925 2604 2129 2659 mundo
2170 2603 2350 2659 sexies
2380 2603 2672 2662 millesimo
2706 2605 3050 2677 sexagesimo
3088 2608 3277 2677 quinto

1284 2705 1349 2760 A.
1391 2703 1619 2762 CONTll
1656 2701 1869 2761 NOTAE
1902 2698 2484 2758 CHRONOLOGICAS.

214 2797 789 2884 ljicepheri‘omi‘ssus
837 2808 961 2884 est,
1015 2801 1107 2872 qui
1162 2799 1810 2884 imperavit_menses‘7,

214 2867 371 2998 gillo
412 2870 469 2937 5,
528 2867 775 2929 Vitellius
828 2880 985 2940 octo;
1033 2867 1166 2943 'quae
1216 2867 1296 2929 sic
1341 2870 1662 2944 perstringit
1712 2869 1820 2927 Au-

280 2957 451 2999 nius:

347 3051 504 3120 galba
525 3067 706 3120 sene},
731 3055 861 3109 Otho
882 3056 1064 3109 lascive
1083 3063 1136 3108 et
1152 3055 1339 3107 famose
1373 3072 1392 3105 ν
1409 3056 1551 3120 item,

350 3114 523 3181 Tertia
540 3130 625 3168 vos
643 3114 780 3169 Latio
801 3126 1074 3181 regnantes
1089 3120 1267 3170 nesciit
1287 3129 1432 3168 aestas

342 3177 583 3231 interitus
604 3180 778 3243 dignos
794 3177 898 3271 vita
922 3190 1222 3245 prOperante
1244 3183 1493 3244 probrosa.

285 3284 438 3360 Idem
472 3286 539 3344 et'
559 3289 790 3360 rotunde
824 3290 1011 3360 decem
1042 3303 1214 3346 anxios
1241 3288 1436 3346 tribuit
1460 3287 1821 3360 Vespasiano,

212 3367 276 3412 ut
312 3366 370 3414 et
398 3356 552 3414 Sext.
587 3358 840 3416 Aurelius
867 3359 1057 3418 Victor
1089 3379 1102 3416 :

341 3448 527 3515 [inplet
549 3449 745 3502 fatalem
765 3453 1003 3515 d_ecadem
1025 3453 1121 3504 sibi
1148 3453 1496 3515 Vespasianus.

343 3511 585 3564 Ostensus
607 3516 757 3566 terris
776 3513 921 3568 Titus
949 3521 1029 3567 est
1050 3511 1297 3568 brevitate
1322 3517 1511 3568 bienni.

290 3591 506 3662 Quibus
535 3595 676 3651 addo
705 3595 1045 3654 deﬁcientem
1072 3612 1289 3655 versum
1315 3598 1384 3654 de
1410 3597 1721 3653 Domitiano
1750 3615 1764 3652 :

346 3703 528 3757 Lustra
552 3709 643 3759 tria
667 3708 1054 3776 Moeret-linunt
1074 3716 1128 3762 et
1145 3713 1273 3773 iusta
1306 3709 1498 3775 piacula
1521 3710 1722 3761 fratrem
1745 3724 1757 3759 :

290 3787 405 3844 Sed
434 3790 706 3866 (ginisJS,
740 3793 909 3866 addit,
941 3793 1281 3866 Nicephorus
1324 3794 1471 3866 (post
1501 3793 1818 3866 Eusebium)

212 3860 534 3935 yenaf‘5l.
579 3860 934 3935 sequentium
985 3860 1111 3921 anni
1163 3860 1491 3921 conveniunt
1539 3862 1657 3920 fere
1696 3860 1821 3921 cum

214 3930 940 4019 Eusebiana‘phriinologia
976 3937 1382 4019 manuscripts,
1432 3935 1578 4019 quod
1617 3935 1686 3992 de
1727 3951 1821 4019 ge-_

214 4017 350 4058 nere
400 4004 593 4079 mortis
623 4004 887 4079 cujusque
926 4004 1277 4079 imperatoris
1312 4004 1554 4079 breviter
1580 4004 1822 4079 aspergit

214 4089 317 4128 nec
363 4074 597 4144 probare
635 4092 739 4134 nec
782 4074 1021 4134 refutare
1065 4079 1215 4136 cordi
1258 4086 1362 4136 est.
1411 4077 1556 4134 Nihil
1600 4074 1705 4134 hoc
1747 4074 1818 4134 ad

212 4144 629 4227 chronologiam
666 4163 835 4227 quam
889 4157 1096 4227 tantum
1145 4147 1817 4227 e_xsequimur._Quidain,

214 4218 361 4271 inter
390 4231 537 4292 quos
554 4225 638 4292 est
666 4218 1132 4292 Harmenopulus,
1170 4218 1503 4277 interserunt
1530 4219 1818 4292 Pompeia-

211 4296 346 4342 num
377 4286 475 4360 seu
505 4286 805 4360 Pnpienum
846 4300 903 4348 et
944 4286 1230 4348 Balbinum
1274 4306 1398 4348 eum
1433 4292 1605 4348 tribus
1634 4286 1817 4357 annis,

211 4366 355 4412 utet
383 4357 740 4429 Aimilianum
789 4360 933 4418 inter
985 4361 1195 4419 Gallum
1242 4372 1299 4420 et
1327 4361 1710 4429 Valerianum,
1763 4371 1822 4419 et

210 4437 407 4500 postca
459 4428 745 4486 Sillianum
791 4441 848 4488 et
889 4431 1210 4498 Quintilium
1259 4441 1314 4489 et
1342 4431 1679 4498 Florianutn,
1722 4433 1818 4488 sed

209 4515 405 4575 eorum
427 4502 557 4575 anni
576 4503 668 4575 vel
688 4504 1064 4575 superioribus
1082 4506 1169 4560 vel
1195 4504 1550 4575 sequentibus
1579 4506 1819 4562 tribuun-

1917 2804 1977 2881 ut
2017 2804 2085 2879 et.
2224 2796 2585 2881 Chronologia
2607 2795 3035 2881 .Harmeuopuli.
3072 2794 3281 2881 Sednin
3326 2796 3514 2881 Graeca

1918 2866 2277 2938 inscriptione
2343 2883 2439 2924 seu
2505 2866 2660 2923 titulo
2719 2866 2960 2939 ejusdem
3029 2867 3218 2939 synodi
3296 2877 3517 2924 notatur

1919 2937 2251 3021 celebratam
2316 2937 2483 2996 fuisse
2534 2938 2774 3021 Pauiinq
2803 2946 2859 2992 et
2889 2937 3511 3021 Juliauonconsulibus,

1920 3009 2013 3081 qui
2039 3009 2257 3066 videtur
2277 3023 2399 3066 esse
2437 3025 2613 3081 annus
2638 3009 2703 3065 l5
2734 3007 3099 3081 Constantini.
3131 3008 3335 3064 Ibidem
3364 3024 3513 3065 com-

1920 3077 2145 3151 putatur
2195 3095 2373 3137 annus
2421 3082 2490 3137 ab
2518 3080 2849 3151 Alexandro,
2878 3078 3002 3151 656.
3040 3077 3179 3134 Sunt
3218 3089 3398 3135 autem
3446 3081 3516 3134 ab

1927 3149 2240 3208 Alexandro
2268 3167 2441 3222 usque
2470 3152 2538 3208 ad
2569 3166 2769 3207 annum
2794 3150 2865 3205 42
2891 3149 3143 3222 Augusti,
3169 3152 3388 3222 quando
3418 3167 3517 3206 na-

1846 3210 1894 3276 C
1928 3231 2014 3278 tus
2046 3232 2131 3279 est
2158 3210 2386 3289 Christi,
2414 3222 2544 3278 anni
2568 3222 2695 3287 525,
2726 3237 2866 3291 quos
2894 3221 2940 3276 si
2964 3210 3515 3287 5656'snbtraxeris,

1930 3294 2215 3351 restabunt
2250 3295 2377 3350 anni
2424 3294 2550 3359 515,
2588 3294 2680 3364 qui
2727 3292 3024 3364 sunt_anni
3067 3292 3267 3348 Christi
3317 3294 3517 3362 quibus

1927 3380 1989 3421 ea
2021 3365 2262 3447 synodus
2292 3366 2565 3447 celebi'ata
2608 3362 2711 3447 est.
2747 3362 2826 3447 ‘At
2867 3362 3205 3447 Nicephorus
3250 3364 3350 3417 hoc
3396 3364 3516 3446 loco

1927 3432 2206 3507 computat
2236 3451 2407 3493 annos
2434 3436 2560 3497 518,
2609 3444 2671 3491 ut
2709 3444 2766 3490 et
2807 3432 3281 3507 synopsisuCraeca
3327 3435 3514 3507 conci-

1927 3503 2147 3573 liorum,
2207 3507 2300 3576 qui
2357 3515 2474 3563 erat
2520 3521 2696 3561 annus
2747 3503 2959 3560 mundi
2997 3503 3178 3560 5826:
3238 3505 3319 3560 sic
3367 3505 3515 3560 enim

1925 3577 2212 3648 legendum
2234 3578 2286 3632 in
2308 3577 2499 3634 Graeco
2521 3598 2566 3642 ι,
2584 3599 2645 3648 ῳ,
2672 3599 2726 3648 κ,
2745 3598 2793 3640 ς,
2812 3584 2873 3648 et
2894 3583 3289 3648 consequenter
3318 3590 3463 3630 anno
3483 3591 3515 3631 a

1924 3645 2127 3704 Christi
2156 3649 2559 3705 resurrectione
2580 3647 2708 3714 285,
2732 3655 2793 3702 ut
2810 3646 2900 3702 hic
2921 3654 3070 3702 recte
3088 3645 3376 3702 collectum
3404 3656 3509 3701 est.

1927 3717 1984 3791 Si
2016 3718 2262 3791 legamus
2310 3720 2399 3775 hic
2442 3719 2697 3791 annqu
2745 3715 3090 3773 Constantini
3111 3716 3341 3791 factam
3358 3732 3516 3791 isyn-

1923 3787 2098 3849 udum
2116 3789 2406 3855 Nicaenam,
2439 3799 2496 3845 et
2530 3788 2702 3846 tuisse
2732 3798 2844 3843 tum
2870 3804 3071 3844 annum
3099 3787 3301 3844 Christi
3354 3787 3461 3845 518
3494 3830 3510 3853 ,

1924 3870 2073 3924 recte
2096 3862 2383 3929 conveniet
2407 3875 2619 3916 summa
2663 3859 2913 3917 collectio
2952 3859 3021 3914 ab
3057 3858 3229 3916 Adam
3271 3860 3339 3915 ad
3367 3874 3514 3916 mor-

1924 3941 2033 3990 tem
2059 3931 2423 3999 Constantini,
2453 3942 2514 3988 ut
2534 3931 2606 3988 sit
2631 3946 2898 3988 annorum
2920 3929 3080 3986 5856.

1994 4003 2131 4075 Quia
2154 4015 2336 4060 autem
2376 4019 2483 4075 quo
2508 4002 2721 4075 imperii
2756 4001 3095 4075 Constantini
3126 4016 3270 4059 anno
3293 4001 3513 4059 Nicena

1923 4074 2161 4147 synodus
2190 4084 2383 4147 coacta
2397 4074 2496 4147 Isit
2543 4074 2871 4147 dissentiunt
2916 4082 3187 4147 auctores,
3233 4088 3400 4130 causa
3431 4087 3515 4147 re;

1920 4144 2185 4272 quirenda
2214 4155 2316 4202 est.
2365 4144 2501 4230 lﬁlam
2545 4145 2879 4228 Nicephorus
2926 4145 3031 4202 hoc
3084 4144 3206 4229 loco
3253 4159 3398 4200 anno
3441 4144 3514 4199 20

1945 4228 2142 4272 actam.
2182 4226 2242 4272 ut
2266 4227 2351 4272 est
2374 4233 2430 4272 in
2459 4232 2739 4272 Impressis
2766 4232 2819 4271 in
2843 4215 3159 4272 Germania.
3193 4224 3287 4271 ant
3322 4216 3411 4272 10.
3452 4224 3514 4269 nt

1945 4215 2142 4283 ‘actam,
2182 4226 2242 4273 ut
2266 4227 2351 4274 est
2374 4217 2430 4273 in
2459 4215 2739 4288 impressis
2757 4215 2819 4288 in
2843 4215 3287 4288 Germania,anit
3322 4216 3411 4281 10,
3432 4224 3514 4288 nt

1921 4297 2007 4346 est
2050 4291 2106 4344 in
2138 4289 2509 4359 manuscripto
2538 4286 2857 4359 exemplari
2908 4287 3204 4359 Anastasii.
3246 4287 3512 4359 Eusebius

1920 4375 2052 4416 vero
2081 4359 2177 4415 lib.
2209 4375 2264 4415 IV
2292 4360 2359 4416 de
2379 4356 2501 4415 Vita
2530 4356 2894 4424 Constantini,
2936 4372 3055 4427 cap.
3103 4357 3198 4424 47,
3230 4372 3374 4427 anno
3397 4356 3508 4412 2οε

1922 4431 2124 4487 factam
2164 4431 2262 4495 ait,
2314 4429 2532 4501 quando
2575 4426 3028 4501 vicennaliaejus
3070 4437 3195 4485 acta
3248 4426 3505 4501 fuerunt:

1922 4502 2066 4557 idem
2113 4509 2294 4556 tamen
2331 4498 2394 4555 in
2440 4499 2728 4556 Chronicis
2777 4515 2808 4553 a
2852 4498 3185 4557 Hieronymo
3231 4498 3510 4554 translatis

212 4579 327 4652 tur._
355 4569 514 4652 Quod
539 4572 624 4652 ait
645 4573 737 4628 hic
756 4568 948 4652 auctor
979 4575 1205 4652 _Decium
1238 4568 1292 4652 it_i
1317 4574 1442 4652 for_o_
1459 4575 1712 4652 periisse,
1739 4575 1820 4652 sic
1844 4590 1896 4652 ι)
1922 4587 2065 4628 anno
2095 4570 2427 4652 idejusdem
2447 4570 2995 4652 celebratamknotat.
3031 4568 3506 4652 Cassiodorus_t8,

210 4641 442 4724 accipio
486 4642 541 4698 in
597 4641 1041 4724 foroJFlaminii,
1089 4661 1213 4724 cum
1250 4640 1503 4724 Eusebio.
1546 4640 1703 4714 Quod
1749 4645 1818 4701 ad
1844 4640 1890 4652 ”
1923 4652 2087 4724 atque
2124 4641 2231 4724 alii.
2261 4641 2387 4696 alio.
2441 4640 2675 4724 Causam
2718 4640 2883 4724 igitur
2912 4641 3218 4724 haneesse
3274 4640 3512 4724 arbitror

209 4711 612 4784 Diocletianum
666 4714 894 4782 attinet,
941 4717 1029 4772 cui
1076 4717 1203 4772 anni
1247 4716 1318 4772 20
1373 4711 1703 4784 tribuuntur,
1752 4730 1819 4772 ea

209 4783 564 4858 communior
606 4794 695 4841 est
741 4788 1011 4844 sententia
1063 4786 1279 4844 Eusebii
1333 4796 1391 4842 et
1426 4786 1684 4858 aliorum,
1740 4795 1818 4843 ta-

210 4856 375 4910 metsi
405 4854 595 4912 Victor
618 4870 790 4913 annos
809 4858 882 4914 25
910 4858 958 4913 ei
987 4859 1212 4914 tribuat.
1244 4857 1388 4914 Inter
1422 4854 1816 4913 Diocletianum

209 4940 435 4996 quoque
461 4934 517 4982 et
542 4924 918 4984 Constantium
940 4928 1205 4986 Eusebius
1227 4927 1813 4994 interseritGalerium,

209 4998 376 5071 eique
428 4997 568 5071 duos
616 4997 977 5071 aliosﬂannos
1026 5001 1349 5071 separatim»
1376 4998 1604 5065 tribuit;
1652 5014 1815 5070 quem

211 5068 442 5137 quidam
471 5069 582 5135 hic,
611 5068 697 5125 vel
730 5069 1021 5142 Nicephori
1056 5068 1138 5126 vel
1154 5068 1379 5142 librarii
1415 5084 1627 5137 errore,
1651 5068 1819 5127 omis-

212 5153 333 5213 sum
354 5146 707 5213 queruntur;
747 5141 842 5213 sed
866 5140 999 5213 nihil
1037 5142 1127 5198 hic
1151 5141 1363 5198 lacunae
1401 5156 1660 5212 agnosco,
1690 5141 1816 5213 quia

213 5206 581 5284 Cassiodorus
627 5206 1104 5284 i_n’_descriptione
1138 5206 1463 5284 eonsulum"
1503 5213 1579 5284 ait
1644 5206 1817 5269 annos

213 5280 526 5336 Constantii
548 5290 603 5337 et
624 5280 828 5340 Galerii
854 5280 1078 5339 attribui
1122 5281 1483 5340 Constantino
1509 5283 1816 5340 Constantii

215 5348 327 5406 ﬁlio
362 5362 420 5406 et
447 5350 519 5408 20
566 5360 774 5408 tantum
825 5368 1090 5410 annorum
1145 5354 1396 5412 consules
1443 5356 1687 5413 ascribit.
1723 5353 1819 5411 Ait

217 5435 359 5497 anno
414 5423 492 5497 20_
537 5422 882 5497 Constantini
936 5435 1318 5497 congregatam
1371 5426 1538 5483 fuisse
1587 5427 1817 5497 primam

215 5492 582 5566 universalem
644 5495 912 5566 synodum
967 5492 1285 5561 Niézetfam,
1352 5499 1447 5554 sed
1512 5492 1818 5553 in'manu-

214 5563 424 5637 scripto
447 5563 728 5623 Anastasii
764 5567 1027 5639 scriptum
1061 5575 1146 5624 est
1184 5567 1242 5623 id
1277 5568 1528 5625 evenisse
1551 5582 1696 5623 anno
1723 5567 1814 5634 10,

1921 4711 2065 4784 quod
2118 4712 2270 4769 varie
2332 4726 2504 4784 annos
2564 4711 2784 4784 imperii
2824 4711 3164 4769 Constantini
3220 4719 3512 4784 numerant

1919 4781 2207 4857 plerique:
2239 4783 2462 4857 quidam
2502 4800 2534 4840 a
2558 4781 2897 4857 depositione
2935 4798 3229 4857 purpurati
3243 4796 3343 4854 per
3382 4781 3511 4857 Dio-

1920 4852 2275 4927 cletianum,—
2304 4854 2439 4911 nihil
2464 4852 2747 4927 temporis
2805 4852 3142 4927 ascribentes
3189 4852 3511 4910 Constantio

1921 4935 2016 4983 aut
2056 4925 2275 4983 Galerio
2320 4935 2415 4982 aut
2462 4925 2770 4994 Maxentio,
2826 4926 3044 4998 quidam
3100 4933 3225 4998 post
3276 4934 3509 4998 mortem

1920 4998 2246 5069 Constantii,
2276 4998 2499 5069 quidam
2538 5007 2663 5069 post
2688 4994 2878 5069 omnes
2904 4994 3138 5069 collegas
3163 4994 3375 5069 imperii
3415 4994 3511 5050 de-

1914 5070 2109 5126 victos.
2150 5065 2339 5140 Itaque
2376 5069 2447 5125 ob
2486 5065 2692 5125 tantam
2722 5065 3158 5140 incertitudinem
3203 5065 3257 5140 in
3285 5065 3402 5137 ipso
3426 5078 3512 5136 sy-

1916 5140 2044 5197 nodi
2077 5137 2440 5211 titnlo‘quoto
2483 5154 2552 5196 an
2585 5139 2798 5211 imperii
2823 5137 2954 5211 _ejus
3001 5147 3124 5194 acta
3172 5138 3246 5193 sit
3285 5150 3392 5194 non
3421 5146 3513 5194 est

1914 5211 2258 5285 inscriptum,
2288 5208 2389 5268 sed
2427 5213 2624 5283 quibus
2649 5208 2962 5285 consulibus
3005 5217 3061 5263 et
3097 5223 3207 5280 quo
3246 5224 3279 5263 a
3306 5215 3508 5285 _morte

1917 5280 2219 5353 Alexandri
2240 5297 2406 5348 anno,
2442 5280 2569 5353 qua
2599 5280 3023 5352 computatione,
3069 5288 3183 5335 tum
3212 5280 3508 5335 utebantur

1913 5354 2168 5433 universa
2192 5351 2400 5433 Graecia
2423 5351 2789 5433 θῐῶλεῖρῑύξ·
2962 5422 2976 5433 ,
3063 5421 3099 5433 ,.
3212 5432 3217 5433 ,

1997 5425 2079 5480 An
2114 5423 2245 5481 Car.
2290 5423 2401 5479 XII.
2441 5454 2513 5465 —
2553 5421 2685 5491 Quae
2731 5424 2798 5479 de
2851 5422 3007 5479 annis
3058 5421 3400 5479 Constantini
3451 5428 3508 5474 et

1926 5495 2159 5552 ﬁliorum
2186 5495 2306 5567 ejus
2334 5495 2548 5560 scribit,
2578 5510 2642 5567 ea
2685 5509 2809 5567 eum
2844 5493 3096 5567 Eusebio,
3121 5503 3274 5567 Aetc.,
3306 5504 3505 5567 eouve-

1926 5569 2102 5633 niunt,
2140 5561 2286 5623 ut'et
2315 5581 2381 5623 ea
2415 5580 2537 5638 quae
2571 5565 2642 5624 de
2677 5564 2892 5641 Juliano
2931 5574 2990 5621 et
3014 5564 3261 5622 Joviano.
3299 5561 3408 5616 Sed
3449 5562 3503 5615 in

1357 5680 1667 5739 EIUSDEM
1705 5680 1916 5740 ΝΟΤΛΕ
1952 5680 2365 5740 ΗιδΤΟΒΙΟᾹῑ.

291 5794 317 5823 ι
358 5780 547 5854 Decem
596 5780 725 5854 legit
769 5778 1093 5854 Anastasius
1130 5789 1297 5838 recte.
1341 5778 1476 5854 Nam
1524 5778 1814 5854 ex_Fastis

225 5853 564 5923 agnoscimus
601 5851 979 5923 constantium
1014 5853 1201 5910 decem
1241 5851 1555 5911 consulatus
1601 5851 1811 5913 iniisse.

292 5922 320 5964 ιι
358 5922 556 5982 Junior
581 5923 712 5998 tegit
731 5922 1077 5995 Anastasius,
1107 5931 1275 5985 recte.

1987 5789 2010 5819 ε
2053 5779 2376 5853 Anastasius
2420 5788 2579 5837 vocat
2600 5779 2986 5853 μαινοσὶηαιαη
3032 5785 3182 5835 recte
3207 5814 3224 5844 ,
3275 5786 3400 5831 nam
3449 5774 3501 5835 in

1914 5850 2105 5908 Graeco
2126 5856 2210 5908 est
2235 5851 2504 5929 ληστρική.
