3916 5584
1712 399 2074 456 ANASTASH
2115 397 2660 456 BIBLIOTHECAHH
3314 375 3334 380 ”

2166 524 2215 594 Α
2246 523 2371 568 runt
2395 528 2566 569 sacrae
2597 511 2909 582 Scriptum,
2948 518 3190 582 tempore
3217 510 3492 568 Ptolema-i
3531 533 3568 565 i't
3589 516 3677 582 ,i~.

2315 606 2383 660 26
2421 605 2686 661 Manasse.

2311 700 2380 754 27
2417 698 2603 766 Onias,
2639 699 2875 755 Simonis
2905 698 3064 754 ﬁlius.

2313 796 2381 851 28
2422 795 2630 861 Simon,
2649 793 2800 850 Onia:
2821 793 2982 861 ﬁlius,
3006 793 3159 866 cujus
3181 792 3619 858 meminitlcsus,
3637 795 3799 855 Sirach

2242 888 2405 954 ﬁlius,
2439 888 2492 942 in
2521 888 2799 958 Sapientia
2820 903 2937 943 sua.

2309 982 2380 1037 29
2423 982 2658 1036 Simonis
2710 979 2802 1034 ﬁlii
2854 988 3010 1034 tres:
3060 976 3245 1045 Onias,
3292 977 3486 1048 Jason,
3534 977 3796 1036 Mencaus.

2242 1074 2306 1129 Ili
2357 1075 2631 1130 adversati
2685 1073 2786 1130 sibi
2835 1081 3040 1136 mutuo,
3075 1087 3193 1127 sese
3216 1080 3556 1128 everterunt.
3597 1072 3800 1128 Horum-

2241 1183 2348 1240 que
2387 1170 2717 1238 temporibus
2754 1167 2847 1226 illa
2882 1164 3123 1224 facinora
3163 1165 3472 1236 designavit
3510 1164 3800 1230 Antiochus,

2243 1261 2454 1317 sublato
2481 1261 2744 1317 Menelao.

543 409 646 466 559

614 522 681 576 16
703 519 1028 584 .Manahem,
1063 535 1188 574 ann.
1219 518 1424 573 decem.

614 616 679 669 17
716 614 984 679 Phaceas,
1019 613 1160 666 ﬁlius
1189 609 1543 674 Manathemi,
1576 624 1702 664 ann.
1737 607 1963 666 duobus.

609 707 682 763 18
715 707 946 771 Phaeca,
979 705 1119 759 ﬁlius
1178 703 1441 768 ltomclia,
1475 717 1600 756 ann.
1627 701 1852 772 viginti;
1892 700 1991 756 sub
2031 714 2139 770 quo
2180 732 2184 735 -

543 805 762 858 fuerunt
783 801 954 856 lsaias
989 808 1044 868 et
1067 798 1238 853 Naum
1270 797 1566 866 prophetae.

613 895 680 948 19
720 893 883 956 Osee,
923 891 1063 945 ﬁlius
1111 889 1260 954 Elite,
1317 888 1635 942 interfector
1681 883 1941 947 Phaeca),
1981 881 2139 938 anuis
2183 933 2188 936 .

542 1000 753 1038 novem.
793 981 962 1051 Hujus
1010 992 1249 1050 tempore
1306 977 1759 1042 Salamanasser,
1790 975 2137 1046 Assyriorum

541 1092 657 1140 rex,
683 1076 825 1147 cepit
853 1084 1019 1131 totam
1049 1074 1377 1139 Samariam,
1404 1083 1458 1129 et
1484 1088 1663 1146 regem
1689 1072 1856 1144 ipsius
1885 1083 1939 1125 et
1967 1053 2138 1126 totum

537 1171 724 1235 Israel,
757 1170 1000 1239 exceptis
1035 1168 1244 1224 duabus
1281 1166 1419 1222 Juda
1466 1166 1710 1222 tribubus
1753 1174 1807 1220 et
1834 1163 2133 1234 Beniamin,

539 1277 662 1318 cum
691 1270 951 1317 essetrex
979 1259 1368 1332 Hierosolymis
1390 1258 1675 1314 Ezechias.
1698 1256 1998 1313 Introduxit
2036 1271 2136 1310 au-

542 1364 648 1408 tetu
677 1354 730 1408 in
762 1360 963 1408 terram
990 1353 1135 1406 illam
1179 1352 1453 1417 tibutaeos,
1481 1359 1541 1406 ut
1591 1358 1875 1414 vocantur,
1904 1345 2139 1403 colloca-
2312 1354 2400 1412 50,
2445 1354 2687 1410 Alcimus
2721 1353 3050 1425 alienigena,
3078 1352 3411 1410 constitutus
3453 1347 3678 1403 Menelai
3706 1359 3800 1400 .oco

539 1458 724 1518 vitqne
749 1448 803 1502 in
845 1447 1093 1512 Samaria
1146 1447 1453 1502 eturbibus
1506 1461 1537 1500 a
1593 1459 1653 1500 se
1693 1443 1922 1499 vastatis
1974 1451 2135 1512 atque

501 1541 732 1610 I-cuptis.
767 1539 833 1594 Hi
863 1539 975 1594 suis
1013 1539 1115 1594 diis
1139 1539 1469 1605 serviebant,
1510 1545 1566 1591 et
1598 1535 1719 1594 ideo
1770 1534 1913 1592 Deus
1964 1533 2136 1590 iratus

539 1633 762 1688 immisit
793 1632 873 1688 eis
905 1632 1105 1698 leones,
1140 1647 1171 1685 a
1201 1632 1398 1701 quibus
1429 1629 1505 1684 illi
1538 1629 1957 1686 devorabantur.

611 1725 724 1782 Hac
753 1743 812 1780 re
853 1734 908 1780 et
949 1741 1110 1780 causa
1169 1724 1404 1794 cognita,
1437 1738 1530 1777 rex
1584 1722 1934 1793 Assyriorum
1989 1720 2138 1775 misit

538 1818 811 1874 lsraclitas
835 1817 902 1871 ad
934 1832 1027 1873 eos
1055 1832 1176 1871 cum
1223 1814 1597 1870 sacerdotibus
1642 1815 1731 1883 qui
1783 1814 1928 1882 ipsos
1979 1813 2136 1866 doce-

2241 1448 2309 1504 ab
2341 1447 2630 1502 Antiocho.

2309 1545 2388 1599 51
2414 1543 2582 1598 Judas
2609 1541 2971 1607 Machameus,
3002 1548 3057 1597 et
3083 1540 3372 1607 Jonathas,
3403 1549 3459 1595 et
3488 1537 3674 1595 Simon
3701 1552 3799 1594 cum

2241 1637 2520 1694 fratribus.
3413 1619 3420 1625 ’

2258 1719 2262 1722 ’
2310 1735 2380 1790 52
2415 1735 2669 1800 Joannes,
2704 1735 2796 1804 qui
2829 1741 2882 1788 et
2910 1733 3214 1803 Hyrcanus,
3243 1730 3484 1785 Simonis
3514 1727 3673 1782 ﬁlius.

2311 1829 2379 1882 55
2419 1827 2788 1890 Aristobulus,
2823 1825 3060 1896 Hyrcani
3097 1824 3259 1888 ﬁlius,
3296 1823 3388 1893 qui
3434 1830 3562 1892 post
3593 1819 3799 1874 Alexan-

540 1921 661 1966 rcnt
688 1912 859 1982 legem
889 1919 943 1965 et
962 1910 1367 1965 venerationem
1416 1909 1508 1963 Dei
1541 1906 1747 1962 aeterni.
1789 1906 2138 1960 Admiscrunt
2166 1914 2213 1974 Β
2241 1921 2393 1977 dmm
2422 1928 2653 1974 matrem
2685 1925 2955 1983 necamm,
2987 1915 3233 1971 unde...“
3266 1913 3369 1966 sibi
3409 1910 3685 1981 imposuit,

535 2011 720 2058 autem
751 2003 1119 2057 tantummodo
1144 2002 1345 2072 scripta
1369 2001 1594 2072 Moysis;
1621 2008 1675 2055 et
1696 1999 1936 2054 colentes
1965 1998 2134 2054 Deum

539 2108 822 2164 :etcrnum,
860 2113 966 2152 non
997 2097 1337 2167 reliquerunt
1371 2096 1532 2152 idola.

610 2190 814 2244 Horum
840 2191 1040 2260 posteri
1064 2200 1190 2244 sunt
1220 2189 1506 2244 Samaritae
1535 2189 1586 2242 in
1618 2187 1940 2260 liodiernum
1964 2187 2132 2256 diem,

538 2283 713 2339 solum
737 2282 1138 2339 Pentateuehos
1168 2291 1575 2350 conservantes,
1613 2291 1669 2337 et
1713 2281 1980 2352 fugientes
2004 2297 2133 2338 con-

540 2376 880 2432 suetudinem
903 2375 1232 2432 Iudaeorum.

1035 2512 1318 2593 Pontiﬁces
1350 2515 1406 2568 in
1437 2510 1629 2574 Israel.

613 2653 638 2706 1
681 2651 890 2718 Aaron,
917 2651 984 2708 ab
1029 2651 1345 2707 Abrahamo
1404 2649 1687 2719 septimus,
1722 2645 1940 2716 reliquit
1991 2645 2129 2702 ﬁlios

539 2747 694 2812 duos,
722 2745 949 2800 Eleazar
966 2755 1022 2799 et
1045 2744 1287 2798 Ithamar
1744 2728 1746 2730 ﬁ

607 2839 642 2893 2
677 2837 923 2902 Eleazar,
954 2838 1054 2893 sub
1081 2852 1188 2907 quo
1214 2834 1443 2891 decessit
1471 2833 1701 2906 Moyses,
1727 2842 1783 2888 et
1823 2841 1905 2887 est
1954 2831 2125 2886 divisa

540 2941 696 2985 terra:
720 2930 991 3001 possessio
1020 2945 1114 3000 per
1149 2927 1394 2993 Josuam,
1426 2936 1479 2982 et
1521 2924 1923 2981 tabernaculum
1981 2921 2129 2978 testi-

518 3023 706 3076 monii
729 3022 895 3076 ﬁxum
932 3021 984 3078 in
1017 3021 1226 3076 deserto
1241 3061 1253 3073 .

607 3119 640 3172 5
680 3115 932 3180 Phincos,
955 3115 1197 3170 Eleazari
1223 3115 1523 3182 ﬁlius,cum
1546 3113 1796 3168 omnibus
1824 3105 2124 3165 senioribus

538 3211 794 3283 populum
817 3209 1067 3279 judicans
1093 3208 1252 3275 Abiu,
1279 3209 1464 3274 Bechi,
1493 3207 1608 3264 Ozi.

609 3305 642 3358 4
682 3303 818 3369 Heli,
851 3317 916 3357 ex
953 3301 1210 3356 lthamar.

613 3397 647 3452 5
683 3395 976 3466 Achitoph,
1012 3393 1112 3449 sub
1142 3410 1248 3464 quo
1279 3392 1518 3448 Samuel.

610 3485 644 3543 6
681 3489 962 3554 Abiatliar,
996 3503 1119 3542 cum
1153 3487 1372 3544 Davide.

611 3583 639 3635 7
682 3582 878 3646 Zadoc,
912 3597 977 3635 ex
1007 3582 1168 3635 domo
1200 3579 1464 3634 Eleazari.

609 3681 641 3732 8
679 3677 957 3740 Achimas,
985 3676 1194 3730 Azarize
1221 3674 1358 3729 ﬁlius
1383 3673 1475 3727 ﬁlii
1503 3672 1751 3726 Amat-iac.

609 3772 641 3826 9
677 3769 922 3830 Azarias,
958 3769 1027 3822 ob
1060 3767 1339 3822 ardentem
1383 3764 1721 3819 affectionem
1757 3762 1958 3816 amoris
2001 3775 2128 3832 erga

540 3861 730 3926 Deum,
769 3860 859 3929 qui
890 3866 971 3914 est
1001 3857 1210 3913 scilicet
1242 3861 1387 3924 ζήλος
1417 3865 1566 3922 Θεοῦ,
1600 3855 1931 3910 interfectus.
1957 3889 1960 3892 -

615 3956 680 4008 10
719 3945 940 4018 Azaria,
979 3952 1071 4020 qui
1117 3951 1393 4020 prohibuit
1419 3950 1610 4006 (niam
1653 3949 1898 4016 ingressu
1932 3947 1984 4000 in
2013 3944 2128 3999 loca

542 4063 695 4103 sacra
706 4088 718 4100 .

613 4142 673 4195 11
720 4138 880 4195 Urias
908 4137 1082 4195 fidelis
1106 4136 1256 4193 Isaife

617 4235 682 4287 1'2
722 4235 988 4299 Somnias,
1022 4248 1221 4304 pravus
1247 4239 1301 4287 et
1329 4231 1667 4298 libidinosus,
1713 4237 1954 4300 tempore
1998 4228 2128 4282 Eze-

542 4330 679 4385 cliia:
711 4329 871 4399 regis.

546 4443 548 4446 ·
613 4424 680 4478 15
718 4423 966 4488 Eliazim,
995 4421 1194 4476 Selium
1227 4419 1386 4473 filius.

616 4520 678 4573 lli
719 4518 985 4582 Cheleias,
1014 4516 1112 4570 sub
1133 4513 1279 4569 Josia
1305 4528 1429 4582 rege
1456 4512 1680 4580 optimo.

545 4627 549 4633 ·
615 4611 679 4664 -l'.-‘i
719 4611 914 4664 Sareas
959 4618 1198 4676 tempore
1240 4620 1306 4665 eo
1343 4621 1449 4674 quo
1489 4603 1654 4658 Judaei
1687 4601 1883 4672 captivi
1913 4599 2124 4653 abducti

542 4713 668 4760 sunt
700 4702 964 4774 Babylona
997 4717 1026 4753 a
1059 4699 1600 4754 Nalutcliodouosore.

551 4822 554 4824 ν
613 4803 679 4854 lii
712 4799 1026 4864 Jossedceh,
1056 4814 1216 4867 quem
1250 4795 1499 4850 Ezechiel
1536 4797 1712 4848 Sadue
1743 4793 2002 4847 nominat.
2031 4790 2125 4846 Hie

542 4893 641 4946 fuit
671 4892 940 4962 Babylone
964 4891 1104 4943 inter
1129 4890 1392 4958 captivos.

614 4985 676 5037 17
717 4983 891 5050 Jestts,
922 4982 1062 5036 ﬁlius
1081 4981 1194 5047 ejus
1217 4997 1229 5045 ;
1261 4981 1352 5049 qui
1378 4980 1534 5034 rediit
1560 4980 1611 5032 iu
1639 4979 1889 5049 patriam,
1911 4986 1966 5030 et
1993 4986 2126 5031 tent-

544 5079 688 5146 plum
719 5075 1039 5129 instauravit
1071 5089 1191 5127 cum
1226 5071 1540 5126 Zorobabel.

617 5172 681 5222 18
717 5167 981 5230 Joachim,
1011 5163 1140 5219 Jesu
1164 5167 1325 5219 ﬁlius.

617 5260 684 5312 l9
726 5257 942 5321 Eliasib,
974 5257 1112 5308 ﬁlius
1134 5257 1356 5310 Joacitn.

615 5353 687 5404 2i}
725 5349 912 5411 Jodae,
941 5347 1156 5402 Eliasibi
1182 5351 1338 5412 ﬁlius,
1367 5352 1466 5404 sub
1486 5366 1594 5419 quo
1620 5351 1906 5405 Neliemias
1929 5352 2127 5406 instau-

549 5445 690 5498 ravit
718 5441 1138 5492 "im‘nsnlvmmn
1168 5451 1223 5490 (τι,
1250 5459 1430 5490 “nu-nu
1459 5445 1662 5496 [creuit-

2307 2012 2376 2067 54
2414 2011 2669 2076 Joannes,
2704 2011 2795 2081 qui
2823 2017 2877 2064 et
2906 2006 3163 2062 Jannarus
3185 2013 3240 2061 et
3268 2003 3599 2059 Alexander.

2307 2105 2377 2159 35
2417 2105 2720 2176 Hyrcanus,
2761 2118 2922 2174 quem
2967 2099 3314 2156 Aristobulus
3365 2096 3544 2151 frater
3581 2093 3694 2164 ejus
3727 2108 3799 2149 ex-

2235 2199 2374 2271 pulit
2402 2216 2416 2254 :
2445 2198 2736 2267 Pompeius
2765 2211 2896 2251 vero
2923 2195 3224 2264 imperator
3247 2190 3649 2258 confugientem
3671 2187 3732 2240 ad
3753 2201 3800 2241 se

2237 2289 2549 2362 Hyrcanum
2593 2289 2856 2345 restituit.
2890 2287 3008 2356 Quo
3049 2297 3293 2354 tempore
3333 2283 3568 2354 subjecti
3611 2280 3801 2335 fuerunt

2235 2381 2600 2438 Romanorum
2647 2382 2838 2438 ditioni
2873 2379 3066 2435 Judaei.
3117 2380 3195 2432 Ae
3216 2376 3565 2432 Aristobulus
3612 2374 3800 2444 quidem

2235 2474 2446 2528 vinctus
2469 2474 2696 2529 Romam
2714 2474 2951 2542 mittitur
2971 2489 3000 2527 a
3025 2473 3312 2543 Pompeio;
3344 2471 3626 2542 Hyrcanus
3645 2479 3800 2523 autem

2233 2567 2443 2635 capitur
2497 2582 2527 2619 a
2591 2565 2850 2632 Parthis;
2900 2565 3204 2636 Antigonus
3258 2577 3390 2619 vero
3439 2562 3585 2617 lilius
3618 2560 3800 2616 Aristo-

2232 2661 2343 2716 buli
2375 2671 2429 2715 et
2465 2663 2578 2731 ipse
2609 2659 2956 2714 interﬁcitur.

2302 2757 2370 2811 56
2407 2755 3029 2826 Ananelus'alienigena,
3056 2768 3217 2823 quem
3240 2750 3551 2808 conStitutit
3568 2749 3797 2806 Herodes.

2301 2850 2367 2904 57
2406 2849 2784 2914 Aristobulus,
2845 2847 3079 2920 Hyrcani
3133 2844 3298 2911 ﬁlius,
3350 2859 3522 2916 gener
3565 2841 3796 2909 Ananeli,

2228 2941 2473 3002 sublatus
2503 2942 2569 3004 ab
2593 2929 2826 2996 Herode.

2297 3036 2366 3090 58
2404 3034 2699 3097 Auanelus,
2734 3034 2928 3088 iterum
2959 3029 3027 3084 ab
3053 3029 3265 3088 Herode
3289 3029 3639 3094 constitutus.

2298 3131 2366 3187 59
2407 3130 2613 3194 Simon,
2645 3129 2812 3184 Boeth
2843 3127 3007 3192 ﬁlius,
3033 3141 3187 3181 socer
3217 3122 3473 3180 Herodis.

2300 3224 2370 3278 40
2412 3223 2692 3287 Matthias,
2723 3219 3006 3291 Theophili
3035 3218 3194 3272 ﬁlius.

2154 3299 2198 3362 Ο
2299 3317 2363 3372 41
2407 3315 2625 3378 Joarar,
2675 3314 2816 3368 ﬁlius
2848 3328 3034 3370 socrus
3079 3307 3325 3378 Herodis,
3367 3312 3470 3364 sub
3511 3321 3619 3378 quo
3655 3314 3790 3362 natus

2230 3419 2314 3466 est
2340 3409 2612 3464 Christus.

2301 3502 2371 3556 42
2408 3501 2660 3556 Eleazar.

2301 3597 2372 3662 ᾗ
2408 3595 2590 3662 Jesus,
2618 3593 2761 3655 Osize
2788 3593 2948 3654 ﬁlius.

2301 3689 2370 3756 44
2407 3687 2625 3758 Joazar.

2300 3781 2372 3852 45,
2409 3781 2656 3846 Ananus,
2682 3779 2780 3835 sub
2809 3793 2914 3856 quo
2945 3776 3148 3836 Christi
3178 3776 3476 3838 manifest».
3501 3774 3732 3832 doctrina
3754 3781 3798 3826 ct

2231 3874 2497 3936 miracula
2565 3881 2696 3938 sum
2762 3872 3038 3940 inchoata.
3101 3869 3258 3938 Hune
3306 3870 3566 3928 Ananum
3627 3869 3798 3922 Gratus

2231 3982 2431 4040 praeses
2457 3967 2613 4021 Rom.
2638 3965 2903 4037 dignitate
2925 3973 2981 4019 et
3009 3977 3228 4028 numerc
3247 3962 3508 4033 privavit,
3534 3959 3797 4026 constituto

2231 4064 2372 4124 illius
2404 4062 2522 4118 loco
2548 4059 2796 4117 lsmaelo.

2299 4152 2368 4208 46
2404 4151 2656 4218 Eleazar,
2687 4149 2864 4212 Anani,
2893 4147 3055 4204 ﬁlius.

2300 4251 2366 4306 47
2409 4248 2620 4303 Simon.

2300 4341 2368 4396 18
2407 4341 2647 4412 Caiphas
2687 4348 2744 4394 et
2777 4337 3005 4408 Ioseph,
3033 4351 3202 4409 gener
3237 4336 3439 4394 Anaui.
3473 4336 3681 4392 Auanus
3710 4346 3795 4384 au-

2232 4442 2339 4488 tem
2367 4432 2719 4502 magistratus
2753 4437 2872 4486 erat
2893 4428 3208 4500 pontiﬁcum
3235 4429 3336 4490 sub
3361 4426 3670 4502 pra-sudibus
3702 4422 3794 4475 lto-

2230 4523 2405 4578 manis
2428 4540 2458 4576 a
2483 4522 2678 4594 quibus
2707 4531 2762 4588 et
2787 4519 3194 4580 munerisillius
3222 4519 3562 4588 principatus
3581 4513 3796 4569 confere—

2231 4616 2408 4669 batur.
2438 4613 2675 4684 Caiphas
2705 4613 2868 4685 igitur
2896 4609 3138 4683 pontifex
3175 4609 3279 4676 fuit
3309 4626 3456 4676 anno
3487 4625 3552 4665 eo
3583 4611 3632 4662 in
3655 4620 3793 4677 quem

2159 4691 2209 4752 Ῑ)
2233 4710 2421 4764 incidit
2439 4709 2620 4778 passio
2647 4706 2869 4761 Christi.
2898 4705 3050 4761 Hune
3075 4705 3300 4760 removit
3333 4704 3600 4766 Vitellius,
3623 4708 3794 4770 pra-ter

2231 4803 2533 4856 Romanus.

2299 4896 2368 4952 49
2405 4896 2690 4960 Jonathas,
2717 4894 2895 4949 Anani
2926 4893 3068 4954 ﬁlius

2301 4990 2369 5044 50
2409 4987 2758 5060 The0philus,
2792 4985 2962 5041 frater
2992 4985 3130 5055 ejus.

2301 5082 2359 5136 51
2409 5082 2616 5137 Simon.

2305 5175 2372 5228 52
2410 5174 2694 5238 Jonatltas,
2724 5170 2900 5227 Anani
2939 5170 3077 5225 ﬁlius
3105 5171 3319 5224 iterum.

2304 5267 2371 5321 55
2411 5266 2686 5321 Mattltias.

2305 5361 2373 5414 51
2412 5360 2737 5425 Aclionaeus,
2767 5358 2856 5427 qui
2886 5365 2939 5412 et
2961 5351 3226 5418 Josephus

2306 5453 2374 5498 Κ.θί
2417 5452 2650 5498 Ananiae
