4016 6296
146 431 240 486 545

208 550 239 602 6
260 545 546 612 Sedecion,
580 543 734 602 annis
755 559 970 599 novem.

207 641 236 694 7
267 639 550 710 Diogenes,
592 637 746 692 annis
773 635 1081 706 quindecim

207 731 238 785 8
265 727 626 795 Eleutherius,
653 726 809 782 annis
837 735 1062 797 septem.

110 883 118 893 ι
207 819 240 877 9
262 819 432 886 Felix,
455 818 617 876 annis
637 819 896 889 quinque.

212 913 274 967 10
301 911 833 982 Polycarpus,annis
854 907 1256 980 septemdecim.

209 1005 266 1060 11
302 1003 705 1069 Athenodorus,
763 1002 922 1058 annis
962 1010 1214 1072 quatuor.
1293 999 1394 1054 llic
1454 999 1723 1056 exstruxit

149 1095 357 1152 alteram
381 1094 556 1152 :edem
587 1093 641 1149 in
670 1092 998 1164 topothesia,
1031 1091 1117 1147 cui
1148 1105 1344 1148 nomen
1365 1089 1518 1158 Olea,
1543 1091 1724 1160 ibique

150 1197 426 1245 conventus
453 1185 698 1243 habebat
723 1183 1144 1242 ecclesiasticos.

211 1278 272 1332 12
298 1277 551 1341 Euzoius,
577 1277 736 1332 annis
759 1275 1017 1332 sedecim.

213 1367 272 1422 15
300 1367 650 1432 Laurentius,
690 1367 852 1422 annis
877 1364 1150 1430 undecim,
1182 1379 1359 1420 mens.
1391 1379 1510 1420 sex.

215 1460 277 1515 14
305 1460 547 1531 Alypius.
575 1459 734 1516 annis
775 1457 1054 1523 tredecim,
1088 1471 1262 1513 mens.
1305 1472 1421 1513 sex.

216 1550 277 1604 15
300 1549 580 1616 Pertinax,
618 1549 701 1604 vir
729 1548 1030 1605 consularis
1077 1557 1297 1603 senatus
1347 1546 1595 1612 Romani,
1635 1559 1724 1601 an.

157 1642 546 1706 novemdeeim,
597 1656 771 1696 mens.
818 1641 1024 1706 decem,
1083 1640 1274 1695 diebus
1317 1641 1571 1710 quinque.
1632 1637 1731 1693 llic

157 1733 298 1788 aliam
341 1733 510 1788 aedem
544 1731 818 1789 exstruxit
845 1733 899 1786 in
934 1732 1053 1788 loco
1073 1731 1368 1795 maritimo,
1403 1731 1491 1785 cui
1532 1745 1729 1785 nomen

159 1825 329 1904 Ficus;
362 1840 483 1880 eam
512 1824 810 1895 appellavit
832 1823 1048 1880 lrenen.

223 1917 280 1971 l6
315 1916 690 1988 Olympianus,
717 1917 876 1972 annis
904 1915 1201 1982 undecim.,

222 2009 280 2064 17
310 2007 544 2074 Marcus,
574 2005 738 2063 annis
773 2005 1054 2063 tredecim.

225 2100 284 2155 l8
309 2099 596 2171 Cyriacus,
635 2098 793 2154 anuis
820 2099 1079 2154 sedecim.

225 2194 284 2250 l9
317 2193 594 2259 Castiuus,
627 2193 784 2249 annis
818 2201 1045 2262 septem.
1094 2189 1195 2246 Hic
1226 2189 1492 2263 Byzantii,
1534 2189 1589 2245 in
1620 2189 1740 2247 loco

166 2287 238 2343 cui
267 2302 455 2342 nomen
484 2286 755 2352 Petrium,
784 2286 954 2341 aedem
997 2285 1064 2340 ad
1095 2299 1285 2355 preces
1307 2284 1591 2348 exstruxit,
1621 2299 1742 2338 san-

168 2391 253 2435 cta:
277 2379 587 2451 Euphemiae
621 2378 793 2444 titulo,
823 2394 944 2449 quae
968 2392 1114 2433 nunc
1142 2376 1347 2447 Martyr
1381 2376 1522 2431 facta
1547 2375 1667 2430 fuit.

223 2473 287 2527 9.0
313 2473 480 2538 Titus,
515 2471 678 2528 annis
705 2471 921 2543 triginta
951 2472 1208 2543 quinque,
1235 2486 1406 2526 mens.
1437 2487 1554 2526 sex.

225 2567 283 2621 21
318 2566 602 2632 Domitius,
669 2563 840 2620 frater
891 2565 1053 2620 Probi
1107 2565 1326 2636 imper.,
1355 2565 1513 2620 annis
1556 2560 1746 2634 viginti

169 2667 378 2726 quatuor
403 2675 418 2724 ;
441 2671 623 2713 mens.
656 2671 773 2712 sex.

228 2748 292 2803 22
318 2749 549 2816 Probus,
584 2747 726 2804 filius
775 2745 934 2818 hujus
959 2745 1202 2813 Domitii,
1239 2746 1398 2802 annis
1441 2746 1748 2804 duodecim.

172 2839 226 2896 lli
265 2857 445 2897 carnes
475 2841 704 2898 fuerunt
737 2839 975 2912 episcopi
1022 2839 1291 2912 Byzantii.
1329 2847 1618 2910 antequam
1658 2841 1752 2896 de-

173 2933 450 2990 clararetur
512 2935 649 3006 imp.
725 2932 1115 2990 Constantinus
1181 2931 1404 3002 Magnus
1481 2931 1750 3003 Byzantii,

173 3035 367 3096 propter
405 3025 610 3083 bellum
657 3035 847 3082 contra
895 3023 1184 3090 Licinium,
1232 3024 1302 3079 ob
1345 3022 1750 3092 Metmphanem

173 3120 482 3190 episcopum.
1500 3113 1502 3116 ’

231 3214 298 3268 25
312 3214 719 3286 Metrophanes,
734 3213 878 3270 ﬁlius
899 3211 1119 3269 Domitii
1134 3208 1296 3282 paulo
1319 3216 1447 3264 ante
1469 3206 1749 3271 nominati,

728 419 1287 479 INTERPRETATIO
1324 413 1838 476 CllRONOLOGlE
1881 414 1941 470 S.
1982 409 2370 470 NICEPHORI.
2410 440 2480 452 —-
2517 408 2698 465 PARS
2735 408 2798 463 ll.

1747 535 2276 605 AChrysostomus,
2341 529 2498 584 annis
2552 527 2794 598 quinque
2852 529 2908 577 et
2962 519 3236 576 mensibus
3299 534 3413 572 sex.

1787 649 1792 654 ε
1893 626 1962 680 54
1989 624 2194 681 Joanne
2221 623 2601 686 exterminato,
2632 615 2890 674 Arsacius
2922 615 3224 686 presbyter,
3253 610 3421 665 frater

3311 402 3412 458 541)

1823 715 2082 778 Nectarii,
2111 714 2268 769 annis
2296 713 2523 769 duobus.

1895 809 1966 864 35
1997 807 2208 863 Atticus
2236 846 2252 872 ,
2297 805 2584 876 presbyter
2636 794 3162 856 Constantinooolita
3187 832 3205 861 ,
3268 790 3425 848 annis

1825 917 2038 957 νιαιιιιι.

1883 909 2298 1056 ἒὲιὲὶεὶηηίυδ,
2346 986 2629 1058 presbyter
2685 981 2926 1054 ejusdem
2976 976 3268 1043 Ecclesize,
3331 991 3422 1031 an.

1974 1105 2057 1143 IIS.

1902 1104 1935 1144 ο
1974 1105 2005 1143 u
2052 1136 2057 1141 .

1828 1089 1972 1238 an;
1996 1104 2279 1236 [:estorius
2305 1215 2322 1244 ,
2369 1175 2662 1246 denegator
2706 1167 2942 1226 hominis
2998 1162 3245 1228 Christi,
3305 1175 3428 1216 cum

1739 1303 1747 1316 -
1830 1276 2001 1332 Deum
2021 1288 2156 1344 nega
2166 1280 2246 1326 ret
2267 1284 2405 1332 esse,
2425 1266 2709 1338 presbyter
2727 1261 3054 1324 Antiochiae,
3073 1258 3229 1313 annis
3257 1255 3430 1310 tribus

1830 1367 2109 1424 mensibus
2137 1364 2365 1420 duobus.
2393 1361 2504 1416 Hoc
2530 1358 2698 1415 Oasin
2727 1357 2782 1412 in
2813 1353 3064 1412 exsilium
3097 1361 3240 1416 acto,

1902 1458 1970 1514 38
2002 1455 2382 1520 Maximianus,
2433 1451 2617 1522 presb.
2665 1442 3295 1515 Constantinopolitanus
3340 1455 3428 1494 an.

1834 1553 2070 1619 duobus;
2100 1565 2275 1606 mens.
2308 1548 2566 1620 quinque.

1903 1647 1973 1704 59
2004 1646 2231 1702 Proclus
2257 1657 2306 1709 ει,
2339 1658 2370 1698 a
2402 1639 2646 1698 Sisinnio
2676 1639 2858 1694 factus
2887 1635 3175 1706 episcopus
3213 1629 3432 1703 Cyzici:

1835 1741 1926 1799 ubi
1962 1757 2068 1797 non
2101 1747 2373 1810 receptus,
2425 1751 2551 1792 cum
2601 1734 2827 1789 alterum
2860 1730 3116 1803 legissent
3161 1723 3434 1797 Cyziceni,

1838 1835 2065 1909 privatis
2112 1834 2308 1891 studiis
2353 1845 2575 1902 operam
2607 1827 2774 1884 dedit.
2816 1825 3026 1880 Mortuo
3056 1828 3238 1876 autem
3266 1817 3436 1871 Maxi—

1763 1917 1813 1981 B
1841 1907 2043 1992 iniano,
2095 1923 2289 1980 solium
2319 1931 2405 1978 est
2449 1921 2675 1976 sortitus
2711 1915 2978 1987 principis
3013 1912 3180 1968 urbis.
3224 1909 3323 1964 llic
3373 1907 3442 1961 ab

1841 2019 2172 2088 imperatore
2209 2013 2517 2071 Theodosio
2567 2011 2778 2065 minore
2808 2005 3122 2076 impetravit
3151 2010 3209 2057 ut
3257 2001 3446 2055 liceret

1839 2111 2095 2183 Pityunte
2123 2103 2654 2178 Constantinopolim
2679 2101 2977 2158 transferre
2998 2095 3256 2167 reliquias
3281 2092 3445 2148 Joan-

1841 2203 1928 2260 nis
1949 2199 2343 2275 Chrysostomi,
2395 2197 2555 2254 annis
2581 2189 3210 2258 duodecim,.mensibus
3249 2185 3441 2240 tribus.

1913 2296 1983 2353 40
2003 2296 2311 2362 Flavianus,
2330 2294 2616 2366 presbyter
2629 2281 3282 2354 Constantinopolitanus,
3304 2292 3446 2332 anno

1845 2408 1973 2458 uno,
2001 2389 2280 2448 mensibus
2304 2387 2512 2445 decem.
2544 2384 2658 2440 Hoc
2687 2383 2896 2453 dejecto
2925 2393 2955 2433 a
2987 2377 3248 2432 Dioscoro
3275 2373 3327 2427 in
3357 2369 3445 2422 illa

1842 2485 2109 2543 insidiosa
2139 2482 2346 2556 synodo
2376 2477 2598 2550 Ephesi,

1918 2577 1979 2631 41
2018 2552 2294 2631 Sollicitor
2327 2569 2612 2628 Anatolius
2662 2567 2964 2638 presbyter,
2997 2571 3055 2617 et
3095 2575 3128 2614 a
3175 2552 3449 2626 responsis

1847 2669 2118 2736 Dioscuri,
2151 2667 2310 2724 annis
2335 2675 2482 2732 octo,
2513 2663 2793 2719 mensibus
2814 2667 2960 2716 octo.

1921 2762 1990 2818 42
2012 2759 2324 2818 Gennadius
2395 2756 2681 2828 presbyter
2759 2744 3397 2817 Constantinopolitanus
3431 2783 3444 2808 ,

1852 2869 1981 2910 ann.
2013 2849 2295 2914 tredecim,
2326 2846 2604 2903 mensibus
2629 2842 2861 2901 duobus.

1921 2963 1990 3018 43
2017 2961 2252 3019 Aeacius
2278 2958 2582 3030 presbyter,
2605 2964 2826 3011 curator
2850 2950 3059 3008 alendis
3078 2947 3250 3012 orbis,
3281 2947 3451 3002 imre-

1855 3055 2013 3121 ticus,
2042 3053 2199 3110 annis
2225 3048 2631 3122 septemdecim,
2663 3045 2938 3103 mensibus
2967 3056 3194 3106 novem;
3227 3041 3454 3094 damna-

1852 3155 1942 3202 tus
1989 3161 2021 3200 a
2067 3143 2248 3200 Felice
2285 3140 2347 3196 P.
2383 3139 2454 3194 M.
2506 3140 2576 3195 ob
2603 3137 2968 3205 conscriptum
2994 3132 3064 3188 ab
3110 3130 3203 3185 illo
3233 3128 3455 3184 Heneti-

1855 3250 2003 3300 cum,
2035 3242 2280 3304 tempore
2307 3229 2540 3285 Zenonis
2569 3228 2699 3299 imp.

175 3317 221 3364 et
241 3313 397 3365 frater
419 3283 592 3367 Probi
618 3309 876 3380 episcopi,
907 3319 963 3364 et
989 3309 1129 3363 (ilius
1159 3305 1346 3362 fratris
1397 3304 1560 3360 Probi
1587 3303 1754 3375 impe-
1779 3283 1825 3347 C
1860 3283 2003 3380 "247
2028 3283 2667 3392 {ﬁgﬁésjﬁesbym}
2717 3315 2774 3372 ε,
2809 3311 3024 3370 Thecla,
3079 3308 3256 3380 Sycis,
3294 3306 3366 3363 Μ.
3396 3306 3450 3360 3.

177 3401 370 3467 ratoris,
398 3401 566 3457 annis
592 3400 801 3457 decem.
831 3401 966 3455 Cum
995 3400 1065 3455 ob
1100 3397 1428 3468 decrepitam
1461 3403 1674 3450 aetatem
1700 3395 1754 3449 in

177 3496 358 3564 synodo
404 3494 630 3553 Nicaena
678 3493 958 3550 considere
1001 3507 1106 3546 non
1161 3499 1360 3562 posset,
1418 3488 1534 3559 ejus
1583 3487 1755 3540 vicem

177 3586 460 3644 Alexander
505 3586 798 3660 presbyter
846 3583 1155 3655 supplevit:
1208 3582 1443 3646 Nicetas,
1493 3577 1756 3634 Thesauri

179 3676 260 3732 lib.
287 3679 338 3748 5,
365 3697 487 3752 cap.
533 3680 590 3736 6.

239 3769 300 3824 24
324 3772 634 3828 Alexander
655 3772 789 3826 vixit
809 3785 896 3824 an.
925 3769 1216 3839 nonaginta
1235 3774 1379 3833 octo,
1401 3773 1459 3821 et
1478 3764 1760 3836 episcopus

180 3862 268 3916 fuit
289 3878 373 3919 an.
400 3865 685 3936 sexaginta
719 3863 912 3920 tribus.

241 3955 306 4012 25
341 3957 546 4015 Paulus
583 3955 885 4022 confessor,
931 3970 1019 4011 an.
1069 3953 1264 4019 tribus,
1293 3949 1508 4021 'ejectus
1535 3965 1567 4005 a
1615 3948 1759 4006 Con-
1810 3941 1814 3946 ’

182 4047 382 4104 stantio.

243 4141 306 4198 26
333 4142 620 4208 Eusebius,
657 4140 892 4198 Arianus
935 4141 1238 4196 declaratus
1269 4142 1363 4209 qui
1412 4137 1561 4208 prius
1587 4135 1767 4191 fuerat

185 4236 409 4310 Berythi,
433 4239 633 4296 deinde
657 4236 1001 4301 Nicomediae,
1031 4235 1187 4291 annis
1217 4233 1523 4289 duodecim.

245 4333 307 4387 27
340 4333 712 4398 Macedonius,
755 4331 1040 4402 presbyter
1078 4328 1332 4384 Ecclesia:
1379 4321 1764 4381 Constantino-

187 4425 342 4494 polis,
384 4422 946 4498 Oppugnatorlsancti
999 4421 1264 4492 Spiritus,
1323 4433 1414 4472 an.
1462 4415 1766 4471 duodecim.

189 4515 309 4574 Vide
333 4517 583 4574 Nicetam
613 4517 668 4572 in
694 4514 996 4580 Thesauro,
1027 4513 1120 4568 lib.
1156 4511 1207 4576 5,
1243 4526 1360 4581 cap.
1395 4508 1445 4562 6.

251 4610 314 4667 98
344 4611 622 4667 Eudoxius
646 4608 905 4671 Arianus,
946 4606 1038 4677 qui
1077 4605 1230 4675 prius
1281 4603 1459 4657 fuerat
1484 4597 1769 4655 Germani-

192 4715 280 4768 cae,
306 4704 498 4760 deinde
524 4701 846 4767 Antiochiae,
877 4699 1032 4754 annis
1061 4699 1266 4754 decem.

252 4799 320 4855 29
349 4797 696 4870 Demophilus
719 4795 975 4859 Arianus,
1005 4793 1097 4864 qui
1128 4791 1280 4863 prius
1320 4787 1497 4844 fuerat
1519 4785 1772 4842 Berrhom

197 4890 246 4947 in
273 4891 524 4959 Thracia,
565 4892 723 4948 annis
760 4889 1030 4951 undecim,
1063 4885 1339 4941 mensibus
1370 4883 1626 4952 quinque.

258 4985 324 5040 30
349 4985 633 5058 Evagrlus,
663 4983 916 5039 manibus
945 4977 1214 5050 impositis
1245 4974 1423 5030 factus
1448 4973 1516 5027 ab
1547 4969 1776 5025 Eustha-

203 5075 268 5132 tio
292 5077 610 5142 Antiochiae,
640 5085 694 5131 et
719 5075 902 5131 statim
930 5070 1322 5129 exterminatus
1351 5083 1383 5122 a
1407 5065 1651 5121 Valente.

262 5171 320 5227 31
353 5171 648 5245 Gregorius
693 5170 1050 5226 Nazianzence
1095 5165 1306 5238 prazfuit
1345 5157 1598 5220 Ecclesiae
1622 5159 1777 5216 annis

205 5264 472 5323 duodecim
513 5277 568 5322 et
600 5266 762 5322 rediit
784 5265 850 5319 ad
886 5264 1051 5318 vitam
1073 5262 1358 5334 privatam.

211 5386 227 5417 .·
268 5358 333 5413 52
353 5359 634 5416 Nectarius
654 5355 1033 5421 axiomaticus,
1061 5369 1092 5408 a
1118 5354 1363 5424 patribus
1385 5358 1601 5408 centum
1621 5348 1776 5420 quin-

207 5451 472 5519 quaginta,
508 5449 667 5507 simul
688 5448 996 5518 baptizatur
1039 5455 1094 5502 et
1137 5445 1421 5501 ordinatur
1469 5442 1774 5512 episcopus,

210 5542 354 5598 annis
377 5544 630 5612 sedecim,
655 5542 933 5599 mensibus
964 5538 1155 5596 tribus.

273 5635 338 5691 53
357 5634 587 5694 Joannes
612 5677 628 5707 ,
682 5635 967 5708 presbyter
1037 5631 1357 5697 Antiochiae,
1421 5632 1780 5697 cognomento

1859 3418 1924 3474 D.
1953 3416 2044 3473 17.

1929 3508 2001 3564 45
2025 3506 2360 3580 Euphemius
2402 3502 2685 3576 presbyter
2731 3493 3364 3566 Constantinopolitanae
3402 3502 3461 3547 ct

1860 3609 2083 3660 curator
2111 3599 2439 3672 pauperibus
2467 3597 2675 3652 alendis
2714 3593 2768 3647 in
2817 3605 2957 3646 nova
2987 3589 3144 3652 urbe,
3172 3586 3333 3642 annis
3362 3601 3455 3640 sex

1861 3709 1917 3758 et
1956 3697 2235 3754 mensibus
2274 3710 2390 3752 sex.
2425 3693 2539 3749 Hoc
2563 3687 2788 3760 expulso
2831 3686 2900 3742 ab
2930 3685 3258 3740 imperatore
3307 3680 3456 3736 Ana-

1863 3791 2054 3858 stasio,

1933 3884 2004 3941 46
2036 3880 2402 3946 Macedonius,
2428 3875 2712 3950 presbyter
2735 3866 3368 3938 Constantinopolitanus
3406 3873 3463 3920 et

1865 3993 2124 4035 vasorum
2155 3983 2338 4031 CUSIOS
2368 3989 2456 4027 an.
2492 3985 2606 4026 88X.

1937 4093 2006 4148 47
2036 4089 2373 4154 Timotheus,
2416 4083 2702 4155 presbyter
2743 4073 3382 4150 Consiantinqpolitanus
3405 4081 3462 4129 et

1869 4193 2056 4242 custos
2081 4195 2356 4245 vasorum,
2389 4193 2478 4233 an.
2503 4191 2619 4230 sex.

1940 4278 2012 4334 48
2039 4275 2316 4338 Joannes,
2381 4267 2674 4339 Cappadox
2733 4263 3037 4334 presbyter,
3095 4267 3145 4314 et
3194 4253 3464 4327 syncellus

1871 4373 2036 4437 illius,
2069 4383 2212 4424 anno
2240 4379 2368 4429 uno,
2397 4360 2676 4416 mensibus
2706 4359 2912 4411 decem.

1942 4463 2011 4518 49
2036 4457 2388 4531 Epiphanius,
2415 4451 2696 4524 presbyter
2714 4439 3342 4512 Constantinopolitanus
3365 4437 3465 4492 sub

1872 4552 2194 4614 Justiniano,
2224 4545 2382 4603 annis
2409 4541 2668 4603 sedecim,
2695 4536 2972 4591 mensibus
3004 4533 3194 4587 tribus.

1942 4665 2012 4722 50
2034 4662 2328 4720 Anthimus
2363 4651 2690 4727 Trapezunti
2742 4649 3048 4721 episcopus,
3077 4659 3233 4701 mens
3254 4643 3462 4699 decem.

1872 4759 1986 4815 Hoc
2013 4765 2241 4819 remoto,
2270 4758 2594 4822 congregata
2640 4743 2844 4816 synodo
2891 4741 3152 4796 adversus
3180 4736 3462 4800 Severum,

1944 4849 2008 4904 51
2039 4845 2224 4902 Menas
2254 4842 2542 4914 presbyter
2591 4844 2648 4892 et
2693 4833 2982 4906 praefectus
3025 4827 3258 4898 hospitio
3305 4823 3463 4880 Sam-

1873 4954 2118 5014 psorum,
2151 4935 2310 4991 annis
2335 4929 2597 4995 sedecim,
2620 4925 2898 4982 mensibus
2921 4936 3038 4978 sex.

1948 5053 2018 5110 52
2045 5048 2359 5122 Eutychius,
2382 5045 2668 5118 presbyter
2687 5051 2742 5097 et
2765 5037 3084 5100 monachus,
3117 5033 3172 5088 in
3198 5035 3468 5086 monaste-

1875 5147 1960 5205 rio
1980 5120 2235 5208 Amasiae,
2260 5139 2420 5196 annis
2440 5134 2744 5198 duodecim,
2789 5129 3066 5185 mensibus
3094 5125 3322 5180 duobus.
3355 5120 3468 5176 l‘loe

1878 5241 2052 5313 ejecto
2089 5253 2121 5292 a
2141 5229 2470 5298 Justiniano,
2494 5226 2706 5300 imperii
2745 5224 2915 5294 ipsius
2947 5235 3088 5276 anno
3115 5218 3208 5283 '58,
3233 5232 3299 5272 eo
3325 5214 3467 5284 quod

1880 5305 1986 5392 non
2033 5330 2300 5400 reciperet
2341 5325 2573 5381 edictum
2621 5317 2789 5390 ipsius
2843 5315 2910 5370 de
2969 5326 3200 5382 corpore
3266 5305 3468 5364 Christi

1877 5435 2101 5500 eXperte
2125 5422 2303 5479 omnis
2327 5410 2785 5478 labefactationis,

1953 5489 2024 5576 .53
2044 5516 2283 5573 Joannes
2301 5510 2585 5583 presbyter
2607 5500 2932 5567 Antiochiae,
2953 5513 3021 5555 ex
3045 5508 3273 5553 numero
3295 5489 3469 5546 Scho-

1880 5612 2224 5672 lasticorum,
2253 5601 2412 5658 annis
2443 5595 2726 5656 duodecim
2751 5601 2808 5650 et
2827 5590 3102 5647 mensibus
3119 5592 3347 5656 septem.

1317 5806 1382 5858 A.
1421 5797 1651 5858 CONTll
1689 5791 1902 5855 ΝΟΤᾸῦ
1944 5785 2358 5847 ΗῙΒΤΟΒΙΟᾹΣ.

287 5937 308 5966 ³
340 5926 568 5986 Zonaras
611 5926 902 5987 Annalium
941 5935 1072 5981 tom.
1104 5920 1172 5977 lll
1195 5935 1316 5976 eum
1361 5915 1601 5972 nominat
1633 5909 1917 5965 Proculum
1947 5915 1994 5962 ct
2028 5898 2398 5975 Chrysostomi
2435 5893 2751 5964 discipulum
2781 5891 2944 5944 fuisse
2970 5886 3062 5940 ait.
