3916 5510
150 458 233 519 549
602 536 605 537 ί
690 458 1243 521 lNTERPRETATlO
1282 462 1796 526 CHRONOLOGIA‘:
1839 468 1895 525 s.
1939 444 2435 528 Nicaeum.—
2474 472 2652 528 psus
2688 471 2750 565 n.

3263 479 3365 533 5730

150 592 297 636 senus,
318 570 489 629 sedem
507 572 762 644 principis
783 576 932 630 urbis
955 591 1053 647 per
1070 578 1355 636 triennium
1377 582 1679 652 occupavit.
1713 584 1759 645 Α
1857 581 1960 639 100
1978 576 2381 653 CoriStantinus,
2403 599 2604 656 praeses
2617 586 3367 660 etprotovestiarius,’eogno-

202 666 259 721 89
290 663 493 737 Trypho
544 666 867 732 monachus,
922 668 1010 723 hic
1059 685 1182 727 cum
1221 669 1680 744 efﬂuxissetpraz-

1781 683 1963 731 mento
1987 668 2287 742 Llchudes,
2316 676 2575 743 liberalis,
2613 687 2669 733 et
2696 675 3033 747 magniﬁcus,
3077 687 3131 733 et
3160 679 3327 736 sole‘rs
3348 722 3363 748 ,
3396 680 3403 689 “

148 762 361 830 scriptum
407 774 437 813 a
484 758 727 817 Romano
773 754 1056 835 Lacapeno
1105 766 1429 837 imperatore
1470 770 1680 839 tempus
1780 766 2021 823 Ecclesia
2040 768 2141 839 per
2166 776 2335 824 annos
2360 778 2592 839 quatuor
2608 776 2662 825 et
2688 778 2902 825 menses
2925 784 3020 827 sex
3043 770 3360 843 gubernata,

146 870 230 926 quo
264 854 442 909 solium
489 846 865 911 administrare
908 854 1195 923 debuerat,
1240 860 1412 917 donec
1444 861 1680 933 impera-

146 947 252 1003 toris
277 945 407 1001 ﬁlius
431 943 862 1018 TheOphylactus
899 947 965 1003 ad
1001 948 1205 1023 justam
1247 960 1459 1006 aetatem
1490 942 1706 1023 pervéﬂ

144 1040 308 1105 uisset;
335 1037 586 1108 deceptus
622 1053 653 1092 a
682 1030 1008 1128 Theophane
1030 1020 1350 1121 ’(fazsariensi
1378 1020 1527 1132 perit.
1557 1036 1679 1099 cuin

146 1133 185 1188 in
203 1146 318 1203 pura
350 1130 538 1186 charta
564 1120 1004 1207 subscripsisset,
1022 1120 1158 1188 loco
1177 1120 1354 1189 motus
1381 1120 1461 1189 est
1485 1147 1532 1191 α.
1562 1124 1567 1133 ’

193 1224 250 1279 90
268 1220 708 1297 Theophylaetus',
725 1210 1243 1296 Romanirliacapeni
1262 1226 1392 1296 imp.
1414 1222 1554 1283 ﬁlius
1564 1224 1680 1299 {eju-

144 1319 327 1379 nuchus.
346 1312 518 1371 aetatis
540 1330 681 1371 anno
707 1314 918 1372 decimo
939 1314 1092 1375 sexto
1106 1316 1306 1399 contra,
1321 1309 1679 1399 οίῆξριιῷεᾘι-

142 1410 382 1470 bernacula
392 1409 651 1468 Ecclesiae
669 1410 978 1482 usurpavit:
1004 1422 1267 1483 equomm
1284 1385 1448 1485 si.er
1458 1386 1677 1469 omnem

142 1505 316 1561 modum
343 1512 570 1570 amator,
613 1501 781 1558 vitam
807 1502 943 1560 vixit
983 1496 1325 1562 insoletftem.
1367 1496 1522 1578 aqua
1553 1502 1705 1579 vero

142 1598 362 1655 intercute
387 1612 453 1653 ex
477 1593 815 1668 equitatio'ne
842 1590 1150 1670 correptus,
1177 1615 1299 1656 cum
1332 1588 1563 1658 sedisset
1584 1590 1677 1659 ait-

142 1693 206 1748 uis
223 1692 391 1762 viginti
411 1681 607 1758 tribus,
635 1670 849 1747 vivendi
866 1686 1036 1747 linem
1067 1672 1212 1748 iecit.

193 1788 241 1845 9|
268 1786 597 1846 Substitutus
616 1790 786 1855 estin
810 1782 928 1861 ejus
965 1782 1142 1846 locum
1179 1780 1527 1863 Polyeuctus,
1552 1782 1677 1849 soli-

1696 1128 1708 1142 υ

1782 860 1836 915 in
1862 859 2020 915 aliam
2057 860 2222 916 vitam
2253 860 2522 934 migravit.

1853 969 1948 1026 101
1982 962 2189 1029 Joanne
2224 952 2582 1046 Xyphilinus,
2629 970 2955 1043 monachus,
3007 987 3227 1049 propter
3256 979 3366 1073 elo-

1762 1065 2079 1135 quentiam,
2108 1064 2475 1137 prudentiam,
2500 1067 2798 1123 doctrinam
2828 1077 2883 1124 et
2912 1069 3163 1129 virtutem
3188 1064 3365 1127 omni-

1781 1171 1852 1211 no
1912 1156 2304 1239 admirandus,
2362 1158 2620 1215 oriundus
2681 1159 3050 1231 Trapezunte,
3103 1163 3263 1219 vitam
3313 1164 3401 1243 in"

1781 1248 2009 1320 Olympo
2053 1234 2315 1320 religioSis
2362 1249 2635 1305 exercitiis
2677 1250 2901 1323 agebat,
2936 1250 3078 1307 unde
3111 1234 3363 1325 tanquam

1782 1339 1924 1395 inter
1950 1340 2085 1396 alios
2113 1342 2361 1409 eximius,
2393 1342 2443 1396 vi
2491 1340 2556 1397 ad
2596 1342 3026 1414 patriarchatum
3057 1355 3365 1417 pertractus
3394 1340 3397 1343 ’

1782 1439 1893 1499 est,
1938 1440 1994 1486 et
2042 1422 2189 1503 pavit
2234 1422 2534 1488 Ecclesiam
2586 1434 2743 1491 ahnis
2795 1436 3042 1492 undecim
3092 1430 3369 1497 mensibus

1781 1532 2015 1594 septem.
2832 1598 2836 1604 Δ
2994 1598 2997 1601 Α

1796 1664 1827 1677 μ,
1854 1614 1955 1672 ῒο2
2006 1610 2581 1681 (ἒοςϊῄιιςῑηθηιᾱὶιυε
2625 1620 2713 1678 ille
2750 1614 2991 1694 quidem,
3042 1620 3136 1682 sed
3191 1626 3368 1685 omnis

1779 1710 1994 1781 generis
2042 1711 2332 1791 virtutibus
2367 1723 2593 1771 ornatus
2616 1716 2765 1787 °(qua
2811 1718 2878 1772 de
2914 1734 3076 1776 causa
3119 1722 3281 1777 etiam
3310 1724 3366 1779 in

1779 1802 2018 1859 maximo
2046 1804 2219 1873 pretio
2269 1805 2337 1861 ab
2389 1806 2579 1877 imper.
2631 1808 2954 1883 habebatur)
3003 1811 3365 1885 Nicephorum

143 1882 259 1938 urite
278 1883 390 1938 vitae
419 1872 683 1947 sectator.
713 1892 768 1938 et
788 1866 917 1972 inde
941 1898 1113 1979 usque
1142 1899 1171 1938 a
1200 1901 1368 1979 puero
1396 1876 1462 1979 fit;
1486 1901 1677 1979 ρθςεᾳι-
1706 1960 1753 1979 ἡ
1782 1892 2118 1950 Boton'iatem
2158 1866 2482 1968 insignibus.
2500 1899 2715 1970 imperii
2752 1866 3042 1957 redimivit.
3077 1866 3203 1974 Ejus
3240 1922 3369 1962 vero

144 1984 226 2029 tum
262 1974 524 2061 voluntate
562 1964 883 2064 castratus;_
916 1974 1001 2031 Vir
1042 1974 1268 2064 οξιηιὶιὶο
1318 1962 1675 2046 νείιθωηαυδδ,
1706 1960 1755 2026 Β
1782 1987 2114 2043 successoris
2141 1988 2315 2043 Alexii
2343 1988 2605 2047 Comneni
2632 2032 2649 2057 ,
2689 2008 2811 2047 eum
2854 1960 3152 2064 imperandi
3202 1997 3368 2054 ratio-

140 2058 390 2137 eloquentia
427 2076 482 2123 et
520 2067 725 2124 virtute
752 2054 1045 2141 praestans.
1080 2056 1386 2141 Nie'ephoro
1408 2066 1603 2128 Phocze
1626 2080 1681 2128 et

140 2159 291 2217 loanni
310 2161 553 2218 Zimiscm
580 2161 801 2229 restitit.
826 2208 829 2211 ι

192 2271 245 2327 92
276 2270 557 2345 Polyeucto
602 2275 871 2347 successit
908 2275 1142 2343 Basilius
1183 2280 1505 2353 monachus,
1549 2279 1679 2345 Sea-

141 2362 446 2431 mandreuus,
487 2364 586 2436 qui
624 2379 746 2421 eum
775 2376 896 2438 post
926 2368 1339 2437 quadriennium
1387 2385 1500 2426 sua;
1540 2371 1679 2427 desi-

138 2454 377 2524 gnatiouis,
405 2457 473 2513 ob
502 2458 750 2529 quaedam
773 2458 981 2530 obieeta
1009 2452 1361 2535 eriminaper
1386 2462 1677 2519 concilium

138 2544 230 2603 loco
252 2558 413 2606 motus
438 2560 549 2617 est,
771 2621 780 2627 _

189 2639 244 2695 93
278 2640 536 2700 Antonius
573 2641 815 2703 Studites
850 2646 1162 2718 patriarcha
1202 2656 1287 2703 est
1323 2646 1672 2720 designatus;

139 2732 335 2802 quicum
372 2739 741 2796 renuntiasset
784 2740 1122 2813 sacerdotio,
1152 2743 1297 2813 quod
1334 2758 1431 2814 per
1458 2760 1550 2812 sex
1585 2760 1678 2799 an-

137 2839 212 2880 nos
244 2836 492 2898 tenuerat,
543 2845 609 2887 ac
657 2831 817 2903 paulo
869 2841 992 2904 post
1046 2834 1303 2903 obiisset,
1349 2845 1404 2890 et
1432 2844 1678 2905 vacasset

136 2915 331 2975 Ecclesia
354 2930 590 2993 quatuor
616 2925 772 2982 annis
825 2940 949 2981 cum
983 2920 1227 2995 dimidio,
1255 2928 1563 2999 designatus
1594 2936 1678 2985 est

185 3012 242 3069 94
267 3014 518 3075 Nicolaus
547 3018 981 3095 Chrysoberges;
1027 3023 1119 3094 qui
1148 3040 1273 3079 eum
1302 3025 1676 3098 pontiﬁcatum

134 3118 269 3162 annos
292 3108 574 3168 duodecim
611 3121 667 3169 et
703 3128 917 3171 menses
956 3126 1082 3172 octo
1107 3125 1386 3184 ornasset,
1425 3115 1677 3174 defuncto

133 3204 369 3260 successit.
1614 3190 1619 3195 ί

184 3292 240 3347 95
283 3293 554 3354 Sisinnius
597 3299 876 3371 magister,
916 3301 1003 3355 vir
1039 3300 1108 3357 ab
1146 3310 1363 3357 .neunte
1412 3310 1569 3356 aetate
1622 3301 1671 3355 in

131 3381 285 3439 litteris
307 3392 576 3444 versatus.
598 3388 723 3457 Quo
749 3394 805 3445 et
836 3390 955 3461 ipso
976 3394 1136 3463 (cuin
1168 3392 1463 3447 triennium
1491 3391 1676 3448 Eccle-

131 3475 236 3533 siam
262 3480 507 3554 rexisset)
539 3490 752 3538 mortuo
770 3470 986 3554 eligitirr
1010 3484 1319 3554 patriarcha

182 3585 237 3641 96
260 3586 496 3662 Sergius,
536 3590 629 3663 qui
652 3589 911 3647 Il'anueli‘s
955 3592 1284 3649 monasterio
1310 3602 1543 3664 ιιι-πενίη
1576 3608 1672 3665 pa-

128 3679 352 3750 triarcha,
394 3683 595 3742 Photio
622 3701 819 3757 genere
849 3686 1187 3757 coniunctus.
1223 3688 1363 3744 Cum
1398 3697 1578 3744 autem
1606 3688 1675 3744 ad

126 3787 263 3832 armos
284 3777 472 3849 viginti
514 3778 815 3836 Ecclesium
855 3781 1122 3852 pavisdet,
1158 3786 1391 3839 mortem
1422 3780 1591 3848 obiit,
1622 3788 1707 3836 et

128 3865 169 3920 in
191 3867 292 3937 ejus
317 3870 496 3928 locum
526 3870 786 3930 suffectus
809 3882 895 3930 est

178 3983 233 4037 97
251 3984 584 4053 Eustathius,
607 3989 945 4065 sacerdotum
967 3981 1371 4059 iedis‘palatiiia:
1390 3987 1669 4060 princeps:

124 4077 194 4145 qui
218 4093 328 4135 cum
353 4081 782 4138 orthodoxorum
809 4078 1067 4138 Ecclesia:
1095 4092 1218 4139 octo
1243 4082 1399 4138 annis
1427 4080 1674 4151 praefuis-

126 4178 204 4234 sel,
227 4174 444 4229 moritur
480 4174 645 4247 paulo
680 4184 806 4251 ante
851 4173 1110 4231 Basiliam
1144 4170 1674 4246 'Pdi'ph‘yrogenitum

126 4261 493 4334 imperatorem.
694 4284 704 4290 ‘
730 4342 731 4345 η

178 4356 235 4414 98
259 4361 423 4434 Eique
449 4364 692 4421 succedit
708 4354 960 4430 ‘A‘lexius,
995 4362 1289 4431 'so'litarius,
1321 4380 1351 4421 e
1384 4367 1677 4423 mansione

127 4446 353 4508 Studiana
381 4455 435 4509 in
471 4452 907 4526 patriarcharum
935 4450 1474 4514 soliuin‘t'rarrslatus.
1500 4452 1677 4514 ’lAc‘ce-

126 4541 208 4609 ptis
239 4548 521 4619 nonaginta
568 4549 681 4603 auri
710 4546 879 4604 'libris
921 4555 977 4603 et
1021 4544 1243 4605 totidem
1283 4548 1427 4607 clero
1466 4550 1677 4607 tlonatis

124 4636 489 4695 matrimonium
520 4640 799 4697 Michaelis
834 4640 965 4712 imp.
1005 4648 1127 4696 cu‘m
1164 4640 1272 4698 Zoe
1310 4641 1674 4712 imperatrice,

125 4722 318 4784 Romani
343 4729 659 4804 Argyropoli
707 4732 868 4788 vidua
895 4697 1255 4789 confirmavit.
1301 4697 1446 4789 Pcnc
1463 4697 1680 4790 ‘ex'cidi't
1703 4723 1754 4785 D
1780 4706 1936 4804 Eam"
1962 4697 2221 4754 Annam"

123 4817 481 4890 patriarchatu,
509 4822 701 4880 fraude
738 4821 964 4880 Joannis
1000 4823 1462 4897 Orphanotrophi,
1492 4828 1676 4885 fratris

124 4905 368 4971 Michaelis
388 4914 749 4988 Paphlagonis
780 4916 913 4987 lmp-

206 5026 236 5081 9
257 5027 442 5085 Alexio
463 5042 675 5089 mortuo
692 5048 821 5087 eum
838 5031 1017 5088 sedem
1042 5033 1187 5089 illam
1214 5033 1471 5090 tenuisset
1496 5036 1676 5106 quiete

125 5120 390 5178 octodecim
418 5127 583 5193 annis,
612 5118 1327 5198 Monomaehus‘imperator
1350 5129 1467 5184 auri
1494 5142 1679 5189 cente-

128 5212 277 5270 narios
312 5216 494 5287 viginti
529 5222 784 5291 quinque
823 5233 854 5272 e
891 5222 1214 5278 monasterio
1249 5218 1425 5277 Alexii
1475 5225 1541 5280 ab
1588 5228 1678 5287 illo

125 5296 167 5353 in
192 5301 454 5364 thesauros
477 5310 674 5368 relatos
709 5308 933 5352 ειιιαιηιςι
1005 5309 1064 5332 ηε
1114 5328 1126 5332 -
1495 5316 1505 5322 .

125 5390 249 5436 Rheni
256 5412 311 5428 κθ

1782 2094 1908 2134 nem
1933 2080 2165 2151 probare
2192 2097 2298 2138 non
2323 2079 2548 2151 posset,
2574 2082 2993 2157 desperaretque
3013 2084 3080 2142 de
3105 2090 3367 2143 emenda-

1782 2171 1947 2238 tione,
1976 2171 2125 2229 Tolle
2155 2173 2373 2244 (inquit,
2399 2175 2650 2232 ministro
2678 2175 2797 2248 suo)
2828 2174 3024 2234 librum
3046 2168 3195 2235 hunc
3225 2178 3373 2238 Psal-

1780 2280 2013 2333 morum,
2037 2275 2205 2323 etme
2241 2281 2491 2339 sequere.
2526 2268 2629 2337 illis
2667 2270 2846 2338 dictis,
2888 2286 2955 2326 ex
2991 2271 3218 2328 ecclesia
3247 2290 3371 2330 san-

1780 2357 2055 2415 ctissimus
2103 2359 2412 2429 patriarcha
2452 2357 2718 2417 discessit.
2767 2362 2895 2433 Ejus
2931 2379 3060 2420 vero
3098 2364 3153 2420 in
3194 2365 3366 2422 locum

1778 2450 2037 2509 suffectus
2064 2462 2175 2520 est,
2215 2468 2338 2510 cum
2365 2454 2578 2512 ﬁdelem
2613 2455 2901 2527 populum,
2932 2472 3101 2515 annos
3134 2460 3370 2532 quinque

1777 2554 1834 2600 et
1860 2559 2072 2601 menses
2100 2560 2293 2600 novem
2308 2544 2577 2618 ,pavisset.
2892 2548 2897 2551 ’

1848 2636 1953 2692 105
1978 2637 2306 2705 Eustratius,
2337 2639 2527 2711 spado,
2551 2640 2782 2712 simplici
2823 2641 2906 2695 vir
2932 2641 3168 2711 ingenio,
3199 2651 3255 2697 et
3284 2642 3366 2698 di-

1778 2745 1914 2803 gnus
1942 2730 2033 2801 qui
2069 2731 2124 2785 in
2154 2730 2349 2801 angulo
2375 2731 2586 2788 lateret.
2614 2729 2817 2788 Verum
2844 2742 2898 2789 et
2927 2730 3015 2789 ille
3042 2745 3164 2805 post
3194 2736 3365 2789 trien-

1778 2822 1928 2877 nium
1968 2820 2327 2893 administrati
2365 2823 2737 2894 pontilicatus,
2785 2825 2854 2879 ob
2892 2823 3132 2896 ignotam
3167 2842 3361 2896 quam-

1778 2916 1901 2989 dam
1931 2929 2175 2982 causam,
2206 2914 2393 2971 nolens
2423 2916 2763 2986 deturbatur,
2801 2926 2988 2972 eveeto
3017 2917 3258 2973 vicissim
3297 2917 3364 2973 ad

1776 3006 2133 3089 Patriarchiei
2161 3005 2279 3062 solii
2310 3006 2701 3064 sublimitatem
3388 3082 3391 3089 _

1849 3079 1962 3156 1οί
1991 3099 2212 3157 Nicolao
2236 3101 2524 3169 monacho,
2572 3108 2932 3173 cognomento
2966 3096 3363 3169 Grammatice,

1777 3194 1867 3267 qui
1920 3194 1977 3249 in
2021 3194 2204 3250 studio
2248 3181 2668 3250 virtutistetate
2712 3204 2856 3261 acta,
2906 3182 3205 3265 litterarum
3260 3212 3368 3253 non

1756 3285 1927 3342 'rudis
1954 3294 2094 3354 erat,
2121 3285 2247 3341 licet
2273 3288 2383 3341 nOn
2420 3286 2689 3358 exquisite
2710 3286 2922 3356 peritus
2952 3304 2965 3340 :
2997 3280 3239 3343 Ecclesia
3270 3301 3367 3357 per

1701 3340 1747 3410 Ο
1778 3394 1947 3435 annos
1990 3377 2181 3449 viginti
2233 3389 2438 3450 septem
2481 3370 2801 3450 gubernata,
2852 3374 2986 3436 obiit
3041 3393 3207 3436 senex
3263 3380 3358 3435 δαν

1778 3474 2018 3531 modum.

1850 3565 1952 3621 105
1988 3564 2099 3622 Leo
2137 3558 2406 3638 Stypiota.
2632 3628 2636 3634 Δ

1851 3658 1952 3715 106
1990 3657 2240 3725 Michael,
2269 3656 2427 3714 Acuti
2456 3652 2778 3713 monasterii
2820 3656 3138 3723 monachus,
3168 3657 3366 3713 virtute

1776 3749 2025 3816 celebris,
2049 3749 2428 3819 imperatorem
2456 3746 2779 3814 Manuelem,
2810 3763 2842 3802 a
2872 3732 2979 3818 quo
3002 3756 3195 3803 unctus
3224 3757 3365 3815 erat,

1776 3842 2015 3900 vicissim
2056 3841 2211 3915 ungit
2238 3855 2450 3897 sacram
2488 3842 2655 3897 aedem
2681 3830 3005 3917 ingressum.
3048 3839 3235 3897 Oxites
3276 3859 3368 3898 co-

1777 3932 2139 4007 gnominatus,
2184 3948 2395 3989 summa
2440 3934 2566 3990 sede
2596 3931 2737 3988 ultro
2764 3928 2948 4001 cessit,
2994 3942 3045 3988 et
3081 3932 3134 3988 in
3168 3930 3385 3999 Oxiam,

1779 4026 2009 4086 insulam
2047 4025 2227 4093 rediit,
2256 4025 2325 4081 in
2357 4041 2464 4097 qua
2488 4026 2612 4082 vitae
2640 4025 2816 4097 inopis
2844 4034 2899 4082 et
2925 4023 3182 4095 simplicis
3211 4022 3367 4082 insti-

1778 4127 1955 4175 tutum
1982 4135 2011 4174 a
2041 4132 2211 4189 puero
2237 4117 2516 4190 amplexus
2539 4115 2737 4175 fuerat.

1846 4214 1950 4287 ¹107
1989 4228 2230 4298 Cosmas,
2266 4230 2441 4301 patria
2468 4229 2743 4302 Egineta,
2773 4244 2837 4301 ex
2866 4246 3089 4288 numero
3112 4232 3369 4288 diacono-

1779 4341 1996 4394 norum,
2046 4326 2177 4382 licet
2217 4325 2637 4397 eruditissimus,
2681 4323 2941 4380 virtutum
2976 4335 3153 4381 tamen
3198 4326 3369 4381 choro

1778 4418 2060 4485 illustrior,
2093 4419 2454 4489 imperatricis
2481 4427 2696 4474 uterum
2726 4402 3039 4499 exsecratus
3060 4429 3161 4475 est.

1851 4513 1951 4570 108
1991 4512 2324 4569 Theodosius
2366 4512 2668 4584 principem
2699 4512 2881 4568 sedem
2922 4513 3220 4583 imperante
3256 4512 3366 4568 Ma-

1780 4592 1937 4660 nuele
1965 4606 2192 4661 curabat
2210 4616 2270 4661 et
2295 4605 2542 4661 ornabat.
2572 4602 2709 4660 Sedi
2737 4619 2849 4661 suae
2874 4606 3179 4673 restitutus,
3207 4615 3368 4662 natus

2238 4737 2255 4766 ,
2284 4706 2476 4771 sponte
2502 4696 2814 4763 secessitin
2845 4697 3077 4755 insulam
3110 4696 3377 4759 Terebin-,

1783 4792 1931 4846 “nun

1854 4884 1955 4939 109
1990 4883 2279 4961 Camatero
2313 4882 2530 4950 Basilio,
2570 4882 2940 4939 tecumcnicus
2967 4873 3370 4956 patriarchatus

1782 4983 1851 5040 ab
1874 4982 2184 5041 Andronico
2212 4981 2547 5050 delatus,vel
2579 4979 2756 5054 potius
2789 4981 3039 5040 venditus
3066 4977 3375 5058 syngrapha

1784 5092 1945 5153 quam
1975 5078 2309 5148 praemiserat
2337 5090 2397 5133 se
2426 5072 2686 5147 quidquid
2712 5070 2761 5126 ei
2788 5070 3043 5135 libuisset
3082 5077 3381 5135 facturum,

1784 5171 1995 5243 deiecto
2031 5188 2131 5243 per
2156 5170 2420 5227 lsaaeium
2448 5167 2714 5242 Angelum
2742 5164 3161 5242 imperatorem,

1852 5284 1953 5320 un
1993 5285 2211 5326 Νἰηριοα
2251 5284 2570 5328 "undamn-
2619 5276 2876 5326 Ιῖρδοοῖαι
2920 5298 2942 5318 τι
