1958 2728
45 225 85 254 537

482 223 738 252 COLLECTANEA.
759 238 794 242 —
813 222 997 250 PIL-EFATIO
1017 223 1208 251 ANASTASII.

1613 224 1665 252 558

44 282 238 319 apocrisiarius.
255 281 375 319 Scripsit
385 282 465 309 vitam
484 287 511 319 et
523 287 583 310 acta
600 282 630 319 S.
647 282 760 319 Maximi
772 290 827 319 ma:
842 284 864 312 Λ
880 281 1046 319 Theodosius
1066 286 1093 319 et
1108 281 1264 319 Theodorus
1279 282 1376 319 fratres
1396 282 1537 319 monachi"
1552 287 1581 310 ut
1593 288 1666 311 notat

44 317 111 354 gistri
122 318 169 354 sui
183 324 197 338 ⁸
209 337 216 349 ,
229 325 292 354 quae
306 317 421 344 maxime
436 318 609 354 continentur
625 318 650 344 in
666 317 826 354 epistola‘ad

43 352 220 389 Theodosium
233 352 417 389 Gangrensem
428 373 435 384 ,
449 360 529 389 (piam
546 353 623 380 nobis
636 353 661 379 in
674 353 729 389 suis
742 352 827 389 Colle-

43 387 138 416 claneis
153 388 273 415 servavit
287 387 443 415 Anastasius
458 387 693 415 Bibliothecarius.
714 388 828 422 Scripsit

43 423 280 459 porrqiudictioue
301 430 371 459 nona
383 442 391 454 ,
422 422 535 459 ideoque
554 430 625 459 anno
649 422 749 450 Christi
765 423 826 455 666,

43 457 87 485 ilon
97 457 155 484 865
164 478 172 489 .
186 463 218 485 ut
231 462 306 485 notat
318 458 438 485 (lavrus.
449 458 504 485 Etsi
520 466 583 485 vero
594 458 696 485 Gr:ch
707 459 828 493 epistola:

43 501 88 520 non
97 493 251 527 supersint,
264 493 414 528 testimonia
431 497 519 520 tamen
535 494 563 520 ὃ.
579 493 713 528 Hippolyti
722 502 755 520 ex
766 495 827 521 cod.

43 528 176 556 Francisci
209 528 336 555 'I'urriani
367 527 492 562 adjuncta
516 534 578 555 sunt
600 527 638 555 cxi
655 528 827 556 Combeﬁsio.

43 563 106 590 Obiit
130 562 161 590 S.
186 569 292 598 martyr
315 563 473 590 Anastasius
504 563 547 590 die
582 564 737 595 Dominico,
763 565 828 591 liora

43 598 128 630 tertia,
142 606 156 623 v
167 598 232 625 Idus
244 599 396 631 Octobrias,
410 606 471 625 cum
485 599 511 625 in
524 604 616 626 sancta
628 598 744 626 Collecta
759 599 831 626 dice-

44 637 122 664 retur,
135 632 242 660 Sancta
254 634 360 664 sanctis,
377 633 523 660 indictione
537 634 650 661 decima.
665 634 717 667 Qui
733 634 830 661 chara-

43 673 126 704 eteres
145 669 250 704 cadunt
270 669 296 695 in
316 676 415 695 annum
435 669 534 704 Christi
554 669 622 701 666,
637 677 691 704 quo
705 669 764 696 Kal.
779 670 828 697 Se-

43 703 170 738 ptembris
180 702 280 730 ﬂuebat
295 703 405 731 indictio
418 703 460 735 I0,
475 708 501 730 et
513 704 607 738 quinto
619 702 690 737 Idus,
705 705 760 731 sive
773 706 831 732 dies

44 737 68 765 ll
80 737 210 775 Octobris
222 742 282 766 erat
291 738 440 775 Dominica,
455 739 512 767 sive
520 737 592 766 feria
606 739 703 775 prima,
716 744 744 767 ut
756 740 832 767 aiunt

42 778 164 801 auctores
178 773 392 809 Hypomnestici.

137 819 152 855 ξ
175 819 240 846 VIII.
261 834 297 840 —-
313 820 351 847 De
365 822 513 848 auctoribus
529 821 733 857 Ilypomnestici.

70 865 161 900 llnjus
185 866 308 900 opusculi
334 871 460 895 auctores
484 875 543 895 sese
571 868 660 902 palam
687 868 833 895 ostendunt

70 990 86 1004 ι
100 982 189 1011 Fabr.
205 984 274 1013 Bibl.
291 984 339 1013 Gr.
355 991 418 1014 tom.
433 986 478 1020 IX,
493 995 554 1022 pag.
571 988 622 1014 122
634 993 661 1015 et
674 988 735 1015 550.

878 316 1056 343 Combclisius
1080 317 1106 343 in
1129 317 1248 349 monito,
1269 321 1296 343 et
1318 316 1429 344 Cavmus
1441 317 1464 343 ι).
1484 318 1565 344 Aiunt
1586 319 1669 346 etiam

878 351 1198 387 Anastasiiwocrisiarii
1211 352 1351 387 epistolam
1365 359 1424 379 sese
1438 353 1574 387 accepisse
1589 361 1603 380 a
1618 353 1671 381 La-

879 386 937 426 aico
949 394 996 421 per
1009 386 1168 426 Qregorium
1183 385 1305 414 abbatem
1320 385 1562 426 Bavararrrenseni,
1577 396 1670 416 mense

879 421 1008 455 Augusto,
1024 421 1169 448 indictione
1182 430 1220 453 ιι,
1235 422 1446 483 (ιιιίεὲιὲ-ωῑονίἰῑ.
1457 422 1495 449 Ex
1511 430 1564 457 quo
1576 430 1669 451 conse-

879 458 970 483 uuitur
984 464 1031 483 eos
1046 456 1186 483 scribsisse
1200 465 1270 483 anno
1283 456 1299 483 6
1338 477 1345 483 .
1361 457 1401 483 vel
1416 457 1477 483 669.
1493 463 1586 483 putato
1598 459 1669 483 scili-

879 458 970 492 quitur
984 464 1031 492 eos
1046 456 1186 490 scripsisse
1200 456 1270 483 anno
1283 456 1345 489 668,
1361 457 1401 484 vel
1416 457 1477 489 669,
1493 456 1586 492 putato
1598 459 1673 487 scili-

879 495 922 528 cet
936 491 1012 518 initio
1027 491 1283 528 indictiouis,_more
1298 492 1463 524 Graecorum,
1478 491 1498 519 a
1507 493 1669 528 Septembri.

879 525 932 563 Pro
945 534 1015 563 anno
1032 527 1115 560 priori
1131 531 1183 563 stat
1196 526 1324 563 Cavmus.
1340 534 1388 562 pro
1402 525 1550 563 posteriori
1557 528 1672 557 Combe—

882 560 966 597 lisius.
993 560 1128 597 Habemus
1155 562 1180 588 in
1210 569 1241 588 eo
1271 560 1479 597 Hypomnéstico
1505 564 1670 591 succinctam

881 596 1020 633 historiam
1036 596 1167 633 passionis
1177 601 1204 623 et
1217 598 1312 624 mortis
1326 597 1432 624 Martini
1442 605 1535 633 papae,
1551 598 1671 631 Maximi,

881 631 1017 667 Anastasii
1041 632 1161 667 abbatis.
1183 632 1319 659 Anastasii
1339 631 1518 667 apocrisiarii,
1537 633 1672 662 Theodori

881 671 908 693 et
922 666 1058 701 Euprepii,
1072 666 1191 701 ejusdem
1212 666 1347 702 Anastasii
1359 666 1544 702 'aprocrisiarii
1557 669 1672 696 fratrum

882 709 1081 739 germanorum.
1110 702 1193 739 Porro
1213 701 1330 739 Iacobus
1352 701 1528 739 Sirmondus.
1554 704 1599 739 qui
1617 705 1676 738 pri-

882 744 941 774 mus
964 736 1216 774 fasciculum‘huuc
1237 738 1448 774 Anastasianum
1470 736 1570 768 edidit;
1595 736 1673 774 eique

882 771 1106 807 Qollectanearum
1117 772 1222 799 titulum
1234 771 1306 805 fecit,
1316 777 1456 807 acceperat
1467 781 1499 800 ex
1512 771 1673 802 bibliotheca

882 806 1009 834 Ecclesiae
1022 806 1217 842 Lugdunensis.

848 986 869 1001 "
920 992 935 1010 ι’
951 992 990 1018 Ad
1007 999 1071 1019 ann.
1086 991 1147 1019 668.

46 1058 899 1071 Μ

595 1130 1107 1190 ΔΝΔετΑειι

374 1239 795 1282 BIBLIOTHECABII
826 1244 973 1284 SEDIS
1002 1246 1331 1286 APOSTOLICZE

455 1342 1269 1426 COLLECTANEA

610 1477 666 1507 AD
689 1476 878 1509 JOANNEM
900 1479 1122 1512 DIACONUM.

485 1549 572 1581 (Apud
583 1550 695 1575 Gallend.
709 1550 825 1576 Biblioth.
836 1555 950 1577 veterum
966 1552 1076 1584 Patrum,
1086 1556 1145 1578 tom.
1157 1552 1236 1583 XIII.)

514 1612 602 1640 Edidit
614 1614 729 1649 primum
743 1613 859 1641 Jacosus
879 1613 1032 1641 Smnoxnus
1044 1622 1115 1641 anno
1133 1613 1209 1642 1620.

70 1748 246 1777 Charissimo
254 1747 336 1776 fratri
354 1746 451 1775 Joauui
461 1747 542 1783 digno
551 1747 652 1776 Christi
666 1749 754 1777 levita:
763 1749 836 1777 Ana-
850 1753 872 1783 C
888 1750 932 1785 qui
944 1748 1063 1783 proiecto
1070 1753 1146 1776 tanta
1158 1749 1217 1777 luce
1225 1748 1365 1784 sapientiae
1377 1749 1480 1781 rutilas,
1495 1754 1549 1777 uta
1559 1758 1613 1783 me,
1626 1758 1679 1779 non

36 1795 141 1822 stasius
155 1794 271 1829 exiguus
284 1793 312 1821 in
328 1793 441 1821 Domino
456 1793 580 1821 salutem.

72 1839 299 1867 Ecclesiastieam
313 1838 461 1874 Scriptura:
474 1839 506 1866 ad
521 1838 664 1866 multorum
681 1839 837 1867 instructio-

35 1893 98 1913 nem
113 1885 262 1913 historiam
277 1885 417 1913 industriae
432 1889 483 1913 tute
504 1886 681 1920 promiseram
695 1894 728 1913 ex
744 1885 837 1914 Graeco

37 1939 80 1958 me
96 1931 149 1958 tibi
168 1937 296 1958 sermone
308 1930 432 1965 quadam
448 1930 474 1957 in
490 1929 615 1957 Latinum
631 1935 770 1958 recturum
783 1931 839 1958 elo-

37 1977 145 2011 quium.
166 1976 279 2003 Dixeras
290 1975 363 2003 enim
379 1979 424 2008 et,
449 1983 555 2003 summa
572 1975 691 2004 Veritate
706 1977 838 2010 docente,

36 2022 223 2056 perhibueras
245 2021 456 2049 ecclesiasticam
481 2027 507 2048 te
528 2022 612 2049 ordiri
628 2030 681 2050 non
704 2030 785 2057 posse
809 2023 837 2050 li»

36 2068 136 2095 denter
157 2067 314 2098 historiam,
330 2067 380 2094 nisi
396 2067 536 2103 utriusque
551 2068 647 2104 lingua:
660 2069 783 2104 quaedam
798 2077 840 2097 re-

37 2122 96 2140 rum
114 2118 258 2149 gestarum
284 2112 439 2147 conscripta
461 2113 547 2140 series
569 2114 600 2140 ad
617 2118 689 2141 tuam
715 2115 839 2142 notitiam

36 2158 209 2186 devenisset.
238 2158 424 2193 Quapropter,
452 2159 496 2193 qui
523 2163 605 2187 tantae
630 2167 673 2187 me
696 2160 840 2196 imperitia:

37 2210 214 2239 recognosco
227 2207 259 2230 ut
274 2210 324 2230 nec
347 2203 434 2237 ipsius
452 2203 548 2239 lingn:e
567 2212 633 2232 meae
647 2205 674 2232 in
693 2214 746 2241 qua
762 2211 841 2235 natus

36 2256 110 2280 sum,
128 2255 166 2275 ne
180 2248 297 2275 dixerim
310 2248 415 2281 alienae,
427 2248 481 2276 vim
498 2254 640 2284 penetrare
653 2250 794 2285 suﬂiciam,
809 2260 841 2279 ac

37 2301 86 2327 per
105 2294 165 2320 hoc
180 2300 318 2328 nunquam
338 2293 533 2328 interpretandi
554 2302 714 2331 quacunque
736 2297 842 2325 ratione

36 2345 179 2365 conamen
194 2338 316 2374 arripere
328 2340 569 2374 praesumpsissem,
582 2341 775 2368 consentiensa
786 2350 844 2369 ma-

35 2383 135 2418 gistris
154 2383 315 2419 reprehendi
338 2391 419 2419 quam
439 2388 465 2411 te
479 2392 494 2411 a
509 2385 637 2419 praedicta
653 2390 761 2421 torpore
783 2394 844 2414 meo

35 2430 165 2457 texendo
179 2430 292 2457 historia
307 2437 458 2463 removere,
483 2430 641 2459 satisfacere
653 2431 700 2459 tibi
716 2439 779 2460 ecce
791 2441 840 2468 pro

37 2475 151 2502 viribus
166 2475 309 2502 maturari.
332 2475 454 2502 Credens
479 2475 558 2510 plane
581 2483 596 2503 a
612 2480 638 2503 te
652 2477 842 2512 corrigendum

36 2521 183 2555 quidquid
204 2529 293 2548 meum
311 2521 467 2554 distortum,
485 2521 638 2556 poliendum
651 2522 780 2558 quidquid
800 2532 843 2552 re-

35 2572 156 2603 pertum
174 2566 253 2595 fuerit
267 2567 431 2602 impolitum.
452 2566 523 2595 Sane
544 2568 641 2599 fateor,
660 2569 843 2597 testimonium

38 2614 108 2641 mihi
126 2613 292 2649 perhiheute
313 2614 496 2646 conscientia,
513 2614 618 2642 mallem
633 2614 691 2642 hac
706 2620 734 2642 et
748 2615 843 2650 hujus-

35 2659 117 2678 νηιλέ
136 2658 177 2679 -ιιυο
189 2658 246 2678 aliis
265 2658 320 2685 Ωιιτῇ
349 2667 403 2685 nn."
418 2663 471 2680 lam
487 2659 602 2677 Iolaum-—
620 2659 632 2667 “
666 2659 672 2664 '

887 1794 958 1828 quod
970 1794 1162 1825 necessarium,
1175 1794 1223 1821 sed
1235 1794 1418 1826 temerarium,
1427 1795 1543 1830 experiri
1555 1803 1680 1831 saporem

887 1838 1059 1874 proposuisse
1073 1838 1199 1866 videaris.
1211 1838 1307 1873 Itaque
1321 1839 1607 1874 mihi,’_interveniente
1618 1840 1680 1868 obe-

888 1885 998 1918 dientia,
1013 1890 1070 1912 sata
1095 1886 1129 1913 ab
1152 1884 1212 1912 aliis
1232 1885 1335 1913 rustica
1355 1885 1426 1913 'l'alce
1441 1885 1582 1921 collegisse
1598 1890 1627 1913 et
1647 1887 1681 1914 ad

889 1940 980 1959 aream
993 1931 1135 1959 latinitatis
1149 1931 1219 1959 lideli
1231 1931 1344 1959 humero
1357 1932 1539 1959 transvexisse
1553 1931 1680 1965 sutIiciat,

889 1977 926 2004 nil
940 1977 1063 2005 videlicet
1079 1977 1187 2004 addenti
1201 1977 1241 2005 vel
1257 1977 1398 2004 minuenti.
1413 1977 1500 2005 Tuum
1513 1982 1603 2005 autem
1617 1978 1680 2011 erit,

889 2021 999 2056 adjectis
1014 2022 1169 2055 sententiis,
1189 2022 1269 2049 veluti
1294 2022 1409 2057 quodam
1425 2023 1574 2051 ventilabro
1586 2023 1681 2058 judicii

889 2075 956 2103 opus
969 2067 1088 2095 historiae
1103 2067 1227 2101 dilatare,
1249 2072 1276 2095 et
1288 2068 1371 2095 verba
1394 2073 1497 2101 nostra,
1519 2077 1579 2104 qua:
1601 2070 1627 2096 in
1648 2078 1680 2097 ea

890 2111 1032 2139 inserenda
1048 2112 1211 2144 decreveris,
1233 2112 1309 2147 quasi
1324 2112 1446 2147 qumdam
1470 2112 1604 2140 frumenta
1619 2122 1682 2148 pur-

890 2158 964 2193 gare.
979 2157 1079 2185 Verum
1100 2165 1148 2185 nos
1164 2158 1203 2185 sic
1224 2162 1252 2185 et
1273 2158 1331 2185 haec
1355 2163 1382 2185 et
1407 2159 1458 2186 alia
1485 2159 1682 2194 interpretandi

890 2204 1056 2239 propositum
1078 2205 1240 2239 sumpsimus
1251 2224 1258 2237 ,
1289 2209 1318 2231 ut
1335 2212 1388 2232 nec
1406 2206 1440 2232 ab
1457 2205 1514 2240 ipsa
1537 2206 1681 2234 verborum

891 2256 1083 2284 usquequaque
1111 2248 1312 2276 circumstantia
1342 2248 1498 2276 discessisse
1523 2257 1679 2282 noscamur,

892 2302 941 2322 nec
955 2302 1004 2329 pro
1016 2302 1095 2330 posse
1107 2302 1123 2321 a
1147 2302 1242 2322 sensus
1254 2295 1368 2321 veritate
1382 2294 1514 2323 decidisse
1529 2296 1680 2325 videamur.

892 2338 977 2367 Porro
989 2339 1196 2366 novissimorum
1213 2344 1361 2374 temporum
1376 2338 1469 2367 brevia
1480 2342 1601 2376 quaadam
1614 2349 1682 2377 opu-

893 2383 966 2412 scula
981 2384 1116 2417 transtuli,
1140 2384 1267 2419 quoniam
1292 2384 1413 2420 priorum
1434 2389 1584 2421 temporum
1607 2392 1682 2422 gesta

855 2428 877 2458 D
892 2430 1006 2464 priores,
1020 2430 1074 2457 imo
1087 2429 1202 2463 majores
1218 2430 1302 2457 nostri
1313 2430 1517 2463 transferentes,
1533 2440 1582 2460 nos
1598 2433 1624 2459 in
1637 2433 1686 2460 hu-

890 2474 1040 2510 juscemodi
1065 2482 1146 2510 opere
1170 2479 1376 2510 przcvenerunt,
1407 2478 1632 2512 quemadmodum
1659 2478 1698 2506 et’

894 2520 973 2556 longe
1004 2521 1174 2556 praestantius
1203 2521 1440 2550 transcenderunt.
1465 2523 1562 2558 Igitur,
1591 2530 1604 2544 ι
1627 2528 1690 2559 post

895 2567 1144 2604 Chronographiam
1155 2568 1320 2603 tripertitam
1333 2575 1416 2601 quam
1428 2574 1454 2597 te
1466 2571 1590 2600 hortante
1601 2576 1691 2600 trans-

896 2613 1016 2649 tulimus,
1039 2619 1068 2643 et
1088 2614 1140 2641 alia
1155 2615 1279 2648 quaedam
1304 2613 1466 2646 brevissima
1489 2618 1617 2652 opuscula
1632 2624 1701 2653 quas“
