3916 5458
523 487 540 495 “
557 491 662 548 559

1735 487 1770 541 Ᾱ
1783 483 1864 542 Νι
1876 487 2091 542 STASll
2155 487 2691 545 BIBIJOTHECARII
3721 477 3812 542 360

552 605 728 676 pserit
753 604 1102 659 voluntatem.
1133 603 1263 671 Qua:
1287 603 1536 658 videlicet
1558 601 1800 672 apologia
1826 602 1957 656 satis
1978 601 2138 666 hunc,
2171 604 2215 663 Α
2247 601 2436 656 Ιιοιίιηι
2459 583 2935 657 circumstantiam
2971 600 3061 655 tali
3099 600 3492 656 deliberatione
3531 599 3809 657 concludit.

553 709 612 753 ut
650 713 792 763 reor,
823 695 1187 751 excusabilem
1222 694 1415 759 reddit,
1462 693 1589 749 licet
1620 693 1918 748 huicsesta
1950 702 2138 747 sancta

551 791 790 862 synodus
818 789 971 860 quasi
1003 788 1257 842 ltzeretico
1289 789 1581 841 anathema
1614 785 1843 850 dixerit,
1871 793 1924 839 et
1955 785 2006 838 in
2047 783 2138 838 Dei

550 883 716 937 solius
744 882 856 952 jam
884 880 1090 950 judicio
1117 879 1348 949 positum
1393 878 1786 948 reprobationis
1818 876 1923 931 telo
1951 875 2139 931 confo-

548 971 692 1026 derit
721 989 733 1024 :
770 985 892 1024 cum
946 969 1234 1024 haereticus
1271 984 1375 1022 non
1406 983 1468 1020 ex
1500 967 1701 1021 erroris
1743 974 1952 1020 tantum
1978 965 2136 1018 dece-

522 1100 524 1102 τ
548 1063 728 1130 ptione
756 1069 1017 1131 quantum
1040 1075 1106 1114 ex
1132 1061 1396 1116 electione
1419 1074 1522 1114 non
1555 1069 1702 1113 recta
1724 1066 1778 1112 ct
1803 1056 2138 1112 contentiosa

547 1151 842 1222 pertinacia
875 1160 1181 1222 generetur.
1221 1149 1355 1216 Quis
1385 1156 1562 1204 autem
1603 1147 1708 1202 erit
1738 1146 1829 1216 qui
1865 1133 2019 1200 nobis
2055 1145 2138 1199 in-

523 1243 701 1298 terim
733 1242 900 1306 dicat,
931 1252 1110 1295 utrum
1155 1242 1268 1311 ipse
1302 1253 1402 1310 pro
1431 1247 1581 1293 certe
1617 1237 1902 1291 dictaverit
1930 1235 2136 1305 episto-

546 1337 651 1390 lam
682 1337 748 1391 de
769 1351 872 1406 qua
917 1334 1064 1389 illum
1122 1333 1623 1389 auathematizandi
1653 1331 1894 1387 fomitem
1925 1329 2133 1384 calum-

545 1410 780 1481 uiatores
808 1435 1180 1496 susceperunt,
1213 1441 1335 1480 cum
1363 1433 1417 1479 et
1449 1439 1517 1479 ex
1557 1422 1838 1494 scriptoris
1878 1420 1960 1475 vel
1991 1419 2133 1475 indi-

543 1518 943 1588 sciplinatione,
977 1518 1059 1572 vel
1089 1517 1143 1571 in
1181 1515 1492 1587 pontificem
1513 1515 1639 1569 odio
1666 1514 1794 1584 quid
1819 1512 2133 1583 contingere

545 1609 651 1662 ta'le
676 1607 947 1678 poluerit?
971 1605 1231 1673 Quamvis
1262 1621 1368 1659 non
1394 1605 1724 1676 ignoremus,
1755 1603 1983 1673 docente
2002 1615 2132 1656 san-

543 1708 631 1753 cto
675 1699 908 1753 Maximo
955 1699 1006 1752 in
1053 1697 1274 1767 epistola
1307 1713 1403 1753 sua
1448 1712 1609 1766 quam
1657 1695 1866 1750 Marino
1911 1693 2130 1764 scripsit

541 1791 882 1860 presbytero,
934 1789 1336 1843 sanctissimum
1377 1789 1517 1844 hanc
1545 1787 1825 1857 scripsisse
1867 1785 2130 1842 Joannem

541 1880 815 1933 abbatem.
847 1878 996 1943 Esto,
1024 1886 1079 1932 et
1105 1877 1217 1947 ipse
1241 1877 1474 1932 dictator
1500 1878 1728 1932 exstitit.
1763 1876 1894 1943 Quis
1920 1875 2044 1930 hinc
2069 1874 2131 1928 il-

2247 694 2394 761 Hmc,
2448 695 2718 765 inquiens,
2762 702 2811 748 et
2856 693 3160 763 hujusmodi
3189 693 3426 763 exempla
3458 710 3556 747 nos
3583 693 3808 760 edocent,

2241 796 2287 840 et
2323 785 2617 840 testimonia
2647 786 2823 840 divina
2856 783 3190 853 conﬁrmant,
3232 801 3337 838 non
3364 785 3546 837 omnia
3573 785 3761 852 passim
3785 802 3810 837 ιι

2239 894 2544 948 quocunque
2579 878 2742 942 dicta,
2790 876 2869 930 uel
2911 877 3204 946 ubicunque
3239 877 3432 944 scripta
3471 875 3812 944 indiﬁ'erenter

2240 969 2490 1040 accipere,
2523 970 2636 1036 sed,
2667 971 2878 1024 retentis
2923 971 3089 1034 bonis,
3139 987 3256 1041 qua:
3308 979 3531 1025 noceant
3580 970 3810 1039 refutare.

2239 1057 2394 1125 Nam,
2427 1069 2481 1114 et
2522 1061 2662 1115 hanc
2706 1075 2919 1132 quoque
2965 1070 3204 1114 sanctam
3253 1060 3518 1132 synodum
3572 1061 3810 1114 canonica

2238 1145 2482 1219 qumdam
2533 1149 2765 1218 capitula
2813 1149 3213 1220 promulgasse,
3264 1149 3584 1205 Graecorum
3630 1150 3814 1218 scripta

2239 1249 2527 1304 testantur,
2555 1255 2676 1310 quae
2704 1249 2882 1296 tamen
2913 1255 3049 1311 pene
3073 1241 3277 1305 omnia,
3327 1241 3456 1311 quia
3504 1241 3667 1295 sedes
3702 1256 3815 1309 apo-

2236 1329 2424 1384 stolica
2456 1344 2558 1384 non
2588 1329 2922 1400 approbavit,
2953 1338 3060 1384 tota
3075 1328 3337 1384 Latinitas
3369 1329 3701 1401 reprobavit.
3723 1327 3815 1385 Sed

2237 1428 2364 1500 quid
2397 1428 2461 1482 de
2488 1427 2590 1482 hac
2621 1427 2734 1482 sola
2762 1427 3030 1483 dicimus?
3080 1443 3223 1490 cum,
3275 1435 3329 1481 et
3369 1425 3666 1481 secundam
3709 1427 3814 1482 uni-

2236 1520 2499 1575 versalem
2531 1519 2791 1592 synodum
2818 1535 2939 1590 quze
2974 1520 3146 1589 primo
3171 1519 3648 1586 Constantinopoli
3683 1519 3815 1574 cele-

2234 1610 2388 1664 brata
2412 1619 2495 1666 est
2529 1611 2581 1665 in
2611 1626 2772 1666 causa
2799 1612 3066 1682 primatus
3097 1610 3486 1676 Ecclesiarum,
3512 1612 3674 1667 sedes
3701 1626 3814 1682 apo-

2233 1701 2422 1757 stolica
2470 1717 2576 1757 non
2628 1701 2918 1756 admittat:
2947 1701 3100 1770 quin,
3151 1709 3204 1754 et
3249 1715 3442 1756 omnes
3476 1701 3719 1771 synodos
3748 1702 3814 1755 sic

2236 1791 2574 1861 recipiendas
2612 1791 2869 1846 decernat
2911 1801 2970 1845 ut
3014 1791 3511 1846 Chalcedonensem
3561 1793 3814 1862 synodum

2234 1882 2622 1937 admittendam
2661 1881 2774 1938 fore
2817 1883 3106 1953 praulictus
3151 1891 3372 1937 sanctus
3407 1880 3660 1937 Gelasius
3691 1898 3815 1953 papa

539 1969 650 2023 lum
685 1969 1065 2039 interrogavit?
1087 1969 1210 2038 quis
1239 1969 1592 2023 intentionem
1622 1967 1988 2039 investigavit‘.’
2011 1967 2131 2036 quis
2164 1981 2208 2040 Β
2237 1972 2514 2036 describit,
2546 1988 2643 2042 pro
2676 1973 2796 2028 fidei
2849 1973 3055 2028 scilicet
3091 1973 3470 2027 communione
3506 1981 3566 2028 et
3600 1972 3816 2027 veritate

541 2063 686 2118 hunc
715 2062 987 2131 corrigere
1021 2061 1209 2126 voluit,
1233 2069 1289 2116 et
1319 2059 1407 2115 ille
1428 2061 1793 2130 percontanti,
1822 2067 1916 2112 aut
1948 2075 2131 2113 emen-

538 2156 669 2210 dare
691 2156 904 2211 conanti
935 2155 1162 2218 restitit,
1193 2153 1276 2210 vel
1301 2153 1735 2210 contentionibus
1775 2153 2019 2207 serviens
2047 2169 2129 2207 rc-

535 2249 790 2305 sultavit?
825 2249 1130 2304 Praesertim
1163 2263 1286 2303 eum
1318 2247 1371 2301 in
1403 2245 1695 2317 Evangelio
1741 2245 1862 2310 illo,
1906 2261 2014 2315 quo
2044 2243 2126 2298 di-

537 2341 708 2396 citur:
729 2339 1177 2410 Nolitejudicare,
1195 2349 1242 2393 et
1263 2356 1362 2393 non
1378 2329 1754 2410 judicabimini
1774 2335 2125 2408 (Luc.vl,57),

535 2443 592 2486 ct
631 2441 858 2498 caetera,
892 2430 1026 2486 nihil
1065 2431 1209 2486 aliud
1251 2431 1467 2502 praecipi
1517 2429 1726 2498 magnis
1759 2430 1922 2485 etiam
1965 2429 2128 2500 magi-

536 2524 666 2579 stris
691 2523 944 2578 Ecclesize
970 2523 1200 2588 videtur,
1245 2522 1344 2576 nisi
1379 2531 1527 2576 utea
1572 2521 1710 2575 facta
1756 2537 1874 2590 qua:
1905 2521 2125 2575 dubium

529 2623 621 2668 est
643 2630 749 2684 quo
778 2614 959 2668 animo
988 2612 1121 2667 fiant
1160 2613 1210 2667 in
1240 2612 1519 2668 meliorem
1569 2621 1776 2682 partem
1811 2611 2128 2681 interprete-

539 2721 678 2758 mur.
713 2703 851 2759 Saut
873 2705 1070 2774 quippe
1112 2705 1357 2772 quaedam
1382 2703 1527 2758 facta
1557 2702 1732 2758 media
1759 2717 1880 2773 qum
1905 2702 2122 2772 ignora-

537 2813 658 2852 mus
689 2814 797 2868 quo
825 2797 1006 2852 animo
1037 2797 1196 2863 fiant,
1249 2813 1371 2852 cum
1407 2796 1551 2852 bono
1576 2804 1632 2851 et
1663 2795 1803 2850 ntalo
1849 2796 1964 2850 ﬁeri
2010 2809 2126 2864 pos-

533 2892 666 2955 sint,
695 2891 762 2944 de
783 2890 976 2960 quibus
1006 2891 1349 2946 temerarium
1385 2900 1467 2947 est
1501 2890 1772 2961 judicare,
1805 2889 2040 2944 maxime
2067 2898 2124 2942 ut

533 2981 973 3035 condemnemus.
1008 2981 1244 3050 Denique
1271 2981 1378 3035 duo
1408 2989 1551 3041 sunt,
1585 2981 1636 3034 in
1667 2980 1865 3049 quibus
1894 2988 2123 3032 temera-

539 3069 680 3122 rium
707 3069 969 3138 judicium
999 3085 1193 3123 cavere
1231 3069 1520 3133 debemus;
1569 3084 1693 3124 cum
1731 3069 1994 3123 incertum
2042 3075 2125 3121 est

544 3177 643 3229 quo
673 3160 854 3214 animo
877 3161 1168 3230 quidquam
1201 3160 1400 3214 factum
1445 3161 1512 3214 sit
1535 3201 1548 3226 ,
1583 3161 1663 3213 vel
1687 3177 1808 3216 cum
1857 3161 2119 3214 incertum

534 3260 618 3307 cst
647 3251 821 3321 qualis
849 3251 1062 3306 futurus
1107 3252 1175 3306 sit
1202 3252 1291 3322 qui
1327 3267 1467 3306 nunc
1493 3252 1575 3306 vel
1619 3253 1790 3308 malus
1834 3252 1916 3307 vel
1947 3253 2120 3307 bonus

2231 2064 2506 2120 Catholica
2552 2074 2606 2119 et
2651 2064 2978 2136 apostolica,
3019 2081 3118 2136 pro
3163 2080 3267 2134 qua
3316 2065 3459 2120 hanc
3501 2064 3622 2119 fieri
3673 2065 3817 2120 sedes

2231 2158 2526 2228 apostolica
2567 2158 2833 2230 delegavit
2873 2157 3178 2228 factamque
3219 2157 3473 2212 firmavit.
3512 2156 3739 2222 Verum,
3777 2157 3816 2210 si

2229 2249 2410 2304 omnia
2449 2263 2776 2321 exaggerare
2831 2249 3079 2303 volumus
3122 2264 3241 2318 qua:
3287 2248 3340 2302 in
3392 2247 3618 2302 Honorii
3678 2263 3816 2318 βψω

2228 2339 2634 2395 excusationem
2681 2339 2933 2410 colligere
2985 2355 3306 2410 possumus,
3369 2337 3588 2394 facilius
3636 2341 3816 2394 charta

2231 2431 2383 2486 nobis
2412 2446 2571 2501 quam
2613 2446 2797 2488 sermo
2819 2431 3050 2495 deﬁciet,
3093 2440 3150 2486 et
3192 2431 3587 2501 interpretandi
3629 2446 3816 2501 propo-

2228 2521 2388 2576 situm
2441 2520 2508 2575 ad
2557 2519 2869 2577 dictationis
2907 2509 3149 2591 profecto
3198 2529 3472 2575 vertemus
3525 2520 3814 2590 eloquium.

2230 2609 2406 2666 Unum
2454 2619 2632 2666 tamen
2693 2611 2954 2675 dicemus,
3001 2611 3144 2681 quod
3194 2611 3421 2665 reticere
3470 2609 3819 2681 proculdubio

2227 2716 2333 2756 non
2364 2701 2644 2767 debemus,
2687 2701 2812 2773 quia
2865 2702 2990 2757 talis
3025 2710 3107 2757 est
3145 2701 3320 2756 dictus
3345 2699 3622 2755 Honorius
3649 2701 3816 2770 qualis

2227 2799 2309 2846 est
2337 2801 2392 2846 ct
2420 2793 2798 2862 pronuntiatus
2828 2812 2840 2846 :
2876 2793 3024 2862 quod
3055 2793 3098 2846 si
3134 2791 3256 2846 talis
3284 2806 3390 2845 non
3424 2790 3565 2855 fuit,
3614 2793 3707 2847 cui
3753 2793 3818 2847 sit

2226 2881 2447 2951 praeﬁxa
2473 2883 2761 2947 sententia,
2791 2883 3034 2954 profecto
3062 2897 3166 2936 non
3193 2882 3300 2937 erit
3327 2898 3340 2934 :
3382 2882 3645 2951 quoniam
3686 2884 3818 2936 sicut

2227 2973 2487 3041 scriptum
2518 2983 2644 3027 est:
2684 2973 2855 3027 "omo
2889 2973 3020 3028 ridet
3051 2973 3102 3026 in
3138 2971 3304 3041 facie,
3357 2971 3499 3024 Deus
3545 2982 3726 3026 autem
3769 2974 3817 3025 in

2225 3063 2400 3117 corde.

2297 3153 2402 3207 Sed
2442 3169 2595 3218 ecce,
2646 3153 2772 3208 dum
2823 3154 3084 3224 prolixius
3129 3152 3374 3224 praefatio
3414 3153 3487 3206 ad
3538 3163 3591 3208 te
3637 3165 3817 3209 ucstra

2225 3245 2492 3316 dirigitur,
2534 3247 2603 3301 ab
2653 3246 3042 3318 interpretandi
3092 3246 3270 3300 studio
3317 3246 3510 3316 procul
3558 3249 3819 3302 abscessi-

536 3349 777 3413 apparet.
815 3341 1086 3408 Quantum
1134 3354 1313 3396 autem
1363 3343 1709 3397 temerarium
1750 3342 1819 3397 sit
1857 3341 2118 3410 judicium
2148 3343 2192 3406 Ο
2225 3352 2346 3392 mus
2376 3355 2388 3390 :
2421 3339 2712 3394 ostendere
2743 3338 3038 3410 gestientes
3065 3336 3208 3407 quod
3243 3337 3296 3391 in
3333 3337 3656 3408 apostolica:
3683 3340 3822 3394 sedis

537 3434 966 3505 pra-cavendum,
994 3440 1179 3502 aperte
1207 3433 1462 3488 Dominus
1489 3432 1714 3498 indicat,
1745 3433 1835 3503 qui
1866 3433 1931 3488 de
1953 3431 2124 3488 Sodo-

536 3525 685 3579 mitis
716 3541 867 3580 more
897 3533 1080 3579 nostro
1109 3524 1365 3594 loquitur,
1398 3523 1583 3579 dicens
1619 3543 1630 3578 :
1684 3523 2004 3578 Descendam
2029 3565 2042 3588 ,
2074 3533 2122 3576 et

532 3618 712 3672 ridebo
729 3628 904 3671 utrum
921 3616 1199 3670 clamorem
1221 3617 1307 3686 qui
1324 3617 1456 3672 venit
1479 3616 1550 3669 ad
1571 3633 1650 3670 me
1671 3631 1822 3686 opere
1841 3614 2124 3685 complere-

530 3708 659 3772 rint,
691 3724 758 3760 an
786 3716 971 3760 nonest
997 3706 1089 3771 ita,
1117 3716 1171 3758 ut
1196 3706 1356 3760 sciam
1374 3703 1526 3776 (Gen.
1546 3704 1908 3776 xv'ttt,21).lit
1938 3719 2124 3758 rursus

533 3811 632 3865 per
650 3795 885 3866 Moysem
913 3814 924 3848 :
955 3794 1035 3848 Nc
1049 3793 1328 3848 maledicas
1343 3794 1525 3859 surdo,
1553 3794 1646 3856 ait,
1677 3810 1767 3847 nec
1789 3810 1963 3846 eorum
1986 3810 2122 3846 arca

535 3901 698 3954 ponas
743 3883 1116 3954 o/fendiculum
1159 3883 1347 3951 (Leuit.
1399 3899 1510 3948 xix,
1552 3882 1660 3951 li).
1713 3881 1863 3949 Quod
1917 3882 2121 3936 eisdem

537 3993 673 4048 pene
717 3976 896 4032 verbis
948 3975 1240 4047 Apostolus
1293 3963 1475 4029 monet
1527 3991 1540 4027 :
1596 3971 1984 4044 Unusquisque,
2042 3973 2123 4025 iu-

535 4070 746 4141 quieus,
777 4079 1010 4124 nostrum
1031 4085 1125 4138 pro
1146 4084 1200 4122 se
1225 4068 1477 4121 rationem
1501 4067 1674 4121 reddet
1697 4067 1827 4121 Deo.
1856 4064 1978 4120 Non
2001 4081 2122 4135 ergo

537 4161 760 4232 amplius
789 4162 1002 4215 invicem
1014 4159 1336 4231 judicemus,
1359 4160 1451 4214 sed
1472 4160 1568 4214 hoc
1588 4159 1825 4229 judicate
1850 4158 2035 4228 magis,
2061 4173 2123 4210 ne

533 4253 740 4320 ponatis
763 4249 1132 4320 o/fendiculum
1159 4250 1335 4321 fratri,
1365 4250 1440 4305 vel
1463 4250 1771 4304 scandalum
1802 4248 1978 4321 (Rom.
2009 4264 2119 4315 xw,

536 4343 625 4409 12,
654 4343 762 4413 15).
793 4343 924 4410 Quis
945 4350 1125 4397 autem
1145 4343 1315 4414 magis
1341 4343 1536 4398 surdus
1561 4342 1644 4396 vel
1669 4350 1846 4396 mutus
1867 4341 2125 4396 dicendus

531 4437 618 4490 est
638 4451 798 4505 quam
830 4435 875 4489 is
900 4434 1006 4500 cui,
1057 4449 1178 4490 cum
1205 4434 1471 4497 exanimis
1499 4444 1552 4490 et
1578 4433 1875 4488 dissolutus
1895 4431 2043 4501 jacet
2070 4432 2122 4486 in

533 4523 806 4596 sepulcro,
846 4540 943 4580 nec
970 4525 1118 4580 auris
1155 4533 1303 4594 patet
1344 4526 1410 4579 ad
1449 4525 1657 4595 objecta
1689 4524 2000 4580 solemniler
2027 4540 2123 4578 au-

533 4613 806 4680 diendum,
841 4631 942 4670 nec
984 4631 1046 4669 os
1091 4617 1332 4684 aperitur
1376 4615 1441 4669 ad
1472 4617 1680 4685 objecta
1730 4615 2122 4670 rationabiliter

2227 3437 2400 3499 petra,
2437 3437 2697 3499 quantum
2745 3429 2812 3485 ad
2860 3429 3020 3484 fidem
3067 3428 3322 3499 pertinet,
3368 3443 3471 3483 nec
3515 3430 3689 3483 etiam
3731 3445 3822 3500 per

2227 3522 2525 3578 Honorium
2575 3522 2851 3578 inventum
2895 3523 2966 3578 sit
3010 3537 3246 3592 unquam
3296 3525 3596 3592 serpentis,
3649 3523 3701 3577 id
3745 3529 3823 3577 est

2226 3614 2510 3670 virulenta:
2539 3623 2704 3670 secta:
2732 3613 3035 3684 vestigium.
3067 3611 3233 3668 Sume
3259 3613 3422 3683 igitur
3458 3611 3580 3682 jam
3624 3629 3821 3668 meniu-

2228 3715 2400 3760 ratam
2427 3703 2654 3760 Joannis
2679 3721 2828 3776 papa:
2859 3720 2957 3775 pro
2993 3703 3232 3760 Honorio
3267 3703 3594 3774 Apologiam
3625 3725 3638 3758 :
3671 3721 3823 3759 sume

2224 3799 2388 3854 etiam
2438 3807 2493 3853 ct
2540 3813 2638 3869 pro
2686 3799 2874 3854 eodem
2933 3798 3049 3867 ipso
3098 3796 3414 3868 Apologiam
3472 3811 3541 3852 ex
3600 3798 3821 3869 epistola

2225 3891 2440 3946 Maximi
2471 3889 2805 3955 Monachi,et
2830 3906 2888 3946 re
2913 3889 3359 3959 vera-philosophi
3386 3888 3710 3961 Christique
3734 3890 3823 3943 Dei

2226 3983 2397 4038 nostri
2430 3985 2709 4054 martyris,
2761 3981 2923 4037 missa
2954 3981 3161 4035 Marino
3190 3980 3532 4051 presbytero.
3583 3981 3825 4036 diﬂlora-

2227 4085 2358 4129 tam.
2393 4073 2511 4145 Ipse
2535 4075 2734 4145 quippe
2760 4073 3109 4128 beatissimus
3136 4071 3402 4128 Maximus
3421 4112 3438 4136 ,
3491 4089 3604 4129 non
3651 4074 3825 4129 solum

2229 4167 2278 4220 in
2309 4165 2418 4234 jam
2447 4164 2610 4228 dicta,
2639 4163 2732 4220 sed
2760 4173 2814 4218 et
2846 4164 2898 4218 in
2930 4179 2994 4218 ea
3019 4179 3181 4235 quam
3216 4163 3436 4234 scripsit
3467 4164 3535 4218 ad
3567 4166 3828 4220 abbatem

2228 4256 2566 4312 Thalassium
2602 4255 2852 4326 epistola,
2889 4253 3002 4323 jam
3046 4257 3383 4310 nominatum
3425 4255 3676 4332 defendit
3721 4255 3828 4310 Ho-

2227 4349 2460 4414 norium,
2515 4363 2702 4404 verum
2751 4351 2944 4414 etiam,
2990 4349 3042 4403 in
3087 4348 3312 4419 epistola
3360 4363 3461 4403 sua
3513 4348 3828 4420 dogmatica

2227 4457 2386 4512 quam
2426 4441 2493 4496 ad
2527 4440 2744 4496 Petrum
2786 4440 3005 4511 scripsit
3033 4439 3326 4503 illustrem,
3366 4454 3633 4510 maguum
3681 4441 3826 4494 hunc

2225 4541 2280 4585 et
2311 4531 2549 4586 divinum
2581 4531 2831 4600 appellat.
2867 4529 2942 4585 Ex
2980 4545 3086 4598 qua
3126 4529 3337 4584 scilicet
3371 4529 3612 4597 epistola
3641 4530 3712 4584 de
3739 4544 3831 4584 eo-

2225 4623 2346 4677 dem
2396 4637 2532 4693 papa
2577 4621 2840 4685 llonorio,
2878 4630 2934 4676 et
2983 4619 3480 4690 Hierosolymitano
3515 4620 3834 4691 SOpbrouio

534 4708 928 4764 refellendum?
964 4706 1162 4761 Verum
1189 4707 1253 4760 de
1281 4705 1584 4775 bujusmodi
1607 4706 1825 4775 judiciis
1851 4706 2121 4762 sulliciunt
2151 4699 2196 4756 ῐ)
2225 4714 2290 4768 de
2317 4729 2422 4783 quo
2451 4714 2502 4768 in
2534 4713 2809 4768 translatis
2840 4729 2870 4766 a
2898 4711 3052 4766 nobis
3079 4711 3295 4780 scriptis
3321 4726 3466 4779 saepe
3499 4713 3829 4767 meritoriam

533 4815 652 4868 quLe
665 4797 988 4853 venerabilis
1009 4795 1327 4850 Anastasius
1341 4795 1649 4866 apostolica:
1671 4797 1826 4852 Sedis
1840 4796 2034 4866 praesul
2052 4797 2118 4850 ad

531 4890 879 4945 Anastasium
905 4889 1285 4958 imperatorem
1321 4888 1587 4953 scribens,
1629 4904 1799 4944 sacrae
1827 4888 2121 4959 Scriptum

534 4979 874 5034 auctoritatis
903 4977 1140 5048 pondere
1175 4978 1395 5048 gravida
1423 4978 1599 5033 docet.
1630 4978 1736 5034 Sed
1763 4995 1830 5034 ne
1847 4980 2122 5034 videamur

536 5076 645 5120 tam
690 5077 930 5122 sanctam
987 5077 1202 5138 tamque
1249 5069 1596 5122 reveremlam
1647 5071 1908 5140 synodum
1959 5087 2119 5124 accu-

536 5147 675 5212 sare-
710 5158 790 5200 ισρὶ
827 5168 1026 5198 ιριιιη--ι-
1216 5161 1230 5173 ·
1343 5160 1362 5172 ’·
1526 5160 1558 5170 ··
1783 5162 1886 5192 τιδῆ
1934 5165 2120 5214 “nina-

2229 4805 2474 4871 fecimus,
2519 4815 2681 4876 atque
2716 4806 2782 4861 de
2824 4805 3033 4878 Pyrrho
3071 4803 3684 4875 Constantinopolitano
3721 4807 3834 4861 lue-

2229 4900 2398 4956 rctico
2424 4900 2761 4962 Patriarcha,
2783 4897 3059 4954 delllorata
3084 4896 3328 4968 quaedam
3361 4905 3530 4966 atque
3557 4897 3832 4954 tnnslata

2227 5008 2293 5048 en
2335 4993 2428 5047 tibi
2469 4991 2762 5046 afferimus.
2810 4990 3076 5060 Praeterea
3125 4991 3469 5060 interpretati
3517 5007 3720 5046 sumus
3765 5006 3831 5044 ex

2229 5085 2448 5155 epistola
2481 5084 2719 5154 ejusdem
2750 5083 2922 5137 sancti
2955 5081 3173 5136 Maximi
3211 5081 3277 5137 ad
3311 5080 3586 5137 Marinum
3617 5084 3832 5152 scripta

2228 5176 2602 5226 nmshvtcrum
2629 5173 3092 5228 circumstantiam
3125 5173 3192 5226 de
3219 5171 3458 5226 Snirillls
3485 5173 3672 5228 sancti
3701 5189 3834 5230 nro-
