3916 5674
120 433 243 497 εει

707 436 1228 494 COLLECTANEA.
1264 470 1333 479 —-
1369 439 1653 499 JOANNIS
1689 443 1796 501 PP.
1839 446 2182 505 APOLOGIA
2225 450 2359 509 l‘llO
2397 451 2700 510 llONUlllO
2740 445 2842 509 PP.

3292 454 3433 512 562?

118 530 426 643 secundum
474 546 732 643 quiddam
774 548 1070 643 procedere
1117 561 1171 606 et
1215 548 1512 609 secundum
1561 554 1719 625 quid-
1747 563 1796 623 Α
1826 544 2043 631 pectore
2087 569 2497 638 resumpsisset,
2555 570 2696 627 sicut
2738 570 3021 642 epistolam
3061 572 3204 627 beati
3246 578 3435 643 papa:

118 638 251 691 dam
290 650 404 690 non
450 634 744 707 procedere
778 633 1066 710 'Spiritum
1119 651 1367 698 sanctum
1422 658 1487 700 ex
1534 644 1714 701 Filio:

115 724 502 781 difﬁcultatem
554 730 891 799 exprimendi
951 733 1019 788 de
1091 732 1315 789 alterius
1372 735 1425 790 in
1494 734 1718 795 alterius

125 817 331 887 lingua:
368 818 766 888 proprietatem
805 823 1138 893 signiﬁcans.
1192 823 1471 897 Siquidem
1523 836 1579 884 et
1620 830 1716 884 hu-

110 906 361 975 jusmodi
428 910 520 979 pia
568 910 1017 980 interpretatione
1067 928 1290 975 sanctus
1317 920 1445 975 olim
1476 921 1715 978 Athana-

110 997 233 1052 sius
279 999 585 1055 orientales
626 1012 681 1056 et
727 1005 1091 1062 occidentales
1138 1024 1304 1080 super
1351 1011 1715 1069 subsistentia:

110 1090 199 1144 vel
227 1106 486 1161 persona!
511 1096 729 1151 nomine
762 1098 1087 1158 dissidentes
1129 1104 1320 1168 ttnivit,
1373 1105 1500 1160 dum
1548 1122 1710 1160 unttm

111 1179 371 1262 idemque
403 1194 667 1257 utrosque
693 1190 855 1245 corde
882 1193 1128 1258 credere,
1169 1211 1442 1266 sensuque
1480 1197 1715 1254 retinere

110 1274 441 1339 perdocuit:
479 1276 608 1332 licet
644 1280 714 1335 ob
754 1280 951 1353 linguae
989 1284 1311 1341 varietatem
1352 1288 1513 1344 aliter
1552 1298 1714 1360 atque

108 1362 273 1419 aliter
293 1381 392 1423 ore
418 1367 825 1436 conﬁterentur,
851 1382 910 1429 et
932 1374 1255 1447 importunis
1278 1381 1715 1437 contentionibus

107 1456 476 1516 deservirem.
519 1462 918 1521 Transtulimns
945 1468 1111 1524 etiam
1152 1471 1417 1542 quasdam
1450 1471 1710 1543 epistolas

106 1546 385 1607 Theodori
435 1568 591 1626 papae
634 1559 966 1618 successoris
993 1562 1238 1630 prmdicti
1270 1578 1426 1635 papae
1460 1563 1708 1634 Joannis,

97 1637 259 1705 juxta
291 1643 437 1711 quod
468 1646 608 1700 ordo
635 1646 911 1717 poscebat,
941 1651 1172 1723 scriptas
1216 1653 1283 1709 ad
1325 1653 1552 1709 Paulum
1582 1671 1709 1710 suc-

103 1740 388 1784 cessorem
439 1730 670 1803 Pyrrhi,
722 1746 779 1816 et
824 1729 1238 1798 consecratores
1285 1741 1425 1815 ejus,
1477 1760 1707 1816 quorum

104 1819 322 1876 scilicet
361 1822 594 1883 Joannis
623 1844 688 1883 ac
716 1814 1005 1896 Theodori,
1032 1835 1355 1892 exinriorum
1396 1814 1540 1896 sedis
1583 1855 1709 1912 apo-

1820 653 2016 711 Felicis
2061 654 2116 711 itt
2164 657 2383 714 Petrum
2431 661 2757 716 sententiam
2797 661 3163 731 proferentem
3206 663 3399 719 Antio-

1818 749 2070 805 ebenum.
2102 747 2356 816 Quinimo
2411 753 2551 807 sicut
2587 760 2644 808 et
2684 754 2857 823 ipsum
2904 770 3118 825 quoque
3148 753 3401 809 Clemen-

1819 852 1947 909 tem,
1975 859 2135 914 quem
2178 844 2405 901 llullnus
2441 856 2641 902 nostra:
2676 847 2870 917 lingua:
2908 847 3198 912 redditum,
3240 847 3399 901 resti-

1818 946 1993 992 tutum
2014 947 2065 993 et
2090 938 2402 994 redeuntem
2431 941 2497 994 ad
2525 938 2888 994 Gaudentium
2915 939 3161 995 scribens
3183 939 3354 994 innuit
3379 956 3397 993 :

1815 1035 1870 1081 et
1905 1027 2047 1096 quod
2086 1028 2277 1083 Latine
2303 1029 2540 1100 scriptus
2583 1029 2749 1085 fuerit
2790 1040 2848 1085 et
2896 1031 3150 1094 amissus,
3182 1045 3398 1085 rursus-

1814 1138 1921 1193 que
1970 1130 2247 1193 receptus,
2307 1123 2585 1193 signanter
2604 1124 2859 1179 ostendit.
2904 1123 3159 1192 Excerpsi
3203 1123 3398 1177 nihilo-

1815 1213 2015 1277 minus,
2044 1223 2100 1269 et
2127 1212 2221 1268 tibi
2246 1228 2374 1269 ecce
2425 1213 2740 1269 translatam
2768 1221 3059 1283 praesente,
3094 1212 3392 1283 quamdam

1816 1307 2145 1362 narrationis
2173 1306 2640 1362 circumstantiam
2668 1322 2733 1361 ex
2762 1306 2991 1376 epistola
3020 1306 3194 1362 sancti
3220 1305 3395 1361 Maxi-

1814 1397 1886 1451 mi
1935 1397 2001 1452 ad
2046 1397 2390 1453 Thalassium
2418 1398 2619 1468 scripta
2665 1397 2936 1463 abbatem,
2975 1397 3104 1468 quid
3140 1396 3401 1450 Constan-

1815 1489 2034 1561 tinopoli
2081 1490 2243 1562 legati
2287 1489 2518 1547 Romani
2565 1490 2851 1562 gesserint,
2893 1491 3066 1560 gratia
3108 1489 3397 1545 incitandm

1811 1579 2132 1637 constantiae
2162 1581 2218 1637 in
2256 1597 2421 1649 causa
2467 1581 2717 1637 maxima:
2762 1582 2982 1651 pietatis
3023 1580 3090 1636 ad
3140 1580 3398 1651 redarguv

1812 1671 2012 1726 tionem
2060 1670 2560 1741 pusillanimorum,
2607 1680 2664 1727 et
2710 1671 3063 1742 agnoscenda;
3107 1669 3395 1742 potestatis

1810 1762 2120 1832 apostolicae
2149 1763 2315 1830 sedis,
2347 1772 2538 1820 contra
2567 1779 2661 1820 eos
2688 1763 2779 1833 qui
2824 1763 2893 1817 ab
2938 1762 3052 1834 ipsa
3100 1762 3229 1833 quid
3281 1760 3396 1817 vio—

1809 1851 1984 1909 lenter
2006 1860 2334 1923 extorquere
2363 1854 2625 1910 nituntur.
2671 1853 2842 1909 Porro
2878 1868 3010 1910 ecce
3042 1851 3404 1910 nihilominus

102 1916 316 2015 staliue
343 1921 664 2015 praesulem,
703 1926 873 2000 stylus
896 1930 1247 1999 epistularum
1276 1932 1468 1989 Latina
1501 1935 1709 1991 redolet
1738 1935 1781 1994 Β
1809 1941 2040 1997 exhibeo
2079 1916 2257 1998 exsilii
2302 1951 2451 2015 gesta
2497 1943 2671 1999 sancti
2715 1957 2868 2014 papae
2889 1941 3128 2008 Martini,
3160 1956 3281 2011 quae
3325 1940 3425 1996 ad'

100 2007 422 2080 eloquentia
451 2030 469 2069 :
493 2029 562 2071 ex
588 2017 913 2090 quoliquido
940 2032 1176 2091 constat,
1206 2041 1313 2081 non
1342 2025 1529 2084 Caice
1562 2028 1699 2096 illas,

100 2096 196 2151 sed
247 2097 449 2157 Latine
491 2102 660 2178 fuisse
702 2109 952 2166 dictatas.
994 2110 1147 2171 Unde
1192 2117 1489 2173 notandum
1534 2120 1699 2190 quod,

102 2193 373 2250 nonnulla
425 2212 548 2267 qua:
571 2198 765 2257 Latine
789 2202 1001 2261 fuerunt
1032 2208 1200 2275 edita,
1227 2209 1496 2268 Latinitas
1525 2208 1705 2267 fundi-

102 2290 188 2337 tus
218 2285 374 2341 mole
400 2288 694 2349 oblivionis
718 2294 913 2352 obruta
942 2298 1298 2369 deplorasset,
1334 2303 1434 2358 nisi
1465 2319 1530 2359 ex
1557 2302 1702 2360 Gras-

98 2387 297 2429 eornm
344 2390 472 2446 post
517 2378 666 2438 fonte
722 2383 981 2443 librorum
1023 2389 1140 2446 hzec
1184 2391 1378 2449 hausta
1427 2394 1700 2450 sitibundo

1809 2032 2035 2102 petitum
2061 2032 2385 2090 venerabilis
2414 2032 2630 2089 Martini
2658 2034 2898 2106 episcopi
2929 2032 3249 2089 Narniensis
3278 2032 3395 2087 edi-

1808 2122 1993 2178 deram
2027 2141 2040 2178 :
2070 2139 2178 2179 una
2202 2139 2326 2180 cum
2365 2122 2784 2195 Hypomnestico
2810 2123 3123 2179 declarante
3155 2121 3396 2177 breviter

1805 2221 1956 2281 gesta
2000 2221 2314 2269 sanctorum
2356 2211 2578 2269 Maximi
2628 2209 2963 2284 Philosophi,
3011 2221 3067 2268 et
3110 2211 3395 2280 utriusque

1805 2302 2116 2369 Anastasii,
2168 2317 2377 2360 necnon
2423 2311 2479 2358 et
2525 2302 2827 2367 Theodori,
2885 2318 2949 2360 ac
3005 2300 3290 2374 Euprepii,
3337 2307 3395 2355 et

1804 2392 2061 2448 aliorum.

106 2531 3377 2578 Mm

850 2701 883 2744 ³
939 2705 1536 2826 JOANNIS
1620 2712 2019 2827 PAP/E
2105 2711 2651 2829 ROMANI

1042 2924 1153 2987 AD
1196 2926 1819 2993 CONSTANTINUM
1862 2930 2452 2997 IMPERATOREM

1466 3110 1685 3153 ιτιιιυιι
1727 3111 2027 3154 HEIACLII

465 3204 1283 3408 .APOLOGIA
1377 3281 1682 3409 PRO
1776 3252 2482 3412 HONOBIO
2576 3281 2980 3423 PAPA

174 3513 461 3595 Propter
496 3532 683 3576 unam
715 3515 784 3575 in
812 3513 1064 3577 Christo
1097 3512 1500 3587 voluntatem,
1549 3512 1733 3593 cujus
1768 3512 1947 3576 aiunt
1979 3534 2113 3575 eum
2149 3514 2636 3578 calumniatores
2666 3518 3034 3579 mentionem
3063 3521 3301 3601 fecisse.

162 3791 459 3856 Dominus,
504 3789 595 3859 qui
641 3786 781 3843 dixit
823 3786 891 3842 de
939 3786 1178 3843 tenebris
1225 3786 1398 3842 lucem
1443 3787 1693 3857 splende-
1722 3792 1768 3854 (ζ
1800 3788 1981 3858 gnitas
2006 3804 2227 3844 causam
2260 3795 2429 3845 totam
2458 3790 2534 3845 rei
2563 3790 2772 3848 discere
2805 3794 2997 3864 possit,
3024 3792 3384 3854 subtilissima

91 3895 270 3945 scere,
316 3879 409 3949 qui
446 3873 665 3948 eripuit
692 3891 795 3932 nos
834 3876 902 3931 de
942 3884 1211 3947 potestate
1252 3875 1598 3931 tenebrarum
1639 3876 1691 3930 in

90 3967 420 4023 adirabile
450 3966 633 4022 lumen
662 3981 843 4031 suum,
878 3964 1061 4022 lumen
1096 3964 1363 4030 veritatis,
1400 3972 1454 4020 et
1490 3964 1695 4020 veritas

89 4059 358 4122 luminis,
408 4058 467 4113 in
510 4073 623 4129 quo
666 4056 995 4132 complacuit
1042 4071 1260 4113 omnem
1302 4054 1691 4126 plenitudinem

91 4150 404 4215 divinitatis
426 4149 707 4214 habitare,
732 4158 788 4205 et
810 4164 909 4221 per
936 4164 1059 4206 eum
1098 4147 1455 4207 reconciliare
1486 4147 1697 4213 omnia,

90 4244 145 4295 in
192 4241 320 4312 ipso
360 4238 660 4309 paciﬁcans
692 4252 792 4309 per
824 4239 1145 4311 sanguinem
1183 4237 1361 4294 crucis
1398 4235 1538 4305 ejus,
1577 4237 1693 4293 sive

90 4346 217 4401 qua:
245 4330 308 4385 in
339 4329 498 4385 cmlis
520 4337 671 4396 sunt,
704 4329 821 4385 sive
844 4345 965 4401 quae
986 4330 1041 4386 in
1071 4329 1231 4384 terris
1256 4325 1479 4398 (Coloss.
1505 4344 1548 4395 ι,
1575 4326 1690 4402 20),

90 4433 324 4495 propter
348 4425 682 4481 eminentem
719 4423 1148 4501 magnitudinem
1184 4422 1494 4501 divitiarum
1538 4423 1692 4478 boni-

90 4516 225 4571 tatis
246 4531 364 4571 suze
392 4516 446 4571 in
472 4514 675 4577 {aciem
697 4516 953 4579 Ecclesiae
977 4532 1088 4572 sua:
1109 4500 1431 4587 respiciens,
1447 4523 1690 4571 vestram

88 4609 489 4680 praecognitam
522 4609 626 4664 sibi
654 4617 709 4663 et
736 4608 1175 4678 prmdestinatam
1204 4607 1595 4679 benignitatem
1624 4605 1691 4661 ad

90 4696 218 4754 ﬁdei
254 4700 405 4767 nunc
436 4699 804 4769 integritatem
832 4713 1028 4755 vocare
1059 4699 1311 4770 dignatus
1342 4704 1464 4753 est:
1498 4695 1571 4751 ita
1608 4703 1689 4757 ut,

87 4792 241 4847 omni
285 4790 467 4847 fallaci
498 4791 735 4863 caligine
764 4791 952 4862 procul
982 4801 1183 4859 amota,
1224 4805 1324 4862 per
1365 4804 1464 4845 vos
1506 4786 1692 4844 victri-

88 4901 210 4940 cem
242 4883 419 4941 faciat
464 4886 784 4943 veritatem.
830 4885 1107 4953 Quantum
1152 4884 1296 4941 enim
1344 4898 1411 4939 ex
1461 4882 1691 4939 diversis

89 4982 539 5051 suggestionihtts
591 4995 716 5051 qua:
761 4981 829 5037 ad
874 4995 974 5035 nos
1018 4978 1339 5036 catervatim
1383 4983 1687 5040 venerunt,

88 5070 343 5139 quinimo
368 5078 427 5125 et
449 5085 517 5125 ex
548 5070 677 5140 ipso.
692 5083 908 5139 quoque
936 5069 1121 5124 auditu
1163 5067 1471 5130 didicimus,
1498 5079 1691 5122 omnes

90 5135 464 5218 occidentales
500 5135 685 5234 partes
712 5135 1115 5218 iscatndalizata:
1158 5160 1467 5229 turbantur,
1515 5160 1685 5216 fratre
1714 5135 1762 5194 D

91 5264 284 5311 nostro
313 5256 526 5328 Pyrrho
550 5256 892 5328 patriarcha,
930 5272 1027 5331 per
1064 5256 1277 5315 litteras
1305 5271 1434 5312 suas
1466 5255 1578 5314 huc
1613 5263 1691 5312 at-

89 5361 197 5414 que
222 5340 354 5400 illuc
380 5348 751 5411 transtnissas,
781 5361 917 5417 nova
946 5347 1191 5417 quaedam
1219 5354 1276 5401 et
1301 5356 1502 5416 prteter
1531 5361 1693 5416 regu-

89 5434 201 5489 lam
236 5434 365 5489 ﬁdei
396 5435 755 5505 prtedicante,
775 5444 828 5490 et
858 5436 925 5491 ad
953 5435 1229 5506 proprium
1270 5449 1490 5491 sensum
1527 5434 1687 5510 quasi

89 5533 303 5580 sancte
329 5527 601 5581 memoria:
632 5519 933 5585 Honorium
958 5542 1165 5598 papam
1209 5526 1549 5586 decessorem
1591 5545 1688 5585 no-

86 5622 268 5667 strum
314 5614 541 5660 ιιι-μοί
630 5614 656 5628 ⁸
741 5615 752 5622 “
1524 5622 1535 5626 ’

1796 3880 2047 3947 veritate,
2080 3895 2201 3951 quae
2233 3891 2361 3938 ante
2396 3882 2581 3938 brevis
2623 3884 3084 3957 intercapedinem
3124 3889 3384 3960 temporis

1776 3966 1946 4045 gesta
1976 3982 2121 4041 sunt,
2151 3974 2445 4031 enarrabo.

1869 4063 2093 4137 Sergius
2127 4067 2439 4122 reverenda:
2469 4067 2745 4123 memoriae
2780 4058 3091 4138 patriarcha
3127 4062 3385 4140 praedicto

1796 4166 2000 4212 sancta:
2037 4157 2433 4214 recordationis
2470 4158 2733 4214 Romana:
2761 4161 2912 4217 urbis
2940 4161 3182 4231 pontiﬁci
3225 4162 3386 4232 signi-

1796 4248 1999 4317 ﬁcavit,
2038 4250 2181 4320 quod
2216 4250 2436 4320 quidam
2465 4251 2518 4305 in
2545 4249 2911 4321 Redemptore
2939 4260 3126 4308 nostro
3153 4253 3383 4310 Domino

1795 4335 1922 4395 Jesu
1957 4337 2178 4395 Christo
2223 4337 2357 4394 duas
2400 4338 2709 4394 contrarias
2747 4339 2993 4395 dicerent
3022 4339 3332 4396 voluntates
3363 4360 3380 4396 :

1794 4445 1903 4499 quo
1934 4429 2190 4501 praefatus
2220 4445 2357 4501 papa
2385 4432 2665 4499 comperto
2697 4430 2983 4500 rescripsit
3005 4431 3076 4497 ei,
3113 4431 3237 4500 quia
3260 4428 3383 4487 Sal-

1794 4500 1951 4573 vator
1995 4500 2217 4583 noster,
2256 4518 2395 4573 sicut
2441 4525 2587 4572 esset
2637 4517 2957 4573 monadicus
3000 4535 3161 4585 unus,
3210 4519 3284 4575 ita
3324 4530 3383 4575 et

1794 4605 1949 4660 valde
1986 4604 2310 4660 mirabiliter
2344 4620 2510 4676 super
2532 4620 2695 4662 omne
2725 4621 2896 4678 genus
2935 4608 3216 4665 hominum
3251 4624 3383 4666 con-

1793 4705 1984 4766 ceptus
2012 4706 2065 4752 et
2098 4705 2259 4752 natus
2286 4705 2451 4753 esset.
2489 4696 2571 4753 Ex
2602 4706 2796 4754 sancta
2834 4714 3051 4771 quoque
3094 4700 3263 4772 ipsius
3305 4701 3383 4756 in-

1793 4798 2018 4846 carnata
2048 4788 2452 4858 dispensatione
2480 4788 2730 4854 docebat,
2760 4789 2889 4861 quia
2927 4790 3261 4863 Redemptor
3293 4807 3385 4847 no-

1792 4888 1924 4945 ster,
1955 4881 2099 4937 sicut
2122 4890 2269 4937 esset
2293 4880 2435 4936 Deus
2462 4882 2768 4953 perfectus,
2813 4881 2890 4938 ita
2939 4892 3081 4941 esset
3125 4890 3182 4937 et
3218 4883 3384 4939 homo

1791 4971 2065 5042 perfectus
2092 4992 2106 5029 :
2138 4982 2220 5041 ut,
2265 4988 2428 5046 quam
2476 4979 2693 5049 primus
2729 4973 2896 5031 homo
2935 4992 3034 5049 per
3068 4974 3388 5046 pravarica-

1794 5062 1996 5119 tionem
2047 5063 2253 5129 amisit,
2307 5063 2428 5119 sine
2484 5069 2671 5137 aliquo
2716 5074 2946 5133 peccato
2991 5073 3153 5122 natus
3202 5061 3393 5134 primae

1791 5151 2044 5223 imaginis
2089 5151 2323 5209 nobilem
2369 5151 2650 5230 originem
2700 5164 3011 5211 renovaret.
3059 5151 3227 5208 Natus
3263 5162 3399 5217 ergo

1792 5247 1877 5295 est
1923 5244 2199 5303 secundus
2238 5242 2408 5297 Adam
2471 5248 2689 5308 nullum
2735 5238 2950 5301 habens
2994 5239 3264 5301 nascendo
3312 5237 3404 5291 Vel

1791 5350 1915 5390 cum
1950 5338 2263 5396 hominibus
2286 5332 2460 5391 conve
2471 5336 2680 5400 rsando
2703 5344 2985 5401 peccatum
3013 5378 3029 5405 ,
3054 5332 3250 5414 etenim
3272 5328 3405 5382 Ver-

1772 5416 1918 5483 bum
1976 5445 2111 5489 caro
2157 5427 2355 5484 factum
2410 5427 2474 5486 in
2543 5423 2902 5490 similitudine
2963 5418 3141 5486 carnis
3194 5418 3401 5494 peccati

1788 5517 1979 5574 omnia
2006 5527 2199 5576 nostra
2221 5514 2505 5590 suscepit,
2535 5516 2740 5579 nullum
2778 5526 2972 5576 reatus
3002 5516 3191 5573 vitium
3227 5508 3409 5562 ferens

1797 5621 1857 5634 Α-
1895 5614 2127 5644 ..ιλι1.ιηη
2155 5604 2647 5658 ηι-ηυανῖηςιιδηηςα
2671 5615 2928 5650 ρτηνιιηιι
2988 5597 3405 5642 αἶυηζιειηδῖιηιηὶ
