3916 5454
549 527 659 588 563

1691 517 2054 575 ANAS'I‘ASII
2094 509 2637 572 BIBLIOTHECABII
3687 492 3765 550 Et}!

550 641 767 700 Etenim
807 653 1031 695 carnem
1071 638 1335 694 Dominus
1380 649 1566 692 veram
1605 633 1849 702 suscepit
1892 647 1958 687 ex
2007 631 2140 685 inte-
2169 635 2216 691 Α
2244 626 2360 680 vitii
2413 623 2579 679 traxit
2627 637 2695 676 ex
2750 614 3196 690 prmvaricati‘onc
3239 611 3400 685 primi
3450 607 3680 702 hominis.
3723 607 3765 660 lu

545 740 758 789 saerata
797 739 853 787 et
890 731 1054 786 beata
1082 729 1294 800 virgine
1332 726 1427 782 Dei
1457 726 1742 798 genitrice,
1781 724 2135 780 consubstan-

546 822 698 880 tialis
724 820 882 878 nobis
907 819 1156 877 effectus.
1183 821 1327 892 Ergo
1354 818 1766 875 similitudinem
1793 817 1977 872 carnis
2004 831 2132 886 pec-

546 916 654 971 cati
699 923 921 970 sanctus
963 914 1096 970 dicit
1135 913 1447 985 Apostolus,
1495 927 1658 984 quam
1705 909 1934 966 similem
1981 906 2138 963 nobis

546 1006 928 1079 peccatoribus
962 1006 1080 1070 sine
1110 1016 1334 1080 peccato
1364 1019 1486 1060 cum
1524 1005 1702 1058 anima
1730 1001 1978 1057 rationali
2014 1014 2138 1054 sus-

549 1099 738 1171 cepit;
768 1108 825 1153 et
867 1097 1071 1154 idcirco
1110 1111 1271 1152 unam
1319 1095 1651 1154 voluntatem
1691 1091 1984 1149 secundum
2027 1089 2142 1160 pri-

548 1203 694 1244 mam
721 1187 1101 1244 l'ormationem
1143 1186 1274 1241 Ada:
1318 1185 1615 1242 naturalem
1647 1181 2001 1240 humanitatis
2030 1195 2140 1235 sua:

550 1278 811 1334 Dominus
839 1288 1026 1334 noster
1047 1276 1206 1335 Jesus
1230 1277 1482 1334 Christus
1509 1275 1710 1331 habere
1737 1275 1989 1344 dignatus
2014 1281 2097 1328 est
2123 1289 2136 1325 :

553 1385 660 1426 non
691 1370 827 1426 duas
866 1369 1186 1434 contrarias,
1220 1367 1673 1440 quemadmodum
1723 1381 1866 1420 nunc
1909 1378 2007 1419 nos
2043 1363 2142 1418 ha-

549 1463 682 1518 bere
704 1461 1089 1531 dignoscimur,
1120 1460 1213 1530 qui
1243 1459 1308 1514 de
1329 1467 1552 1528 peccato
1578 1471 1766 1512 sumus
1789 1455 1917 1510 Adre
1937 1453 2139 1525 geniti:

551 1553 810 1624 quoniam
832 1593 846 1617 ,
879 1551 1245 1623 corruptibilis
1282 1566 1379 1621 per
1408 1547 1897 1622 transgressionem
1936 1546 2143 1617 primus

552 1643 719 1700 horno
747 1641 988 1707 etractus,
1025 1650 1082 1698 et
1110 1641 1356 1697 Creatori
1408 1655 1507 1697 suo
1555 1638 1713 1695 subdi
1764 1647 2142 1701 contemnens,

549 1738 723 1794 sensit
750 1751 992 1802 carnem,
1019 1750 1140 1807 qua:
1166 1737 1317 1806 prius
1358 1743 1477 1792 erat
1520 1734 1622 1791 sibi
1668 1730 1930 1802 subjecta.
1977 1728 2142 1785 nihil-

550 1829 775 1885 ominus
799 1840 1210 1900 repugnantem,
1259 1835 1313 1882 et
1357 1835 1583 1896 peccato
1629 1841 1727 1881 suo
1768 1835 1938 1881 totum
1977 1837 2146 1893 genus

551 1921 850 1977 humanum
902 1921 1031 1976 fecit
1077 1920 1402 1984 obnoxium,
1448 1920 1588 1975 sicut
1631 1917 1765 1972 dicit
1811 1914 2140 1987 Apostolus:

552 2009 812 2083 Regnavit
842 2027 982 2066 mors
1008 2011 1074 2064 ab
1102 2010 1270 2065 Adam
1301 2026 1462 2081 usque
1493 2009 1562 2062 ad
1593 2005 1826 2078 Moysen:
1845 2046 1860 2071 ,
1902 2006 2060 2060 etiam
2089 2003 2145 2057 in
2174 1991 2220 2051 Β

553 2119 643 2158 eos
668 2106 760 2173 qui
794 2119 897 2158 non
932 2113 1268 2174 peccaverunt
1307 2103 1363 2156 in
1397 2101 1798 2156 similitudinem
1832 2097 2148 2170 prwvarica-

553 2195 712 2250 tionis
738 2194 868 2249 Ade:
897 2194 1075 2266 (Rom.
1101 2212 1157 2260 v,
1187 2195 1298 2265 id).
1331 2192 1694 2264 Quapropter,
1729 2201 1785 2247 et
1811 2207 1916 2247 nos.
1933 2191 2026 2262 qui
2052 2205 2149 2261 per

551 2287 1062 2358 prmvaricationem
1108 2295 1162 2342 et
1205 2294 1486 2356 peccatum
1520 2283 1664 2339 illius
1692 2284 1990 2350 nascimur,
2017 2283 2149 2338 duas

555 2380 862 2435 contrarias
891 2379 1091 2435 habere
1119 2378 1424 2434 voluntates
1455 2376 1822 2448 diguoscimur
1848 2395 1860 2430 :
1894 2377 2026 2432 duas
2054 2391 2150 2431 au-

557 2478 666 2524 lem
714 2469 873 2536 dico,
926 2470 1123 2525 mentis
1171 2478 1226 2524 et
1271 2466 1450 2523 carnis
1499 2465 1731 2522 invicem
1779 2467 2148 2532 reluctantes,

557 2561 704 2616 sicut
737 2561 876 2617 idem
911 2561 1104 2616 beatus
1141 2561 1299 2616 docet
1343 2558 1632 2632 Apostolus
1673 2577 1685 2612 :
1731 2558 1870 2614 Caro
1905 2559 2152 2630 concupi-

554 2652 653 2706 scit
692 2651 942 2707 adversus
978 2652 1252 2723 spiritum,
1296 2660 1343 2704 et
1380 2652 1593 2723 spiritus
1630 2651 1879 2704 adversus
1913 2665 2147 2704 carnem.

561 2741 696 2797 Htec
735 2752 910 2797 autem
949 2743 1168 2797 inuicem
1208 2742 1573 2806 adversantur,
1614 2750 1669 2794 ut
1700 2757 1803 2795 non
1829 2756 2150 2811 quwcunque

560 2836 738 2902 uultis,
771 2836 866 2891 illa
894 2837 1105 2907 faciatis
1144 2835 1287 2909 (Gal.
1318 2853 1372 2902 v,
1403 2836 1512 2908 17).
1548 2835 1614 2889 Et
1643 2835 1744 2890 hoc
1774 2849 1934 2888 omne
1963 2834 2152 2888 Imma-

560 2943 691 2982 num
733 2928 937 2998 patitur
979 2942 1149 2998 genus
1187 2929 1288 2982 sub
1326 2935 1553 2999 peccato
1593 2925 1972 2992 constitutum,
2012 2938 2150 2993 quo-

559 3021 707 3073 niam
744 3034 904 3075 nemo
934 3027 1017 3074 est
1045 3020 1278 3075 mundus
1314 3029 1382 3074 an
1425 3020 1529 3076 hoc
1573 3029 1798 3089 peccato
1825 3017 2150 3089 praevarica-

561 3109 745 3172 tionis,
777 3125 870 3163 nec
903 3109 1100 3178 infans,
1128 3110 1272 3165 sicut
1296 3110 1556 3179 scriptum
1590 3121 1694 3175 est,
1724 3108 1875 3178 cujus
1899 3117 1973 3162 est
1996 3107 2152 3161 unius

562 3199 668 3253 diei
697 3199 800 3254 vita
829 3216 986 3269 super
1036 3210 1231 3256 terram
1274 3200 1397 3273 (Job
1442 3217 1553 3266 xw,
1592 3201 1656 3266 4,
1707 3218 1810 3255 sec.
1852 3199 2046 3270 LXX).
2089 3200 2155 3254 Et

563 3290 1018 3360 quemadmodum
1048 3291 1282 3364 Spiritus
1307 3300 1528 3348 sanctus
1555 3308 1655 3363 per
1682 3293 1844 3348 David
1875 3293 1950 3347 ait
1974 3308 1988 3346 :
2017 3291 2153 3348 Ecce

561 3384 699 3437 enim
737 3383 792 3438 in
837 3383 1201 3455 iniquitatibus
1247 3394 1523 3456 conceptus
1567 3400 1706 3450 sum,
1757 3393 1806 3438 et
1853 3385 1908 3438 in
1953 3384 2153 3439 delictis

561 3474 755 3544 peperit
786 3491 868 3529 me
906 3483 1076 3530 mater
1110 3492 1224 3531 mea
1273 3475 1451 3547 (Psal.
1492 3494 1542 3542 L,
1596 3475 1673 3546 ἵ).
1718 3474 1866 3532 Sicut
1913 3477 2051 3530 enim
2099 3477 2154 3532 in

562 3566 734 3620 Adam
761 3583 938 3623 omnes
964 3578 1334 3639 peccauerunt,
1373 3569 1666 3624 secundum
1707 3567 2051 3640 Apostolum,
2081 3569 2154 3622 ita

561 3660 620 3714 in
651 3658 860 3716 Christo
899 3679 1076 3717 omnes
1100 3661 1538 3732 justiﬁcabuntur
1569 3661 1620 3734 (I
1652 3662 1777 3718 Cor.
1809 3677 1899 3728 xv,
1925 3661 2041 3732 22).
2088 3661 2156 3714 Et

563 3751 699 3804 sicut
746 3768 839 3822 per
885 3769 1048 3808 unum
1091 3753 1352 3808 hominem
1393 3763 1689 3824 peccatores
1732 3755 1999 3808 constituti
2037 3764 2157 3808 sunt

565 3841 756 3908 multi;
796 3844 875 3898 ita
909 3853 957 3898 et
995 3861 1088 3914 per
1129 3862 1290 3901 unum
1324 3846 1584 3900 hominem
1607 3846 1749 3917 justi
1780 3847 2161 3901 constituentur

567 3932 723 3987 multi
751 3933 931 4005 (Rom.
965 3950 1020 4000 v,
1049 3935 1157 4005 l9).
1192 3936 1332 4007 Ergo
1363 3952 1502 3992 unus
1532 3944 1588 3992 et
1614 3935 1760 3992 solus
1785 3945 1870 3992 est
1894 3936 2009 3992 sine
2037 3951 2159 4006 pec-

569 4031 694 4079 cato
717 4023 983 4079 mediator
1003 4025 1100 4080 Dei
1129 4033 1184 4080 et
1211 4025 1485 4081 hominum
1518 4025 1678 4082 homo
1704 4025 1953 4083 Christus
1977 4024 2156 4090 Jesus,

566 4114 658 4184 qui
689 4114 753 4169 iu
774 4115 1004 4171 mortuis
1032 4114 1168 4171 liber
1203 4125 1499 4186 conceptus
1520 4127 1575 4172 et
1622 4126 1783 4172 natus
1809 4125 1911 4173 est.
1951 4117 2006 4171 In
2044 4117 2157 4172 dis-

565 4205 888 4278 pensatione
917 4206 1099 4278 itaque
1127 4215 1327 4262 sancta:
1356 4207 1539 4264 carnis
1577 4224 1686 4263 sua:
1715 4209 1849 4264 duas
1882 4223 2155 4279 nunquam

567 4296 758 4353 habuit
787 4298 1090 4355 contrarias
1121 4298 1445 4363 voluntates,
1489 4315 1589 4356 nec
1620 4301 1938 4372 repugnavit
1971 4299 2160 4354 volun-

564 4387 665 4444 tati
704 4390 902 4446 mentis
931 4389 1049 4458 ejus
1075 4390 1326 4447 voluntas
1352 4393 1533 4447 carnis
1562 4392 1749 4463 ipsius.
1797 4391 1984 4463 Neque
2011 4392 2156 4447 enim

562 4479 757 4537 habuit
796 4483 1155 4555 quodcunque
1201 4493 1512 4556 peccatum,
1550 4485 1640 4555 qui
1693 4485 1840 4539 venit
1886 4484 2159 4538 dimittere

563 4581 847 4641 peccatum
875 4574 1083 4639 mundi,
1114 4574 1567 4644 quemadmodum
1595 4583 1652 4630 et
1681 4576 1795 4646 ipse
1822 4575 1957 4631 dixit
1983 4592 1996 4628 :
2025 4572 2157 4640 Quis

563 4677 635 4758 ea:
657 4662 1019 4758 uobis-arguet
1195 4665 1258 4758 tle
1303 4676 1513 4758 peccato
1542 4665 1724 4736 (Joan.
1758 4681 1887 4726 vm,
1918 4663 2052 4727 46)?
2087 4664 2154 4718 Et
2184 4699 2232 4758 ο

566 4748 702 4804 alias
730 4749 909 4805 taliter
941 4751 1016 4805 ait
1046 4769 1058 4804 :
1095 4749 1245 4806 Venit
1271 4752 1509 4822 princeps
1535 4753 1718 4806 mundi
1745 4753 1880 4822 ejus,
1912 4761 1960 4806 et
1990 4753 2045 4806 in
2074 4769 2156 4806 me

563 4838 762 4894 invenit
802 4839 932 4896 nihil
972 4840 1154 4910 (Joan.
1201 4857 1313 4908 nv,
1357 4843 1470 4911 50).
1522 4843 1674 4898 Unde
1716 4842 1970 4908 scientes,
2012 4843 2154 4912 quod

564 4933 775 4989 nullum
823 4934 876 4990 in
925 4951 1027 4999 eo,
1077 4951 1199 4992 cum
1247 4945 1560 4994 nasceretur
1603 4945 1659 4991 et
1705 4946 2157 5000 conversarctur,

565 5033 713 5081 esset
737 5026 958 5084 omnino
982 5037 1292 5097 peccatum,
1313 5027 1565 5083 decenter
1585 5026 1879 5082 dicimuset
1893 5027 2160 5081 veraciter

570 5115 911 5181 conﬁtemur,
945 5133 1106 5172 unam
1154 5118 1488 5174 voluntatem
1536 5109 1588 5173 in
1613 5125 1813 5172 sancta:
1848 5116 2018 5184 ipsius
2051 5117 2159 5171 dis-

572 5205 904 5260 ὒθηδῧῑίοηῖε
979 5209 1356 5264 humanitate.
1421 5218 1475 5260 et
1521 5225 1628 5260 non
1682 5208 1815 5258 duas
1858 5208 2161 5256 cnlitrarias

2241 715 2396 771 nouis
2440 712 2622 778 enim,
2674 725 2781 764 non
2821 707 2873 762 in
2912 721 3014 774 eo,
3062 711 3344 775 coaptatur
3381 699 3522 770 quod
3556 695 3770 766 scriptum

2235 815 2317 862 est
2345 823 2361 862 :
2402 803 2524 861 Scio
2550 803 2687 857 enim
2709 800 2832 872 quia
2858 815 2959 853 non
2989 795 3188 851 habitat
3210 793 3265 848 in
3286 808 3386 856 me,
3416 789 3472 843 id
3491 786 3630 843 estin
3650 802 3773 838 carne

2239 915 2374 962 mea,
2423 894 2612 950 bonum
2659 891 2835 965 (Rom.
2863 906 2958 956 vn,
3004 888 3113 959 l8).
3156 886 3222 941 Et
3253 885 3446 939 iterum
3475 899 3492 934 :
3526 878 3635 933 Non
3668 876 3774 946 quod

2238 994 2352 1051 uolo
2382 995 2571 1048 bonum
2598 991 2692 1044 hoc
2715 1005 2848 1059 ago;
2884 985 2974 1041 sed
2993 983 3131 1056 quod
3159 981 3277 1036 nolo
3303 975 3518 1039 malum,
3543 974 3630 1027 hoc
3652 971 3772 1041 facio.

2241 1084 2299 1141 Si
2329 1093 2501 1138 autem
2528 1079 2666 1152 quod
2694 1077 2814 1132 nolo
2847 1075 3042 1129 nmium
3078 1070 3211 1125 illud
3257 1067 3417 1140 facio,
3450 1080 3550 1118 non
3569 1063 3672 1130 jam
3707 1076 3774 1128 ego

2241 1193 2427 1248 operor
2458 1173 2612 1238 illud,
2640 1172 2729 1227 sed
2750 1168 2888 1242 quod
2917 1167 3116 1222 habitat
3151 1165 3208 1217 in
3250 1178 3331 1215 me
3352 1166 3614 1248 peccatum
3641 1152 3777 1248 (ibid.,

2243 1244 2465 1335 19,20).
2518 1259 2584 1317 Et
2637 1274 2759 1332 post
2784 1261 2948 1315 lucc:
2993 1254 3150 1309 Video
3195 1253 3332 1307 enim
3378 1248 3539 1303 aliam
3569 1245 3708 1314 legem
3738 1244 3778 1294 in

2242 1359 2485 1414 membris
2518 1357 2646 1410 meis
2673 1361 3044 1424 repugnantem
3068 1347 3168 1417 legi
3206 1345 3391 1399 mentis
3413 1357 3564 1404 metu,
3587 1348 3628 1391 et
3653 1335 3782 1405 capti-

2242 1463 2443 1510 vantem
2474 1467 2554 1506 me
2584 1449 2640 1503 in
2665 1447 2773 1518 lege
2808 1441 3027 1516 peccati,
3068 1455 3184 1512 qua?
3211 1447 3283 1492 est
3325 1436 3382 1490 in
3433 1431 3662 1486 membris
3686 1427 3782 1481 meis

2244 1540 2558 1616 (ibid.,25).
2590 1537 2727 1594 Hinc
2760 1550 2890 1616 ergo
2919 1534 3003 1588 ha:
3047 1531 3163 1586 dum
3203 1524 3491 1582 contraria:
3528 1519 3784 1574 voluntates

2245 1613 2444 1690 mentis
2469 1639 2526 1687 et
2567 1629 2770 1693 carnis,
2800 1613 2936 1697 quas
2989 1619 3276 1692 Apostolus
3321 1617 3506 1680 docet,
3548 1613 3597 1666 in
3639 1618 3785 1665 nostro

2247 1736 2590 1795 nequaquam
2620 1718 2905 1775 Salvatore
2936 1714 3176 1776 fuerunt,
3203 1725 3268 1765 eo
3295 1706 3438 1778 quod
3470 1705 3557 1759 hic
3581 1700 3787 1795 luctami-

2245 1793 2347 1876 nisv
2370 1816 2624 1875 stimulus
2663 1829 2729 1870 ex
2770 1808 3211 1885 praavaricatione
3241 1799 3571 1875 protoplasti.
3606 1793 3788 1866 sumpsit

2247 1911 2513 1968 initium:
2581 1906 2834 1978 quoniam
2895 1918 2925 1956 a
2979 1899 3340 1966 Redemptore
3392 1900 3584 1946 nostro
3639 1895 3788 1942 natura

2249 2011 2497 2075 suscepta
2529 2009 2634 2066 est,
2667 2013 2773 2054 non
2801 1993 3044 2052 criminis
3072 1990 3249 2060 culpa.
3288 1985 3396 2042 Sed
3442 1999 3512 2040 ne
3538 1981 3650 2053 quis
3691 1994 3792 2033 non-

2247 2111 2523 2168 nunquam
2553 2093 2732 2150 minus
2759 2088 3061 2160 intelligens
3082 2081 3464 2156 reprehendat,
3489 2077 3790 2168 quamobrem

2248 2189 2316 2245 de
2350 2164 2585 2243 humana
2616 2191 2822 2239 tantum
2871 2188 3084 2242 natura,
3117 2184 3172 2231 et
3201 2189 3306 2230 non
3335 2171 3506 2226 etiam
3548 2169 3612 2223 de
3655 2164 3794 2221 divina

2249 2290 2441 2336 natura
2482 2279 2680 2334 docere
2727 2273 2931 2330 sciatur
2965 2289 2979 2326 :
3012 2268 3210 2325 etenim
3259 2265 3516 2322 Christus
3551 2261 3602 2316 in
3630 2258 3794 2314 duabus

2250 2375 2459 2432 naturis
2486 2374 2536 2427 in
2569 2385 2674 2426 una
2701 2382 2935 2440 persona
2965 2363 3130 2418 :mitis
3156 2358 3531 2431 cognoscitur,
3563 2353 3794 2408 adoratur.

2250 2475 2306 2520 ct
2337 2464 2534 2520 colitur
2560 2461 2701 2516 Deus
2737 2467 2792 2514 et
2825 2457 2987 2512 homo
3021 2452 3309 2524 perfectus.
3358 2447 3533 2502 Debet
3561 2443 3647 2514 qui
3674 2453 3797 2509 super

2249 2559 2353 2614 hoc
2379 2555 2602 2625 ambigit
2629 2553 2792 2616 scire,
2824 2548 3080 2620 quoniam
3108 2544 3174 2599 ad
3198 2544 3300 2598 hoc
3326 2539 3476 2594 facta
3507 2544 3591 2592 est
3621 2544 3799 2625 res?»

2250 2649 2332 2705 sio
2377 2650 2443 2703 ad
2469 2619 2582 2718 jam
2631 2642 2761 2699 dicti
2797 2619 3117 2710 patriarcha:
3157 2628 3660 2698 interrogationem.
3686 2619 3801 2718 i’rx-

2253 2747 2402 2795 terea
2432 2713 2488 2793 et
2526 2738 2630 2794 hoc
2675 2733 2791 2788 ﬁeri
2839 2730 2996 2794 solet,
3025 2735 3084 2782 ut
3130 2724 3335 2781 scilicet
3380 2719 3478 2774 ubi
3506 2725 3589 2773 est
3630 2713 3802 2772 vulnus,

2253 2831 2324 2886 ibi
2362 2825 2682 2884 mediciuale
2727 2827 2980 2878 occurrat
3038 2815 3319 2872 auxilium.
3365 2809 3511 2864 Nam
3554 2815 3609 2862 et
3649 2805 3804 2860 beatus

2250 2920 2541 2994 Apostolus
2568 2919 2670 2975 hoc
2691 2930 2833 2986 saepe
2859 2913 3052 2969 iecisse
3082 2905 3436 2980 dignoscitur,
3471 2916 3534 2956 se
3559 2892 3805 2994 secundum

2254 2981 2560 3068 auditorum
2591 2981 3034 3065 consuetudinem
3069 3009 3382 3072 pneparans
3412 3010 3433 3060 ;
3468 3000 3527 3048 et
3565 2981 3808 3056 aliquando

2253 3103 2469 3175 quidem
2502 3101 2567 3155 de
2613 3112 2864 3168 suprema
2895 3101 3090 3149 natura
3134 3090 3355 3152 docens,
3392 3086 3467 3140 de
3500 3084 3718 3138 humans
3742 3087 3809 3145 pe-

2255 3171 2400 3251 nitus
2440 3200 2626 3248 tacet:
2665 3188 2955 3259 aliquando
2995 3198 3126 3238 vero
3171 3180 3238 3236 de
3273 3178 3525 3233 humana
3579 3171 3808 3238 dispensa-

2258 3289 2405 3344 tione
2436 3287 2744 3356 disputans.
2766 3279 3085 3353 mysterium
3115 3270 3414 3330 divinitatis
3459 3266 3583 3336 ejus
3605 3277 3704 3318 non
3723 3267 3814 3356 tan-

2259 3380 2354 3451 git.
2408 3351 2621 3433 Etenim
2655 3376 2768 3446 ipse
2807 3351 2902 3428 hic'
2923 3369 3139 3442 quidem
3185 3366 3251 3420 de
3280 3361 3467 3420 divina
3504 3368 3691 3414 natura
3715 3351 3813 3451 ait:

2257 3441 2495 3526 Christus
2537 3467 2634 3523 Dei
2675 3441 2864 3530 uirtus,
2904 3441 2952 3518 et
2984 3461 3079 3516 Dei
3118 3458 3370 3530 sapientia
3403 3453 3461 3521 (1
3492 3451 3620 3507 Cor.
3657 3441 3814 3512 2,93};

2259 3564 2386 3621 alibi
2433 3573 2612 3618 autem
2644 3561 2708 3615 de
2757 3555 3132 3614 incarnatione
3179 3551 3296 3621 ejus
3340 3549 3414 3602 ita
3468 3545 3658 3601 dixit:
3698 3534 3816 3603 Quoi

2257 3656 2477 3712 stultum
2525 3662 2599 3707 est
2645 3651 2766 3716 Dei,
2817 3648 3103 3719 sapientius
3149 3652 3224 3698 est
3251 3637 3599 3700 hominibus;
3639 3644 3683 3687 et
3713 3626 3819 3719 quod

2256 3744 2526 3814 infirmum
2574 3751 2651 3796 est
2692 3739 2812 3804 Dei,
2853 3717 3041 3808 fortius
3085 3743 3158 3788 est
3193 3728 3496 3785 hominibus
3541 3717 3817 3814 (ibam-35).

2261 3811 2536 3902 sapientia
2585 3839 2764 3885 autem
2805 3837 2861 3882 et
2907 3823 3155 3887 stultilia,
3205 3821 3380 3874 virtus
3431 3825 3495 3872 et
3549 3811 3819 3870 inﬁrmitas,

2259 3925 2544 3981 contraria:
2605 3921 2903 3976 adinvicem
2962 3917 3164 3985 absque
3223 3910 3509 3967 dubietate
3564 3910 3818 3976 ponuntur.

2259 4017 2475 4088 Ergone
2503 4012 2780 4070 contraria
2822 4010 3040 4065 sibimet
3068 4007 3226 4061 docet
3273 4003 3472 4057 beatus
3522 3989 3822 4088 Apostolus!

2259 4085 2402 4163 absit
2433 4123 2446 4160 :
2491 4107 2584 4160 sed
2630 4099 2972 4158 audientibus
3018 4105 3189 4152 semet
3223 4090 3537 4163 conﬁgurat
3567 4085 3823 4157 sapienter.

2260 4198 2556 4256 secundum
2583 4205 2794 4264 tempus
2815 4193 3036 4251 docens,
3064 4197 3121 4242 ut
3145 4184 3366 4257 provida
3405 4181 3596 4236 nutrix
3626 4171 3823 4264 parvulis

2259 4288 2476 4359 quidem
2525 4284 2610 4343 lac
2657 4261 2926 4353 praebens,
2977 4276 3231 4350 perfectis
3272 4281 3458 4329 autem
3488 4269 3724 4359 solidum
3753 4261 3827 4359 tri-

2258 4353 2429 4435 buens
2478 4374 2678 4430 cibum.
2724 4371 2863 4440 Quid
2895 4385 3023 4442 ergo
3051 4377 3136 4423 est
3186 4364 3328 4436 quod
3363 4363 3444 4418 ait
3473 4381 3487 4415 :
3528 4357 3683 4426 Quod
3709 4353 3828 4420 inﬁr-

2259 4487 2402 4525 mum
2425 4478 2499 4523 est
2532 4466 2651 4531 Dei,
2679 4465 2870 4536 fortius
2900 4471 2974 4518 est
3015 4460 3350 4521 hominibus;
3382 4464 3429 4509 et
3455 4453 3618 4525 quod
3645 4447 3826 4504 stultum

2259 4572 2334 4618 est
2358 4560 2473 4623 Dei,
2502 4557 2788 4628 sapientius
2819 4564 2892 4610 est
2921 4550 3257 4609 hominibus?
3287 4547 3402 4604 Hoc
3432 4556 3620 4600 totum
3658 4538 3830 4610 capitu-

2259 4651 2368 4706 lum
2402 4650 2467 4706 de
2490 4646 2892 4718 dispensatione
2915 4643 3136 4707 Christi,
3167 4656 3271 4696 non
3300 4641 3366 4694 de
3393 4649 3641 4707 superna
3669 4639 3829 4686 natura

2259 4742 2404 4798 illius
2448 4741 2646 4796 docere
2671 4738 2887 4792 videtur
2928 4749 2944 4789 :
2985 4732 3172 4789 volens
3217 4728 3510 4786 ostendere
3555 4725 3683 4797 quia
3717 4721 3832 4776 Deus

2258 4834 2423 4889 homo
2458 4831 2632 4888 factus
2675 4829 2908 4885 animam
2959 4825 3148 4882 habuit
3187 4831 3245 4879 et
3289 4834 3494 4890 corpus
3539 4819 3830 4872 humanum.

2259 4924 2405 4996 quod
2438 4925 2664 4980 stultum
2708 4920 2905 4976 asserit
2943 4927 2997 4973 et
3049 4916 3344 4972 inﬁrmum.
3396 4909 3688 4980 Sapientia
3713 4903 3832 4959 enim

2261 5015 2496 5070 humana
2519 5014 2714 5069 divinae
2742 5009 2958 5074 collata,
3003 5006 3237 5064 stultitia
3264 5011 3347 5059 est
3378 5021 3394 5056 :
3430 4999 3706 5057 fortitudo
3728 5007 3832 5047 vero

2262 5103 2446 5160 carnis
2488 5118 2610 5158 cum
2655 5101 2751 5156 Dei
2795 5099 2995 5153 virtute
3029 5101 3358 5164 comparata,
3405 5090 3710 5145 inﬁrmitas
3750 5091 3828 5137 est

2262 5195 2396 5254 Onia
2443 5194 2684 5244 nml'ecto
2736 5190 2952 5246 condita
2997 5189 3230 5242 [numam
3281 5181 3560 5237 sapientia
3581 5194 3708 5237 cum
3731 5189 3833 5230 cou-
