3916 5570
131 451 237 506 565

707 455 1229 516 COLLECTANEA.
1268 490 1337 500 —
1373 458 1655 517 ιοΑΝΝιδ
1697 461 1798 520 PP.
1841 461 2182 522 APOLOGIA
2219 464 2356 521 Ι)Βο
2397 463 2698 521 llONORlO
2738 462 2838 519 PP.

3295 464 3399 525 566

129 563 275 618 enim
299 562 574 630 homines,
601 566 743 624 sicut
767 569 926 624 etiam
957 572 1200 643 superius
1231 573 1431 628 dictum
1474 583 1575 640 est,
1622 575 1719 631 sub
1750 583 1794 638 Α
1825 578 2218 647 confundimus,
2246 581 2498 651 quoniam
2526 590 3026 651 utrasquenaturas
3048 597 3169 635 cum
3199 582 3406 636 aduna-

127 666 358 725 peecato
398 659 858 727 praevaricationis
892 672 1203 718 nascuntur.
1256 663 1511 721 Dominus
1539 676 1718 722 autem

125 757 314 802 noster
343 747 508 804 Jesus
556 749 805 808 Christus
834 754 1038 825 absque
1085 767 1308 827 peccato
1355 759 1615 823 existens,
1665 767 1719 814 et

125 837 332 892 nullum
382 855 568 895 secum
611 843 799 898 vilium
833 843 1014 902 ferens
1049 851 1353 914 vetustatis,
1403 865 1508 905 non
1545 851 1716 906 solum
1747 865 1750 869 ‘

121 928 342 996 fortior,
401 935 501 987 sed
544 943 597 988 et
627 935 1052 1010 sapientiorest
1090 941 1338 996 omnibus
1388 942 1714 1009 hominibus,

120 1022 382 1091 quamvis
416 1022 691 1080 inﬁrmum
723 1039 967 1082 nostrum
1007 1039 1062 1084 et
1097 1031 1319 1086 stultum
1355 1033 1472 1088 sola
1510 1032 1718 1089 miseri-

118 1118 306 1172 cordia
348 1119 631 1189 suscipere
682 1122 750 1175 sit
780 1123 1048 1195 dignatus,
1101 1126 1200 1193 Qui
1244 1143 1370 1180 vero
1398 1144 1463 1182 ex
1493 1139 1716 1199 peccato

118 1205 277 1275 primi
312 1207 554 1263 hominis
586 1211 694 1265 nati
729 1221 884 1278 sunt,
933 1214 1026 1269 ﬁlii
1058 1215 1152 1270 ira:
1197 1233 1260 1271 ac
1309 1219 1652 1274 tenebrarum
1686 1238 1715 1275 a

118 1305 324 1352 sancte
359 1297 661 1369 Scriptura:
712 1305 1026 1374 magisterio
1070 1309 1437 1364 nominantur.
1485 1311 1555 1366 At
1587 1328 1712 1368 vero

116 1383 394 1452 Christus,
425 1403 550 1443 cum
599 1390 684 1446 lus
719 1407 846 1448 vera
898 1395 990 1462 sit,
1023 1395 1274 1453 sedentes
1303 1399 1354 1452 in
1385 1399 1620 1456 tenebris
1661 1412 1707 1457 et

117 1475 307 1529 umbra
357 1479 551 1534 mortis
600 1479 904 1540 illuminare
950 1486 1201 1558 dignatus
1245 1498 1348 1544 est.
1402 1490 1540 1558 Quid
1569 1494 1712 1548 enim

116 1566 307 1621 doceat
352 1570 644 1640 Apostolus
671 1575 913 1631 scribens
943 1578 1008 1630 ad
1058 1578 1340 1649 Ephesios,
1378 1581 1663 1638 audiamus
1697 1601 1710 1638 :

117 1656 182 1710 Et
216 1676 332 1725 ros,
373 1662 570 1733 inquit,
604 1681 718 1718 cum
751 1669 943 1721 mortui
979 1670 1157 1724 essetis
1187 1671 1388 1724 delictis
1415 1683 1460 1725 et
1489 1675 1713 1741 peccatis

116 1753 319 1816 restris,
353 1754 408 1806 in
434 1756 621 1824 quibus
653 1757 938 1828 aliquando
969 1761 1276 1815 ambulastis
1307 1764 1590 1817 secundum
1618 1781 1713 1817 str-

113 1841 290 1895 rulum
321 1846 509 1898 mundi
550 1848 741 1918 hujus,
791 1853 1074 1905 secundum
1115 1853 1400 1922 principem
1443 1854 1712 1921 potestatis

113 1935 250 1988 aeris
285 1937 528 2006 spiritus,
571 1942 660 2010 qui
690 1959 827 1994 nunc
873 1952 1118 2013 aperatur
1144 1944 1197 1997 in
1221 1944 1348 2012 ﬁliis
1390 1945 1707 2015 diﬁidentt'a',

114 2026 168 2079 iu
195 2029 385 2098 quibus
423 2041 471 2084 et
505 2048 597 2085 nos
634 2032 918 2104 aliquando
947 2028 1234 2088 rom'ersnti
1270 2052 1450 2089 sumus
1483 2038 1533 2088 in
1575 2037 1711 2089 (lesi-

113 2119 273 2172 deriis
308 2123 508 2187 carnis,
536 2123 784 2192 facientes
824 2124 1112 2178 vbluutntes
1157 2127 1331 2179 carnis
1360 2137 1408 2180 et
1443 2128 1712 2198 cogitatio-

117 2229 275 2277 num,
335 2224 382 2267 ct
430 2232 640 2269 eramus
689 2227 876 2270 natura
922 2217 1023 2286 ﬁlii
1078 2219 1207 2282 irae,
1251 2220 1383 2272 sicut
1433 2229 1480 2274 et
1536 2221 1710 2274 cwteri

117 2301 315 2374 (Ephes
363 2321 423 2370 ll,
457 2307 510 2372 l,
546 2307 604 2372 2,
627 2309 702 2377 ὅ).
746 2309 882 2363 Ecce
932 2310 1050 2364 ista:
1082 2320 1208 2364 sunt
1238 2312 1360 2366 duae
1406 2312 1710 2368 voluntates

113 2395 423 2459 contrarize,
455 2397 652 2452 mentis
677 2397 885 2454 scilicet
905 2409 958 2454 et
980 2398 1182 2465 carnis,
1207 2416 1325 2470 qua:
1349 2401 1400 2455 in
1431 2401 1712 2457 Salvatorc

115 2497 298 2542 nostro
329 2489 506 2543 modis
525 2491 776 2544 oznnibus
810 2506 916 2546 non
945 2490 1112 2547 luere.
1146 2490 1253 2548 Nos
1277 2493 1374 2548 has
1395 2508 1460 2548 ex
1488 2505 1709 2564 peccato

115 2579 478 2649 progenitoris
504 2581 655 2647 Adae,
700 2582 792 2652 qui
821 2593 876 2637 et
903 2599 982 2649 se,
1015 2594 1069 2640 et
1093 2601 1250 2640 omne
1279 2586 1572 2642 humanum
1617 2606 1710 2660 ge-

113 2686 213 2724 nus
227 2672 522 2727 obnoxium
548 2671 698 2738 fecit,
721 2675 1320 2749 haberedignoscimur,
1341 2689 1398 2734 ut
1419 2681 1708 2752 aliquando

115 2761 332 2830 quidem
365 2764 546 2819 carnis
581 2765 801 2821 aculeus
827 2769 993 2822 menti
1021 2770 1274 2826 resistere
1302 2781 1578 2841 appareat,
1604 2773 1705 2827 ali-

116 2854 332 2920 quando
351 2870 478 2909 vero
503 2853 752 2911 voluntas
782 2858 980 2914 mentis
1008 2859 1270 2916 voluntati
1292 2863 1471 2919 carnis
1488 2872 1706 2919 contra-

116 2941 294 2998 dicere
335 2955 581 3017 satagat;
633 2958 692 3002 ut
737 2949 918 3003 taliter
958 2966 1078 3006 cum
1129 2953 1387 3022 Apostolo
1433 2963 1709 3024 gementes

118 3035 520 3111 conﬁteantur:
556 3037 731 3094 Mente
772 3041 980 3112 quidem
1023 3045 1189 3099 servio
1235 3044 1334 3115 legi
1385 3044 1505 3111 Dei,
1550 3063 1709 3101 carne

118 3143 230 3180 vero
258 3127 362 3198 legi
390 3134 610 3199 peccati.
641 3130 900 3188 Dominus
924 3143 1101 3189 autem
1130 3145 1312 3191 noster
1334 3153 1492 3191 unam
1521 3137 1708 3193 volun-

119 3224 281 3272 tatem
316 3220 670 3278 humanitatis
701 3224 996 3279 naturalem
1023 3226 1300 3297 suscipere
1333 3228 1581 3298 dignatus
1601 3238 1703 3293 est,

117 3328 274 3383 quam
333 3316 388 3372 in
455 3319 674 3388 propria
742 3334 905 3375 carne
962 3324 1284 3390 potestative
1345 3321 1416 3378 ut’
1462 3324 1704 3379 omnium

118 3407 382 3487 Dominus
433 3409 886 3479 circumferebat,
934 3428 1000 3467 eo
1050 3413 1191 3482 quod
1241 3416 1420 3468 omnia
1469 3417 1708 3470 serviant

118 3498 222 3554 Deo
255 3519 269 3554 :
320 3499 527 3556 nullum
553 3501 799 3572 profecto
842 3503 1049 3560 habens
1098 3505 1180 3558 vel
1213 3504 1445 3560 atterens
1472 3521 1540 3561 ex
1569 3521 1706 3576 prac-

114 3593 452 3648 varicatione
477 3605 780 3664 peccatum,
808 3597 1062 3665 quoniam
1096 3595 1241 3652 solus
1262 3597 1379 3652 sine
1409 3583 1629 3667 peccato
1653 3605 1706 3651 et

112 3681 343 3736 crimine
372 3684 834 3752 praevaricationis
861 3697 942 3742 est
964 3696 1137 3742 natus.

178 3769 488 3829 Pratdictus
515 3789 645 3846 ergo
669 3777 922 3834 decessor
947 3794 1099 3835 meus
1122 3779 1323 3834 docens
1349 3779 1414 3834 de
1450 3779 1706 3852 mysterio

110 3863 509 3920 incarnationis
537 3866 738 3924 Christi
772 3870 1005 3936 dicebat,
1039 3887 1144 3926 non
1177 3871 1343 3927 fuisse
1375 3873 1428 3926 in
1456 3889 1540 3937 eo,
1568 3873 1705 3927 sicut

110 3955 160 4009 in
189 3957 353 4013 nobis
398 3961 799 4028 peccatoribus,
841 3963 1037 4018 mentis
1080 3971 1134 4018 et
1177 3963 1358 4018 carnis
1405 3964 1706 4019 contrarias

108 4045 439 4104 voluntates.
475 4049 626 4116 Quod
667 4053 886 4122 quidam
917 4054 983 4109 ad
1009 4055 1284 4125 proprium
1314 4070 1530 4110 sensum
1577 4071 1706 4111 con-

109 4147 412 4203 vertentes,
439 4139 740 4197 divinitatis
769 4143 888 4213 ejus
916 4154 971 4200 et
995 4145 1344 4199 humanitatis
1375 4160 1535 4201 unam
1580 4160 1702 4199 eum

107 4227 447 4282 voluntatem
495 4230 742 4287 docuisse
793 4234 1050 4304 suspicati
1100 4244 1245 4302 sunt,
1300 4237 1442 4306 quod
1487 4236 1703 4292 veritati

108 4320 438 4376 omnimodis
469 4333 552 4377 est
596 4325 946 4380 contrarium.
978 4327 1357 4383 Verumtamen
1388 4329 1599 4395 vellem,
1649 4340 1706 4385 ut

108 4409 470 4480 interroganti
501 4413 918 4482 responderent,
946 4416 1242 4472 secundum
1264 4433 1427 4488 quam
1454 4429 1701 4490 naturam

108 4503 300 4558 dicunt
335 4503 536 4561 Christi
569 4505 666 4561 Dei
706 4523 868 4562 unam
907 4508 1272 4566 voluntatem?
1318 4510 1375 4567 Si
1406 4515 1700 4569 secundum

108 4592 348 4650 divinam
374 4604 610 4662 tantum,
651 4597 717 4652 de
761 4598 1094 4656 humanitate
1125 4602 1288 4671 ipsius
1324 4604 1454 4673 quid
1479 4618 1702 4674 respon-

109 4682 345 4739 debunt?
380 4687 642 4756 quoniam
665 4697 720 4742 et
745 4690 904 4745 homo
929 4693 1202 4760 perfectus
1229 4701 1330 4759 est,
1360 4701 1419 4748 ut
1446 4709 1551 4748 non
1574 4709 1695 4750 cum

110 4771 412 4834 Manichao
429 4778 884 4836 condemnentur.
912 4781 1082 4839 Porro
1100 4785 1145 4840 si
1175 4786 1471 4840 secundum
1504 4785 1700 4841 huma-

107 4862 337 4919 nitatem
370 4865 574 4922 Christi
607 4867 861 4936 dixerint,
908 4863 1218 4942 quod‘baac
1263 4874 1512 4932 voluntas
1561 4878 1705 4933 Deus

105 4961 257 5008 esset
293 4955 598 5024 perfectus,
645 4958 936 5016 observent
961 4979 1029 5018 ne
1071 4965 1212 5022 forte
1238 4981 1360 5024 cum
1391 4967 1622 5025 Photino
1647 4975 1704 5022 et

105 5043 314 5102 Ebione
334 5048 669 5118 judicentur.
718 5049 838 5107 Jam
881 5069 1010 5112 vero
1037 5056 1082 5111 si
1127 5072 1194 5113 ex
1237 5067 1464 5130 utraque
1508 5067 1698 5115 natura

105 5153 272 5195 unam
294 5142 627 5200 voluntatem
650 5159 776 5200 esse
803 5145 1056 5216 dixerint,
1082 5166 1189 5208 non
1228 5150 1401 5208 solum
1423 5151 1700 5208 naturales

103 5233 423 5306 voluntates,
453 5239 552 5294 sed
579 5249 638 5294 et
678 5238 825 5308 ipsas
864 5250 1082 5301 naturas
1115 5244 1474 5314 confundent;
1509 5256 1693 5303 utnec

104 5321 230 5390 hoc,
260 5341 356 5384 nec
376 5327 530 5393 illud,
557 5329 614 5383 id
636 5336 726 5382 est
749 5328 923 5386 divina
950 5343 1003 5388 et
1031 5337 1284 5403 humana,
1316 5339 1538 5412 intelligi
1569 5351 1695 5409 pos-

102 5414 193 5468 sit.
229 5414 373 5474 Sicut
396 5421 546 5476 enim
570 5427 837 5488 utrasque
861 5433 1077 5483 naturas
1104 5429 1158 5483 in
1187 5427 1510 5490 atlunatione
1531 5429 1694 5486 unius

100 5501 324 5562 nm'i-
337 5517 394 5551 ³³1
421 5510 629 5554 ἷ-ηιιὶιιει
664 5506 942 5554 Nao'qriuc
975 5521 1102 5558 ‘nnn
1136 5519 1402 5562 nalimtlr-
1439 5523 1508 5554 ειη
1536 5519 1653 5552 ."“'~

1822 673 1967 728 tione
1991 673 2150 730 unius
2176 691 2416 745 personae
2463 675 2662 730 Christi
2695 676 2790 730 Dei
2830 675 3173 731 inenarrabili
3209 663 3403 732 conso-

1819 767 2002 821 nantia
2032 767 2367 824 conﬁtemur.
2407 769 2543 838 Quia
2585 770 2730 825 enim
2761 785 2922 825 unam
2968 769 3295 825 voluntatem
3322 772 3401 824 di-
3463 773 3466 776 ’

1819 857 2259 913 cuntdivinitatis
2283 859 2480 915 Christi
2507 870 2558 916 et
2584 860 2952 925 humanitatis,
2975 869 3030 914 et
3051 875 3211 913 unam
3243 860 3401 914 simul

1817 951 2221 1020 operationem:
2256 951 2384 1019 quid
2406 951 2569 1015 aliud,
2594 939 2695 1007 nisi
2729 952 2852 1022 quia
2875 958 2929 1005 et
2954 964 3116 1004 unam
3150 959 3399 1004 naturam

1817 1042 2018 1099 Christi
2057 1042 2147 1098 Dei
2192 1044 2484 1098 secundum
2528 1044 2917 1115 Eutycbianam
2953 1050 3006 1098 et
3053 1041 3402 1097 Severianam

1818 1133 2139 1187 divisionem
2187 1133 2397 1202 operari
2447 1134 2777 1187 noscuntur?
2832 1133 3070 1201 Denique
3115 1131 3403 1187 orthodoxi

1817 1221 2022 1285 Patres,
2054 1223 2145 1292 qui
2173 1223 2226 1276 in
2261 1231 2371 1278 toto
2400 1223 2597 1278 mundo
2617 1223 2945 1286 claruerunt,
2979 1223 3120 1278 sicut
3145 1231 3402 1292 utrasque

1821 1324 2061 1376 naturas,
2091 1314 2162 1368 ita
2188 1323 2240 1368 et
2271 1313 2572 1368 voluntates
2597 1330 2661 1370 ac
2683 1315 3025 1384 operationes
3059 1312 3264 1368 Christi
3307 1314 3402 1367 do-

1817 1419 1938 1459 cere
1968 1405 2220 1459 concordi
2249 1405 2632 1474 praedicatione
2660 1415 3044 1460 monstrantur.

1885 1496 2258 1567 Comperimus
2284 1506 2462 1553 autem
2484 1499 2624 1568 quod
2645 1499 2830 1554 charta
2861 1501 3105 1568 qumdam
3146 1500 3401 1563 mandata

1815 1587 1904 1652 sit,
1929 1587 1981 1640 in
2009 1602 2111 1657 qna
2138 1587 2448 1642 sacerdotes
2476 1588 2813 1643 subscribere
2842 1591 3014 1644 coacti
3051 1599 3175 1646 sunt
3213 1599 3401 1644 contra

1816 1687 2019 1734 tomum
2059 1679 2232 1732 beatae
2271 1678 2546 1733 memoria:
2597 1693 2750 1748 papae
2798 1679 2990 1735 Leonis
3022 1688 3076 1736 et
3105 1678 3402 1740 ChalCedo-

1815 1767 2061 1822 nensium
2087 1767 2351 1838 synodum
2387 1786 2398 1822 :
2437 1768 2488 1822 in
2517 1783 2620 1838 qua
2653 1769 2839 1822 charta
2866 1769 3111 1838 quaedam
3140 1779 3264 1826 sunt
3305 1783 3403 1838 per

1817 1860 2107 1913 novitatem
2133 1859 2455 1927 con‘tposita,
2479 1873 2600 1929 quae
2623 1859 2813 1929 dogma
2847 1859 3282 1915 ecclesiasticum
3315 1873 3400 1913 re»

1748 1929 1788 1986 Β
1817 1949 1992 2006 l'utare
2021 1951 2240 2006 omnino
2267 1951 2616 2021 dignoscitur.
2658 1952 2886 2021 luspirct
2920 1967 3048 2022 ergo
3074 1952 3253 2006 divina
3293 1952 3401 2008 cle-

1817 2043 2014 2097 mentia
2055 2041 2527 2097 Christianissimae
2552 2043 2737 2113 pietati
2774 2053 2989 2108 vestrm,
3026 2052 3082 2099 et
3125 2059 3246 2099 cum
3282 2044 3402 2098 sitis

1815 2135 2067 2189 custodes
2097 2133 2454 2189 immaculata:
2506 2134 2626 2189 ﬁdei
2665 2142 2880 2200 nostrae,
2923 2150 3018 2189 vos
3049 2133 3116 2189 ad
3143 2148 3402 2204 compun-

1815 2223 2048 2278 ctionem
2079 2223 2286 2288 incitet,
2331 2239 2438 2293 quo
2466 2238 2578 2289 eos,
2607 2223 2697 2293 qui
2730 2223 2882 2277 novis
2908 2232 3034 2279 sunt
3063 2222 3399 2278 adinveutio-

1814 2314 1973 2369 nibus
2023 2315 2424 2384 corrumpendi,
2486 2315 2849 2384 imperatoriis
2893 2313 3262 2370 sanctionibus
3313 2329 3404 2368 ar-

1814 2405 2001 2469 ceatis,
2049 2413 2103 2458 et
2155 2405 2462 2474 praedictam
2507 2407 2771 2469 chartam,
2819 2420 2940 2474 quae
2986 2405 3039 2458 in
3084 2402 3400 2459 scandalum

1812 2506 2067 2569 properat
2103 2498 2250 2563 ﬁdei,
2279 2506 2333 2552 et
2360 2498 2491 2553 locis
2537 2498 2762 2568 publicis
2789 2507 2872 2552 est
2902 2512 3184 2567 suspensa,
3212 2497 3402 2567 praeci-

1812 2589 1974 2658 piatis
2017 2589 2317 2658 depositam
2348 2589 2539 2644 scindi.
2589 2588 2789 2644 Omnes
2833 2589 2974 2642 enim
3003 2589 3095 2657 qui
3149 2588 3201 2642 in
3243 2585 3401 2642 Occi-

1811 2679 2119 2733 dentalibus
2152 2679 2396 2749 partibus
2424 2680 2527 2734 hoc
2553 2679 2860 2742 audierunt,
2891 2680 2984 2732 sed
3012 2686 3067 2732 et
3096 2676 3274 2746 populi
3303 2675 3398 2744 qui

1813 2776 1937 2823 sunt
1971 2770 2132 2839 regia:
2180 2779 2372 2824 νοείτω
2404 2769 2574 2834 urbis,
2628 2769 2841 2840 cognita
2892 2767 3160 2838 praedicta:
3193 2766 3397 2820 charta;

1809 2860 2240 2925 concinnatione,
2256 2859 2417 2915 corde
2429 2859 2657 2930 perculsi
2671 2870 2816 2914 sunt.
2831 2859 3099 2914 Eritenim
3113 2872 3211 2928 per
3221 2864 3404 2912 aucto-

1813 2952 2027 3007 ritatetn
2069 2961 2303 3006 vestram
2349 2961 2406 3006 et
2449 2951 2796 3021 apostolicam
2830 2947 3214 3020 perfectionem
3259 2961 3400 3016 prte-

1812 3041 1955 3096 dicta
1989 3041 2202 3107 charta,
2241 3056 2363 3112 quae
2390 3049 2578 3097 contra
2607 3041 3103 3098 Chalcedonensem
3131 3038 3400 3109 synodum

1811 3145 1896 3190 est
1952 3135 2270 3204 composita,
2335 3149 2477 3190 nunc
2525 3143 2580 3190 et
2625 3135 2679 3189 in
2708 3135 2854 3190 omni
2905 3143 3147 3203 tempore
3180 3132 3398 3196 otiosa,

1811 3235 1867 3280 et
1922 3226 2132 3282 cunctis
2187 3227 2478 3283 virtutibus
2529 3227 2701 3281 irrita.
2760 3225 3028 3281 Pet-lectio
3088 3239 3219 3280 vero
3276 3223 3399 3278 ﬁdei

1811 3318 2262 3388 quemadmodum
2307 3335 2476 3389 usque
2527 3320 2579 3374 in
2627 3333 2866 3390 prtesens
2915 3316 3146 3382 refulsit,
3179 3331 3400 3370 oramus

1811 3419 1870 3463 ut
1895 3419 1950 3464 et
1972 3425 2068 3480 per
2091 3425 2208 3474 vos,
2240 3410 2380 3465 sicut
2407 3411 2568 3464 etiam
2591 3424 2688 3479 per
2711 3410 2810 3480 pia:
2833 3407 3104 3464 memoria:
3125 3406 3396 3462 Constan-

1812 3502 2015 3568 tinum,
2064 3503 2245 3558 divino
2295 3503 2494 3558 auxilio
2549 3505 2600 3556 in
2663 3505 2857 3558 robore
2917 3517 3015 3557 suo
3059 3508 3396 3570 permaneat.

1807 3590 2036 3661 Propter
2058 3592 2224 3662 quod,
2248 3593 2696 3648 Christianissimi
2736 3602 2788 3647 et
2817 3592 3018 3648 Christi
3052 3591 3172 3668 ﬁdei
3221 3599 3400 3644 custo-

1808 3686 1924 3749 des,
1951 3685 2148 3741 donate
2176 3687 2276 3740 ltoc
2297 3701 2490 3740 munus
2513 3686 2564 3740 in
2593 3685 2904 3756 primordiis
2926 3684 3118 3739 vestris
3141 3681 3400 3738 Ecclesiae

1809 3777 1968 3831 matri
1995 3785 2207 3839 vestrm.
2236 3775 2392 3846 cujus
2416 3777 2548 3832 estis
2577 3785 2699 3848 post
2722 3775 2890 3831 Deum
2919 3773 3295 3846 opitulatores,
3337 3782 3393 3825 ut

1809 3865 1967 3922 ﬁdem
2010 3867 2202 3937 Sponsi
2244 3867 2362 3937 ejus
2396 3867 2708 3936 serpentina
2745 3865 3011 3921 calliditas
3055 3881 3160 3920 non
3201 3863 3394 3918 audeat

1805 3957 2028 4012 violare.
2048 3957 2159 4014 lloc
2182 3958 2235 4013 in
2263 3959 2572 4028 primordiis
2600 3959 2835 4013 salutare
2857 3956 3181 4012 sacriﬁcium
3209 3955 3393 4011 all‘erte

1805 4049 2034 4104 Domino
2062 4049 2171 4105 Deo
2197 4059 2405 4115 nostro,
2448 4058 2501 4105 et
2524 4050 2592 4106 ab
2618 4047 2733 4118 ejus
2763 4047 3002 4104 Ecclesia
3034 4048 3210 4103 omnis
3238 4046 3388 4100 novi-

1806 4143 1934 4197 tatis
1955 4141 2202 4196 nebulam
2241 4143 2392 4199 radio
2425 4142 2642 4213 pietatis
2670 4151 2858 4196 vestra:
2886 4140 3176 4210 dispergite
3205 4156 3219 4192 :
3263 4153 3397 4208 qua-

1804 4241 1960 4290 tenus
1997 4233 2253 4289 Dominus
2279 4235 2419 4290 Deus
2444 4245 2652 4301 noster,
2678 4235 2876 4289 vicaria
2906 4249 3028 4303 0pc,
3059 4246 3248 4287 omnes
3277 4246 3396 4300 qua:

1804 4336 1990 4382 contra
2017 4343 2114 4382 vos
2142 4337 2268 4383 sunt
2289 4335 2549 4382 conterat
2577 4327 2839 4390 nationes,
2869 4337 3093 4394 quzeque
3117 4337 3304 4392 pacem
3339 4332 3396 4374 et

1804 4415 2271 4488 inexpugnabilem
2296 4416 2463 4472 Deum
2492 4416 2777 4487 repellunt.
2823 4414 3099 4482 Quatenus
3128 4414 3281 4468 Vobis
3324 4424 3389 4466 ea

1805 4523 1923 4578 quae
1950 4518 2073 4564 sunt
2102 4508 2195 4562 Dei
2235 4507 2569 4570 curantibus,
2614 4507 2752 4561 Deus
2776 4522 2896 4575 qua:
2928 4514 3106 4559 vestra
3136 4511 3262 4558 sunt
3289 4503 3386 4557 be-

1805 4599 1996 4671 nignus
2015 4599 2266 4670 dignetur
2287 4597 2568 4668 perﬁcere.
2597 4597 2822 4667 Propter
2840 4598 2982 4667 quod
3002 4597 3165 4651 etiam
3194 4593 3391 4649 mentis

1806 4689 2064 4746 inclinato
2087 4704 2226 4760 genu
2266 4697 2372 4744 tota
2403 4703 2616 4745 mecum
2645 4686 2884 4742 Ecclesia
2915 4686 3199 4757 supplicat,
3230 4692 3289 4738 ut
3324 4684 3394 4738 ab

1804 4781 2114 4853 integritate
2161 4780 2518 4836 immaculata:
2573 4779 2692 4835 ﬁdei
2743 4789 2964 4846 nostrae,
3011 4793 3173 4850 quam
3220 4776 3393 4832 sancti

1805 4857 2030 4943 apostoli
2087 4872 2240 4928 nobis
2295 4871 2653 4937 tradiderunt,
2713 4880 2768 4926 et
2815 4869 3140 4928 sanctissimi
3206 4867 3394 4922 Patres

1803 4963 2066 5020 doctrinis
2095 4963 2536 5021 luculentissimis
2579 4963 2983 5034 consignavere,
3028 4975 3180 5018 novae
3207 4958 3396 5015 confu-

1803 5054 1970 5113 sionis
1998 5057 2268 5112 turbinem
2298 5071 2554 5114 amovere
2581 5055 2850 5124 dignetur.
2880 5057 3155 5126 Quatenus
3183 5053 3322 5107 Deus
3344 5060 3400 5105 et

1805 5145 2066 5203 Dominus
2103 5155 2305 5212 noster,
2344 5147 2502 5218 cujus
2546 5146 2676 5200 ﬁdes
2705 5144 3051 5205 immaculata
3078 5145 3397 5207 custoditur,

1799 5238 2205 5296 misericordias
2231 5251 2360 5292 suas
2388 5242 2584 5298 merito
2616 5233 2766 5290 vobis
2793 5246 2850 5291 et
2877 5237 3247 5311 copiosissime
3291 5235 3401 5289 lar-

1799 5330 1999 5400 giatur,
2027 5331 2116 5401 qui
2145 5337 2231 5386 est
2250 5332 2598 5403 omnipotens
2633 5333 2688 5379 et
2716 5326 2979 5389 Dominus
3018 5331 3398 5400 sempiternus.

1798 5419 2029 5480 Creator
2049 5421 2289 5477 omnium
2322 5421 2392 5475 ad
2426 5431 2664 5480 vestrum
2690 5419 2924 5493 benigne
2952 5422 3202 5495 respiciat
3233 5421 3404 5487 impe’

1803 5513 1945 5552 υ-ἶηηι
2011 5523 2077 5552 al.
2115 5520 2300 5552 antll’m
2381 5529 2503 5550 mum
2560 5513 2610 5548 in
2670 5525 2764 5548 eun
2827 5515 3044 5561 faril-sln
3099 5516 3370 5558 ρρνιῐὲιιηηβ
