4016 6296
247 429 341 484 569

759 419 1275 478 COLLECTANEA.
1317 452 1374 462 —
1427 419 1519 474 EX
1554 417 1768 474 EPIST.
1813 416 1871 472 S.
1913 415 2158 471 MAXIM!
2197 418 2292 471 Al)
2325 415 2641 472 MARINUM
2682 416 2922 471 PRESB.
3368 420 3475 476 5ῖο

245 546 427 616 θρωπον
453 539 602 593 αὐτὸν
627 538 752 610 μετὰ
782 543 871 592 τοῦ
912 534 1035 602 εἶναι
1065 539 1211 608 φύσει
1239 536 1358 590 Θεὸν
1396 537 1486 588 οὐκ
1531 532 1671 602 ἔχειν
1705 533 1778 586 iur

1879 529 2112 589 ,nalilms
2150 529 2519 596 voluntatibus,
2562 541 2608 584 et
2661 531 2902 584 humanis
2959 535 3375 604 cogitationibus,
3417 550 3472 593 ut

244 637 472 710 θρῶπινον
505 633 692 704 θέλημα
721 634 802 684 καί
828 632 1032 701 φυσικὸν
1053 671 1063 689 ,
1097 627 1272 704 ὥσπερ
1315 623 1399 681 οὖν
1438 629 1517 681 καί
1555 627 1682 681 θεῖον
1720 627 1801 680 καὶ

244 727 493 801 πατρικὸν.

304 999 366 1051 τὸ
401 994 444 1050 δ’
481 999 604 1050 αύτὸ
659 991 753 1067 κᾷν
802 1004 911 1056 τοῖς
953 991 1066 1058 έξῆς
1112 996 1460 1049 ύπαινίττεται
1489 1033 1502 1055 ,
1551 994 1795 1065 φάσκωνο

240 1090 390 1162 Χωρίς
415 1087 672 1161 ἁμαρτίας
698 1087 970 1156 συνελὴῳθη
999 1085 1051 1138 ἐκ
1085 1093 1315 1158 ηνεύματ
1345 1106 1370 1145 ς
1415 1084 1561 1155 ἁγίου
1599 1087 1680 1138 καί
1707 1090 1800 1144 τῆς

241 1177 374 1249 ἁγίας
402 1181 668 1256 ἄχραντον
699 1181 784 1232 καί
812 1179 1138 1252 ἀειπαρθένου
1177 1177 1405 1233 θεοτόκου
1447 1178 1671 1248 Μαρίας.
1713 1178 1801 1230 καί

240 1273 393 1342 χωρίς
427 1272 693 1343 μολυσμοῦ
722 1272 773 1334 ἐξ
804 1272 961 1332 αὐτῆς
987 1272 1116 1326 κατὰ
1143 1272 1310 1346 σάρκα
1339 1271 1650 1340 γεγέννηται.
1700 1272 1800 1326 Τῆν

239 1357 284 1412 δέ
317 1380 368 1430 γε
414 1361 549 1413 θείαν
597 1366 785 1433 γραφήν
818 1363 1090 1422 έπαινετῶς
1144 1383 1198 1416 τε
1251 1364 1334 1415 καί
1367 1361 1562 1429 ψεκτῶς
1587 1363 1799 1438 προάγῃ

236 1455 317 1507 τῆς
354 1450 535 1524 σαρκίς
579 1452 1018 1519 μνημονεύουσαν,
1069 1451 1170 1520 οὐχ
1221 1451 1411 1524 ἑτέραν1
1467 1455 1535 1523 μή
1583 1453 1793 1522 γένοιτο,

237 1546 289 1610 τῇ
313 1559 361 1593 τε
391 1539 537 1609 quasi
588 1545 671 1594 καί
710 1551 771 1610 τῇ
813 1543 966 1617 οὐσίᾳ
1006 1547 1099 1602 τὴν
1142 1549 1232 1597 τοῦ
1263 1546 1444 1617 κυρίου
1471 1543 1638 1616 σάρκα
1667 1543 1797 1616 πρὸς

236 1635 315 1688 τὴν
338 1633 578 1708 ἡμετέραν
617 1633 914 1688 ύποεὰλλων
942 1643 1095 1697 νοεῖν,
1133 1632 1188 1694 ὃς
1221 1655 1278 1704 7s
1318 1635 1507 1690 ταύτην
1535 1635 1794 1692 ἠπίστατο

236 1719 627 1792 προσληφθεῖσαν
657 1721 710 1775 ἐκ
737 1731 828 1784 τῆς
858 1724 1099 1796 ἡμετέρας
1147 1723 1341 1782 οὐσίας.
1385 1722 1538 1791 ἤγουν
1557 1728 1659 1776 τῶν
1701 1731 1794 1782 τῆς

232 1805 463 1882 ὅμηυοῦς
505 1813 626 1882 ἡμῖν
687 1813 1012 1888 ἀειπαρθένου
1065 1815 1144 1867 καί
1191 1814 1486 1887 θἐομήτορος
1534 1813 1792 1884 πάναγίων

1901 621 2291 676 sacratissimus
2330 624 2649 679 Athanasius
2703 628 2795 680 ait.
2845 628 2958 683 Non
2991 639 3168 686 tamen
3201 635 3475 704 perhibuit

1901 725 2024 776 eum
2076 721 2332 782 tanquam
2377 715 2685 784 hominem,
2743 721 2869 788 quia
2914 732 2997 778 est
3025 738 3238 794 quoque
3281 736 3470 782 natura

1901 800 2063 866 Deus,
2091 817 2196 857 non
2237 803 2435 859 habere
2479 807 2772 862 humanum
2802 810 3128 866 voluntatem
3159 825 3215 869 et
3249 829 3471 873 natura-

1899 889 2025 956 lem,
2059 893 2509 959 quemadmodum
2538 906 2594 952 et
2621 897 2856 956 divinam
2883 910 3044 972 atque
3072 916 3374 973 paternam.

1968 983 2204 1054 Idipsum
2254 994 2432 1041 autem
2464 988 2626 1042 etiam
2678 991 2730 1044 in
2769 991 3222 1063 subsequentibus
3276 1001 3470 1069 innuit,

1899 1091 2148 1134 asserens
2176 1096 2189 1132 :
2221 1076 2345 1133 Sine
2380 1091 2591 1148 peccato
2622 1094 2895 1153 conceptus
2924 1097 2998 1140 est
3022 1089 3086 1142 de
3120 1087 3319 1158 Spiritu
3349 1112 3472 1148 san-

1899 1177 2003 1233 cto,
2034 1177 2083 1222 et
2112 1179 2318 1256 sancta,
2340 1172 2679 1227 immaculata
2704 1191 2998 1248 semperque
3028 1178 3237 1252 Virgine
3258 1184 3353 1239 Dei
3379 1204 3468 1256 ge—

1899 1257 2081 1311 nitriee
2127 1255 2336 1323 Maria,
2375 1270 2422 1314 et
2477 1263 2588 1315 sine
2640 1265 2945 1335 contagione
2980 1285 3044 1322 ex
3079 1287 3139 1324 ea
3187 1255 3474 1330 secundum

1897 1365 2105 1406 carnem
2153 1360 2307 1404 natus
2349 1362 2443 1406 est.
2503 1353 2745 1409 Divinam
2792 1372 3005 1428 quoque
3053 1362 3385 1434 Scripturam
3418 1367 3468 1421 in

1896 1436 2110 1492 laudem
2139 1448 2192 1493 et
2216 1440 2665 1509 vituperationem
2689 1445 2889 1514 profert
2918 1451 3096 1505 carnis
3153 1455 3472 1510 memoriam

1899 1528 2096 1584 facere.
2129 1528 2242 1584 Non
2279 1530 2462 1595 aliam,
2494 1533 2655 1598 absit,
2685 1543 2874 1591 natura
2925 1546 2980 1592 et
3024 1541 3325 1597 substantia
3364 1545 3469 1598 Do-

1897 1618 2026 1674 mini
2065 1633 2311 1684 carnem,
2339 1631 2760 1690 quamnostram
2783 1641 3132 1684 commoneas
3161 1631 3468 1704 intelligen-

1894 1710 2018 1764 dam
2052 1728 2064 1764 :
2103 1711 2195 1780 qui
2219 1711 2384 1766 etiam
2415 1713 2554 1768 banc
2583 1714 2786 1770 sciebat
2827 1729 3156 1789 assumptam
3185 1737 3250 1776 ex
3288 1734 3472 1780 nostra

1894 1798 2220 1864 substantia,
2253 1799 2302 1853 id
2341 1810 2425 1855 est
2457 1816 2524 1855 ex
2554 1806 2856 1875 eongenita:
2888 1807 3045 1862 nobis
3081 1823 3294 1880 semper
3345 1811 3468 1865 Vir-

234 1899 547 1973 σπλάγχνων.
571 1901 678 1955 ἀλλ’
700 1902 874 1976 έτέραν
894 1910 954 1978 τῇ
980 1902 1294 1977 ὃιμαρτησίᾳ.
1328 1908 1518 1959 καὶτοῦ
1545 1901 1778 1975 μηδαμῶς

1891 1891 2032 1964 ginis
2060 1901 2116 1948 et
2148 1894 2240 1950 Dei
2269 1894 2458 1951 Matris
2488 1899 2691 1953 sanctis
2744 1901 3067 1968 visceribus;
3106 1905 3199 1958 sed
3241 1905 3468 1960 alienam

229 1991 632 2063 ἀντιταττόμενον
678 1993 708 2049 ἴ
711 2015 846 2065 χειν,
885 1995 1110 2069 καθάπερ
1149 1997 1288 2064 ἡμεῖς
1325 2036 1336 2048 .
1373 1996 1422 2050 ἐν
1459 2004 1565 2057 τοῖς
1618 1998 1787 2065 μέλεσι

229 2081 302 2134 τὸν
326 2081 374 2134 έκ
401 2084 752 2160 παραϐάσεως
788 2085 934 2156 νόμον
977 2093 1048 2156 τῷ
1077 2087 1208 2158 νόμῳ
1245 2095 1334 2143 τοῦ
1381 2091 1682 2157 Πνεύματος.
1715 2091 1786 2143 Οὐ

227 2174 313 2243 γὰρ
343 2175 678 2247 προσελήφθη.
706 2181 871 2248 φησίν,
919 2177 1015 2233 ὗπό
1061 2187 1147 2233 τοῦ
1188 2189 1417 2254 σωτῆρος
1442 2183 1473 2240 ἠ
1500 2183 1786 2257 κατεφθαρ-

225 2264 332 2330 μένη
366 2265 466 2317 διπό
493 2273 587 2326 τῆς
619 2265 874 2342 ἁμαρτίας
916 2270 1075 2343 σὰρξ,
1116 2271 1146 2328 ἡ
1180 2271 1667 2346 ἁντιστρατευομένη
1713 2281 1786 2345 τῷ

226 2353 340 2422 ιὸμῳ
383 2358 472 2408 τοῦ
519 2356 632 2415 νοός
661 2356 820 2410 αὐτοῦ
839 2374 851 2386 ⁸
901 2353 972 2412 Ού
998 2379 1130 2420 τινος
1158 2363 1255 2434 γὰρ
1286 2363 1342 2413 ού
1367 2367 1790 2434 προκαθηγήσατο

225 2445 247 2499 ὃ
282 2448 374 2500 καθ’
409 2447 669 2524 ἁμαρτίαν
736 2447 820 2505 διὰ
885 2458 1087 2527 σπορᾶς
1131 2461 1222 2515 τῆς
1261 2458 1536 2526 γεννήσεως
1587 2448 1736 2524 tam
1766 2494 1782 2520 ,

225 2544 388 2594 τοῦτου
429 2542 689 2599 παντελῶς
734 2539 846 2595 οὐδὲ
889 2549 997 2601 τοῖς
1037 2542 1234 2611 μίὶεσιν
1289 2545 1610 2618 ἓνυπάρχειθ
1657 2545 1784 2600 ἀλλᾶ

225 2628 356 2698 νόμος
382 2631 511 2690 θείας
538 2628 865 2692 δικαιοσύνης
892 2634 1021 2702 πρὸς
1057 2633 1394 2690 ὑποτύπωσιν
1418 2637 1532 2701 ἡμῖν
1560 2635 1780 2705 έκφαινό-

224 2741 371 2789 μενος.
415 2727 499 2778 καί
543 2723 636 2778 τὸν
691 2725 742 2777 ἐκ
783 2723 1126 2798 παραϐάσεως
1153 2727 1525 2798 έπεισαχθέντα
1551 2734 1614 2802 τῇ
1639 2729 1783 2797 γύσει

223 2816 397 2878 τελείως
439 2820 765 2892 ἐξαφανίζων.
797 2815 942 2874 ἰιλθε
987 2822 1110 2893 γάρ,
1144 2843 1309 2894 φησιν.
1353 2820 1381 2876 ὅ
1430 2823 1784 2896 ἀναμάρτητος

225 2915 417 2973 ζητῆσαι
444 2917 529 2967 καί
561 2922 727 2970 σῶσαι
769 2916 828 2971 τὸ
859 2916 1146 2981 ἀπολωλὸς,
1191 2919 1428 2974 τουτέστι
1472 2923 1564 2978 τήν
1613 2919 1781 2994 ἁμαρ-

222 3005 435 3060 τήσασαν
462 3012 559 3059 τοῦ
592 3007 906 3079 ἀνθρωπίνου
927 3007 1100 3079 γένους
1119 3009 1294 3081 φύσιν.
1331 3005 1536 3082 Ἐτερος
1573 3011 1673 3085 γὰρ
1699 3009 1782 3064 νὸ·

225 3113 308 3162 μος
328 3096 373 3148 έν
392 3104 496 3157 τοῖς
525 3098 727 3168 μέλεσιν
757 3101 945 3165 αὑτοῦ,
973 3099 1002 3158 ἣ
1036 3100 1219 3172 θέλημα
1251 3098 1482 3176 διάφορον
1503 3101 1533 3160 ἦ
1563 3103 1779 3156 ἐναντίον

222 3185 270 3236 ού
310 3188 470 3258 γέγονε
509 3196 588 3257 τῷ
616 3192 770 3264 ηατρί
797 3187 870 3260 [1⁸.
899 3189 1110 3266 Σωτῆρι]
1137 3233 1150 3252 .
1185 3190 1402 3246 ὺτεῦθεν
1426 3190 1639 3256 δεικνύς,
1669 3196 1776 3264 οὔχ
1805 3241 1848 3303 C

224 3279 277 3303 _'-
304 3281 348 3303 ,1
415 3277 454 3303 λ’
603 3283 615 3298 ‘
654 3283 679 3303 It
729 3284 740 3302 ο
953 3285 1022 3303 nos
1257 3288 1267 3303 ε
1470 3286 1480 3302 ο
1537 3302 1543 3303 ,
1582 3285 1588 3291 '
1619 3288 1630 3303 ο
1726 3289 1736 3303 I

220 3279 277 3338 ὡς
301 3281 382 3333 οὐκ
406 3277 554 3353 εἶχεν
592 3283 898 3358 ἀνθρώπινον
952 3285 1137 3356 θέλημα
1184 3288 1269 3340 καί
1306 3286 1513 3359 φυσικὸν
1534 3302 1547 3315 ·
1579 3285 1636 3340 οὗ
1679 3289 1776 3362 γὰρ

217 3368 343 3433 λέξας
386 3374 613 3440 φαίνεται
661 3379 849 3441 τοῦτο,
899 3373 1006 3429 ἀλλ’
1047 3375 1223 3450 ὅτιπερ
1269 3381 1336 3439 ὡς
1372 3375 1632 3454 ἅνθρωπος
1661 3378 1798 3438 οὗτε,

219 3465 332 3516 κατὰ
357 3470 504 3533 σῶμα
534 3460 615 3518 διὰ
647 3471 745 3518 τῶν
787 3465 946 3536 μελῶν
985 3471 1075 3525 τήν
1118 3468 1314 3523 οίανοῦν
1354 3470 1584 3530 ἐκέκτητο
1634 3471 1778 3543 παρά

217 3545 350 3620 φυσιν
406 3552 698 3625 ένέργειαν.
752 3549 865 3608 οὕτε
928 3559 1026 3626 μὴν
1076 3558 1204 3612 κατὰ
1267 3557 1447 3629 ψυχήν
1501 3561 1777 3630 θελήματος

217 3635 419 3694 ἐναντίαν
447 3641 475 3700 ἦ
517 3641 804 3717 παράλογον
834 3645 1044 3720 κίνησιν,
1091 3647 1265 3723 ὥσπερ
1300 3650 1460 3719 ἡμεῖς,
1495 3649 1664 3709 ἐπειδή
1691 3653 1776 3705 καί

215 3725 329 3801 ύπίρ
351 3730 494 3801 νόμον
529 3733 839 3805 ἀνθρωπίνης
863 3732 1061 3805 φύσεως
1091 3737 1298 3807 ἐτέχθη.

275 3825 596 3898 Τρανῶτερον
623 3824 677 3881 δέ
705 3823 798 3899 κᾷν
839 3837 945 3888 τοῖς
990 3830 1101 3894 ἑξῆς
1133 3833 1463 3905 παρίστησιν,
1491 3835 1558 3894 ὡς
1581 3833 1606 3888 ὁ
1634 3835 1774 3908 λόγος

219 3907 268 3968 ἦν
292 3915 422 3984 αύτῷ
449 3916 604 3985 μόνον
632 3918 688 3972 τὸ
719 3919 958 3989 έμπαθές,
985 3920 1090 3973 ἀλλ’
1118 3922 1176 3974 ού
1212 3923 1271 3978 τὸ
1309 3927 1520 3994 φυσικὸν
1557 3927 1641 3980 έπί
1679 3933 1769 3981 τοῦ

213 4007 420 4080 Σωτῆρος
462 4006 894 4080 ἀποδιορίσασθαι
947 4011 1167 4082 θέλημα’
1223 4015 1304 4066 καί
1339 4011 1538 4087 ὅτιπερ.
1573 4011 1662 4086 κᾷν
1699 4023 1770 4085 τῷ

213 4093 388 4165 φυσικῷ
432 4101 523 4154 καί
571 4102 858 4173 ἀνθρωπίνῳ
885 4145 900 4169 ,
946 4103 1074 4176 πρὸς
1119 4102 1176 4158 τὸ
1223 4105 1468 4177 πατρικὸν
1516 4108 1600 4159 καί
1639 4107 1771 4160 θεῖον

213 4188 450 4244 συνέϐαινε
494 4193 616 4261 μέν,
654 4189 886 4262 οὐδεμίαν
912 4197 1001 4252 τὴν
1027 4195 1079 4258 ἐξ
1101 4196 1442 4268 ἀντιπράξεως
1471 4193 1615 4267 ἔχων
1643 4199 1770 4271 πρὸς

211 4275 347 4334 inire
406 4280 676 4358 διαφορὰν,
727 4286 1060 4342 ὑποτύπωσιν
1125 4285 1178 4343 δέ
1227 4287 1394 4348 διδούς
1460 4293 1581 4357 ἡμῖν
1649 4293 1768 4346 έαυ-

209 4371 303 4454 Τίνι
340 4379 396 4430 τὸ
439 4383 616 4434 οἰκεῖον
649 4380 889 4443 έκουσίως
913 4382 1224 4438 ύπέταττεν·
1257 4386 1477 4439 συνίστα
1503 4383 1556 4439 δέ
1583 4387 1640 4440 τὸ
1668 4407 1767 4441 πα·

213 4476 381 4546 τρικὸν,
409 4479 448 4554 ᾦ
480 4474 541 4535 ἂν
580 4485 660 4538 καί
685 4484 832 4556 ἡμεῖς
864 4487 1234 4557 ἐκμιμούμενοι,
1277 4488 1335 4542 τὸ
1367 4488 1556 4542 ἑαυτῶν
1583 4490 1760 4549 ἀθετή-

211 4597 374 4642 σαντες
397 4622 412 4644 ς

209 4674 346 4748 λήνων
381 4681 546 4743 οὕτως
563 4700 574 4713 ⁸
596 4701 614 4732 ι
648 4680 740 4757 κᾷν
770 4687 1074 4762 γέγραπται,
1099 4685 1176 4744 ὅτι
1195 4689 1284 4742 οὐκ
1304 4685 1442 4746 ἦλθον
1469 4696 1680 4745 ποιῆσαι
1707 4690 1763 4745 τὸ

208 4774 374 4849 θέλημα
395 4784 452 4837 τὸ
475 4784 590 4856 έμόν
613 4824 626 4844 .
668 4786 790 4842 ἆ)λά
825 4795 913 4844 τοῦ
948 4787 1240 4860 πέμψαντός
1268 4809 1330 4858 με
1349 4789 1542 4864 πατρὸς
1562 4807 1574 4819 ·
1607 4810 1624 4842 ε
1658 4792 1760 4856 καί,

214 4893 230 4923 ί
258 4881 352 4951 οὐχ
371 4879 396 4935 ὃ
415 4885 514 4954 έγὼ
539 4886 682 4949 θέλω,
709 4887 814 4941 ἀλλ’
840 4886 869 4943 ὅ
901 4909 951 4944 τι
983 4891 1069 4952 σύ,
1094 4891 1280 4967 Πάτερ·
1325 4888 1417 4944 οὔκ
1471 4891 1566 4945 εἰσι
1598 4897 1764 4948 ταῦτα

207 4973 430 5055 δάφ·’ρου
476 4985 768 5056 θελήματος,
800 4992 1058 5044 τουτέστιν
1095 4990 1311 5045 έναντίου
1361 4992 1446 5044 καί
1482 4992 1571 5045 ἀντ
1593 4993 1761 5064 πρὰτο

206 5099 390 5145 τοντος·
419 5089 542 5143 ἀλλά
565 5098 656 5150 τῆς
684 5093 1087 5166 προσληφθείσης
1136 5094 1447 5170 ἀνθρωπίνης
1479 5097 1759 5168 οἰκονομίας

208 5183 530 5260 οἰκειουμένης
546 5194 828 5264 συμπαθῶς
856 5197 921 5250 τὰ
947 5196 1183 5269 ἡμέτερα.
1210 5203 1384 5250 Ταῦτα
1403 5197 1502 5267 γὰρ
1532 5193 1597 5251 δι’
1625 5198 1760 5266 ἡμᾶς

208 5278 379 5356 ἔλεγεν,
418 5287 491 5351 οἷς
535 5290 746 5347 δέδωκεν
773 5292 1099 5368 παράδειγμα
1126 5299 1260 5354 ὁτῆς
1305 5295 1570 5353 εὐσεϐείας
1617 5291 1760 5349 διδα-

207 5384 394 5450 σκαλος.
421 5391 502 5444 ἵνα
526 5400 634 5452 τοές
660 5390 864 5463 ἴχνεσιν
910 5396 1061 5452 αὐτοῦ
1111 5395 1346 5465 έπὼμεθα
1380 5413 1393 5426 ⁶
1445 5398 1530 5450 καί
1587 5400 1657 5466 μὴ
1698 5394 1756 5450 τὸ

206 5477 316 5536 ἴδιον
340 5487 546 5550 ἕκαστος
575 5493 734 5564 ἡμῶν,
760 5493 881 5547 ἀλλὰ
905 5497 962 5549 τὸ
991 5501 1080 5549 τοῦ
1111 5497 1289 5568 κυρίου
1315 5495 1498 5566 μᾶλλον
1537 5497 1588 5549 ἐν
1622 5499 1756 5550 πᾶσι

207 5587 472 5663 πρπίμήσῃ
510 5591 712 5662 θέλημα.
755 5611 770 5642 ι
799 5594 900 5647 Ούκ
948 5596 1204 5668 ἀναίρεσιν
1234 5590 1339 5657 οὖν,
1385 5597 1452 5655 ὡς
1489 5593 1630 5668 ἔφην,
1661 5601 1752 5650 τοῦ

205 5693 399 5748 φυσικοῦ
443 5694 523 5746 καί
565 5693 882 5769 ἀνθρωπίνου
927 5694 1205 5766 θελήματος
1230 5737 1243 5757 .
1287 5694 1409 5750 ἀλλὰ
1458 5701 1544 5749 τοῦ
1594 5696 1755 5767 ἐμπα-

207 5782 311 5843 6'46.-
356 5793 433 5848 καὶ
475 5795 615 5869 παρά
671 5796 815 5865 φύσιν
862 5803 1023 5862 ποιεῖ’
1073 5800 1154 5852 καί
1207 5794 1272 5851 δι’
1321 5794 1440 5852 ὅλου
1484 5797 1652 5869 φάναι,
1699 5799 1754 5852 τὸ

455 4585 515 4640 τὸ
563 4586 698 4639 θεῖον
729 4584 814 4641 διὰ
843 4588 1015 4648 πάσης
1053 4587 1277 4649 σπουδῆς
1323 4591 1719 4662 ἔκπληρὼσωμεν
1745 4629 1761 4654 ,
1793 4586 1838 4644 ο

1890 1997 1920 2037 a
1945 1983 2096 2048 vitio,
2125 1993 2179 2039 et
2218 1985 2525 2041 nullatenus
2555 1987 2725 2058 legem
2767 1993 3226 2060 praevaricationis
3269 1996 3472 2051 baben-

1891 2080 2015 2134 tem,
2058 2073 2198 2128 sicut
2250 2091 2366 2139 nos,
2401 2077 2454 2130 in
2509 2080 2766 2134 membris
2813 2094 3196 2154 repugnantem
3248 2087 3472 2155 spiritus

1888 2161 2011 2232 legi.
2052 2162 2175 2218 Non
2197 2167 2333 2219 enim
2358 2179 2624 2238 assumpta
2648 2179 2745 2234 est,
2777 2172 2875 2236 ait,
2903 2190 2934 2224 a
2970 2170 3244 2229 Saluatore
3281 2193 3405 2230 caro
3435 2196 3468 2232 a

1885 2263 2096 2324 peccato
2139 2267 2404 2324 corrupta,
2438 2275 2555 2324 quw
2595 2273 2902 2331 repugnaret
2949 2262 3051 2334 legi
3089 2265 3274 2319 mentis
3329 2267 3467 2336 ejus.

1886 2343 2052 2416 Cujus
2097 2347 2241 2400 enim
2287 2351 2756 2417 sementationem,
2789 2369 2908 2423 quae
2935 2368 3032 2422 per
3052 2365 3330 2425 peccatum
3357 2357 3468 2411 cill-

1885 2437 2048 2502 citur,
2078 2453 2184 2492 non
2231 2441 2508 2508 prmcessit
2532 2442 2892 2512 generationis
2924 2443 3032 2508 lex,
3066 2443 3222 2512 bujus
3247 2447 3469 2501 omnino

1887 2543 1986 2582 nec
2013 2527 2065 2582 in
2100 2531 2356 2585 membris
2383 2540 2466 2586 est
2490 2549 2504 2585 :
2530 2533 2623 2588 sed
2654 2533 2735 2588 lex
2764 2534 2958 2589 divinae
2990 2535 3217 2604 iustitiae
3241 2538 3306 2590 ad
3332 2538 3466 2592 ima-

1883 2617 2211 2686 ginationem
2270 2621 2424 2675 nobis
2473 2631 2713 2687 ostensa,
2742 2632 2796 2677 et
2825 2639 2942 2677 eam
2982 2641 3212 2695 quoque,
3247 2643 3368 2696 qum
3397 2645 3462 2683 ex

1882 2707 2328 2776 przevaricatione
2354 2718 2560 2764 natura:
2591 2710 2736 2764 illata
2758 2721 2864 2777 est,
2893 2713 3125 2780 perfecte
3156 2715 3462 2769 demolitur.

1884 2797 2044 2852 Venit
2068 2798 2210 2853 enim
2239 2799 2354 2854 sine
2382 2809 2604 2870 peccato
2624 2816 2866 2870 quterere
2892 2813 2946 2858 et
2967 2804 3177 2859 salvare
3198 2806 3342 2874 quod
3370 2822 3465 2876 pe-

1883 2889 2069 2956 rierat,
2101 2890 2152 2944 id
2181 2898 2261 2944 est
2284 2899 2530 2945 naturam
2558 2892 2777 2952 humani
2801 2895 3017 2962 generis
3059 2911 3176 2964 qua:
3201 2910 3458 2966 peccave-

1883 2989 1988 3035 rat.
2015 2980 2133 3035 Alia
2156 2981 2306 3060 enim.
2324 2981 2407 3036 lex
2433 2982 2481 3035 in
2508 2982 2767 3036 membris
2788 2983 2926 3052 ejus,
2958 2994 3050 3039 aut
3091 2984 3340 3062 voluntas
3381 2985 3464 3040 di-

1882 3090 2042 3130 versa
2075 3075 2154 3130 vel
2183 3075 2428 3139 adversa,
2466 3091 2570 3130 non
2599 3076 2699 3130 fuit
2727 3077 2778 3131 in
2805 3075 3106 3132 Salvatore.
3139 3076 3272 3132 Hinc
3286 3088 3464 3134 osteu~

1881 3165 1984 3232 dit,
2011 3181 2116 3220 non
2145 3164 2286 3242 quod
2311 3180 2415 3220 non
2439 3165 2686 3220 balmerit
2722 3168 3015 3222 humanam
3049 3167 3378 3222 voluntatem
3403 3175 3460 3220 et

1881 3256 2176 3312 naturalem
2204 3257 2330 3328 (non
2357 3257 2502 3314 enim
2544 3257 2646 3312 boc
2673 3257 2874 3314 dixisse
2896 3257 3148 3329 videtur),
3185 3259 3278 3312 sed
3307 3257 3449 3327 quoi

1880 3349 2020 3405 sicut
2069 3349 2232 3404 homo
2280 3364 2454 3418 neque
2496 3347 2790 3403 secundum
2831 3363 3026 3418 corpus
3067 3363 3164 3418 per
3213 3345 3452 3401 membra

1879 3440 2175 3511 quamlibet
2199 3440 2396 3494 habeat
2425 3447 2623 3510 przeter
2645 3449 2853 3493 natura:
2884 3438 3030 3510 leges
3061 3436 3452 3506 operationem,

1877 3545 2051 3600 neque
2081 3546 2296 3584 rursum
2338 3530 2632 3586 secundum
2659 3529 2892 3583 animam
2924 3527 3215 3584 voluntatis
3243 3535 3460 3581 contra-

1877 3623 2038 3686 rium,
2068 3621 2152 3676 vel
2183 3622 2298 3676 sine
2347 3621 2559 3676 ratione
2607 3631 2835 3686 motum,
2867 3620 3028 3676 veluti
3063 3636 3198 3678 nos:
3229 3621 3353 3690 quia
3403 3629 3458 3674 et

1873 3727 2036 3781 super
2062 3711 2229 3782 legem
2256 3721 2416 3766 natus
2443 3721 2526 3766 est
2551 3709 2801 3770 humana:
2832 3723 3060 3766 natura}.

1943 3803 2262 3873 Expressius
2281 3812 2460 3857 autem
2492 3811 2549 3860 et
2569 3803 2621 3857 iu
2649 3802 3096 3872 subsequentibus
3115 3801 3454 3871 comprobat,

1870 3896 2014 3966 quod
2063 3911 2242 3951 sermo
2284 3895 2386 3950 sibi
2437 3905 2579 3950 esset
2653 3902 2878 3956 tantum,
2937 3895 3179 3948 vitiatam
3237 3901 3291 3948 et
3351 3908 3454 3946 non

1869 3987 2166 4044 naturalem
2217 4004 2246 4042 a
2297 3986 2577 4042 Salvatore
2639 3987 3048 4042 disterminandi
3099 3985 3452 4047 voluntatem,

1869 4084 1922 4132 et
1967 4079 2107 4146 quod
2157 4079 2208 4132 in
2262 4078 2491 4133 naturali
2541 4094 2605 4132 ac
2660 4078 2892 4133 humana
2944 4078 3010 4131 ad
3064 4087 3339 4148 paternam
3391 4091 3454 4132 ac

1868 4168 2102 4223 divinam
2180 4178 2526 4239 coaptaretur
2597 4169 2857 4239 quidem,
2915 4170 3010 4223 sed
3084 4168 3284 4224 nullam
3361 4168 3456 4222 ba-

1866 4253 2018 4311 beret
2071 4257 2137 4314 ad
2209 4257 2350 4312 illam
2420 4273 2487 4314 ex
2562 4258 2948 4329 repugnatione
3015 4259 3380 4312 diversitatem
3435 4274 3450 4312 :

1867 4362 2108 4403 normam
2162 4359 2339 4403 autem
2392 4349 2526 4404 dans
2593 4349 2748 4404 nobis
2804 4349 3080 4418 seipsum,
3133 4347 3274 4417 quod
3329 4361 3452 4416 pro-

1863 4440 1980 4510 prie
2004 4456 2156 4495 suum
2181 4450 2316 4506 eral,
2341 4440 2640 4497 voluntarie
2663 4440 2997 4511 sulijieiebat,
3043 4437 3453 4494 commendabat

1864 4542 1990 4581 vero
2059 4538 2362 4597 paternum.
2428 4528 2702 4596 Quatenus
2760 4538 2813 4583 et
2866 4545 2963 4582 nos
3037 4529 3253 4591 imitati,
3307 4528 3450 4596 quod

1867 4627 2108 4672 nostrum
2137 4627 2217 4673 est
2264 4620 2572 4690 reprobate,
2596 4621 2737 4689 quod
2769 4619 3006 4673 divinum
3035 4627 3119 4674 est
3165 4617 3309 4672 omni
3337 4626 3452 4672 stu.

1864 4707 1952 4761 dio
1977 4706 2306 4776 expleamus,
2331 4708 2514 4762 dicens
2554 4707 2625 4762 ita
2657 4726 2670 4762 :
2707 4707 2849 4762 Licet
2875 4708 3008 4761 enim
3047 4709 3295 4776 scriptum
3331 4710 3398 4761 sit
3427 4727 3446 4766 :

1868 4795 1989 4852 Non
2016 4797 2127 4851 veni
2158 4796 2329 4864 facere
2349 4797 2661 4851 voluntatem
2684 4814 2872 4862 meam,
2905 4799 2996 4852 sed
3025 4797 3137 4866 ejus
3162 4797 3251 4867 qui
3303 4784 3444 4851 misit

1864 4901 1945 4938 me
1983 4884 2162 4939 Patris
2190 4884 2373 4956 (Joan.
2403 4902 2477 4951 vi,
2501 4887 2615 4957 ‘58).
2659 4887 2724 4940 Et
2753 4901 2770 4938 :
2823 4886 2946 4940 Non
2975 4887 3116 4957 quod
3171 4901 3262 4955 ego
3308 4885 3441 4951 τοῖο,

1861 4976 1952 5029 sed
1994 4977 2132 5046 quod
2159 4987 2235 5040 tu,
2279 4975 2441 5030 Pater
2468 4977 2662 5048 (Marc.
2711 4994 2824 5040 xw,
2859 4977 2973 5047 36);
3023 4995 3124 5031 non
3177 4985 3297 5030 sunt
3333 4977 3444 5030 hazc

1855 5065 2073 5119 diversa:
2098 5065 2396 5129 voluntatis,
2431 5067 2484 5120 id
2521 5078 2594 5121 est
2635 5067 2916 5121 contraria:
2968 5084 3029 5121 ac
3086 5068 3444 5136 repugnantis,

1859 5156 1949 5220 sed
1983 5156 2385 5224 dispensationis
2437 5159 2780 5212 humanitatis
2833 5169 3132 5228 assumpta’,
3171 5176 3288 5229 qua:
3342 5173 3439 5211 sua

1858 5245 2288 5315 compassibiliter
2315 5248 2435 5318 fecit
2463 5264 2579 5318 qua:
2620 5258 2800 5301 nostra
2829 5257 2969 5301 sunt.
3002 5247 3112 5301 Ista
3146 5249 3282 5301 enim
3319 5253 3437 5315 pro-

1858 5344 1973 5405 pter
2009 5352 2100 5388 nos
2145 5335 2368 5399 dicebat,
2431 5337 2617 5407 quibus
2671 5337 2813 5392 dedit
2878 5336 3164 5408 exmplum
3233 5335 3438 5407 pietatis

1859 5428 2125 5497 magister,
2177 5437 2231 5480 ut
2281 5445 2562 5499 sequamur
2605 5429 2814 5498 vestigia
2857 5428 2994 5498 ejus,
3034 5437 3081 5482 et
3134 5443 3235 5481 non
3287 5443 3436 5480 suam

1860 5520 2213 5589 unusquisque
2243 5529 2496 5584 nostrum,
2537 5522 2626 5574 sed
2657 5519 2867 5573 Domini
2907 5520 3077 5589 potius
3101 5519 3154 5570 in
3200 5515 3437 5574 omnibus

1855 5613 2102 5682 pra'ferat
2151 5612 2484 5668 voluntatem.
2518 5609 2632 5664 Non
2675 5626 2802 5682 ergo
2851 5608 3337 5678 inleremptionem,
3380 5613 3438 5658 ut

1858 5705 1988 5772 dixi,
2017 5705 2280 5761 naturalis
2308 5713 2363 5758 et
2387 5705 2636 5759 humana:
2662 5703 2974 5764 voluntatis,
2997 5699 3090 5754 sed
3117 5698 3342 5759 vitiosae,
3373 5711 3436 5750 ac

1857 5796 1974 5866 ejus
2017 5814 2134 5868 qua:
2185 5806 2264 5853 est
2317 5806 2468 5854 extra
2521 5807 2792 5859 naturam,
2847 5793 2972 5850 facit
3005 5807 3018 5856 ;
3049 5800 3104 5846 et
3155 5797 3206 5842 ut
3255 5793 3430 5844 totum
