3916 5580
523 507 622 563 δτι

1725 489 2080 548 ANASTASll
2120 487 2657 546 BlBLlO'l‘HECARIl
3653 484 3746 542 δῖε

523 613 695 680 πάσης
726 613 980 688 ἁμαρτίας
1003 613 1268 684 ἐλεὺοερον,
1293 609 1352 665 τὸ
1376 607 1482 663 καθ’
1505 609 1661 680 ἡμᾶς,
1693 604 2098 678 ἕπιμαρτύρεται

2207 597 2487 662 fateamur,
2517 595 2590 651 ab
2604 610 2748 650 omni
2777 601 2999 663 peccato
3027 592 3192 648 Deum
3217 590 3445 646 liberum
3481 605 3600 644 esse
3613 599 3753 646 testa-

526 713 612 766 τὸν
642 709 707 765 δι’
737 711 870 780 ἡμᾶς
902 705 1222 780 σαρκωθέντκ
1251 701 1394 758 Θεὸν.

601 803 702 854 Καὶ
737 800 799 852 ἶν’
829 798 1081 868 ἕπιτὸμως
1134 794 1259 849 εἴπω
1284 811 1298 825 ⁸
1348 792 1432 847 διὰ
1475 798 1566 848 τοῦ
1622 791 1725 851 ἑνὸς
1777 790 2050 860 θελήματος
2077 829 2093 852 ,

525 897 584 950 τὸ
626 894 778 966 μόνην
816 899 908 950 τῆς
950 893 1102 946 αὐτοῦ
1138 891 1268 943 κατά
1298 888 1467 962 σάρκα
1505 889 1780 957 γεννήσεως
1832 889 1921 942 τήν
1966 883 2101 935 θείαν

528 984 1002 1061 προκαθηγήσασθαι
1050 981 1246 1037 θελησιν
1296 975 1476 1036 δηλοῦν
1517 975 1662 1032 αὐτὸν
1721 971 1875 1030 οἶναι⁶
1919 971 2002 1028 διὰ
2045 971 2100 1027 δέ

526 1085 616 1133 τοῦ
660 1082 726 1146 μή
767 1077 1026 1144 ὑπάρχειν
1085 1073 1360 1140 θελήματος
1422 1067 1702 1144 διαφοράν,
1755 1067 1812 1120 τὸ
1884 1066 2100 1118 ὶνοντίον

526 1169 614 1221 οὐκ
677 1167 815 1238 ἔχων
861 1165 892 1225 ἦ
944 1167 1298 1239 ἀντιπρᾶττον,
1333 1161 1454 1215 άλλά
1480 1163 1537 1214 τὶ
1575 1159 1852 1229 συμϐαῖνον
1887 1154 1950 1211 δι’
1981 1153 2098 1210 ὅλου

525 1261 608 1312 καί
656 1257 930 1325 ἡνωμένον
983 1253 1094 1310 ὅθεν
1145 1255 1284 1311 ἡνίκα
1328 1254 1415 1322 μὲν
1467 1255 1556 1309 τήν
1598 1250 1843 1322 ἡμετέραν
1869 1249 2016 1320 φύσιν
2048 1248 2102 1300 ἐκ

528 1357 618 1409 τῆς
659 1349 891 1405 θεότητος
937 1345 1296 1419 προσειλὴφθαι
1330 1344 1468 1415 λέγῃ,
1508 1341 1781 1414 θελήματος
1827 1339 1935 1398 ἑνὸς
1983 1359 2102 1406 μνη-

527 1443 752 1512 μονεύει⁴
785 1442 926 1497 ἡνίκα
963 1437 1016 1494 δὲ
1060 1439 1136 1500 τὸ,
1166 1439 1254 1491 οὐκ
1301 1433 1442 1494 ἦλθον
1496 1441 1709 1492 ποιῆσαι
1737 1426 1794 1486 τὸ
1826 1430 2012 1499 θέλημα
2041 1430 2098 1483 τὸ

527 1535 666 1600 ἐμὸν,
698 1535 767 1593 εἰς
789 1535 941 1602 μέσον
984 1538 1057 1603 τῷ
1083 1526 1214 1603 λόγῳ
1240 1528 1515 1603 προτίθησι
1539 1566 1552 1585 .
1581 1526 1669 1580 τὸν
1698 1522 1906 1596 ἀριθμὸν
1936 1523 2104 1593 ἀφεὶς-,κ

527 1628 618 1678 οὐκ
651 1628 749 1678 εἶσὶ
777 1623 963 1688 ταῦτά,
995 1643 1112 1696 φησι
1133 1663 1145 1685 ,
1181 1620 1419 1692 διαφόρου
1478 1618 1751 1688 θελήματος
1781 1658 1794 1680 ,
1835 1618 2100 1671 τουτέστιν

525 1715 751 1768 ἐναντίου
798 1717 883 1767 καὶ
911 1713 1267 1780 ἀντικειμένου.
1295 1708 1370 1773 Ἐξ
1419 1705 1478 1764 οὗ
1531 1710 1588 1764 τὸ
1635 1705 1725 1762 δύο
1771 1708 1901 1761 κατά
1951 1707 2100 1778 φύσιν

526 1805 784 1878 ὑπάρχειν
823 1806 868 1856 ἐν
890 1811 961 1872 τῷ
991 1811 1186 1876 σωτῆρι
1212 1801 1462 1871 θελήματα
1500 1799 1762 1874 προδήλως
1800 1799 2095 1870 συνάγεται.

529 1900 589 1949 lii
610 1899 709 1968 γάρ
742 1898 954 1950 ἐναντίον
987 1897 1072 1948 οὒκ
1098 1891 1261 1964 εἶχεν,
1292 1894 1498 1964 φυσικὸν
1528 1888 1669 1961 εἶχεν
1710 1894 1778 1951 ὡς
1812 1887 2095 1965 ἅνθρωπος.

527 1987 596 2040 Τὸ
621 1989 716 2058 γάρ
745 1988 833 2040 οὐκ
853 1987 1088 2046 ἐναντίον,
1108 1985 1313 2057 φυσικὸν
1333 1983 1558 2046 πάντως,
1575 1986 1658 2036 καὶ
1683 1981 1839 2042 οὐδεὲς
1865 1984 2095 2055 ἀντερεῖ·

528 2077 668 2133 οὐδέν
704 2083 801 2156 γὰρ
843 2081 894 2132 ἓν
929 2087 990 2152 τῇ
1033 2080 1180 2152 φύσει
1227 2078 1257 2137 ἦ
1306 2085 1412 2137 τοῖς
1464 2077 1591 2131 κατά
1643 2076 1791 2147 φύσιν
1845 2075 2104 2132 παντελῶς

530 2172 764 2224 ἐναντίον.
798 2172 909 2230 Δέος
946 2165 1031 2224 οὖν
1062 2170 1215 2223 πολλά
1263 2168 1449 2239 βαίνειν
1612 2161 1898 2234 ἐπιϐαλεῖν]
1924 2205 1939 2228 ,
1973 2161 1998 2216 ὃ
2033 2169 2101 2234 μή

528 2264 712 2336 κυρίως
741 2264 791 2314 ὲν
819 2269 929 2322 τοῖς
968 2262 1148 2316 ἑαυτοῦ
1180 2261 1394 2335 γέγραφε
1442 2257 1629 2329 λόγοις,
1657 2261 1741 2312 καὶ
1764 2258 2103 2329 μηχανᾶσθαι

529 2356 648 2413 τοὺς
681 2352 745 2408 δι’
773 2356 1001 2414 ἐναντίας
1048 2357 1233 2414 οἰκείας
1273 2351 1419 2415 δ’ξης
1463 2355 1529 2411 ὡς
1563 2353 1650 2404 οὐκ
1687 2351 1900 2424 ἀρίστης
1930 2349 2101 2403 ἕπικά-

528 2447 705 2517 λυμμα
733 2453 895 2500 ποιεῖν
921 2447 966 2501 τ’
997 2443 1175 2519 ἀνδρὸς
1203 2447 1268 2500 τά
1297 2446 1592 2518 γράμματα.
1623 2444 1724 2497 καθ’
1745 2444 1914 2515 ἕτερον
1942 2449 2104 2496 ταῦτα

529 2539 670 2609 παρά
689 2535 771 2590 τὸν
786 2537 970 2589 ἐκείνου
994 2537 1176 2591 σκοπὸν
1201 2537 1668 2610 παρεξηγουμένους
1686 2574 1699 2587 .
1731 2541 2106 2608 Συνηγοροζντα

529 2628 627 2700 γάρ
659 2624 774 2696 ἔχει
803 2627 886 2680 τὸν
907 2626 1068 2701 λογον,
1104 2631 1278 2682 πᾶσαν
1307 2633 1398 2681 τοῦ
1426 2628 1741 2696 ἔπηρεαστοῦ
1782 2623 2104 2700 καταδρομήν

530 2717 893 2774 ἀπελαύνοντα.

601 3072 690 3122 Καὶ
737 3069 871 3123 οἷτω
922 3072 1012 3139 μὲν
1059 3067 1214 3143 ἔγωγε
1259 3069 1346 3126 τὸν
1391 3076 1502 3124 νοῦν
1552 3068 1701 3141 ἔχειν
1736 3071 2102 3140 ὑπολαμϐάνω,

531 3162 703 3220 πάσης
732 3156 848 3214 ὄντα
871 3161 1082 3234 καθαρὸν
1104 3160 1353 3232 ὑποψίας.
1385 3162 1710 3236 Βεϐαιὸτερον
1740 3159 1793 3216 δέ
1818 3182 1903 3233 μοι
1928 3169 2107 3216 τοῦτον

531 3250 801 3306 πεποίηκεν
850 3249 904 3303 ἔκ
948 3259 1040 3310 τῆς
1094 3251 1454 3328 πρεσϐυτέρας
1501 3255 1689 3321 Ῥώμης
1739 3238 2018 3306 tumea.»
2079 3252 2105 3307 ὁ

531 3337 811 3401 ὁσιώτατος
862 3341 1220 3418 πρεσϐύτερος
1275 3344 1446 3416 κύριος
1509 3343 1679 3403 (3665:;-
1728 3342 2103 3406 ’Δναστάσιος,

529 3433 651 3506 ἀνὴρ
671 3473 683 3494 ,
718 3437 764 3487 εἰ
795 3436 880 3487 καί
906 3456 982 3494 τις
1011 3431 1179 3499 ἄλλος,
1209 3435 1362 3511 ἀρετῇ
1392 3456 1445 3491 τε
1487 3437 1594 3507 Orig.
1632 3439 1717 3490 καί
1761 3438 1993 3509 φρονήσει
2022 3455 2104 3488 κε·-

530 3536 838 3597 κοσμημένος
859 3543 873 3558 ο
905 3530 986 3581 καὶ
1015 3534 1176 3600 φήσας
1214 3533 1280 3589 ὡς
1312 3530 1470 3590 πολὺς
1499 3529 1644 3602 αὐτῷ
1676 3528 1825 3600 λόγος
1858 3530 2107 3586 κεκίνηται

529 3622 657 3685 πρὸς
706 3619 825 3680 τοὺς
868 3623 1030 3677 ἱκιῖσε
1077 3631 1167 3683 τῆς
1226 3624 1444 3695 μεγάλης
1491 3623 1753 3684 ἐκκλησίας
1797 3624 2108 3697 ἶερωτάτους

531 3707 750 3785 ἄνδρας,
796 3709 881 3767 διὰ
933 3719 1026 3772 τήν
1071 3718 1197 3789 πρὸς
1241 3716 1429 3792 Σέργιον
1495 3715 1545 3779 ἕξ
1604 3717 1764 3769 αὐτῶν
1823 3724 2106 3791 γραφεῖσαν

531 3801 831 3866 ἐπιστολήν,
873 3801 992 3857 ὅτου
1025 3806 1184 3879 χάριν
1209 3810 1426 3866 καὶπῶς
1466 3807 1591 3880 αὐτῇ
1629 3804 1876 3879 διερωτῶν
1907 3808 2106 3878 ἔνετάγη

532 3898 589 3950 τὸ
627 3896 678 3950 ἓν
712 3898 928 3967 θέλημας
971 3902 1057 3952 καὶ
1100 3895 1254 3976 εὗραν
1305 3899 1646 3972 άσχαλῶντας
1690 3902 1739 3954 ἓν
1775 3904 1941 3972 τούτῳ
1971 3939 1986 3964 ,
2025 3903 2109 3954 καὶ

531 3988 993 4061 ἀπολογουμένους,
1030 3993 1114 4044 καί
1147 3993 1274 4066 πρὸς
1313 3989 1487 4052 αὐτοῖς
1517 3993 1602 4047 τὸν
1635 3994 1821 4050 ταύτην
1864 3995 1915 4047 ἒν
1957 3993 2106 4048 λατί-

532 4100 632 4139 νοις
662 4083 1117 4155 ύπαγορεύσαντα,
1148 4085 1279 4137 κατὰ
1307 4083 1536 4138 κὶλενσιν
1564 4085 1720 4140 αὐτοῦ
1742 4086 1916 4159 κύριον
1942 4084 2109 4140 άϐϐἇν

535 4171 758 4231 Ἰωάννην
794 4175 884 4230 τὸν
911 4173 1187 4249 ἁγιώτατον
1227 4176 1516 4246 σύμπονον,
1568 4177 1992 4252 ἰσχυριζόμενον,
2041 4179 2110 4235 ὦς

533 4263 761 4338 θ’)δειμῶς
789 4269 1054 4339 ἕπίμνησιν
1084 4271 1129 4323 ἐν
1169 4272 1299 4330 αὐτῆ
1329 4269 1394 4326 δι’
1431 4274 1640 4343 ἀριθμοῦ
1665 4275 1966 4329 πεποίηνται
2001 4271 2110 4333 ἑνὸς

530 4361 589 4415 τὸ
635 4362 876 4434 παράπαν
931 4363 1225 4434 θελήματος,
1285 4367 1330 4418 εἰ
1377 4368 1461 4419 καὶ
1499 4372 1650 4420 τοῦτο
1696 4371 1785 4418 νῦν
1822 4364 2108 4421 άνεπλάσθη

534 4451 676 4523 παρὰ
704 4457 801 4503 τῶν
827 4453 1020 4510 ταύτην
1047 4452 1458 4528 ἔρμηνευσάντων
1485 4456 1557 4514 εἰς
1582 4459 1671 4513 τὴν
1697 4451 1909 4508 Ἐλλάδα
1929 4457 2107 4524 φωνήν.

533 4535 663 4593 Οὔτε
705 4545 800 4612 μὴν
826 4547 913 4600 τήν
942 4544 1135 4597 οἱανοῦν
1177 4545 1418 4618 κυρίωσιν
1447 4544 1476 4601 ἧ
1512 4544 1717 4602 ἐκεῗολην
1764 4549 1854 4598 τοῦ
1885 4545 2016 4597 κατὰ
2052 4543 2110 4598 τὸ

533 4631 840 4702 ἀνθρώπινον
885 4641 1096 4705 φυσικοῦ
1127 4641 1216 4690 τοῦ
1242 4643 1472 4710 σωτῆρος
1506 4637 1812 4707 θελήματος,
1845 4635 1970 4689 ἀλλὰ
2016 4641 2107 4690 τοῦ
2140 4663 2186 4722 D

531 4722 640 4778 καθ’
686 4725 819 4795 ἡμᾶς
869 4727 950 4778 καὶ
991 4725 1388 4797 διαϐεϐλημένου
1440 4727 1628 4782 τελείαν
1675 4728 1965 4786 ἀποσκευήν
2021 4731 2107 4781 καὶ

531 4815 811 4886 ἀναίρεσιν.
843 4816 952 4870 καθ’
983 4813 1009 4870 ὃ
1039 4820 1121 4872 καὶ
1160 4817 1185 4872 ὁ
1213 4822 1340 4892 πρὸς
1370 4797 1554 4878 ἄλληλα
1581 4825 1679 4873 τῶν
1721 4817 1969 4891 ὁμογενῶν
2011 4823 2104 4873 σῦ-

528 4909 768 4959 νὶσταται
810 4905 1049 4974 πόλεμος.
1093 4908 1258 4970 Δεῑξαι
1295 4907 1595 4977 βουλόμενος
1624 4911 1796 4967 πάσης
1825 4902 1983 4964 οὖσαν
2017 4929 2105 4963 καο

531 4993 688 5065 θαράν
722 4993 978 5071 ἁμαρτίας
1026 5001 1116 5055 τήν
1163 4998 1566 5070 προσληφθεῖσαν
1603 5001 1804 5073 σάρκα,
1838 5000 1968 5053 κατά
2015 5005 2104 5058 τήν

531 5091 630 5138 τῶν
676 5085 960 5158 ἕερωτοὶτων
1005 5087 1204 5158 λογίων,
1240 5092 1322 5142 καὶ
1359 5098 1457 5144 τῶν
1485 5097 1745 5164 πατρικῶν
1779 5087 2104 5162 διδαγμάτων

531 5172 838 5248 παράδοσιν.
868 5180 966 5232 Καὶ
996 5181 1244 5252 φαίνονταί
1271 5203 1378 5240 πως
1408 5180 1492 5236 διά
1513 5189 1612 5236 τῶν
1639 5183 1880 5237 τοιούτων
1920 5182 2102 5252 λόγων,

536 5266 836 5323 σννάδοντίε
869 5279 970 5324 τοῖς
999 5275 1184 5322 ἀοτίωτ
1221 5275 1501 5328 ἔξηνηθεῖσι
1533 5278 1678 5332 ποιρά
1719 5282 1810 5329 τῆς
1858 5275 1978 5326 ἐμῆς
2025 5277 2108 5322 οὐ-

2199 698 2309 750 tur,
2343 689 2430 757 qui
2472 685 2767 740 secundum
2806 699 2904 739 nos
2941 691 3158 753 propter
3195 697 3294 736 nos
3328 680 3638 735 incarnatus
3661 690 3751 734 est.

2272 780 2336 834 Et
2382 790 2438 834 ut
2472 777 2790 848 compendio
2842 775 3037 839 dicam,
3069 790 3166 845 per
3217 789 3377 828 unam
3445 771 3754 826 voluntatem

2199 873 2366 928 solam
2390 870 2505 940 ejus
2531 869 2825 925 secundum
2853 883 3070 922 carnem
3104 865 3441 920 nativitatem
3480 876 3602 916 eum
3633 861 3757 914 divi-

2200 981 2322 1020 nam
2351 963 2692 1034 prmcessisse
2727 960 3054 1014 voluntatem
3098 959 3338 1014 indicare
3376 953 3625 1023 conjicio.
3667 952 3761 1006 Per

2201 1056 2252 1110 id
2281 1070 2406 1110 vero
2427 1053 2565 1118 quod
2597 1053 2693 1117 ait,
2722 1067 2825 1105 non
2855 1067 2974 1106 esse
3015 1050 3305 1104 voluntatis
3332 1046 3448 1116 ejus
3492 1045 3759 1101 diversita-

2203 1157 2329 1210 tem,
2355 1144 2685 1213 contrarium
2715 1142 2796 1196 vel
2833 1156 3134 1212 repugnans
3152 1139 3279 1210 quid
3305 1154 3410 1194 non
3434 1153 3556 1192 eum
3577 1135 3762 1190 habere

2204 1239 2471 1308 perhibet,
2505 1237 2597 1291 sed
2632 1235 2958 1290 conveniens
2978 1243 3029 1288 et
3049 1249 3272 1303 prorsus
3299 1232 3508 1286 unitum
3536 1245 3604 1300 ex
3639 1237 3760 1282 toto.

2204 1328 2355 1384 Unde
2382 1343 2504 1382 cum
2530 1337 2766 1382 nostram
2790 1326 3005 1396 quidem
3054 1335 3299 1379 naturam
3365 1323 3431 1378 de
3486 1321 3764 1378 divinitatis

2199 1419 2476 1474 voluntate
2500 1419 2631 1474 dicit
2660 1425 3009 1487 assumptum,
3040 1417 3199 1470 unius
3243 1415 3574 1468 mentionem
3627 1411 3769 1465 facit.

2200 1510 2333 1564 Illud
2361 1520 2540 1564 autem
2568 1508 3017 1578 quodintroducit
3048 1524 3062 1561 :
3103 1508 3224 1561 Non
3247 1508 3360 1560 veni
3383 1505 3557 1574 facere
3604 1503 3769 1560 volun-

2199 1608 2357 1652 tatem
2380 1614 2568 1661 meum,
2600 1598 2652 1652 in
2689 1597 2922 1672 medium
2945 1597 3110 1652 verbo
3133 1596 3414 1666 przeponit,
3436 1595 3637 1650 omisso
3680 1611 3772 1648 nu-

2202 1702 2352 1752 mero
2382 1705 2395 1740 :
2429 1685 2545 1741 Non
2587 1695 2735 1752 sunt,
2764 1687 2954 1757 inquit,
2982 1687 3096 1740 haec
3125 1686 3348 1740 diversa:
3387 1685 3698 1748 voluntatis,
3728 1683 3771 1737 id

2200 1788 2284 1835 est
2319 1779 2608 1834 contraria:
2629 1787 2789 1847 atque
2820 1778 3218 1832 atlversatricis.
3250 1778 3328 1830 Ex
3379 1792 3486 1847 quo
3512 1775 3645 1830 duas
3685 1789 3771 1828 se.

2201 1871 2436 1926 cundum
2494 1879 2743 1924 naturam
2783 1869 3016 1924 existere
3061 1870 3114 1922 in
3152 1869 3430 1922 Salvatore
3478 1865 3773 1919 voluntates

2134 1954 2173 2011 Β
2202 1961 2486 2018 manifeste
2513 1961 2803 2030 colligitur.
2837 1958 2893 2014 Si
2923 1959 3066 2014 enim
3095 1959 3422 2013 contrariam
3443 1972 3547 2011 non
3574 1954 3769 2018 habuit,

2203 2053 2504 2108 naturalem
2531 2053 2719 2108 habuit
2761 2060 3014 2120 tanquam
3065 2050 3244 2105 homo.
3280 2047 3432 2115 Quod
3480 2047 3622 2102 enim
3670 2060 3772 2099 non

2201 2155 2284 2202 est
2309 2145 2664 2207 contrarium,
2701 2144 2944 2198 naturale
2967 2141 3208 2212 profecto
3232 2151 3333 2195 est.
3360 2141 3424 2194 Et
3462 2154 3618 2194 nemo
3647 2154 3772 2192 con-

2204 2238 2450 2292 lradicet.
2486 2236 2627 2290 Nihil
2656 2237 2852 2306 quippe
2883 2235 2935 2288 in
2967 2243 3158 2288 natura
3200 2232 3280 2286 vel
3314 2233 3367 2286 in
3390 2231 3476 2285 his
3497 2246 3616 2300 quae
3659 2239 3774 2283 sunt

2202 2329 2496 2386 secundum
2521 2335 2793 2391 naturam,
2823 2335 2906 2380 est
2956 2325 3177 2379 omnino
3223 2322 3578 2378 contrarium.
3604 2320 3775 2374 Timor

2202 2439 2332 2495 ergo
2361 2430 2446 2478 est
2471 2421 2704 2491 opinari,
2743 2421 2885 2490 quod
2917 2418 2968 2472 in
2992 2418 3108 2487 ejus
3132 2416 3349 2486 praprie
3373 2431 3479 2468 non
3533 2421 3616 2467 est
3671 2426 3775 2464 ser-

2203 2515 2453 2569 monibus
2510 2511 2801 2581 scriptum,
2833 2517 2886 2563 et
2936 2508 3109 2562 moliri
3168 2504 3513 2559 adversarios
3561 2501 3773 2571 propria.-

2203 2603 2746 2674 opinionistanquam
2776 2615 2881 2654 non
2927 2599 3080 2654 bona:
3125 2596 3191 2650 ad
3237 2595 3604 2650 velamentum
3647 2590 3776 2644 illius

2204 2696 2304 2750 viri
2350 2695 2560 2749 litteras
2608 2691 2939 2754 faciendum,
2978 2678 3271 2745 secundum
3330 2695 3626 2753 utrumque
3688 2682 3777 2735 has

2203 2797 2397 2859 praeter
2460 2787 2602 2841 illius
2638 2785 2984 2840 intentionem
3039 2781 3173 2836 falso
3238 2779 3565 2835 referentes.
3617 2776 3774 2832 Advo-

2205 2890 2382 2938 catum
2398 2880 2592 2950 quippe
2606 2879 2768 2934 habet
2796 2876 3019 2931 rationis
3033 2886 3331 2930 sermonem
3347 2885 3566 2926 omnem
3589 2867 3774 2922 calum-

2206 2972 2431 3027 niatoris
2481 2970 2782 3042 ahigentem
2814 2967 3117 3022 incursu-n.

2276 3063 2343 3118 Et
2381 3077 2480 3134 ego
2530 3061 2745 3132 quidem
2784 3060 2864 3116 sic
2895 3075 2956 3116 se
3014 3057 3156 3113 illius
3179 3057 3380 3112 habere
3431 3071 3654 3111 sensum
3680 3053 3777 3108 exi-

2209 3156 2390 3218 stimo.
2409 3156 2477 3209 ah
2499 3154 2643 3208 omni
2674 3152 2980 3222 suspicione
3015 3159 3317 3220 purgatum.
3348 3133 3772 3202 Certiorem-an-

2211 3253 2317 3300 tem
2348 3244 2476 3297 mihi
2501 3243 2644 3298 hunc
2667 3241 3039 3296 sanctissimus
3061 3239 3184 3293 fecit
3209 3236 3508 3307 presbyter,
3543 3233 3775 3288 dominus

2157 3343 2176 3362 λ
2210 3333 2457 3388 videlicet
2489 3330 2810 3387 Anastasius
2847 3329 3014 3384 abbas
3037 3343 3066 3380 a
3095 3326 3288 3382 seniori
3316 3325 3486 3379 Roma
3521 3338 3773 3385 reversus,

2212 3425 2292 3478 vir
2311 3423 2515 3479 scilicet
2546 3419 3020 3489 imcomparahilis,
3047 3419 3350 3486 virtuteque
3375 3415 3558 3470 divina
3590 3423 3644 3468 et
3670 3429 3778 3482 pru-

2209 3518 2388 3574 dentia
2427 3524 2740 3582 venustatus
2774 3532 2786 3568 :
2815 3510 2905 3582 qui
2935 3524 3198 3573 asserens,
3231 3507 3374 3578 quod
3411 3505 3646 3560 multum
3677 3518 3776 3558 ser-

2208 3623 2423 3663 monem
2446 3603 2764 3660 moveritad
2803 3601 3198 3657 sacratissimos
3245 3613 3455 3669 magna:
3499 3597 3648 3652 ilrms
3695 3595 3777 3648 Ec—

2208 3699 2386 3755 clesia:
2412 3698 2575 3761 viros,
2609 3704 2827 3766 propter
2853 3692 3133 3764 epistolam
3161 3705 3282 3760 quae
3307 3690 3375 3744 ah
3403 3704 3470 3743 eo
3517 3686 3696 3742 fuerat
3721 3685 3774 3738 ad

2211 3789 2456 3860 Sergium
2505 3788 3090 3858 scripta.percontans
3144 3781 3297 3852 cujus
3345 3781 3424 3836 rei
3477 3780 3676 3852 gratia,
3706 3775 3776 3831 vel

2209 3882 2439 3952 qualiter
2467 3882 2519 3935 in
2552 3896 2614 3936 ea
2645 3881 2848 3935 inserta
2877 3877 3040 3934 fuerit
3061 3892 3165 3932 una
3192 3875 3457 3938 voluntas,
3485 3883 3542 3926 et
3588 3869 3777 3927 invenit

2209 3975 2518 4031 haesitantes
2545 3974 2596 4028 in
2650 3974 2775 4038 hoc,
2800 3981 2856 4027 et
2907 3971 3168 4026 rationem
3225 3968 3547 4029 reddentes;
3574 3966 3775 4031 insuper

2207 4077 2264 4124 et
2298 4083 2440 4133 eum,
2472 4067 2564 4136 qui
2593 4066 2735 4121 hanc
2763 4079 2860 4134 per
2878 4063 3173 4134 jussionem
3196 4058 3312 4130 ejus
3339 4058 3551 4112 Latinis
3596 4063 3774 4110 tracta-

2208 4159 2348 4214 verit
2376 4157 2724 4219 dictionibus,
2750 4155 3026 4210 dominum
3050 4150 3302 4208 videlicet
3325 4150 3578 4204 abbatem
3622 4144 3768 4199 Joan-

2208 4263 2331 4302 nem
2368 4246 2768 4308 sanctissimum
2822 4257 3138 4316 symponum
3169 4254 3194 4282 ι
3229 4238 3616 4300 afﬁrmantem,
3647 4233 3772 4304 quod

2209 4340 2512 4394 nullomodo
2535 4336 2858 4392 mentionem
2881 4335 2934 4388 in
2962 4349 3024 4388 ea
3056 4348 3151 4404 per
3173 4345 3453 4386 numerum
3485 4328 3610 4383 fecit
3632 4326 3773 4380 unius

2208 4429 2535 4485 omnimodis
2563 4426 2858 4481 voluntatis
2882 4443 2895 4478 :
2921 4423 3047 4479 licet
3076 4425 3180 4478 hoc
3207 4436 3349 4476 nunc
3377 4420 3451 4474 sit
3493 4418 3672 4474 ﬁctum
3715 4413 3772 4469 ab

2210 4520 2293 4574 his
2335 4520 2425 4590 qni
2455 4519 2595 4574 hanc
2627 4517 2680 4570 in
2712 4516 2956 4572 Graecam
3003 4528 3190 4568 vocem
3241 4510 3586 4579 interpretati
3633 4514 3761 4562 sunt.

2214 4612 2410 4665 Verum
2435 4625 2534 4664 nec
2563 4607 2854 4679 quamlibet
2880 4604 3298 4659 exinanitionem
3329 4601 3416 4656 vel
3443 4601 3770 4655 abolitionem

2214 4701 2473 4757 naturalis
2506 4699 2800 4755 secundum
2832 4695 3222 4751 humanitatem
3255 4690 3559 4746 Salvatoris
3599 4689 3771 4742 volun-

2210 4793 2358 4854 tatis,
2389 4793 2480 4845 58d
2507 4788 2620 4858 ejus
2647 4803 2767 4857 qua:
2791 4795 2974 4841 nostra
2997 4792 3103 4848 est,
3130 4791 3185 4838 et
3207 4781 3436 4851 reproba
3469 4780 3636 4841 facta,
3664 4793 3770 4849 per-

2209 4880 2405 4936 fectam
2435 4879 2791 4948 dejectionem
2821 4885 2876 4931 et
2911 4874 3405 4942 interemptionem.
3433 4869 3598 4925 Juxta
3647 4866 3774 4938 quod

2207 4980 2262 5027 et
2289 4971 2342 5038 in
2369 4971 2594 5025 invicem
2617 4982 2804 5023 eorum
2845 4981 2963 5036 qua:
2985 4966 3145 5020 unius
3172 4960 3389 5032 generis
3406 4969 3540 5014 sunt
3566 4959 3776 5013 ellicitur

2209 5061 2424 5116 bellum.
2483 5058 2780 5116 Ostendere
2831 5056 3058 5119 volens,
3085 5053 3154 5108 ab
3200 5052 3345 5106 omni
3400 5065 3527 5106 esse
3571 5057 3777 5120 peccato

2211 5152 2464 5206 tnundam
2478 5157 2808 5219 assumptam
2823 5162 3062 5211 carnem,
3081 5142 3376 5200 secundum
3391 5141 3774 5196 sacratissimo-

2213 5256 2332 5295 rum
2362 5240 2697 5311 eloqniorum
2727 5248 2783 5291 et
2821 5245 3168 5308 paternarum
3203 5232 3586 5287 doctrinarum
3631 5230 3777 5286 tradi-

2487 5330 2546 5350 -.--
2611 5336 2829 5372 ...ησινρι
2868 5323 3101 5378 "namel-
3147 5322 3458 5376 lmiusmodi
3513 5333 3776 5376 sermones
