3916 5570
135 447 237 504 573

768 445 1279 505 COLLECTANEA.
1321 475 1391 486 —-
1429 445 1519 502 EX
1558 443 1773 502 EPIST.
1810 444 1870 500 S.
1910 440 2152 497 ΜΑΧΙΜΙ
2191 439 2281 496 Μ)
2319 437 2600 495 PETRUM
2642 436 2767 493 ιιι.

3288 432 3394 494 574

133 570 226 622 τήν
253 559 573 635 πανουργίαν
607 569 705 617 τῶν
741 565 910 617 πάντα
951 563 1248 633 τολμώντων
1288 563 1418 636 ὑπὲρ
1466 560 1570 621 ire;
1622 566 1713 614 τοῦ

1836 572 1960 620 'um,
1987 564 2040 609 et
2069 554 2319 624 obstupui
2350 552 2749 623 quodammodo
2775 564 2935 620 super
2955 549 3155 604 astutia
3199 565 3389 605 eorqu

134 655 364 714 διακενῆς
391 654 594 709 ἀσεϐεῖν
620 696 634 719 ,
663 659 744 708 καὶ
769 655 1034 719 θελόντων,
1065 658 1132 715 ὡς
1181 653 1292 714 ἔθος
1332 655 1505 713 αὐτοῖς
1551 653 1708 708 πάλαι

134 749 221 800 καί
245 749 335 800 νῦν
358 787 374 810 ,
414 746 766 819 παρα-κλοπαῖς
797 767 902 801 τισι
941 751 1022 801 καὶ
1051 748 1422 821 «captivi-713mm
1465 749 1585 806 τοὺς
1631 747 1710 798 ἐκ·

134 839 316 907 Otium:
371 838 482 891 καθ’
526 840 688 892 αὐτῶν
736 841 1127 910 ἀγωνιζομένους
1152 878 1165 901 ,
1224 839 1284 893 τό
1355 857 1411 910 γε
1463 841 1608 910 παρὰ
1653 838 1709 890 τὸ

135 932 271 992 εἰκός
299 972 314 993 ,
369 937 443 993 εἰς
490 934 706 994 ἑαυτοὺς
763 936 1085 990 ἐπισπᾶσθαι
1114 975 1128 996 ,
1169 938 1248 987 καὶ
1306 935 1392 988 τὸν
1444 939 1554 987 νοῦν
1589 951 1707 1003 σφι-

132 1025 424 1094 τερίζεσθαι
453 1022 697 1096 μηδαμῶς
739 1024 1089 1095 συνεπόμενον.
1145 1023 1444 1097 ’Δναγκαὶως
1496 1018 1584 1076 οὖν
1631 1025 1710 1076 καὶ

133 1116 289 1164 τοῦτο
334 1114 509 1182 μαθών
550 1112 804 1172 δέδήλωκὰ
855 1135 938 1169 σοι
966 1157 979 1178 ,
1026 1116 1286 1179 Gratiam:
1333 1116 1523 1188 Πάτερ,
1556 1115 1626 1172 ὡς
1653 1108 1714 1167 ἂν

135 1198 221 1254 διὰ
268 1203 478 1257 πάντων
529 1207 841 1276 φραξάμενος
887 1203 1034 1274 ἔχοις
1085 1204 1226 1266 ὅπως
1295 1203 1570 1277 διακρούσῃ
1614 1209 1714 1256 τῶν

136 1292 372 1347 ἐναντίων
417 1298 512 1353 τὰς
562 1296 840 1368 φάλαγγας,
897 1296 1026 1366 λόγῳ
1071 1317 1124 1351 τε
1173 1297 1369 1367 βάλλων
1404 1296 1605 1357 ιύτὸνος
1628 1296 1720 1349 καὶ

137 1384 310 1436 πίστει
337 1384 467 1438 κόιτά
502 1388 685 1459 κράτος
714 1392 1010 1462 ἐπιρνικῶν,
1041 1386 1185 1451 δόξαν
1212 1408 1264 1443 τε
1295 1394 1382 1446 τήν
1429 1395 1516 1444 τοῦ
1550 1394 1714 1442 Μονο-

137 1483 315 1546 γινοξς
365 1479 589 1533 ἐντιῦθεν
638 1483 705 1540 ri;
754 1483 1021 1553 évéﬁp'na'w
1052 1482 1196 1555 ἔχων
1221 1526 1233 1547 ,
1269 1489 1351 1538 καὶ
1378 1483 1594 1554 διάδημα
1626 1490 1718 1546 τήν

139 1565 296 1619 αὐτοῦ
336 1568 469 1620 κατὰ
503 1570 658 1644 χάριν
683 1574 933 1625 κοινωνίαν
962 1575 1044 1625 καὶ
1069 1573 1261 1627 ἕνωσιν.

150 1753 339 1770 μ

1816 647 1905 716 qui
1944 661 2042 715 pro
2071 661 2176 700 uno
2223 646 2421 700 frustra
2451 644 2631 698 omnia
2668 655 2857 713 gerere
2885 641 3047 710 impie
3099 641 3298 696 audent
3342 651 3396 697 et

1816 737 2020 802 volunt,
2038 738 2180 792 sicut
2207 737 2288 791 eis
2312 737 2379 789 ab
2401 735 2528 789 olim
2551 735 2718 789 moris
2743 744 2797 788 et
2813 749 2957 788 nunc
2983 743 3090 798 est,
3110 732 3324 787 furtivis
3344 742 3399 787 et

1816 825 1964 881 falsis
1993 825 2413 890 narrationibus,
2439 840 2534 879 eos
2558 824 2647 893 qui
2683 834 2872 878 contra
2903 838 2962 878 se
2986 823 3398 890 magnanimiter

1816 915 2130 984 agonizant,
2173 914 2373 976 taliter,
2391 914 2520 982 quin
2567 924 2621 967 et
2649 913 2850 982 absque
2877 913 3024 966 omni
3077 912 3282 965 ratione
3331 911 3398 963 ad

1817 1018 1875 1058 se
1902 1004 2044 1072 ipsos
2072 1003 2365 1062 attrahere.
2395 1013 2450 1056 et
2475 1017 2692 1057 sensum
2733 1001 3004 1064 fraudare.
3043 1003 3134 1070 qui
3184 1014 3241 1053 se
3282 998 3401 1053 nul-

1814 1091 2024 1147 latentis
2046 1093 2311 1162 sequitur.
2346 1090 2662 1146 Necessario
2687 1106 2815 1160 ergo
2838 1099 2892 1144 et
2937 1091 3040 1145 hoc
3099 1106 3219 1144 cum
3265 1088 3400 1142 didi-

1815 1185 2033 1247 cissem,
2078 1182 2374 1254 signiﬁcavi
2417 1182 2508 1236 tibi
2567 1182 2814 1244 domino,
2843 1179 3175 1234 honorabilis
3219 1178 3396 1236 Pater,

1817 1286 2080 1346 quatenus
2104 1292 2200 1346 per
2221 1277 2402 1330 omnia
2426 1275 2680 1340 munitus,
2711 1277 2913 1330 habeas
2963 1273 3198 1342 qualiter
3261 1272 3403 1324 insc-

1819 1369 2006 1437 quaris
2028 1368 2459 1421 adversariorum
2489 1367 2780 1436 phalanges
2804 1366 3115 1432 :‘verboque
3137 1361 3403 1416 indefesso

1819 1457 2048 1525 jaciens,
2076 1467 2130 1512 et
2157 1457 2259 1512 fide
2285 1466 2533 1528 potenter
2577 1472 2863 1526 superans,
2891 1455 3222 1524 gloriamque
3278 1451 3404 1504 binc

1831 1546 2098 1616 Uuigeniti
2151 1549 2203 1600 in
2261 1547 2840 1616 prmcunium'habens,
2871 1555 2924 1599 et
2968 1545 3210 1598 diadema
3247 1539 3406 1609 hujus

1825 1638 2256 1692 communionem
2287 1654 2380 1707 per
2400 1638 2627 1706 gratiam
2655 1646 2709 1690 ct
2733 1636 3014 1690 unitatem.

1292 1919 2086 2034 DIFFLORAT
2102 1922 2242 2036 ΙΟ

1736 2159 1815 2201 EX

376 2326 847 2424 EPISTOLA
917 2327 1350 2426 EJUSDEM
1406 2329 1481 2426 S.
1533 2326 1900 2426 MAXIMI
1954 2329 2084 2425 AD
2139 2325 2539 2428 PETRUM
2593 2326 3184 2426 ILLUSTBEM.

147 2535 259 2596 Ubi
293 2532 521 2613 Pyrrhi
559 2539 621 2595 et
668 2533 872 2594 sancti
903 2531 1245 2614 Sephronji
1281 2531 1852 2614 Hierosolymitani
1891 2534 2198 2612 episc0pi,
2247 2543 2440 2614 atque
2493 2550 2664 2613 papae
2709 2533 2972 2596 Honorii
3010 2532 3419 2594 mentiontm'

1178 2609 1352 2684 facit,
1392 2611 1478 2672 ita
1513 2609 1655 2689 post
1686 2612 1897 2690 aliqua
1934 2609 2337 2690 prosecutus.

217 2777 430 2832 Vestris
474 2773 833 2829 iaudabilibus
857 2773 1078 2846 syllabis
1104 2785 1128 2813 α
1159 2773 1404 2845 dignatus
1427 2788 1484 2827 es
1523 2773 1720 2843 signiti-
1756 2777 1802 2837 Β
1830 2775 1918 2843 qui
1961 2775 2256 2843 prudenter
2281 2774 2457 2829 divina
2485 2774 2766 2844 perdocuit
2786 2783 2840 2828 et
2869 2773 3177 2843 praedicavit
3223 2772 3409 2828 Eccle-

149 2889 268 2928 care
301 2869 526 2939 indigno
573 2880 730 2921 servo
782 2874 872 2920 tuo
908 2873 1126 2935 propter
1158 2865 1405 2918 abbatem
1444 2863 1730 2935 Pyrrhum.

145 2965 212 3019 Et
251 2973 372 3034 post
415 2979 587 3032 pauca
615 2974 633 3011 ε
673 2960 738 3014 Ει
771 2958 1008 3013 futurum
1047 2958 1287 3028 profecto
1324 2968 1489 3022 esset,
1534 2968 1592 3012 ut
1633 2958 1735 3013 hac

146 3055 284 3108 forte
323 3067 425 3122 pro
457 3066 621 3105 causa
653 3049 720 3103 ad
760 3048 1190 3117 redargutionem
1219 3047 1362 3101 illius
1392 3058 1446 3101 et
1471 3049 1734 3113 omnium,

145 3144 236 3213 qui
268 3140 570 3196 secundum
602 3138 748 3192 illum
781 3139 1000 3208 impiam
1036 3138 1326 3192 novitatem
1357 3147 1630 3192 sectantur
1659 3137 1738 3191 in-

146 3229 486 3292 differenter,
517 3229 584 3282 ad
614 3228 869 3281 divinitus
904 3228 1272 3282 conservanda
1297 3235 1386 3280 tua
1412 3234 1464 3279 et
1495 3226 1740 3281 famosis-

147 3321 283 3376 sima
316 3319 544 3389 vestigia
583 3333 948 3388 properarem.
981 3317 1256 3384 Quatenus
1298 3317 1500 3372 scirent
1526 3333 1739 3383 omnes,

148 3411 239 3480 qui
262 3409 564 3465 secundum
587 3423 678 3462 vos
703 3408 918 3477 pietatis
941 3415 1066 3462 sunt
1085 3417 1372 3472 amatores,
1399 3406 1608 3460 illorum
1635 3423 1738 3460 una

150 3517 272 3554 cum
302 3498 454 3554 omni
485 3514 707 3568 prorsus
732 3497 966 3562 inscitia,
1000 3497 1292 3566 impietatis
1319 3513 1534 3566 quoque
1559 3513 1744 3566 super-

148 3591 315 3645 ﬂuam
356 3588 762 3644 abundantiam.
805 3587 908 3644 Sed
939 3587 1090 3642 timui
1121 3602 1185 3642 ue
1215 3596 1434 3657 putarer
1457 3596 1609 3642 extra
1652 3603 1740 3641 sa-

152 3701 245 3741 cra
283 3685 582 3754 quidquam
632 3697 790 3752 agere
841 3680 986 3750 jura,
1032 3689 1228 3751 praeter
1271 3679 1598 3733 voluntatem
1644 3679 1743 3734 hoc

153 3775 363 3831 faciens
409 3772 766 3828 sanctissima:
811 3771 956 3826 sedis
1007 3769 1422 3840 apostolicorum
1483 3770 1742 3832 virorum,

154 3865 246 3934 qui
271 3865 581 3918 universam
606 3861 990 3931 plenitudinem
1019 3860 1300 3914 catholicae
1340 3859 1590 3914 Ecclesiae
1613 3861 1746 3914 bene

155 3957 386 4015 ducunt.
413 3963 466 4008 et
497 3952 742 4007 ordinate
787 3952 1078 4006 secundum
1118 3950 1352 4004 divinam
1384 3952 1552 4019 legem
1583 3951 1747 4004 dedu-

157 4056 310 4103 cunt.
361 4044 629 4112 Quoniam
659 4044 762 4098 hac
808 4042 985 4096 divina
1021 4041 1270 4096 videlicet
1303 4042 1418 4110 lege
1447 4041 1750 4097 consistunt

1835 2865 1927 2920 site
1953 2865 2231 2920 catholica:
2267 2865 2537 2935 dogmata,
2583 2880 2642 2919 se
2681 2864 2734 2917 in
2772 2878 3008 2918 errorem
3044 2862 3277 2916 movisse
3308 2862 3412 2916 hac

1835 2957 2064 3026 iliacque
2104 2965 2404 3012 susurrant.
2432 2955 2496 3010 Et
2525 2965 2636 3027 post
2659 2953 2952 3024 pauxillum
2978 2969 2996 3006 :
3022 2953 3242 3006 Divinus
3267 2951 3408 3005 enim

1835 3048 2210 3118 Sophronius,
2263 3058 2321 3104 ut
2374 3049 2473 3119 ipsi
2529 3047 2822 3111 testaniiui,
2885 3044 3313 3107 laudabilissimi,
3357 3045 3413 3098 iu

1835 3137 2087 3194 Afrorum
2125 3141 2340 3212 regione
2373 3155 2583 3194 mecum
2615 3148 2668 3194 et
2694 3154 2815 3193 cum
2845 3137 3095 3192 omnibus
3118 3134 3416 3204 peregrinis

1839 3230 2117 3284 monachis
2159 3245 2337 3284 moras
2365 3231 2580 3301 agebat,
2611 3244 2733 3283 cum
2758 3227 2857 3297 ipsi
2887 3227 3271 3296 perversitates
3296 3223 3416 3277 illas

1841 3320 2170 3377 fabricarent
2195 3321 2454 3376 adversus
2475 3337 2685 3376 omnes.
2719 3320 2785 3374 Et
2818 3329 2931 3389 post
2956 3317 3182 3388 pusilla:
3213 3316 3279 3370 Et
3297 3323 3418 3369 erat

1840 3413 2052 3482 quidem
2081 3412 2270 3467 domus
2315 3413 2553 3466 omnium
2594 3428 2690 3482 per
2717 3411 2951 3466 divinam
2993 3409 3336 3465 concordiam
3363 3417 3419 3462 et

1842 3502 2249 3556 unanimitatem
2273 3503 2324 3558 in
2353 3518 2518 3556 unum
2550 3502 2641 3556 Dei
2669 3500 2880 3555 favente
2912 3502 3082 3570 gratia
3111 3500 3164 3553 in
3199 3499 3420 3552 univer-

1843 3593 2019 3656 sitate,
2054 3609 2172 3662 qure
2214 3595 2312 3647 sub
2347 3593 2461 3648 sole
2493 3594 2762 3657 consistit,
2797 3592 3018 3663 pacifica
3048 3602 3101 3646 et
3131 3591 3418 3660 tranquilla

1846 3682 1949 3736 fide
1985 3684 2205 3740 munitis
2242 3683 2516 3739 Ecelesiis.
2567 3684 2632 3739 Hi
2662 3700 2809 3751 vero,
2845 3686 2936 3756 qui
2984 3685 3173 3740 horum
3216 3685 3420 3738 invide-

1845 3773 1974 3828 bant
1999 3775 2384 3840 consonantiae,
2411 3790 2474 3829 ac
2499 3775 2553 3828 in
2580 3773 2850 3829 Christum
2885 3775 3050 3829 Deum
3071 3773 3416 3838 confessioni,

1847 3864 2007 3918 veluti
2030 3865 2316 3933 quamdam
2366 3863 2714 3935 caliginosam
2755 3866 2972 3929 nubem,
3005 3873 3059 3918 et
3100 3864 3417 3918 stridentem

1846 3957 1930 4010 vel
1971 3971 2187 4025 gravem
2221 3954 2442 4010 ﬂuctum
2477 3957 2640 4011 maris
2691 3971 2752 4010 ae
2797 3954 3175 4019 barbarorum,
3208 3954 3421 4008 nemine

1848 4047 1947 4102 hos
1974 4057 2244 4110 movente,
2269 4063 2428 4116 quam
2455 4047 2569 4102 solo
2595 4048 2837 4101 dzemone
2875 4045 3198 4100 turbationis
3222 4043 3417 4108 amico,

157 4138 403 4194 coelestia
447 4145 501 4192 et
525 4134 828 4198 terrestria,
874 4140 930 4187 et
969 4140 1178 4203 oportet
1221 4132 1287 4186 ab
1316 4147 1378 4186 ea
1407 4146 1744 4202 nequaquam
1775 4129 1818 4189 C
1850 4138 1939 4207 qui
1969 4153 2135 4208 genus
2165 4139 2459 4192 humanum
2511 4138 2576 4190 ad
2623 4136 2947 4191 simultatem
2991 4135 3299 4200 concitavit,
3338 4149 3422 4188 re-

157 4229 492 4293 exorbitare,
544 4225 636 4282 sed
681 4240 800 4296 qua:
841 4232 967 4279 sunt
1006 4223 1184 4277 divina
1233 4223 1527 4277 secundum
1571 4223 1734 4276 Deum

157 4333 325 4390 agere
361 4317 502 4381 illos,
538 4315 626 4385 qui
660 4323 845 4368 sancte
875 4311 1167 4368 secundum
1199 4327 1293 4365 vos
1324 4311 1504 4364 vivere
1546 4325 1741 4380 propo-

159 4409 407 4466 suerint:
442 4414 711 4478 quatenus
738 4412 792 4457 et
829 4403 996 4457 Deum
1025 4411 1296 4472 gestorum
1331 4400 1563 4455 habeant
1585 4415 1743 4455 cura-

159 4515 359 4560 torem,
393 4507 446 4554 et
474 4498 594 4552 sine
621 4510 873 4551 successu
903 4494 1284 4564 reeeptionem.
1331 4493 1614 4558 Quoniam,
1665 4491 1744 4544 fa-

160 4588 473 4643 mosissime
505 4585 742 4649 domine,
765 4585 916 4654 pejor
935 4584 1020 4638 his
1047 4593 1152 4647 est,
1173 4583 1316 4651 quod
1341 4592 1394 4636 et
1432 4592 1584 4635 antea
1622 4579 1746 4634 inti-

162 4678 330 4742 mavi,
387 4678 551 4732 etiam
609 4677 676 4731 ab
719 4676 954 4745 antiquis
1001 4674 1267 4730 haereticis
1323 4663 1459 4728 nova
1512 4672 1643 4728 ﬁdes
1692 4681 1748 4726 et

163 4767 456 4838 expositio.
502 4764 651 4820 Hanc
685 4764 829 4819 enim
877 4764 1059 4820 multis
1089 4763 1281 4834 quibus
1309 4763 1619 4832 perduravit
1647 4776 1746 4815 an-

165 4859 252 4914 nis
284 4858 338 4911 in
377 4857 689 4928 episcopatu
723 4856 787 4910 ad
822 4854 1306 4910 manifestationem
1337 4853 1579 4924 reproba:
1601 4867 1750 4906 meu-

165 4950 238 5004 tis
289 4964 402 5002 sua:
442 4947 590 5018 (nam
636 4948 776 5001 Deus
819 4954 875 5002 et
920 4946 985 5001 ad
1026 4945 1279 5015 nequitia:
1326 4944 1750 5015 propalatiouem

165 5055 317 5112 saepe
367 5039 516 5094 novit
555 5038 940 5108 longanimiter
989 5037 1255 5092 sustinere
1294 5053 1308 5090 :
1361 5051 1464 5090 non
1517 5046 1577 5092 ut
1612 5037 1752 5090 hanc

166 5129 488 5202 ampliorem
519 5144 622 5199 per
650 5127 890 5183 inducias
917 5129 1129 5194 reddat,
1158 5125 1252 5182 sed
1277 5135 1335 5180 ut
1361 5127 1501 5182 hanc
1529 5124 1753 5194 amplio-

165 5238 287 5277 rem
339 5220 537 5276 factam
581 5217 786 5288 justius
819 5218 1038 5291 puniat)
1091 5220 1342 5274 decessor
1386 5216 1602 5286 quidem
1639 5213 1754 5282 ejus

171 5311 335 5382 impie
357 5312 408 5366 in
446 5320 609 5365 utero
633 5305 786 5372 aluit,
813 5308 912 5363 iste
936 5325 1064 5364 vero
1087 5307 1260 5376 magis
1281 5307 1440 5378 impie
1461 5308 1664 5378 genuit.
1693 5304 1756 5358 Et

169 5417 357 5457 rursus
386 5397 723 5472 posteriores
768 5397 952 5452 horum
997 5400 1048 5454 in
1090 5405 1454 5468 contemptum
1503 5396 1755 5454 excolunt

1839 4237 2000 4298 pente
2051 4237 2238 4282 contra
2289 4244 2474 4282 veram
2527 4227 2955 4282 Christianorum
3011 4213 3168 4282 fidem
3226 4240 3421 4279 novam

1839 4318 2282 4389 excogitaverunt
2309 4319 2590 4373 ecthesim.
2645 4319 2843 4372 Deinde
2872 4319 3168 4372 sententias
3196 4331 3294 4386 pro
3325 4332 3422 4382 ea,

1841 4419 1895 4465 et
1921 4410 2337 4480 compositiones
2365 4409 2605 4479 injustas.
2646 4409 2774 4462 Dein
2817 4409 3062 4464 actiones
3103 4421 3425 4461 monumen-

1847 4511 2042 4554 torum.
2099 4499 2300 4554 Deinde
2343 4499 2578 4568 synodos
2621 4497 2994 4562 latrocinales,
3033 4506 3086 4553 et
3127 4511 3425 4552 concursus

1845 4590 2220 4661 episc0porum
2251 4605 2358 4643 non
2397 4597 2520 4642 voto
2549 4587 3010 4654 convenientium,
3043 4587 3137 4644 sed
3166 4588 3422 4642 violentia

1847 4689 2267 4745 contractorum,
2310 4693 2415 4733 non
2443 4678 2822 4731 exhortatione
2867 4678 3292 4748 properantium,
3329 4677 3425 4732 sed

1847 4785 1915 4824 ex
1950 4771 2073 4840 fuga
2113 4768 2466 4824 barbarorum
2509 4781 2736 4840 peregre
2776 4769 3249 4836 proficiscentium.
3299 4766 3426 4820 Dein

1844 4857 2119 4929 jussiones
2167 4868 2224 4913 et
2264 4859 2440 4913 minas
2471 4859 2576 4913 huc
2622 4865 2785 4924 atque
2832 4857 2960 4913 illuc
3005 4860 3264 4912 adversus
3315 4857 3434 4926 pios

1851 4950 2224 5005 transmissas.
2263 4947 2398 5003 Nam
2432 4964 2556 5004 eum
2587 4947 2678 5017 qui
2720 4953 2847 5001 tunc
2890 4947 3209 5019 imperabat,
3253 4945 3434 5014 sopbi»

1851 5043 1989 5099 stice
2030 5042 2342 5100 muneribus
2385 5041 2440 5096 in
2483 5040 2797 5097 servitutem
2835 5039 3163 5112 redigeutcs.
3217 5035 3282 5088 Et
3317 5045 3431 5106 post

1850 5147 2067 5200 pauca:
2100 5131 2176 5185 Ex
2202 5129 2418 5200 proprio
2443 5130 2660 5187 nomine
2693 5127 2811 5180 viro
2841 5131 3103 5186 ecthesim
3145 5125 3442 5195 producere

1850 5230 2263 5289 persuaserunt.
2300 5218 2472 5275 Paulo
2496 5227 2648 5290 post:
2677 5213 2768 5268 Fit
2814 5229 2996 5276 autem
3041 5223 3233 5275 horum
3269 5214 3445 5268 inimi-

1851 5328 1958 5372 cus
1997 5315 2202 5388 pariter
2229 5320 2283 5365 et
2317 5310 2594 5374 defensor,
2638 5320 2705 5359 an
2737 5309 2923 5374 petius
2956 5306 3307 5368 asserendum
3330 5301 3448 5358 fau-

1855 5409 1950 5458 tor
1973 5416 2028 5461 et
2075 5408 2353 5456 accusator
2391 5399 2582 5454 horum
2606 5392 2892 5465 publicatis
2927 5402 3302 5472 argumentum
3337 5407 3350 5442 :
3396 5398 3452 5444 et

169 5492 484 5548 divinitatis.
533 5488 604 5542 Et
637 5488 796 5556 ραιιό
824 5498 973 5556 post:
1013 5490 1076 5544 Et
1117 5487 1261 5560 quod
1305 5488 1482 5542 adhuc
1517 5485 1753 5544 deterior
1776 5483 1828 5542 D
1852 5491 2210 5552 innotescens
2235 5489 2374 5558 quod
2414 5491 2530 5560 ipse
2559 5499 2902 5555 nequaquam
2948 5510 3013 5547 ex
3047 5505 3110 5545 se
3152 5481 3311 5536 fuerit
3338 5493 3452 5532 mo-
