3916 5454
515 462 619 524 573

1694 464 2049 529 A'NASTASII
2093 463 2629 537 BlBLIOTHECARIl

3668 473 3769 530 576

515 583 686 640 uiorls
730 569 935 638 notum.
982 581 1048 637 Et
1078 568 1533 654 parmarum
1553 596 1573 637 :
1611 582 1953 639 Conviucunt
1995 594 2095 635 au-
2122 578 2175 639 Α
2199 596 2313 649 eos,
2342 582 2435 651 qui
2461 581 2723 654 Pyrrhum
2751 581 3196 654 reprobaveruut,
3222 582 3663 651 anathematizat,
3691 601 3771 642 sc-

514 686 623 733 tem
670 676 911 746 seipsos,
962 673 1108 746 quod
1159 673 1246 731 isti
1276 673 1436 728 valde
1480 673 1769 730 manifeste
1811 669 2095 730 fortissimi

512 766 654 822 hanc
680 765 931 830 fecerint,
959 773 1014 821 et
1040 764 1347 820 nullatenus
1384 764 1493 820 ille.
1538 763 1725 835 Neque
1755 762 1900 818 enim
1929 763 2100 833 quod-

513 858 644 913 libet
673 873 834 927 super
871 859 974 913 hoc
1018 858 1205 912 habuit
1229 856 1488 922 studium,
1529 865 1714 926 utpote
1743 855 1811 909 ad
1846 853 1950 911 alia
1990 854 2099 911 cir—

511 950 798 1005 cuzulatus.
855 947 980 1003 Post
1021 948 1193 1003 brevia
1221 963 1241 1002 :
1272 947 1349 1003 De
1385 947 1580 1017 quibus
1622 945 1873 1001 onmibus
1913 943 2096 1001 miseri

510 1057 611 1097 nec
638 1056 830 1097 sensus
861 1040 1168 1109 apostolica:
1197 1039 1326 1095 facti
1367 1049 1495 1095 sunt
1526 1039 1687 1101 sedis,
1740 1047 1798 1094 et
1838 1037 1980 1109 quod
2012 1045 2097 1093 est

510 1132 645 1198 risu,
677 1133 786 1188 imo
814 1141 873 1187 ut
895 1133 1066 1202 magis
1092 1126 1601 1203 'proprie'dicamus,
1629 1131 1865 1186 lamenta
1891 1129 2096 1200 dignis.

508 1224 728 1288 simum,
780 1232 968 1293 utpote
1018 1223 1229 1278 illorum
1292 1212 1776 1278 demonstrativum
1823 1220 2119 1284 audacite,.

508 1329 609 1369 nec
633 1314 890 1369 adversus
937 1315 1107 1383 ipsam
1135 1313 1485 1384 apostolicam
1519 1313 1703 1368 sedem
1745 1311 1961 1367 mentiri
2010 1319 2093 1366 te-

506 1416 656 1458 mere
685 1402 923 1472 pigritati
950 1412 1077 1458 sunt
1104 1422 1116 1457 :
1153 1404 1245 1459 sed
1284 1404 1441 1475 quasi
1473 1403 1616 1458 illius
1644 1400 1822 1458 effecti
1853 1400 2092 1466 consilii,

504 1502 559 1547 et
588 1492 750 1549 veluti
801 1494 1033 1565 quodam
1092 1495 1161 1551 ab
1207 1508 1270 1550 ea
1324 1503 1541 1565 recepto
1593 1494 1830 1558 decreto,
1880 1492 1936 1549 in
1981 1492 2095 1547 suis

504 1586 771 1641 contextis
786 1601 884 1656 pro
903 1586 1066 1656 impia
1085 1585 1291 1640 ecthesi
1318 1583 1621 1639 actionibus
1633 1598 1815 1640 sccum
1840 1597 2090 1654 magnum

504 1675 803 1732 llonorinm
848 1684 1197 1746 acceperunt,
1241 1690 1351 1731 suae
1385 1673 1821 1751 praesumptionis
1863 1682 2090 1728 attesta-

502 1768 705 1823 tionem
730 1768 796 1822 ad
819 1768 956 1823 alios
982 1768 1243 1823 facientes
1268 1767 1371 1821 viri
1400 1767 1454 1822 in
1480 1781 1644 1822 causa
1674 1765 1892 1837 pietatis
1916 1765 2093 1821 maxi-

501 1857 1066 1911 marnemineutiam.
1124 1855 1255 1923 Quis
1292 1856 1495 1926 itaque,
1551 1870 1585 1910 ο
1630 1854 1990 1909 famosissime
2038 1861 2095 1908 et

2200 675 2320 730 dem
2347 675 2670 742 Romanam,
2703 675 2756 731 id
2779 684 2863 731 est
2892 676 3213 731 catholicam
3227 674 3529 747 Ecclesiam
3555 678 3771 734 anathe-

2198 768 2426 823 matizat
2448 783 2463 822 :
2489 769 2681 824 omitto
2702 768 2846 825 enim
2866 770 3067 835 dicere,
3090 770 3216 839 quia
3240 771 3427 842 utique
3447 782 3504 827 et
3519 772 3770 843 seipsum,

2197 860 2289 928 qui
2319 858 2438 915 talis
2462 869 2566 923 est,
2595 861 2638 916 si
2676 861 2938 916 duntaxat
2961 861 3073 917 sedi
3101 862 3359 919 Romamn
3395 866 3773 933 communicat,

2198 948 2588 1020 catholicthue
2610 951 2704 1006 Dei
2729 951 3005 1007 Ecclesiae.
3034 951 3271 1008 Obsecro
3305 953 3488 1024 igitur,
3503 954 3773 1011 benedicta

2196 1038 2414 1096 domine
2450 1041 2543 1106 mi,
2591 1041 2882 1113 praacipere
2925 1043 3194 1109 oumihns,
3237 1058 3306 1099 ne
3347 1043 3617 1116 Pyrrhum
3650 1063 3770 1101 san-

2196 1130 2500 1186 ctissimum
2532 1131 2617 1186 vel
2652 1131 2942 1188 almiﬁeum
2972 1134 3269 1190 nominent.
3294 1134 3479 1205 Neque
3501 1136 3646 1191 enim
3678 1137 3775 1192 tale

2196 1223 2322 1292 quid
2362 1238 2515 1278 sacra
2563 1225 2746 1296 regula
2786 1241 2907 1281 eum
2932 1228 3114 1282 vocari
3160 1229 3443 1299 permittit.
3491 1230 3541 1285 Α
3588 1240 3773 1286 cuncta

2196 1312 2339 1368 enim
2385 1315 2579 1371 cecidit
2624 1318 2934 1383 sanctitate,
2977 1318 3067 1389 qui
3114 1320 3369 1375 nimirum
3420 1320 3488 1376 ab
3542 1320 3777 1376 Ecclesia

2195 1405 2459 1460 catholica
2488 1416 2681 1475 sponte
2707 1408 2956 1481 prosiliit.
2982 1408 3095 1481 Non
3122 1410 3266 1465 enim
3292 1411 3376 1466 fas
3428 1418 3515 1467 est
3542 1410 3690 1466 illum
3712 1427 3776 1467 ex

2195 1511 2517 1569 quacunque
2543 1497 2701 1559 laude
2732 1500 3120 1573 cognominari,
3144 1501 3234 1570 qui
3257 1498 3367 1568 iam
3398 1499 3530 1555 olim
3557 1502 3774 1556 damna-

2197 1596 2280 1644 tus
2301 1597 2405 1653 est,
2429 1598 2482 1644 et
2504 1572 2836 1660 abjectusab
2866 1590 3154 1662 apostolica
3178 1592 3305 1648 sede
3328 1592 3588 1648 Romana:
3615 1572 3773 1657 urbis,

2195 1682 2266 1737 ob
2290 1690 2529 1738 externae
2558 1698 2774 1739 sensum
2803 1684 3090 1754 opinionis,
3118 1685 3288 1740 donec
3311 1684 3380 1740 ab
3400 1699 3464 1740 ea
3496 1685 3777 1756 recipiatur

2195 1788 2492 1829 conversus
2530 1775 2607 1828 ad
2637 1776 2828 1845 ipsam,
2874 1775 2986 1830 imo
3033 1775 3100 1830 ad
3132 1774 3420 1830 Dominum
3472 1775 3644 1831 Deum
3686 1790 3775 1831 no-

2196 1870 2368 1919 strum
2397 1878 2492 1934 per
2519 1863 2664 1933 piam
2688 1862 3085 1919 confessionem
3114 1872 3169 1917 et
3206 1862 3568 1919 orthodoxam
3600 1862 3773 1930 ﬁdem,

500 1949 676 2019 qualis
704 1948 1040 2019 Sephrouius
1084 1948 1199 2003 hare
1236 1956 1292 2004 et
1322 1959 1432 2003 tam
1462 1946 1723 2002 atrociter
1743 1954 1798 2002 et
1833 1961 1933 2016 per
1969 1954 2092 2003 tan—
2122 1946 2173 2006 B
2198 1970 2304 2027 qua
2345 1957 2824 2013 sanctificationem
2855 1955 3098 2027 recipiat,
3151 1966 3513 2026 sanctumque
3554 1954 3776 2011 vocabu-

503 2049 615 2094 tum
647 2041 901 2112 temporis
940 2039 1120 2095 facere
1166 2039 1250 2095 bis
1299 2038 1598 2109 falsiloquis
1626 2040 1934 2109 persuasit?
1972 2053 2094 2108 qua:

500 2132 601 2187 hos
627 2147 730 2187 non
774 2132 981 2201 rogavit
1015 2130 1293 2186 Ecclesia?
1345 2132 1467 2201 quis
1514 2130 1635 2202 pius
1665 2141 1721 2186 et
1760 2131 2092 2187 orthodoxus

498 2239 605 2280 non
633 2224 951 2294 supplicavit
981 2224 1231 2288 antistes,
1264 2238 1482 2279 cessare
1522 2222 1640 2279 illos
1669 2239 1698 2278 a
1724 2224 1940 2295 pr0pria
1976 2224 2092 2280 bae-

498 2313 604 2370 resi
629 2313 911 2373 clamando
947 2314 1404 2378 etobtestando?
1434 2314 1713 2386 Siquidem
1763 2315 1949 2371 ultima
1995 2331 2090 2371 sua

499 2404 820 2476 cxspirabat
848 2421 1006 2461 sacer
1024 2407 1315 2471 Arcadius,
1340 2416 1397 2462 et
1425 2408 1672 2478 spiritum
1694 2409 1807 2464 Deo
1822 2404 2089 2475 tradebat,

496 2495 591 2550 sed
625 2512 724 2552 nec
764 2512 936 2567 usque
981 2496 1049 2552 ad
1090 2497 1278 2553 horam
1312 2497 1456 2553 illam
1485 2512 1580 2553 cos
1604 2512 1796 2570 rogare
1838 2500 2088 2555 cessavit.

498 2580 571 2640 Et
597 2595 712 2655 post
749 2588 962 2657 pauca.-
1008 2585 1149 2656 Qui'd
1194 2596 1376 2643 autem
1427 2597 1484 2644 et
1532 2589 1746 2646 divinus
1798 2589 2088 2657 Honorius,

497 2677 626 2747 quid
656 2693 786 2733 vero
819 2687 873 2732 et
902 2686 1025 2748 post
1053 2677 1200 2733 illum
1234 2677 1530 2734 Severinus
1565 2678 1773 2734 senex?
1811 2679 1943 2748 quid
1988 2679 2087 2734 de-

494 2768 658 2839 nique
686 2778 742 2824 et
771 2769 838 2833 is,
875 2769 966 2842 qui
1002 2778 1125 2840 post
1168 2770 1311 2826 hunc
1347 2771 1594 2836 exstitit,
1627 2785 1783 2827 sacer
1811 2769 2091 2827 Joannes?

494 2859 666 2915 Porro
698 2861 744 2915 is
770 2860 860 2931 qui
891 2876 1035 2916 nunc
1069 2860 1325 2931 prmsidet
1351 2860 1698 2917 beatissimus
1733 2876 1871 2932 papa
1905 2861 2089 2916 omisit

495 2952 791 3022 quidquam
832 2952 1211 3022 supplicationi
1259 2953 1631 3009 conveniens?
1659 2951 1849 3009 Nonne
1893 2940 2088 3009 Oriens

495 3046 643 3097 totus
670 3050 726 3097 et
754 3041 1018 3099 Occidens
1047 3044 1339 3116 lacrymas,
1368 3044 1626 3110 lamenta,
1653 3046 2091 3115 obsecrationes,

496 3132 903 3202 deprecationes
928 3147 995 3188 ex
1023 3148 1202 3202 teque,
1234 3143 1344 3189 tam
1373 3133 1484 3190 Deo
1508 3150 1607 3205 per
1626 3135 1903 3191 orationes
1927 3151 2087 3206 quam

497 3224 583 3280 his
619 3240 717 3293 per
740 3224 1020 3296 epistolas,
1070 3223 1403 3282 aﬂ‘erebant?
1444 3225 1549 3283 Sed
1582 3226 1724 3282 Deus
1744 3227 1961 3296 quidem
1991 3229 2089 3283 ho-

2195 2046 2327 2102 lum.
2367 2047 2549 2117 Itaque
2577 2047 2622 2103 si
2654 2046 2768 2102 vult
2798 2046 3085 2103 haereticus
3113 2061 3289 2117 neque
3313 2061 3458 2108 esse.
3488 2060 3666 2117 neque
3687 2061 3776 2100 an-

2193 2138 2320 2204 diri,
2349 2154 2455 2193 non
2486 2137 2572 2192 isti
2623 2147 2719 2192 aut
2749 2135 2824 2193 illi
2858 2134 3179 2201 satisfaciat,
3227 2134 3566 2207 superﬂuum
3592 2137 3776 2208 quippe

2193 2228 2298 2284 hoc
2331 2237 2386 2283 et
2410 2226 2777 2283 irrationabile
2806 2236 2927 2292 est;
2957 2226 3082 2297 quia
3132 2226 3270 2281 sicut
3300 2240 3408 2280 uno
3436 2233 3629 2281 contra
3662 2240 3773 2279 eum

2192 2317 2559 2379 scandalizato
2603 2333 2795 2373 omnes
2842 2316 3195 2381 scandalizati
3245 2325 3387 2376 sunt,
3444 2316 3524 2370 ita
3578 2330 3777 2385 quoque

2191 2424 2301 2465 nuo
2322 2402 2621 2474 satisfacto,
2650 2398 2842 2465 omnes
2869 2408 3221 2480 proculdubio
3267 2400 3569 2469 Satisﬁunt.
3614 2409 3773 2464 Festi-

2192 2509 2284 2556 net
2306 2516 2405 2572 pro
2432 2501 2690 2556 omnibus
2714 2500 2826 2556 sedi
2857 2499 3114 2555 Romanae
3138 2499 3476 2555 satisfacere.
3505 2499 3624 2556 Hac
3646 2501 3775 2556 enim
3914 2552 3916 2571 ,

2191 2590 2492 2655 satisfacta,
2530 2590 2890 2647 communiter
2920 2590 3120 2660 ubique
3158 2604 3351 2646 omnes
3378 2591 3532 2661 pium
3566 2592 3778 2647 bnncet
3914 2592 3916 2659 i

2188 2684 2547 2740 ortbodoxum
2592 2683 2984 2755 praedicabunt.
3033 2681 3167 2738 Nam
3211 2682 3411 2738 frustra
3454 2684 3778 2739 solummodo

2189 2779 2443 2849 loquitur,
2476 2777 2569 2848 qui
2592 2777 2725 2833 mihi
2752 2776 2959 2833 similes
2976 2776 3280 2832 suadendos
3304 2791 3369 2832 ac
3410 2776 3775 2848 subripiendus

2190 2875 2363 2937 putat,
2390 2875 2448 2922 et
2473 2881 2580 2922 nou
2604 2864 2872 2922 satisfacit
2917 2873 2968 2920 et
3016 2862 3265 2934 implorat
3298 2864 3663 2920 sanctissima
3684 2864 3776 2919 Ro-

2189 2972 2473 3014 manorum
2503 2956 2757 3013 Ecclesiae
2803 2955 3175 3011 beatissimum
3196 2970 3414 3026 papam,
3460 2955 3515 3010 id
3561 2964 3647 3011 est
3667 2972 3775 3026 apo-

2187 3046 2432 3103 stolicam
2476 3045 2683 3112 sedem,
2719 3060 2838 3115 qua:
2885 3043 2953 3100 ab
2994 3045 3109 3115 ipso
3155 3044 3438 3101 incarnato
3464 3043 3773 3112 DeiVerbo,

2187 3138 2283 3193 sed
2331 3146 2388 3192 et
2427 3134 2680 3191 omnibus
2719 3135 2923 3191 sanctis
2968 3134 3210 3207 synodis,
3260 3135 3567 3190 secundum
3611 3151 3778 3191 sacros

2187 3241 2426 3283 canones
2472 3232 2528 3279 et
2569 3224 2867 3289 terminos,
2912 3224 3289 3280 universarum
3318 3264 3334 3288 ,
3396 3239 3522 3295 quae
3569 3226 3625 3279 in
3677 3234 3781 3280 toto

497 3332 618 3371 runt
647 3316 890 3389 profecto
917 3317 1201 3374 beatorum
1253 3317 1493 3374 virorum
1544 3317 1706 3371 finem
1742 3317 1982 3382 admisit,
2030 3325 2085 3387 et
2111 3306 2156 3370 C
2188 3327 2455 3373 terrarum
2496 3318 2629 3373 orbe
2658 3323 2808 3381 sunt,
2845 3324 3156 3371 sanctarum
3204 3314 3297 3370 Dei
3328 3315 3699 3371 Ecclesiarum
3729 3318 3771 3372 in

494 3424 596 3481 pro
626 3425 690 3465 ea
721 3410 1093 3467 vicissitudine
1131 3410 1184 3467 in
1220 3411 1418 3469 saecula
1464 3413 1825 3469 conservavit.
1872 3413 1952 3468 llli
1991 3428 2087 3467 au-

499 3509 605 3557 tem
642 3502 856 3558 Domini
898 3510 1310 3560 contemnentes
1356 3504 1619 3568 inducias,
1665 3504 1732 3560 ad
1773 3504 2087 3561 conversio-

496 3610 621 3650 nem
648 3595 748 3650 bos
772 3596 1009 3673 benigne
1038 3596 1409 3661 cohortantes,
1436 3606 1491 3652 et
1519 3597 1715 3654 horum
1743 3597 2083 3668 egregiorum

496 3684 638 3740 facta
670 3701 767 3756 per
794 3694 873 3742 tot
899 3697 1142 3757 tempora
1193 3689 1588 3758 supplicatione
1636 3694 1931 3761 torpentes,
1973 3704 2087 3746 suae

497 3790 841 3846 nequaquam
888 3778 1036 3847 passi
1086 3786 1214 3832 sunt
1263 3777 1538 3833 ctelestem
1598 3777 1756 3833 fidem
1808 3777 2084 3849 praeferre.

497 3864 628 3919 Post
657 3866 838 3937 aliqua
868 3883 889 3922 :
923 3866 1147 3923 Divinus
1196 3882 1325 3938 ergo
1369 3881 1704 3938 magnusque
1753 3866 2088 3938 Sophronius

500 3963 627 4009 tunc
655 3955 1041 4012 Alexandriam
1076 3957 1326 4022 veniens,
1363 3972 1484 4012 mox
1532 3972 1597 4012 ex
1644 3958 1819 4028 prima
1857 3957 2088 4016 lectione

498 4046 743 4119 (dederat
767 4048 913 4103 enim
948 4049 1111 4104 etiam
1142 4049 1244 4118 ipsi
1270 4049 1442 4120 Cyrus
1470 4048 1536 4103 ad
1569 4051 1968 4106 retractandum
1997 4050 2087 4107 illa

498 4153 692 4195 novem
717 4140 1011 4210 impietatis
1064 4141 1322 4219 capitula)
1374 4142 1600 4213 lugubre
1627 4126 1882 4213 quiddam
1910 4152 1966 4199 et
2008 4144 2089 4199 in-

497 4244 629 4301 gens
646 4229 998 4298 vociferatus,
1018 4230 1199 4309 fontes
1217 4232 1500 4287 emittebat
1520 4233 1906 4305 lacrymarum,
1936 4233 2084 4288 illum

497 4317 701 4375 fervide
731 4320 1045 4385 obsecrans,
1077 4321 1409 4393 supplicans,
1437 4325 1810 4396 expostulans,
1847 4326 1900 4380 iu
1931 4326 2087 4396 pavi-

497 4421 683 4467 mento
714 4413 882 4484 ipsius
907 4415 1149 4486 vestigiis
1190 4417 1525 4485 provolutus,
1572 4434 1680 4488 quo
1707 4417 1843 4473 nihil
1891 4418 2084 4474 horum

495 4518 657 4573 super
706 4506 990 4561 ambonem
1036 4516 1223 4562 contra
1273 4509 1593 4565 catholicam
1642 4509 1735 4565 Dei
1792 4509 2085 4566 Ecclesiam

495 4593 843 4671 praedicaret,
885 4597 1083 4675 quippe
1128 4613 1261 4653 cum
1296 4599 1411 4659 btcc
1456 4600 1661 4670 liquido
1707 4600 1856 4671 impii
1905 4610 2088 4656 essent

493 4682 810 4754 Apollinarii
856 4687 1129 4758 dogmata.
1178 4688 1248 4743 Et
1291 4689 1465 4759 paulo,
1503 4702 1617 4761 post
1645 4704 1664 4743 :
1695 4691 1898 4746 Taliter
1950 4691 2081 4754 viri,

494 4788 531 4839 φ
566 4774 698 4830 mihi
737 4791 847 4846 prte
874 4774 1127 4833 erunibus
1165 4780 1517 4835 rcvcrendum
1554 4789 1735 4851 caput,
1768 4781 1949 4836 divina
1976 4780 2085 4837 Deo

494 4868 704 4944 perosis
756 4868 1228 4935 insultatiouibus,
1283 4880 1341 4926 et
1398 4872 1629 4927 invicem
1679 4873 1913 4929 scenicis
1956 4888 2086 4943 quo-

496 4960 784 5016 dammodo
810 4961 1148 5018 illusionibus
1192 4962 1527 5029 lacerabant,
1569 4974 1624 5019 et
1653 4965 2083 5021 sacratissimum

499 5048 861 5118 Sophronium
912 5061 1019 5107 tam
1060 5053 1447 5109 miserabiliter
1491 5053 1870 5122 lamentatum,
1898 5064 2087 5126 utpote

498 5141 879 5195 contritiouem
908 5158 1060 5188 mura
1095 5142 1376 5196 οιιίυςιιεῃη
1420 5147 1641 5200 mnnndi
1998 5161 2088 5194 (εει-

2188 3411 2439 3466 omnibus
2462 3419 2517 3466 et
2544 3422 2642 3481 per
2683 3410 2863 3466 omnia
2908 3411 3151 3482 percepit
3188 3419 3244 3467 et
3287 3411 3451 3467 habet
3479 3412 3773 3484 imperium.

2187 3502 2566 3558 auctoritatem
2613 3510 2670 3557 et
2709 3510 3032 3572 potestatem
3078 3501 3273 3574 ligandi
3311 3512 3479 3573 atque
3525 3496 3771 3559 solvendi.

2185 3592 2320 3649 Cum
2348 3594 2461 3667 hoc,
2478 3594 2622 3650 enim
2645 3593 2778 3666 ligat
2815 3601 2871 3650 et
2892 3591 3054 3649 solvit
3076 3591 3238 3649 etiam
3275 3595 3329 3648 in
3357 3594 3499 3651 caelo
3529 3592 3775 3656 Verbum,

2186 3687 2331 3757 quod
2356 3685 2666 3745 caelestibus
2694 3676 2984 3755 virtutibus
3017 3680 3372 3756 principatur.
3398 3685 3458 3740 Si
3482 3686 3630 3741 enim
3657 3684 3773 3739 alios

2186 3778 2402 3847 quidem
2430 3776 2839 3834 satisfaciendos
2876 3777 3047 3843 ducit,
3095 3786 3150 3832 et
3179 3777 3563 3833 beatissimum
3596 3777 3771 3833 [toma-

2189 3883 2316 3922 utuu
2359 3883 2553 3938 papam
2605 3883 2944 3941 nequaquam
2990 3866 3261 3938 implorat,
3300 3866 3481 3923 simile
3534 3867 3771 3939 quiddam

2190 3960 2300 4030 agit
2329 3960 2401 4025 ei,
2454 3951 2732 4030 qui‘forte
2790 3960 3065 4015 homicidii
3107 3958 3192 4015 vel
3236 3958 3465 4015 alterius
3511 3959 3769 4029 cujusdam

2187 4049 2432 4105 criminis
2466 4048 2828 4120 redarguitur,
2882 4056 2940 4103 et
2994 4049 3262 4104 insontem
3315 4063 3375 4105 se
3422 4064 3534 4105 non
3585 4050 3652 4111 ei,
3692 4048 3770 4117 qui

2188 4142 2484 4199 secundum
2518 4141 2667 4212 leges
2686 4140 2965 4209 iudicandi
2986 4140 3109 4209 jura
3138 4141 3361 4197 sortitus
3390 4150 3496 4204 est,
3529 4140 3771 4195 exhibere

2187 4234 2440 4291 festinat:
2471 4235 2567 4291 sed
2604 4242 2811 4289 tantum
2855 4228 3121 4291 inutiliter
3144 4242 3200 4288 et
3230 4234 3345 4289 sine
3378 4233 3533 4289 lucro
3566 4234 3696 4293 aliis.
3724 4242 3770 4286 et

2187 4326 2414 4398 privatis
2434 4326 2745 4381 hominibus
2771 4325 3093 4381 munditiam
3124 4314 3428 4380 monstrare
3481 4326 3564 4381 sui
3592 4324 3771 4393 satagit

2188 4430 2360 4484 actus,
2392 4418 2485 4490 qui
2511 4417 2714 4473 nullam
2742 4417 2976 4473 habeant
3022 4432 3082 4472 se
3110 4416 3348 4472 solvendi
3377 4432 3409 4470 a
3437 4417 3667 4472 crimine
3691 4431 3771 4485 po-

2174 4510 2855 4590 .testateui..Quapropter,
2904 4508 3187 4564 benedicte
3217 4507 3290 4562 mi
3337 4508 3583 4573 domine,
3614 4508 3770 4562 adhuc

2189 4602 2362 4675 magis
2405 4604 2638 4659 extende
2686 4601 3127 4673 prmeeptionem,
3175 4615 3296 4669 quae
3343 4598 3488 4655 bene
3530 4600 3700 4664 vobis,
3725 4606 3776 4652 et

2191 4694 2486 4753 secundum
2516 4692 2768 4763 placitum
2805 4693 2900 4748 Dei
2930 4693 3044 4747 visa
3072 4690 3238 4746 fuisse
3288 4690 3651 4761 dignoscitur,
3678 4705 3772 4761 quo

2193 4787 2393 4843 netnini
2418 4786 2688 4842 licentiam
2708 4787 2904 4842 habeat
2930 4786 3032 4841 iste
3054 4785 3346 4855 quidquam
3370 4784 3522 4854 loqui
3550 4794 3607 4839 et
3642 4784 3773 4838 ohlo.

2192 4879 2284 4948 qui
2317 4878 2582 4950 dogmatis
2629 4892 2815 4935 causa.
2863 4877 2973 4949 Sed
3005 4876 3209 4947 liquido
3233 4875 3430 4932 discite
3458 4875 3773 4931 voluntatem

2194 4971 2352 5043 hujus
2385 4970 2752 5040 abundantius
2802 4969 3212 5037 investigantes,
3272 4968 3321 5022 si
3367 4967 3506 5024 velit
3556 4980 3776 5023 abnuere

2192 5062 2408 5132 penitus
2446 5048 2704 5130 veritati:
2736 5069 2794 5116 et
2821 5062 2866 5116 si
2915 5060 3019 5114 hoc
3041 5073 3201 5131 agere
3238 5058 3541 5124 studuerit,
3566 5068 3621 5113 et
3644 5057 3707 5112 ad
3734 5055 3779 5109 id

2193 5153 2486 5204 secundum
2534 5150 2800 5204 rationem
2851 5148 3140 5206 accelerat.
3169 5147 3470 5203 hortamini
3504 5163 3630 5209 eum
3668 5160 3778 5211 SIIS‘
