3916 5468
140 474 250 537 5‘1?

1601 635 1918 651 υ*

718 482 1238 541 COLLECTANEA.
1281 482 1692 541 ——S\'NODICA
1735 484 2082 541 THEODORI
2120 486 2225 542 PP.
2270 486 2359 541 AD
2399 472 2685 543 PAULUM
2722 479 2826 541 (ΖΡ.

3326 478 3431 542 578

2150 635 2202 647 ’⁷.

1484 773 2105 856 EXCEBPTUM

720 945 810 1000 EX
851 945 1183 1002 EPISTOLA
1225 946 1282 1003 S.
1328 947 1574 1004 MAXIMI
1614 948 1702 1005 DE
1742 948 2215 1007 PROCESSIONE
2254 950 2568 1031 SPIRITUS
2607 951 2855 1009 SANCTI

1028 1099 1288 1180 Scripta
1317 1098 1402 1161 ad
1425 1100 1749 1163 Marinum
1778 1100 2214 1183 presbyterum
2253 1104 2581 1183 Cyprium.

205 1403 329 1466 Non
355 1409 411 1464 in
460 1416 537 1463 tot
579 1407 737 1478 huius
781 1406 1108 1462 sanctissimi
1129 1422 1280 1477 papa:
1305 1406 1585 1478 synodica,
1615 1415 1745 1478 quot
1771 1412 1824 1473 Α
1850 1409 2156 1475 altercatio,
2208 1412 2456 1480 quamvis
2512 1412 2583 1467 ita
2631 1414 3112 1474 calumniatoribus
3159 1419 3228 1475 ob
3271 1434 3428 1479 suam

136 1501 462 1573 scripsistis,
493 1498 743 1569 capitulis
761 1497 1343 1569 Constantinopolitani
1386 1500 1744 1570 reprehendo.

135 1605 285 1660 runt,
318 1594 415 1650 sed
444 1594 497 1648 in
528 1591 734 1647 duobus
770 1601 999 1647 tantum.
1032 1591 1272 1660 Quorum
1305 1592 1533 1649 alterum
1555 1603 1640 1649 est
1674 1595 1740 1652 de

135 1687 443 1742 divinitatis
474 1684 697 1749 ratione,
723 1685 848 1756 quia
878 1683 1035 1751 dixit,
1065 1687 1233 1751 aiunt,
1262 1687 1552 1757 procedere
1574 1686 1739 1741 etiam

135 1794 201 1834 ex
233 1778 379 1835 Filio
407 1777 672 1849 Spiritum
717 1788 984 1833 sanctum.
1013 1777 1260 1833 Alterum
1287 1794 1419 1834 vero
1454 1779 1521 1835 de
1560 1778 1737 1835 divina

135 1872 555 1935 incarnatione,
604 1871 857 1941 quoniam
907 1871 1162 1943 scripsit,
1216 1872 1494 1943 inquiunt,
1538 1873 1741 1942 absque

133 1959 386 2032 originali
432 1969 488 2014 et
528 1958 727 2016 actuali
768 1970 991 2030 peccato
1045 1961 1326 2017 Dominum
1387 1977 1527 2017 esse.
1567 1960 1634 2017 Et
1684 1961 1737 2015 in

132 2051 319 2121 priore
333 2050 553 2120 quidem
578 2051 927 2106 consonantia
950 2049 1292 2122 protulerunt
1309 2051 1617 2108 testimonia
1636 2051 1739 2106 La-

134 2143 374 2197 tinorum
400 2141 647 2209 Patrum,
670 2158 873 2199 necnon
898 2154 951 2199 et
974 2142 1157 2216 Cyrilli
1179 2144 1533 2200 Alexandrini
1559 2146 1625 2202 de
1650 2162 1738 2202 sa-

134 2249 227 2288 cro
255 2234 430 2304 ipsius
456 2249 623 2304 opere
644 2236 787 2304 quod
828 2234 881 2289 in
911 2245 1158 2291 sanctum
1187 2236 1574 2308 evangelistam
1607 2237 1738 2294 fecit

131 2319 422 2390 Joannem,
450 2338 516 2378 ex
544 2324 740 2394 quibus
784 2326 893 2379 non
914 2340 1135 2381 causam
1185 2322 1416 2398 Spiritus
1447 2328 1618 2382 sancti
1648 2326 1738 2383 Fi-

132 2413 261 2468 lium
279 2429 343 2468 se
358 2411 540 2470 facere
559 2424 1014 2471 monstraverunt.
1031 2412 1206 2470 Unam
1230 2416 1372 2471 enim
1390 2425 1587 2473 norunt
1609 2433 1736 2473 cau-

132 2519 246 2559 sam
265 2503 387 2559 Filii
418 2520 482 2560 ac
498 2506 733 2575 Spiritus
756 2521 875 2563 esse
901 2505 1147 2562 Patrem:
1175 2507 1395 2564 alterius
1414 2507 1629 2580 quidem
1646 2523 1734 2563 se-

131 2596 369 2650 cundum
429 2598 877 2668 generationem,
948 2596 1176 2654 alterius
1238 2614 1369 2655 vero
1431 2599 1730 2655 secundum

134 2688 486 2745 emissionem
519 2706 534 2744 :
561 2691 656 2745 sed
687 2698 745 2745 ut
774 2691 917 2745 hunc
968 2704 1067 2761 per
1089 2704 1215 2745 eum
1243 2690 1461 2760 prodire
1490 2690 1732 2745 insinua-

1842 1500 2254 1571 perversitatem
2285 1502 2567 1558 videatur?
2611 1501 2807 1560 Verum
2846 1508 3119 1577 prosecuti
3151 1520 3298 1577 sunt,
3348 1513 3430 1567 di-

1840 1602 2050 1660 centes,
2102 1594 2244 1664 quod
2281 1611 2381 1652 nec
2409 1595 2463 1652 in
2509 1606 2689 1653 mente
2712 1597 2959 1654 habuerit
3005 1612 3310 1672 peccatum,
3338 1619 3427 1660 se-

1840 1685 2072 1741 cundum
2097 1687 2238 1756 quod
2268 1688 2475 1757 primus
2501 1688 2719 1744 vitiatus
2758 1689 2923 1746 fuisse
2979 1702 3201 1763 apparet
3230 1693 3431 1761 Adam,

1842 1790 1943 1830 nec
1971 1776 2243 1831 actionem
2271 1777 2399 1832 mali
2427 1786 2482 1832 et
2511 1780 2902 1849 operationem.
2928 1780 3070 1853 Ergo
3093 1783 3177 1851 isti
3208 1785 3423 1855 quidem

1841 1862 1982 1929 haec,
2004 1865 2071 1920 de
2093 1867 2289 1936 quibus
2332 1884 2437 1922 non
2466 1869 2863 1924 rationabiliter
2891 1872 3118 1942 impetiti
3149 1884 3274 1929 sunt
3304 1892 3317 1929 :
3349 1875 3425 1930 illi

1841 1967 2044 2021 autem,
2070 1957 2136 2012 de
2174 1958 2369 2029 quibus
2398 1968 2452 2014 et
2484 1960 2637 2014 valde
2655 1958 2823 2029 juste,
2848 1961 3049 2017 nullam
3084 1980 3227 2019 nunc
3253 1978 3425 2036 usque

1840 2048 2087 2105 fecerunt
2129 2050 2455 2122 apologiam,
2508 2053 2634 2123 quia
2676 2066 2775 2109 nec
2820 2053 3175 2123 abjectionem
3212 2071 3423 2125 eorum,

1839 2158 1959 2213 qua:
1979 2144 2046 2198 ab
2072 2144 2151 2199 eis
2182 2145 2654 2208 introducta‘unt.
2680 2146 2872 2214 Porro,
2899 2142 3196 2203 secundum
3223 2150 3428 2220 iussio-

1838 2250 1965 2290 nem
1993 2245 2252 2300 vestram,
2283 2235 2469 2303 rogavi
2516 2234 2791 2292 Romanos
2818 2237 3166 2309 interpretari
3206 2241 3424 2310 propria

1838 2310 2004 2392 dicta,
2036 2340 2200 2380 causa
2235 2322 2462 2380 furtivas
2490 2325 2893 2380 adversantium
2938 2328 3314 2397 subreptiones
3348 2327 3429 2383 ef-

1841 2416 2101 2489 fugiendi.
2136 2417 2522 2472 Verumtamen
2574 2430 2725 2472 more
2752 2418 3029 2473 obtinente
3074 2419 3146 2473 ita
3191 2417 3427 2474 faciendi

1837 2518 1999 2580 atque
2025 2498 2290 2575 mittendi,
2338 2509 2522 2563 nescio
2550 2519 2733 2564 utrum
2765 2509 3130 2565 consentiant.
3150 2508 3302 2564 'Alias
3324 2524 3424 2563 au-

1838 2610 1946 2657 tem
1977 2616 2076 2656 nec
2119 2601 2300 2655 valent
2342 2599 2394 2655 in
2422 2600 2597 2656 aliena
2632 2602 2870 2657 dictione
2916 2590 2979 2656 ac
3031 2614 3162 2655 voce
3201 2614 3423 2654 sensum

1836 2707 2013 2758 suum,
2059 2691 2200 2747 sicut
2232 2693 2285 2745 in
2320 2693 2537 2763 propria
2592 2692 2675 2746 vel
2709 2691 2945 2756 alumna,
3002 2689 3184 2746 subtili
3235 2689 3419 2760 expri‘

134 2789 269 2844 rent,
303 2789 361 2835 et
388 2780 533 2837 hanc
580 2780 896 2838 substantiae
941 2780 1376 2836 communionem
1407 2791 1461 2835 et
1505 2780 1719 2835 indissi-
1753 2784 1796 2843 Β
1827 2799 1974 2840 mere
2014 2782 2286 2853 diligentia
2315 2823 2330 2847 ,
2379 2783 2463 2837 vel
2499 2784 2663 2838 etiam
2711 2783 3158 2853 quemadmodum
3217 2795 3317 2837 nos
3366 2780 3422 2835 in

133 2870 498 2927 militudinem
526 2871 986 2928 demonstrarent.
1015 2871 1070 2926 In
1093 2872 1382 2942 posteriori
1413 2875 1593 2926 autem
1618 2887 1722 2925 non

126 2971 210 3015 est
253 2977 396 3034 opus
447 2964 674 3018 omnino
703 2962 1037 3019 defensione.
1069 2963 1199 3030 Qua:
1255 2961 1399 3017 enim
1431 2963 1484 3016 in
1528 2962 1628 3016 hoc.
1659 2961 1730 3014 sit
1763 2950 1775 3038 _i

1833 2885 2017 2931 nostra
2054 2885 2317 2930 nostrum.

1336 3114 3413 3145 MM

983 3274 1643 3356 SANCTISSIMI
1704 3271 2237 3359 THEODOBI
2297 3273 2581 3353 PAPIE

1556 3428 1972 3520 smel)ch

812 3626 906 3683 AI)
952 3625 1242 3693 PAULUM
1279 3622 1774 3680 PATRIARCHAM
1811 3616 2720 3679 CONSTANTINOPOLITANUM.

1578 3784 1981 3801 ψ

196 3898 508 3975 sylmdicas
562 3892 923 3951 fraternitatis
951 3900 1147 3948 vestra:
1172 3890 1402 3956 litteras,
1431 3890 1587 3945 datas
1624 3904 1721 3959 per
1748 3894 1792 3956 C
1824 3887 2002 3944 mitent
2028 3886 2291 3959 palpebra:
2321 3896 2445 3941 tum.
2490 3884 2693 3940 Emere
2715 3883 3117 3975 quasi_damula
3146 3886 3210 3941 de
3238 3900 3422 3953 manu.

130 3992 422 4063 Georgium
453 3985 835 4059 presbyterum
862 3994 918 4040 et
943 3982 1161 4039 Petrum
1190 3982 1477 4036 diaconum
1505 3996 1605 4036 nos
1630 3995 1723 4035 su-

131 4084 370 4154 scepisse
391 4076 791 4151 signiﬁcamus,
828 4088 1057 4142 quarum
1085 4080 1466 4143 percurrentes
1497 4080 1724 4135 textum,

130 4173 446 4230 invenimus
486 4183 611 4224 eam
660 4167 805 4222 inter
838 4180 989 4237 spem
1024 4173 1080 4220 et
1114 4174 1337 4229 metum,
1382 4161 1730 4234 quemadmo-

131 4268 257 4322 dum
287 4265 433 4319 inter
471 4261 643 4316 ﬁdum
693 4258 892 4329 gemini
923 4256 1121 4312 littoris
1178 4265 1414 4327 portmn,
1455 4250 1726 4310 c'onl‘ulem

132 4368 242 4412 tem
268 4356 481 4427 pariter
514 4360 572 4408 et
595 4350 972 4416 ﬂuctuantem,
1002 4358 1056 4404 et
1087 4364 1193 4405 non
1220 4348 1442 4404 frustra.
1472 4346 1609 4402 Nam
1641 4363 1727 4403 sa-

132 4448 437 4505 cerdotium
468 4457 636 4516 grave
654 4458 792 4499 onus
823 4450 929 4507 est,
954 4440 1098 4512 quod
1127 4438 1336 4496 scilicet
1355 4438 1580 4494 aliorum
1602 4439 1727 4493 vita:

131 4552 261 4593 cura
281 4535 501 4605 fatigat,
527 4532 684 4604 juxta
712 4533 855 4605 quod
884 4531 1145 4603 scriptum
1169 4538 1255 4586 est
1287 4549 1299 4584 :
1332 4528 1461 4596 Quis
1488 4528 1729 4599 inﬁrma-

133 4637 237 4691 tur,
276 4636 325 4680 et
354 4641 452 4695 ego
488 4641 594 4680 non
628 4625 907 4694 inﬁrmor?
953 4626 1070 4694 quis
1106 4621 1518 4686 scandalizatur,
1541 4630 1588 4674 et
1633 4634 1726 4689 ego

132 4734 236 4773 non
269 4732 402 4771 uror
447 4713 533 4788 (Il
562 4715 687 4770 Cor.
718 4731 798 4781 xl,
826 4714 958 4786 29)?
998 4714 1061 4768 Et
1110 4722 1316 4783 quanto
1366 4721 1509 4767 metu
1548 4725 1729 4765 sacer-

131 4809 332 4866 dotalis
363 4824 521 4883 mens
545 4807 879 4873 concutitur,
931 4821 999 4863 nc
1049 4805 1188 4861 forte
1224 4820 1322 4877 per
1340 4802 1617 4860 silentium
1639 4801 1725 4856 vel

132 4901 569 4975 immoderatum.
609 4900 887 4971 eloquium
936 4900 1258 4975 maculetur,
1328 4907 1480 4953 tanto
1528 4912 1623 4969 spe
1675 4903 1729 4951 et

133 4994 375 5048 maxima
416 4974 654 5063 proprias
699 4974 1034 5046 fortitudinis
1063 5006 1238 5061 penna
1274 4990 1341 5043 ad
1386 4987 1726 5043 altitudinem

132 5085 473 5149 sublevatur,
495 5082 719 5154 quando
745 5083 810 5137 de
831 5081 1194 5151 subiectorum
1221 5078 1463 5152 profectu
1488 5076 1730 5150 gratula-

136 5188 240 5232 tur.
291 5178 568 5249 Scriptum
622 5182 711 5231 est
752 5176 941 5231 enim:
977 5174 1079 5230 Ubi
1122 5176 1366 5247 plurima:
1414 5185 1629 5247 segetes,
1657 5171 1728 5225 ibi

1827 3989 1875 4035 et
1901 3979 2054 4049 quasi
2095 3980 2206 4034 avis
2244 3978 2308 4032 de
2333 3977 2542 4032 insidiis
2584 3975 2802 4047 aucupis
2834 3972 3017 4047 (Prov.
3052 3992 3124 4041 γι,
3160 3975 3295 4049 1-5).
3318 3978 3426 4033 Au-

1829 4071 2079 4136 divimus,
2111 4058 2463 4126 dilectissime
2492 4065 2684 4134 frater,
2711 4082 2805 4137 per
2830 4067 3075 4124 timorem
3125 4068 3423 4139 perieulum

1829 4173 2099 4228 nostrum,
2130 4161 2415 4217 audiamus
2442 4174 2539 4230 per
2575 4174 2727 4229 spem
2755 4160 3140 4228 repromissum
3170 4159 3422 4214 consola-

1832 4257 2038 4312 tionum
2064 4250 2341 4311 solatium.
2380 4252 2493 4324 Ego
2523 4269 2660 4318 sum,
2694 4248 2871 4322 inquit
2911 4252 3070 4316 Deus,
3113 4268 3239 4322 pars
3259 4253 3428 4306 luere-

1829 4348 2010 4403 ditatis
2033 4357 2140 4401 tua:
2187 4345 2377 4418 (Num.
2403 4332 2562 4408 svnt,
2589 4343 2715 4409 20).¹
2749 4335 2816 4398 Εἰ
2845 4343 3041 4397 iterum
3067 4360 3082 4397 :
3112 4339 3423 4396 Sacerdotes

1828 4440 1907 4495 tui
1937 4432 2160 4494 induant
2173 4437 2441 4508 justitiam
2479 4433 2655 4506 (Psal.
2687 4450 2848 4489 cxxxl
2871 4474 2885 4498 ,
2913 4435 2991 4502 9).
3032 4432 3218 4488 Timor
3242 4419 3424 4487 autem

1830 4528 2093 4592 concutit,
2131 4542 2254 4581 cum
2307 4524 2441 4580 alias
2477 4522 2679 4578 dicitur
2707 4540 2721 4575 :
2752 4519 2852 4576 Cui
2900 4522 3126 4577 multum
3168 4521 3421 4587 creditur,

1831 4619 2056 4674 multum
2106 4617 2170 4670 ab
2222 4633 2281 4671 eo
2325 4615 2565 4685 exigetur
2614 4610 2766 4685 (Luc.
2798 4629 2896 4679 xu,
2932 4613 3044 4685 48).
3078 4613 3142 4667 Et
3172 4611 3368 4669 iterum
3404 4630 3418 4666 :

1834 4710 2078 4781 Potentes
2126 4717 2362 4783 potenter
2412 4690 2672 4759 tormenta
2722 4704 3012 4787 patientur.
3033 4701 3187 4776 (Sap.
3217 4719 3296 4768 vl,
3343 4703 3421 4773 7).

1831 4804 1899 4871 Et
1934 4817 2124 4858 rursus
2176 4816 2302 4872 spes
2347 4813 2448 4853 nos
2480 4798 2710 4860 refovet,
2761 4797 2850 4851 ubi
2881 4796 2959 4851 ait
2988 4814 3003 4849 :
3055 4795 3221 4850 Labia
3252 4811 3428 4848 socero

1833 4896 1971 4963 dotis
2019 4871 2311 4949 custodiant
2342 4871 2708 4954 scientiam,“
2747 4886 2913 4958 legem
2951 4886 3221 4960 exquirent
3249 4900 3313 4937 ea,
3339 4899 3430 4936 ore

1832 4988 1971 5059 ejus,
2019 4986 2267 5060 quoniam
2310 4981 2529 5053 angelus
2560 4980 2773 5038 Domini
2818 4982 3141 5037 exercituum
3165 4986 3238 5032 est
3271 4972 3429 5048 (Mal.

1833 5096 1897 5146 ιι,
1936 5081 2012 5152 7).
2034 5079 2180 5135 Inter
2216 5085 2298 5147 tot
2326 5090 2459 5146 ergo
2493 5072 2757 5148 procellas
2787 5084 2953 5146 atque
2979 5071 3301 5146 tranquillos
3328 5069 3431 5142 llu-

1835 5183 1956 5230 ctus
2005 5180 2239 5229 aestuare
2296 5167 2653 5240 profundum,
2708 5167 2841 5235 quid
2898 5170 3046 5225 aliud
3079 5177 3163 5226 est
3226 5162 3330 5219 nisi
3382 5161 3438 5215 in

135 5269 415 5338 manifesta
465 5264 737 5340 fortitudo
787 5264 939 5357 boum
1004 5263 1196 5337 (Prov.
1242 5280 1357 5332 xlv,
1406 5265 1484 5336 ι).
1523 5262 1659 5317 Hinc
1702 5276 1732 5316 θ
1766 5264 1810 5323 Ι)
1839 5277 2000 5337 portu
2028 5260 2315 5333 asperrimi
2366 5258 2576 5319 littoris
2612 5255 2798 5314 naVim
2842 5261 3036 5317 mentis
3062 5267 3263 5316 nostra:
3308 5260 3448 5305 tem-

1544 5350 1693 5372 .-n:

1707 5379 1728 5392 .,

1837 5360 2141 5412 “aetatibus
2187 5353 2441 5411 concuti?
2477 5356 2583 5413 sed
2627 5348 2755 5420 quia
2797 5354 3060 5429 majorem
3093 5349 3345 5408 ﬁduciam
3376 5356 3445 5396 ex
