3916 5476
529 418 635 478 ὕῖθ

1688 414 2044 474 ΔΝΑΞΤᾹΞΙΙ
2085 414 2623 478 BlBLlOTllECARll

3686 421 3779 487 ω

531 528 731 586 nostris
758 527 983 588 viribus,
1007 527 1099 584 sed
1131 527 1221 583 Dei
1265 528 1448 599 gratia?
1486 527 1806 598 deputamus
1833 529 1975 599 quod
2020 545 2109 584 su—
2142 539 2182 592 Α
2213 531 2482 588 Canonica
2532 534 2674 590 enim
2717 533 2954 588 vindicta
2995 548 3156 603 super
3195 548 3260 588 eo
3289 533 3557 592 debuerat
3599 553 3779 609 prove-

530 637 670 675 mus.
710 620 940 674 Tantum
969 627 1157 685 restat,
1191 628 1249 673 ut
1271 635 1394 674 eum
1422 619 1604 674 divino
1628 619 1828 674 auxilio
1852 619 2104 688 petendo,

529 714 836 781 quaerendo,
867 710 1151 780 pulsando,
1183 709 1285 763 ﬁde
1306 718 1360 763 et
1396 724 1559 778 Opere
1589 710 1786 764 donum
1813 709 2002 778 gratiae
2030 707 2108 762 ir-

529 800 1027 870 reprehensihilitcr
1048 800 1304 856 exhibere
1326 800 1613 870 possimus,
1633 815 1757 870 quo,
1778 798 2108 854 conculcatis

527 892 694 955 vitiis,
731 879 989 944 virtutum
1031 892 1356 960 repromissa
1397 891 1617 961 praemia
1673 891 1950 962 percipere
1994 904 2102 944 me-

529 995 763 1035 reamur.
816 981 1098 1050 Superbia,
1151 997 1271 1050 qua:
1305 991 1388 1035 est
1426 981 1636 1034 initium
1671 981 1847 1034 omnis
1877 979 2102 1049 peccati,

523 1073 681 1144 longe
707 1089 737 1126 a
764 1073 1104 1126 sacerdotum
1152 1072 1423 1128 mentibus
1471 1071 1583 1125 ﬁat.
1615 1071 1859 1125 Avaritia
1896 1084 2104 1134 rursus,

523 1179 643 1234 quae
673 1174 756 1218 est
791 1163 1056 1217 idolorum
1083 1164 1337 1228 servitus,
1372 1170 1534 1231 atque
1567 1162 1806 1215 omnium
1838 1160 2102 1215 malorum

524 1257 698 1318 radix.
745 1255 1005 1317 abscissa,
1047 1264 1101 1308 et
1150 1269 1180 1307 a
1235 1253 1445 1308 turbine
1497 1252 1732 1323 pulveris
1787 1251 1869 1305 sui
1918 1248 2101 1319 procul

521 1356 701 1400 amota
731 1348 1060 1410 destruatur,
1081 1361 1203 1415 quae
1225 1351 1463 1398 exerceat
1485 1343 1649 1397 etiam
1675 1340 1858 1396 oculos
1887 1340 2101 1409 sapien-

522 1450 656 1493 tum.
691 1439 1040 1494 Dilectionem
1090 1438 1253 1508 igitur
1279 1436 1518 1491 omnium
1559 1435 1818 1488 virtutum
1847 1442 2097 1496 matrem,

519 1529 638 1583 sine
669 1544 773 1597 qua
825 1528 957 1582 nihil
988 1527 1285 1598 perﬁcitur,
1330 1527 1458 1580 etin
1499 1540 1604 1593 qua
1652 1539 1839 1578 omnes
1876 1523 2101 1576 virtutes

518 1621 668 1690 pacis
708 1619 987 1690 compleue
1009 1618 1225 1672 vinculo
1259 1615 1700 1672 indissolubiliter
1732 1614 2098 1677 continentur,

519 1711 625 1766 ﬁde
677 1719 824 1766 recta
853 1721 908 1764 et
936 1723 1031 1778 spe
1053 1718 1202 1763 certa
1232 1707 1409 1762 studio
1445 1706 1770 1769 indesinenti
1800 1712 2097 1760 teneamus.

516 1801 584 1856 Et
629 1800 886 1870 quoniam
931 1798 1035 1852 ﬁde
1071 1796 1349 1852 hominum
1406 1796 1569 1850 corda
1631 1803 1948 1863 purgantur,
1973 1788 2098 1844 lecti

2211 620 2351 685 nire,
2394 637 2500 691 quo
2539 622 2892 678 fraternitatis
2928 632 3032 679 tum
3078 627 3416 680 consecratio
3448 628 3777 699 irrepreheno

2211 709 2383 763 sibilis
2411 720 2464 764 et
2487 711 2641 765 ﬁrma
2671 713 2950 768 consistat.
2993 712 3268 783 Scriptum
3291 724 3374 770 est
3401 718 3550 771 enim
3582 733 3596 770 :
3631 718 3692 773 Si
3711 721 3779 774 air

2207 799 2320 868 ejus
2346 812 2581 855 mortuus
2631 800 2808 866 fuerit,
2836 801 3010 856 soluta
3047 814 3121 858 est
3161 821 3193 856 a
3223 803 3333 874 lege
3373 807 3490 859 viri.
3533 805 3593 861 Si
3618 819 3776 861 autem

2209 892 2287 944 vir
2311 893 2424 962 ejus
2450 893 2590 958 vivit,
2635 893 2878 949 adultera
2923 895 3191 950 vocabitur
3235 898 3281 949 si
3329 897 3490 966 fuerit
3538 913 3652 951 cum
3683 900 3777 952 alio

2208 985 2316 1037 viro
2345 983 2517 1054 (Rom.
2554 1001 2648 1049 vlt,
2675 986 2732 1051 Ξ,
2761 987 2838 1054 5).
2866 986 3034 1040 Erunt
3062 988 3200 1041 enim
3237 987 3342 1042 duo
3381 989 3437 1042 in
3466 1004 3624 1043 carne
3660 1006 3775 1042 una.

2210 1073 2519 1145 Mysterium
2565 1087 2740 1131 autem
2776 1079 2873 1131 hoc
2929 1093 3177 1146 magnum
3217 1088 3313 1142 est,
3366 1080 3444 1132 ait
3485 1079 3777 1149 Apostolus,

2205 1183 2298 1237 ego
2339 1177 2513 1222 autem
2557 1170 2674 1222 dico
2704 1171 2757 1222 in
2786 1167 2994 1224 Christo
3021 1179 3070 1224 et
3108 1169 3342 1225 Ecclesia
3370 1170 3590 1243 (Epltes.
3618 1188 3671 1237 v,
3695 1173 3778 1235 5|.

2205 1255 2320 1328 5'2).
2348 1257 2561 1312 Etenim
2611 1259 2739 1314 licet
2780 1259 2980 1328 indigni
3024 1260 3212 1324 simus,
3254 1261 3431 1316 locum
3467 1271 3647 1317 tamen
3673 1262 3780 1330 ejus

2205 1345 2258 1399 in
2303 1344 2559 1402 Ecclesiis
2607 1347 2990 1417 adimplemus.
3030 1348 3484 1419 Viventeitaque
3531 1351 3778 1422 praedicto

2204 1435 2437 1506 Pyrrho,
2466 1447 2522 1494 et
2569 1440 2805 1493 nondum
2850 1447 3041 1494 natura
3071 1441 3156 1494 vel
3187 1440 3342 1510 culpa
3377 1442 3653 1495 exstincto
3672 1483 3687 1504 ,
3717 1456 3778 1495 ne

2202 1524 2344 1582 forte
2384 1527 2538 1583 ﬁeret
2587 1529 2823 1584 schisma
2851 1539 3162 1599 oportuerat
3208 1532 3526 1600 prmeaveri.
3563 1531 3634 1586 Ut
3660 1546 3777 1602 ergo

2202 1617 2561 1675 fraternitatis
2593 1629 2788 1675 vestrae
2817 1620 3170 1676 sacerdotalis
3199 1621 3474 1676 robustior
3510 1623 3647 1676 ordo
3666 1637 3778 1692 per-

2203 1720 2437 1777 maneat,
2465 1720 2679 1782 oportet
2730 1713 2969 1766 debitum
3005 1713 3264 1768 adversus
3299 1729 3424 1768 eum
3466 1713 3651 1785 colligi
3676 1715 3778 1783 epi-

2201 1814 2488 1870 scoporum
2513 1816 2579 1855 ex
2605 1802 3084 1872 propinquioribus
3106 1802 3236 1857 locis
3258 1813 3614 1858 conventum.
3645 1802 3777 1857 Pro:-

524 1893 708 1962 apices
730 1889 1032 1954 dilectionis
1071 1898 1266 1942 vestrae
1293 1887 1509 1956 limpida
1534 1885 1654 1940 ﬁdei
1683 1886 1879 1939 fluenta
1911 1897 2006 1936 vos
2032 1881 2092 1937 de

2203 1890 2434 1960 cipimus
2462 1892 2606 1946 enim
2639 1906 2799 1962 super
2829 1893 2930 1947 hoc
2971 1893 3134 1948 etiam
3165 1893 3505 1948 charissimis
3537 1893 3663 1948 ﬁliis
3691 1910 3776 1948 no-

515 1983 754 2040 fontibus
798 1980 1096 2036 Salvatoris
1145 1979 1412 2044 hausisse,
1463 1987 1514 2032 et
1563 1977 1703 2032 sicut
1740 1973 2098 2045 pnedieamus

512 2074 831 2147 prtedicare,
878 2083 934 2129 et
979 2071 1460 2147 quemadmodunL
1470 2068 1740 2122 credimus
1771 2067 2015 2129 credere,
2045 2071 2100 2116 et

515 2140 675 2222 sicuti
705 2165 961 2220 docemus
984 2140 1304 2217 iudiminute
1326 2140 1520 2214 docEre
1545 2156 1976 2212 manifestarunt.
2003 2151 2098 2208 llis

509 2271 644 2326 ergo
670 2255 739 2311 ita
764 2269 822 2310 se
853 2252 1338 2316 babentihus,cum
1370 2265 1432 2306 ea
1461 2265 1581 2320 quae
1607 2263 1637 2302 a
1668 2247 1876 2318 Pyrrho
1905 2247 2099 2300 adver-

511 2363 606 2403 sus
627 2345 972 2417 apostolicam
1001 2344 1161 2398 ﬁdem
1204 2350 1445 2398 nostram
1473 2340 1541 2395 ad
1571 2339 1978 2395 subversionem
2008 2352 2096 2410 sy—

511 2439 786 2496 nodalium
818 2437 1158 2492 decretorum
1211 2433 1421 2505 prolata
1456 2441 1598 2496 sunt,
1646 2439 1752 2484 tam
1783 2445 1880 2500 per
1901 2430 2092 2499 dogma

509 2532 655 2588 sedis
679 2529 1006 2601 apostolica,
1027 2528 1170 2599 quod
1195 2525 1496 2596 expositum
1527 2533 1608 2578 est
1634 2539 1664 2578 a
1692 2523 2093 2594 praedecessore

511 2632 720 2688 nostro,
743 2636 905 2692 quam
931 2636 1029 2690 per
1055 2619 1355 2689 jussionem
1384 2616 1476 2670 ﬁlii
1503 2616 1676 2670 nostri
1716 2613 2095 2670 mansuetissi-

508 2715 583 2771 mi
611 2713 867 2784 principis
909 2712 1178 2784 destructa
1217 2708 1327 2764 sint
1355 2723 1370 2762 :
1399 2707 1748 2776 quamobrem
1780 2703 2092 2759 fraternitas

509 2812 598 2859 tua
628 2819 658 2857 a
684 2803 913 2873 publicis
941 2801 1076 2855 locis
1117 2799 1385 2864 chartam,
1412 2812 1530 2867 quae
1564 2811 1825 2867 suspensa
1857 2795 2093 2865 pridem-

507 2910 613 2965 que
635 2901 845 2948 cassata
876 2890 1074 2955 fuerat,
1100 2905 1204 2944 non
1231 2888 1492 2944 abstulit?
1530 2903 1649 2957 quae
1679 2886 1890 2942 scilicet
1929 2900 2089 2940 scan-

507 2984 686 3039 dalum
733 2982 936 3037 sanctis
967 2980 1062 3035 Dei
1107 2979 1364 3036 Ecclesiis
1410 2994 1516 3034 non
1551 2979 1820 3033 modicum
1859 2976 2038 3032 intulit
2072 2994 2086 3031 :

507 3072 675 3127 Corde
696 3074 833 3125 enim
859 3071 1090 3124 creditur
1115 3071 1182 3122 ad
1195 3070 1487 3140 justitiam;
1510 3085 1598 3123 ore
1627 3079 1800 3122 autent
1833 3067 2089 3137 confessio

504 3162 565 3230 ﬁt
589 3163 642 3214 in
673 3160 896 3215 salutem
922 3159 1093 3228 (Rom.
1118 3176 1174 3224 χ,
1207 3159 1391 3231 10).ὃὶ
1413 3158 1769 3228 dejicieudum
1799 3173 1927 3228 ergo
1948 3156 2087 3225 ejus-

506 3255 627 3308 dem
658 3251 850 3322 Pyrrhi
905 3265 1168 3306 conamen
1199 3249 1517 3305 fraternitas
1555 3257 1735 3302 vestra
1783 3248 1950 3310 ducit,
1981 3262 2090 3316 qua
2115 3247 2159 3308 C

505 3359 604 3416 pro
627 3357 789 3398 causa
833 3342 1146 3411 przedictam
1175 3341 1422 3395 chartam
1467 3339 1533 3393 de
1563 3337 1770 3408 pariete
1794 3353 1901 3391 non
1923 3336 2086 3406 depo-

504 3434 647 3490 suit?
691 3433 860 3488 Nemo
904 3433 1102 3503 quippe
1153 3433 1295 3501 quod
1345 3431 1692 3486 abominatur
1719 3429 1865 3484 colit.
1903 3428 1962 3483 Si
1993 3443 2089 3482 au-
2122 3465 2126 3474 ι

506 3539 639 3594 tem,
680 3527 824 3598 quod
870 3526 1032 3590 absit,
1067 3523 1374 3593 hujusmodi
1420 3525 1680 3593 scriptum
1721 3521 2084 3593 amplectitur,

503 3619 657 3689 cujus
683 3618 761 3673 rei
791 3617 963 3688 gratia
1005 3616 1160 3670 nobis
1203 3616 1304 3670 hoc
1335 3630 1430 3685 per
1461 3615 1678 3684 propria
1706 3613 1962 3683 synodica
1990 3625 2086 3666 sua

503 3711 725 3766 minime
775 3708 1064 3779 patefecit?
1115 3706 1374 3762 Neutrum
1403 3707 1546 3760 enim
1577 3706 1694 3759 sine
1720 3706 1912 3759 horqu
1951 3703 2086 3758 alte-

503 3801 618 3872 rius
645 3799 943 3868 dejectione
965 3799 1288 3853 indemniter
1313 3807 1456 3851 stare
1478 3805 1672 3868 potest.
1703 3794 1837 3850 Nam
1864 3796 1909 3850 si
1940 3805 2085 3850 recta

507 3893 660 3958 lides,
685 3905 804 3959 qua:
845 3900 922 3944 tot
951 3888 1196 3944 conciliis
1223 3889 1476 3943 roborata
1518 3897 1623 3953 est,
1655 3887 1722 3940 ab
1752 3885 1999 3942 Heraclio
2033 3894 2087 3942 et

502 3981 711 4052 Pyrrho
730 3997 850 4035 cum
879 3981 1112 4049 quadam
1138 3979 1412 4034 additione
1433 3987 1488 4032 et
1514 3979 1892 4033 emendatione
1915 3981 2086 4034 corri-

501 4075 687 4144 gitur:
737 4088 865 4143 ergo
900 4074 1030 4127 fides
1073 4088 1101 4126 a
1153 4072 1407 4126 Patrihus
1459 4069 1730 4124 subtiliter
1775 4069 2082 4123 examinata

501 4163 830 4219 commoveri
860 4161 1221 4231 cognoscitur,
1273 4170 1327 4213 et
1354 4159 1551 4213 mortui
1593 4175 1762 4212 vacua
1787 4173 1881 4227 spe
1917 4159 2085 4212 beati-

501 4255 704 4309 tudinis
752 4253 1067 4309 deciderunt
1117 4270 1130 4305 :
1179 4252 1320 4321 quod
1369 4259 1573 4305 avertat
1602 4249 1742 4304 Deus
1773 4267 1802 4303 a
1845 4250 2082 4305 ﬁdelium

500 4345 774 4400 cordibus.
817 4343 882 4397 lli
920 4345 1064 4396 enim
1111 4342 1201 4410 qui
1233 4339 1471 4395 defuncti
1514 4347 1638 4394 sunt
1665 4340 1886 4394 minime
1915 4342 2084 4410 perie-

503 4446 631 4493 runt
671 4454 684 4490 :
733 4434 974 4488 Pretiosa
1023 4448 1254 4503 namque
1280 4432 1333 4486 in
1373 4443 1651 4502 conspectu
1680 4431 1892 4484 Domini
1940 4447 2080 4484 mors

499 4537 802 4581 sanctorum
831 4524 944 4593 ejus
969 4522 1141 4594 (Psal.
1164 4538 1288 4588 cxv,
1320 4521 1430 4593 15).
1454 4522 1520 4574 Ει
1543 4521 1633 4590 qui
1671 4522 1860 4574 vivunt
1895 4521 1946 4574 in
1979 4521 2080 4575 hac

499 4619 623 4684 ﬁde,
670 4617 854 4672 mundi
884 4610 1058 4669 cﬁ‘ecti
1102 4624 1227 4669 sunt
1259 4630 1271 4665 :
1302 4613 1631 4682 Patrumque
1654 4613 1846 4683 dogma
1869 4614 2078 4683 signata
2104 4603 2158 4664 Ι)

500 4709 604 4764 ﬁde
645 4723 830 4762 verum
863 4707 918 4761 et
955 4706 1099 4776 pium
1139 4704 1368 4758 ﬁrmiter
1393 4713 1476 4758 est
1520 4704 1751 4773 posteris
1800 4705 2076 4758 traditmn.

498 4798 690 4854 Restat
740 4798 920 4868 igitur,
951 4795 1093 4865 quod
1124 4803 1312 4848 contra
1357 4794 1515 4850 ﬁdem
1569 4795 1968 4864 promulgatum
1997 4801 2080 4849 est

499 4893 711 4948 irritum
734 4889 847 4955 ﬁat,
872 4899 927 4942 et
956 4904 1077 4942 cum
1100 4896 1323 4940 auctore
1351 4887 1571 4955 proprio
1594 4887 1922 4940 destruatur.
1949 4888 2078 4940 l’or-

501 4997 564 5036 ro
589 4979 768 5035 mirati
816 4992 1002 5033 smnus
1046 4977 1170 5044 quia
1223 4975 1479 5044 episcopi,
1538 4976 1627 5043 qui
1682 4974 2076 5030 fraternitatem

502 5081 649 5125 tuam
669 5075 1140 5130 consecraverunt,
1171 5065 1575 5120 sanctissimum
1609 5064 1760 5119 illum
1789 5065 1843 5119 in
1883 5066 2080 5122 litteris

501 5161 616 5214 suis
640 5159 912 5210 dilemm-
963 5156 1067 5202 SP-d
1096 5167 1152 5200 Pl
1187 5157 1313 5210 quia
1349 5166 1570 5208 urunler
1594 5157 1866 5204 vulgarem
1900 5159 2081 5210 turba-

2201 1983 2331 2037 stris
2381 1981 2568 2038 Serico
2613 1983 3020 2049 archidiacono,
3078 1992 3134 2038 et
3179 1981 3410 2039 Martino
3460 1985 3691 2041 diacono
3727 1994 3777 2040 et

2199 2073 2576 2144 apocrisiario,
2604 2075 2800 2144 quibus
2827 2083 2883 2129 et
2931 2074 3105 2130 locum
3135 2083 3379 2130 nostrum
3420 2075 3488 2131 ad
3518 2075 3680 2146 hujus
3706 2077 3774 2130 rei

2198 2165 2640 2221 deliberationem
2669 2165 2961 2231 credimus,
2996 2175 3260 2236 quatenus
3287 2182 3410 2220 cum
3440 2166 3776 2221 fraternitate

2197 2266 2377 2312 vestra
2407 2258 2650 2328 pra‘dicli
2677 2259 2866 2330 Pyrrhi
2896 2258 3050 2329 culpa
3093 2259 3418 2330 regulariter
3441 2261 3772 2330 exquiratur.

2197 2345 2312 2401 Non
2337 2349 2480 2402 enim
2529 2349 2816 2419 przesentia
2847 2347 2962 2418 ejus
2990 2350 3297 2405 necessaria
3330 2360 3436 2417 est,
3473 2351 3567 2405 ubi
3607 2365 3775 2405 exces-

2195 2453 2288 2494 sus
2317 2437 2453 2508 ejus,
2479 2449 2534 2494 et
2559 2441 2758 2510 scripta
2782 2441 2996 2498 veritati
3023 2444 3374 2513 repugnantia
3403 2452 3610 2512 prmsto
3641 2452 3771 2503 sunt,

2197 2539 2254 2585 ut
2283 2546 2405 2586 cum
2434 2531 2501 2586 de
2531 2531 2615 2586 his
2644 2529 2986 2599 dijudicatur,
3019 2533 3193 2586 modis
3229 2533 3484 2587 omnibus
3520 2531 3772 2586 condem-

2194 2632 2370 2678 netur.
2401 2621 2583 2677 Primo
2608 2623 2846 2692 quidem,
2872 2623 3127 2693 quoniam
3158 2621 3494 2688 lleraclium,
3524 2623 3620 2694 qui
3655 2639 3774 2676 ana-

2197 2712 2570 2767 thematizavit
2621 2711 2981 2766 inviolabilem
3011 2711 3438 2766 orthodoxorum
3471 2710 3693 2765 Patrum
3718 2709 3774 2762 li-

2193 2803 2584 2869 dem,diversis
2609 2802 2855 2859 laudibus
2886 2803 3097 2869 extulit,
3125 2812 3176 2857 et
3206 2801 3562 2873 sophisticam
3585 2801 3776 2872 jussit!-

2193 2909 2317 2951 nem
2350 2896 2539 2964 ipsius,
2591 2894 2644 2948 in
2670 2909 2774 2964 qua
2799 2895 2951 2964 quasi
2982 2891 3282 2965 symbolum
3307 2891 3431 2947 ﬁdei
3458 2893 3770 2962 composuit,

2191 2987 2580 3042 subscribendo
2651 2984 2908 3049 ﬁrmavit,
2959 2983 3278 3052 furtivisth
3341 2973 3772 3052 subreptionibus

2190 3078 2451 3148 quosdam
2497 3076 2805 3132 sacerdotes
2831 3075 2974 3146 apud
3020 3089 3082 3130 se
3109 3073 3422 3144 singulatim
3468 3074 3770 3142 praedictam

2190 3171 2432 3226 chartam
2466 3167 2724 3222 roborare
2745 3167 2940 3237 coegit,
2969 3175 3027 3220 et
3052 3166 3102 3220 in
3129 3164 3359 3236 publicis
3389 3163 3527 3236 locis
3559 3178 3769 3234 suspen-

2189 3260 2318 3315 dere
2342 3259 2410 3313 ad
2446 3257 2872 3314 destructionem
2893 3254 3351 3311 Chalcedonensis
3384 3253 3586 3310 concili
3620 3259 3772 3309 auda-

2187 3351 2235 3406 ci
2273 3348 2703 3420 transgressionc
2754 3348 3116 3418 praesumpsit.
3150 3344 3304 3401 Unde
3343 3361 3452 3400 non
3511 3346 3767 3401 modicum

2187 3443 2545 3498 dissensionis
2590 3440 2904 3496 scandalum
2941 3439 3199 3495 Ecclesiis
3231 3441 3324 3496 Dei
3378 3441 3767 3504 disseminavit,

2187 3545 2241 3589 et
2265 3533 2627 3590 obtestatione
2656 3539 2953 3587 conventus
2985 3547 3015 3584 a
3039 3531 3325 3586 decessore
3353 3541 3545 3586 nostro
3586 3531 3768 3600 mrt'igi

2187 3624 2546 3695 parvipendit.
2575 3623 2672 3677 llis
2695 3623 2863 3695 igitur
2884 3633 2938 3677 et
2968 3623 3087 3677 aliis
3110 3623 3162 3677 in
3186 3625 3397 3695 synodo
3421 3623 3769 3679 fraternitatis

2191 3725 2381 3770 vestrae
2420 3716 2721 3785 requisitis,
2757 3715 3030 3770 canonica:
3066 3714 3210 3770 hunc
3261 3716 3606 3771 exsecutioni
3657 3716 3768 3794 sub-

2188 3806 2410 3872 mittite,
2445 3815 2505 3860 ut
2549 3806 2872 3860 sacerdotali
2899 3806 3093 3861 ordine
3141 3815 3196 3860 et
3223 3806 3522 3878 episc0pali
3569 3807 3769 3878 legisla-

2189 3899 2350 3964 tione,
2407 3915 2470 3953 ac
2515 3898 2837 3970 regulariter
2886 3914 2950 3954 eo
2979 3899 3284 3955 sacerdotio
3340 3899 3640 3965 denudato,
3674 3915 3765 3954 non

2187 3992 2360 4046 solum
2419 3993 2550 4045 ﬁdes
2602 3990 2807 4045 illibata
2862 3999 3199 4062 permaneat,
3234 3992 3328 4045 sed
3374 4000 3432 4044 et
3463 3991 3766 4045 fraternita-

2187 4083 2255 4137 tis
2295 4091 2490 4137 vcstra:
2529 4084 2727 4153 gradus
2774 4082 3096 4153 episc0palis
3150 4081 3356 4136 ﬁrmior
3386 4093 3756 4137 conservetur.

2183 4176 2254 4230 At
2283 4191 2434 4241 vero,
2466 4176 2509 4230 si
2551 4175 2832 4246 diligenter
2852 4175 3167 4230 fraternitas
3197 4184 3402 4236 vestra,
3432 4173 3566 4229 dum
3604 4174 3765 4230 consi-

2183 4266 2366 4332 tiatur,
2423 4267 2762 4337 perspexerit
2806 4265 3047 4321 fautores
3079 4264 3192 4333 jam
3247 4266 3374 4321 dicti
3411 4266 3609 4338 Pyrrhi
3665 4266 3761 4319 cir-

2183 4366 2575 4426 cumstrepere,
2630 4363 2686 4410 et
2735 4355 3015 4410 senseritis
3061 4356 3275 4420 crebro,
3308 4356 3613 4410 insolenter
3639 4369 3762 4425 prte-

2181 4447 2320 4502 senti
2369 4445 2586 4514 negotio
2636 4445 2778 4515 quod
2802 4443 3168 4500 ditliniendum
3213 4455 3296 4501 est
3323 4445 3756 4517 impedimentum

2181 4552 2279 4608 per
2299 4537 2612 4592 dilationem
2635 4533 2850 4601 afferre,
2881 4545 2940 4590 ut
2960 4536 3235 4607 proprium
3259 4536 3576 4606 compleant
3604 4552 3757 4608 quan-

2183 4627 2358 4698 doque
2409 4626 2715 4692 consilium,
2767 4627 2921 4681 vobis
2978 4625 3432 4693 contradicentes,
3483 4628 3591 4682 nisi
3618 4627 3756 4697 juxta

2183 4730 2368 4774 votum
2396 4734 2552 4774 suum
2577 4719 2867 4788 quidquam
2891 4719 3201 4789 proveniat;
3249 4728 3302 4774 et
3343 4720 3390 4775 si
3427 4720 3500 4775 ob
3528 4721 3632 4776 hoc
3655 4720 3756 4774 fra-

2182 4811 2491 4865 ternitatem
2553 4819 2788 4864 vestram
2843 4810 3134 4864 obnoxiam
3191 4809 3406 4877 facere,
3461 4811 3551 4866 vel
3604 4813 3753 4867 etiam

2181 4903 2416 4958 schisma
2457 4903 2524 4956 de
2563 4903 2751 4956 eadem
2800 4917 3031 4971 persona
3087 4905 3414 4959 tentaverint
3457 4925 3471 4960 :
3515 4907 3755 4977 possibile

2180 5002 2345 5048 estut
2371 4992 2680 5048 abscidatur
2723 4992 2884 5046 etiam
2926 4991 2979 5046 in
3028 4991 3333 5062 hujusmodi
3369 4997 3611 5067 capitulo
3643 4996 3754 5051 talis

2179 5085 2542 5140 versutiarum
2592 5084 2831 5153 ipsorum
2873 5084 3122 5150 intentio,
3151 5094 3207 5141 et
3232 5086 3555 5144 obtineatur
3591 5088 3755 5157 jussio

2182 5191 2208 5206 σε
2237 5177 2454 5218 dmni-m
2497 5184 2684 5226 nostro
2731 5185 2787 5228 et
2839 5175 2950 5230 lilio
2994 5176 3444 5233 Christianisﬁmi
3482 5183 3752 5245 principis.
