4016 6296
205 413 307 474 881

762 411 1281 470 COLLECTANEA.
1323 442 1394 454 —
1429 407 1780 468 THEODORI
1818 410 1922 466 PP.
1949 409 2176 468 EPIST.
2219 405 2284 468 ΙΝ
2315 405 2551 468 CAUSA
2590 409 2869 469 PYRlllll.

3370 407 3482 474 882

205 528 351 582 doxa
399 525 508 581 fide
553 525 765 597 pulsum
817 523 1118 591 necabitur,
1177 534 1338 595 atque
1397 523 1490 578 Dei
1548 523 1788 578 Ecclesia
1820 533 1866 588 Α
1897 533 2006 580 tres
2027 524 2501 597 consignaverunt,
2546 542 2644 596 per
2670 527 2831 596 quam
2880 525 3052 582 renati
3079 535 3136 583 et
3160 526 3304 584 docti
3347 527 3478 586 factl

204 619 488 675 continua!
531 618 649 688 paci
697 616 1006 672 donabitur.
1071 616 1249 671 Deleri
1306 630 1540 685 namque
1578 614 1647 670 ab
1688 615 1790 670 Ec-

205 709 379 765 clesia
427 705 684 764 scandala
728 706 945 773 debent,
991 715 1048 760 et
1081 707 1392 776 exstirpari.
1435 705 1600 760 Multa
1647 708 1792 761 enim

203 807 442 870 possunt
480 799 613 855 oriri
649 800 1007 856 dissensionis
1037 800 1244 854 zizania
1275 809 1464 856 contra
1506 801 1796 871 promotio-

203 905 334 944 nem
373 887 732 945 fraternitatis
765 897 888 954 tuas,
917 890 1020 944 nisi
1054 890 1313 944 canonica
1359 889 1514 955 falce,
1561 904 1632 945 ne
1664 905 1792 960 pro-

209 979 432 1044 ficiant,
466 979 728 1035 radicitus
754 980 1152 1035 rescindantur.
1181 978 1458 1049 Siquidem
1503 996 1626 1035 cum
1655 980 1794 1050 pati-

163 1053 173 1074 ’
201 1083 299 1129 tur
321 1091 489 1130 unum
527 1076 850 1141 membrum,
874 1075 1280 1144 compatiuntur
1310 1070 1514 1144 reliqua
1541 1074 1786 1144 corporis

158 1158 456 1240 jmembra
486 1165 538 1236 (1
568 1164 692 1221 Cor.
751 1165 873 1238 xu).
921 1166 1078 1222 Absit
1131 1181 1262 1237 ergo
1313 1175 1370 1220 ut
1408 1166 1703 1221 schismata
1743 1173 1798 1220 et

158 1265 162 1273 ³
202 1255 578 1310 dissensiones
603 1255 944 1325 proveniant,
977 1256 1273 1309 secundum
1295 1253 1439 1324 quod
1466 1263 1522 1309 et
1549 1269 1796 1309 mansue-

201 1346 482 1401 tissimam
513 1345 790 1402 dominum
819 1353 878 1400 et
902 1345 1068 1400 filium
1094 1353 1342 1400 nostrum
1371 1344 1671 1420 principem
1699 1357 1797 1410 per

203 1437 424 1492 litteras
475 1445 690 1492 nostras
723 1436 1032 1506 petivimus,
1072 1436 1216 1504 quod
1251 1437 1320 1490 ab
1349 1434 1666 1504 episcopatu
1681 1432 1797 1486 fra-

203 1527 486 1583 ternitatis
533 1534 728 1582 vestra:
775 1526 956 1582 omnia
999 1533 1120 1595 quae
1180 1540 1352 1594 nuper
1400 1531 1592 1578 exorta
1672 1530 1799 1578 sunt

203 1618 470 1673 scandala
528 1618 863 1679 recidantur,
887 1627 941 1672 et
978 1617 1322 1687 nosquidcm
1362 1615 1526 1672 veluti
1553 1613 1794 1669 fraterna

202 1711 424 1764 viscera
453 1709 865 1766 condolentibus
913 1708 1268 1780 providentiae
1296 1716 1498 1763 nostra;
1533 1705 1796 1762 medelam

201 1797 504 1854 afferentes
574 1813 954 1870 appareamus.
1023 1799 1408 1854 Verumtamen
1479 1796 1794 1867 praadictam

1895 629 2104 680 sumus,
2152 629 2425 685 quamque
2472 615 2750 678 docemus.
2805 615 3010 670 nullum
3041 625 3388 688 augmentum
3419 618 3477 673 in

1895 704 2140 776 symbolo
2177 705 2321 768 fidei,
2375 707 2517 776 quod
2545 708 2815 774 asynodis
2860 715 2942 764 est
2990 708 3289 774 firmatum,
3337 708 3479 766 rcci-

1897 798 2124 868 picntcs.
2153 796 2457 851 Anathema
2501 797 2703 868 bisqui
2759 798 2992 865 addunt;
3049 801 3338 855 anathema
3384 799 3476 870 qui

1897 891 2121 945 demunt
2153 898 2344 944 sancto
2376 890 2710 956 matbemati,
2745 889 2798 944 id
2839 899 2925 946 est
2951 893 3216 963 symbolo,
3249 894 3392 963 quod
3421 893 3478 948 in

1896 982 2124 1037 concilio
2171 980 2394 1037 Niczeno
2439 981 2753 1047 dimnitum,
2779 979 3354 1052 ConStantinopolique
3389 983 3482 1038 llr-

1897 1084 2123 1140 malnm,
2149 1083 2204 1130 et
2233 1075 2286 1130 in
2335 1075 2606 1145 Ephesino
2639 1075 2816 1144 primo
2857 1084 3020 1144 atque
3044 1073 3406 1139 Chalcedone,
3447 1090 3478 1129 a

1896 1168 2103 1222 sanctis
2131 1175 2188 1222 ot
2212 1168 2534 1223 orthodoxis
2573 1166 2844 1231 Patrihus,
2867 1167 2960 1237 qui
2989 1167 3042 1222 in
3075 1167 3344 1222 catholica
3373 1167 3482 1222 fide

1897 1255 2240 1323 floruerunt,
2289 1257 2463 1328 gratia
2511 1258 2683 1312 sancti
2739 1269 2824 1312 est
2866 1258 3103 1329 Spiritus
3164 1258 3478 1312 stabilitum.

1898 1346 2024 1402 llaec
2045 1356 2102 1402 et
2137 1348 2224 1402 his
2252 1347 2446 1402 similia
2475 1347 2728 1403 concordi
2762 1363 2924 1402 sensu
2954 1347 3269 1403 fraternitas
3298 1357 3481 1402 vestra

1896 1437 2244 1510 praedicando
2285 1437 2587 1503 nobiscum,
2617 1453 2712 1490 ore
2740 1448 2794 1492 et
2815 1453 2978 1510 opere
3007 1437 3352 1492 confiteatur.
3386 1439 3478 1492 Si-

1899 1527 2102 1582 militer
2129 1511 2312 1580 autem
2362 1527 2883 1581 anathematizantcs
2914 1541 3104 1582 omnes
3142 1527 3379 1582 hmrcses
3425 1535 3481 1582 et

1899 1627 2149 1672 auctores
2191 1631 2400 1682 earum,
2446 1626 2504 1671 ut
2525 1617 2580 1671 id
2608 1616 2784 1686 ipsum
2829 1617 3076 1671 dicamus
3096 1632 3308 1682 omnes,
3337 1617 3480 1671 sicut

1898 1709 2158 1778 scriptum
2182 1716 2288 1772 est,
2324 1716 2380 1762 et
2404 1708 2699 1762 schismata
2725 1705 2871 1761 nullo
2899 1706 3058 1761 modo
3085 1708 3392 1778 germinent
3427 1708 3481 1762 in

1899 1799 2156 1854 Ecclesiis
2183 1797 2301 1864 Dei,
2328 1813 2447 1868 qua:
2468 1797 2734 1867 spirituali
2755 1796 2868 1865 jam
2897 1805 2950 1852 et
2971 1797 3054 1852 bis
3075 1808 3236 1852 acuto
3265 1807 3483 1853 senten-

203 1890 484 1955 cbartam,
511 1905 634 1960 quae
675 1899 864 1944 contra
908 1889 1267 1943 orthodoxam
1297 1887 1454 1943 fidem
1481 1895 1537 1942 et
1565 1885 1793 1941 Cbalce-
1829 1897 1872 1957 Β
1903 1893 1990 1946 tia:
2009 1889 2188 1962 gladio
2209 1898 2335 1945 sunt
2357 1889 2582 1944 rescisa.
2615 1889 2784 1943 Porro
2820 1897 3145 1958 praesentem
3175 1888 3479 1943 litterarum

203 1981 451 2037 donense
515 1981 804 2037 concilium
854 1981 1148 2051 sophistice
1219 1980 1482 2050 probatur
1528 1979 1795 2049 exposita,

203 2075 423 2130 cunctis
443 2075 648 2130 viribus
687 2075 894 2130 irritam
925 2091 1047 2130 esse
1088 2075 1470 2139 deliberamus,
1497 2081 1556 2128 et
1579 2072 1796 2128 vinculo

203 2167 578 2222 anathematis
607 2167 916 2232 refutatam,
972 2175 1136 2238 atque
1165 2174 1223 2220 ut
1259 2183 1286 2219 a
1318 2166 1478 2222 nobis
1503 2173 1560 2220 et
1587 2166 1657 2221 ab
1681 2181 1798 2221 om-

204 2260 371 2314 nibus
395 2259 715 2315 ortbodoxis
759 2259 1029 2331 episcopis
1073 2258 1436 2314 abominatam
1468 2256 1793 2327 respnimus.

202 2349 424 2405 Sufﬁcit
481 2367 712 2421 namque
756 2350 912 2406 nobis
962 2351 1095 2405 lldes
1135 2365 1295 2421 quam
1347 2349 1518 2404 sancti
1569 2345 1795 2418 apostoli

201 2439 661 2510 practicaverunt,
713 2441 942 2496 concilia
976 2442 1352 2505 ﬁrmaverunt,
1379 2448 1437 2496 et
1480 2439 1655 2495 sancti
1694 2437 1796 2493 Pa-

1902 1985 2128 2041 latorem
2179 1984 2504 2040 fraternitati
2533 1989 2730 2040 vestrae
2755 1983 2808 2037 in
2834 1983 3088 2038 omnibus
3129 1983 3479 2037 commenda-

1908 2092 2051 2143 mus,
2079 2077 2332 2146 quoniam
2373 2083 2430 2130 et
2469 2089 2650 2152 mores
2671 2072 2787 2142 ejus
2821 2073 3043 2145 exigunt
3069 2081 3129 2126 ut
3170 2088 3291 2126 eum
3332 2072 3486 2126 vobis

1903 2187 2003 2226 nos
2031 2169 2753 2225 commcndaredebeamus:
2782 2167 2909 2238 quia
2933 2165 3221 2222 manifeste
3244 2175 3486 2220 vestram

1903 2261 2061 2316 nobis
2082 2259 2426 2331 praesentiam
2477 2258 2735 2312 exhibere
2769 2256 3160 2312 venerabilitas
3185 2254 3304 2324 ejus
3323 2264 3488 2325 atque

1902 2349 2164 2421 perfectio
2187 2363 2396 2404 morum
2419 2347 2773 2418 dignoscitur.

223 2612 3474 2646 Mm

1584 2767 2126 2844 EXEMPLAB

287 2943 938 3006 PROPOSITIONIS
967 2941 1344 3004 transmissa:
1379 2935 1992 3020 Constantinopolim
2032 2958 2069 2999 a
2108 2936 2428 3002 Theodoro
2466 2941 2858 3002 sanctissimo
2893 2959 3064 3022 papa
3097 2939 3398 3009 Romano.
3473 3004 3476 3010 ,

277 3220 540 3275 Dominus
570 3234 634 3272 ac
658 3216 908 3272 Salvator
942 3222 1126 3270 noster
1151 3213 1206 3268 in
1239 3214 1542 3285 Evangeliis
1565 3224 1782 3288 aposto-
1814 3220 1859 3282 C
1893 3217 1982 3287 qui
2017 3217 2316 3272 addiderint
2344 3216 2427 3274 vel
2451 3217 2784 3288 dempseriut
2812 3217 2939 3288 quid
2974 3219 3025 3273 in
3052 3219 3177 3284 lidc,
3201 3235 3320 3288 qua:
3347 3235 3376 3274 a
3406 3229 3487 3278 tot

206 3312 273 3365 lis
300 3309 418 3365 suis
446 3308 518 3362 ita
550 3306 686 3362 dixit
715 3320 730 3358 :
761 3305 1068 3376 Quicunque
1099 3303 1305 3359 solverit
1331 3321 1493 3358 unum
1534 3305 1598 3360 de
1646 3323 1795 3360 man-

205 3409 348 3461 datis
381 3405 494 3460 istis
529 3404 780 3466 minimis,
803 3412 850 3457 et
893 3403 1124 3457 docuerit
1164 3401 1238 3456 sic
1266 3401 1522 3463 homines,
1547 3399 1795 3452 minimus

207 3495 480 3552 vocabitur
516 3493 569 3548 in
599 3509 754 3563 regno
782 3490 1026 3546 calorum
1075 3489 1288 3561 (Matth.
1333 3504 1385 3553 v,
1423 3488 1532 3557 l9).
1583 3485 1690 3541 Sed
1742 3495 1797 3540 et

203 3587 312 3640 alia
343 3583 624 3654 Scriptura
651 3581 782 3637 dicit
809 3598 823 3635 :
855 3580 938 3634 Ne
964 3579 1252 3649 transferas
1287 3579 1532 3632 terminos
1554 3587 1796 3642 wleruos,

203 3693 337 3747 quos
365 3681 652 3745 posuerunt
671 3681 844 3741 patres
873 3671 948 3724 tui
995 3668 1176 3742 (Prov.
1227 3684 1361 3734 χιιι,
1388 3667 1501 3740 28).
1545 3665 1640 3721 His
1670 3681 1799 3738 ergo

205 3769 290 3823 sic
316 3781 376 3822 se
402 3764 760 3827 habentibus,
793 3763 858 3816 ad
894 3762 1144 3817 notitiam
1197 3761 1554 3816 fraternitatis
1605 3769 1800 3814 vestrae

207 3856 529 3914 deducimus
575 3855 701 3924 quia
753 3853 1028 3925 Pyrrhus,
1077 3853 1169 3926 qui
1228 3852 1496 3922 quondam
1545 3850 1801 3905 Ecclesia:

208 3947 753 4018 Constantinopoleos
777 3947 1146 4016 episcopatum
1179 3943 1467 4015 subripuit,
1512 3953 1566 3998 et
1630 3943 1802 3998 instar

207 4041 319 4111 lupi
345 4038 452 4095 sub
493 4047 756 4110 praetextu
793 4037 1030 4108 pastoris
1063 4036 1332 4102 latitabat,
1375 4046 1564 4092 contra
1617 4037 1805 4091 ortho-

210 4135 410 4189 doxam
437 4132 594 4188 fidem
623 4147 792 4187 cornu
827 4131 1016 4186 bellico
1053 4138 1267 4192 erecto,
1314 4130 1559 4200 quaedam
1599 4127 1806 4182 novita-

211 4227 282 4280 tis
312 4225 568 4296 ligmenta
595 4222 988 4293 composuit,et
1007 4222 1215 4276 chartis
1243 4236 1272 4275 a
1303 4235 1363 4276 se
1388 4220 1805 4291 dictatis,quos-

213 4319 338 4371 dam
367 4315 586 4371 furtivis
616 4330 682 4370 ac
709 4313 1048 4384 subreptitiis
1089 4312 1263 4368 modis
1293 4312 1634 4368 subscribere
1658 4327 1806 4367 com-

211 4409 348 4482 pulit
369 4408 678 4464 sacerdotes
705 4425 718 4461 :
743 4415 960 4461 versute
985 4420 1202 4476 gerens,
1227 4413 1284 4458 ut
1311 4404 1626 4459 haereticum
1666 4419 1803 4475 pne-

1901 3310 2152 3366 Patribus
2179 3319 2261 3366 est
2289 3309 2540 3365 roborata
2571 3328 2584 3363 :
2612 3309 2771 3379 hujus
2800 3310 2878 3366 rei
2918 3310 3094 3380 gratia
3143 3309 3485 3366 dilectionem

1901 3411 2134 3456 vestram
2183 3401 2505 3470 przcmunire
2545 3401 3038 3465 consideravimus,
3064 3410 3122 3456 ut
3171 3401 3254 3456 bis
3293 3417 3413 3471 qua:
3455 3418 3485 3456 a

1899 3496 2158 3565 praadicto
2189 3495 2396 3566 Pyrrho
2424 3493 2685 3548 adversus
2739 3492 3087 3562 apostolicam
3129 3492 3294 3547 ﬁdem
3341 3509 3482 3563 pac-

1901 3595 2112 3654 sumpta
2143 3596 2269 3640 sunt
2291 3584 2616 3654 reprobatis,
2648 3584 2892 3638 eamdem
2925 3582 3083 3637 fidem
3125 3584 3265 3638 sicut
3305 3593 3358 3638 et
3403 3584 3486 3639 fisi

1901 3691 2088 3731 sumus
2126 3673 2429 3738 retineatis,
2470 3688 2632 3743 quam
2662 3688 2730 3727 ex
2757 3673 2872 3742 ipso
2903 3672 3044 3728 lacte
3093 3673 3318 3729 uberum
3369 3689 3492 3728 sau-

1902 3778 2003 3822 ctze
2051 3765 2303 3820 Ecclesia:
2351 3764 2513 3820 simul
2573 3764 2818 3829 suxistis,
2873 3764 3121 3819 universa
3189 3766 3492 3820 temerariae

1902 3856 2156 3912 novitatis
2195 3855 2548 3910 deliramenta
2601 3857 2959 3909 destruentes.
3017 3853 3125 3910 Nos
3181 3855 3325 3909 enim
3381 3865 3488 3912 tam

1901 3963 2001 4018 per
2027 3946 2162 4002 alias
2187 3945 2412 4009 litteras,
2439 3961 2601 4015 quam
2629 3960 2725 4014 per
2753 3945 3029 4001 decretum
3060 3947 3341 4016 prmscnzis
3367 3963 3491 4016 pro-

1901 4038 2208 4108 positionis,
2239 4038 2420 4092 omnia
2455 4053 2574 4107 qua:
2595 4046 2783 4094 contra
2805 4039 3162 4096 orthodoxam
3194 4051 3249 4098 et
3276 4047 3490 4108 aposto-

1904 4128 2064 4184 licam
2103 4123 2261 4182 fiilem
2305 4139 2546 4184 nostram
2595 4129 2664 4184 ab
2710 4128 2950 4199 ejusdem
3005 4129 3196 4202 Pyrrhi
3248 4145 3385 4184 nova
3437 4137 3494 4182 rt

1905 4219 2193 4276 temeraria
2222 4220 2461 4275 vanitate
2499 4222 2806 4277 introducta
2836 4231 2961 4277 sunt
2989 4222 3386 4284 abominantes,
3414 4219 3490 4272 si-

1905 4312 2122 4382 malque
2150 4327 2272 4366 cum
2312 4312 2523 4378 charta,
2555 4329 2675 4384 qua:
2717 4315 3012 4385 proposita,
3061 4324 3115 4367 et
3162 4314 3214 4367 in
3262 4311 3492 4382 publicis

1902 4403 2037 4460 locis
2065 4405 2134 4459 ab
2162 4419 2229 4459 eo
2255 4420 2514 4478 suspensa
2539 4413 2640 4470 est,
2666 4405 3215 4470 anathematizantcs,
3242 4403 3491 4456 volumus

211 4503 536 4574 sumptionis
563 4517 675 4558 suae
703 4503 894 4573 dogma
922 4501 1192 4572 subreptis
1205 4501 1430 4556 aliorum
1455 4500 1803 4569 subscriptio-
1838 4569 1866 4574 Α
1903 4513 2096 4554 omnes
2122 4498 2210 4552 illa
2235 4513 2446 4567 sapere,
2472 4497 2523 4551 id
2555 4506 2638 4552 est
2667 4509 2869 4563 tenere,
2900 4512 3020 4568 quae
3051 4496 3222 4550 sancti
3261 4494 3490 4564 apostoli

211 4569 372 4650 nibus
404 4594 689 4660 stabiliret,
729 4569 799 4649 etv
823 4593 984 4648 veluti
1039 4569 1234 4647 novum
1294 4593 1564 4646 mathcma
1611 4599 1799 4646 contra
1834 4569 1878 4626 θ
1909 4591 2266 4656 tradiderunt,
2309 4600 2364 4646 et
2409 4591 2597 4648 Patres
2652 4592 2742 4662 qui
2797 4592 2852 4646 in
2901 4590 3199 4647 orthodoxa
3245 4589 3349 4644 fide
3396 4587 3492 4643 llo-

211 4687 524 4752 colendum,
578 4688 840 4756 nobisque
896 4685 1152 4741 traditum
1208 4699 1237 4737 a
1289 4683 1492 4738 sanctis
1547 4682 1802 4736 Patrihus

210 4777 517 4853 symbolum
583 4792 905 4848 componere
957 4784 1266 4830 conaretur.
1327 4774 1393 4828 Et
1442 4774 1695 4844 quoniam
1746 4773 1800 4828 in

211 4867 639 4930 Cbalcedonensi
679 4867 906 4923 concilio
955 4865 1246 4941 anathema
1296 4863 1530 4935 positum
1580 4871 1664 4920 est
1717 4863 1801 4918 his

1907 4688 2154 4749 ruerunt,
2180 4683 2411 4754 posteris
2439 4683 2632 4738 tradita
2659 4699 2756 4754 per
2778 4693 2962 4738 sancta
2993 4682 3230 4754 quinque
3263 4680 3492 4737 concilia

1909 4776 2277 4831 firmaverunt.

1035 5183 1575 5265 THEO‘DORI
1631 5181 2284 5262 SANCTISSIMI
2345 5183 2628 5262 PAPIE

345 5361 440 5428 Ad
469 5363 808 5444 episcopos
837 5363 950 5443 qui
977 5367 1491 5444 consecraverunt
1523 5356 1788 5444 Paulum
1834 5355 2267 5444 patriarcham
2297 5353 3064 5434 Constantinopolitanum
3102 5360 3366 5435 propter

1429 5437 1745 5517 Pyrrhum
1775 5434 1856 5498 ea?
1885 5434 2275 5516 patriarcha.

1655 5610 2027 5626 ᾑ-

293 5717 530 5780 Litteras
574 5717 931 5774 fraternitatis
975 5727 1190 5784 vestrae,
1227 5733 1326 5787 per
1363 5715 1702 5799 quasﬂnobis
1739 5717 1806 5771 de

219 5808 568 5884 promotionc
588 5808 740 5866 Pauli
775 5807 966 5866 fratris
1007 5815 1062 5864 et
1094 5805 1398 5878 coepiscopi
1430 5805 1600 5861 nostri
1628 5803 1806 5877 signi-

1913 5712 2134 5778 ficastis,
2169 5710 2503 5779 suscepimus
2533 5727 2547 5764 :
2579 5718 2634 5764 et
2657 5710 2825 5781 gavisi
2865 5709 3080 5780 quidem
3121 5722 3285 5777 super
3328 5705 3496 5779 hujus

1913 5819 2102 5862 sumus
2139 5801 2498 5859 ordinatione.
2531 5800 2637 5857 Sed
2677 5800 2856 5856 futura
2892 5799 3148 5856 mmstitia
3182 5798 3308 5855 huic
3337 5796 3499 5855 vides.-
