3916 5572
526 409 638 485 1583

1666 407 2029 479 ANASTASII
2063 412 2608 479 BIBLIOTHECARII

530 526 1025 598 iicct‘succcssura,
1049 535 1271 600 propter
1295 527 1528 595 zizania,
1557 543 1679 599 qua:
1700 529 1974 585 nascitura
1999 528 2115 585 tore
2142 534 2189 595 Α
2220 529 2626 601 amplectentesl
2668 545 2789 600 quae
2841 531 3014 591 sancti
3060 532 3215 589 nobis
3261 531 3453 592 Patres
3487 535 3542 589 in
3584 540 3780 607 synodis

531 632 841 698 sperantur,
889 623 1125 677 animum
1173 629 1417 676 nostrum
1467 620 1623 677 valde
1670 623 1964 687 concussit,
2014 623 2115 679 nisi

531 713 940 786 diligentissima
970 723 1131 766 manu
1169 719 1227 766 et
1264 710 1579 766 cautissima
1624 725 1757 767 cura
1801 713 2117 782 priusquam

530 814 783 865 crescant
809 812 866 860 et
894 803 1229 863 Dominicam
1261 818 1493 860 messem
1521 801 1788 863 sull'ocent
1814 804 2117 874 exstirpeno

531 911 639 956 tur.
670 899 942 957 Debuerat
971 896 1135 967 igitur
1162 896 1426 968 Pyrrhus,
1455 897 1547 966 qui
1579 898 1782 953 sanctis
1807 898 1901 952 Dei
1934 897 2119 953 Eccle-

528 993 630 1049 siis
653 990 964 1063 scandalum
1004 989 1324 1055 seminavit,
1372 990 1649 1047 canonica!
1685 991 1835 1061 prius
1876 990 2120 1046 animado

503 1082 766 1159 .versioui
832 1081 1117 1147 submitti,
1179 1090 1235 1138 et
1256 1090 1369 1137 tum
1410 1070 1667 1152 praelatus
1692 1081 1880 1142 {frater
1935 1091 2119 1139 noster

505 1175 732 1262 .Paulus
756 1175 962 1232 sacrari
993 1192 1008 1229 :
1041 1189 1110 1231 ne
1130 1173 1268 1231 forte
1292 1184 1531 1246 tempore
1559 1174 1741 1245 aliquo
1761 1175 1829 1231 de
1855 1173 2119 1243 ejectione

525 1284 630 1326 sua
678 1267 985 1338 quampiam
1016 1282 1077 1324 se
1119 1274 1269 1338 putet
1313 1267 1709 1338 querimoniam
1756 1265 2117 1334 objeeturum,

526 1360 674 1432 quod
696 1362 882 1417 odium
921 1359 1242 1415 sustinuerit
1276 1359 1552 1430 populare,
1584 1367 1643 1415 et
1668 1359 1721 1414 vi
1757 1359 1942 1428 pulsus
1968 1358 2119 1415 libel-

532 1452 644 1507 lum
683 1451 914 1517 dederit,
946 1460 1001 1506 et
1034 1465 1192 1523 suam
1242 1450 1542 1507 Ecclesium
1587 1450 1934 1516 refutaverit,
1978 1451 2118 1508 sicut

530 1543 689 1599 nobis
712 1544 1025 1601 fraternitas
1052 1551 1234 1598 vestra
1260 1558 1357 1613 per
1384 1542 1595 1599 litteras
1616 1558 1743 1599 suas
1772 1544 2115 1615 significavit.

529 1632 713 1691 Facile
756 1635 956 1706 quippe
991 1642 1274 1689 mutantur
1319 1634 1595 1699 homines,
1649 1642 1706 1688 et
1748 1635 1965 1706 quidem
2015 1634 2118 1690 ali-

529 1725 747 1795 quando
765 1739 835 1781 ex
861 1726 986 1782 odio
1012 1726 1079 1781 ad
1107 1724 1450 1781 dilectionem
1483 1735 1795 1798 assurgunt,
1829 1726 2118 1798 aliquando

532 1830 664 1872 vero
683 1831 713 1869 a
738 1816 1027 1872 dilectione
1056 1816 1110 1871 in
1134 1817 1316 1872 odium
1347 1817 1678 1873 dilabuntur.
1716 1817 1833 1886 Qua
1859 1833 1993 1888 ergo
2019 1833 2119 1890 pro

2218 622 2589 688 tradiderunt;
2630 622 2765 681 nihil
2806 622 2929 680 ﬁdei
2954 625 3231 691 addentes,
3261 642 3363 682 nec
3378 627 3703 695 auiereutes.
3727 630 3784 686 Et

2218 712 2421 770 idcirco
2450 729 2570 783 quae
2611 716 2663 770 in
2689 730 2976 785 personam
3016 717 3257 787 prmdicti
3295 719 3490 790 Pyrrhi
3525 719 3782 777 diﬁ‘mieri-

2216 820 2359 869 mus,
2407 805 2462 860 in
2512 806 2712 862 litteris
2762 822 2899 877 quas
2927 809 2993 863 ad
3026 808 3550 879 jammemoratum
3580 809 3781 867 fratre-

2215 903 2274 950 et
2319 897 2701 968 coepiscopum
2749 907 2994 954 nostrum
3043 899 3337 964 misimus,
3369 903 3695 972 agnoscetis.
3726 901 3784 958 Ut

2217 986 2383 1056 igitur
2410 988 2723 1044 scandalum
2749 989 2973 1046 minime
3002 990 3184 1046 futuro
3210 999 3457 1063 tempore
3490 1002 3781 1063 generetur,

2217 1079 2511 1134 secundum
2540 1078 2819 1149 praeﬁxum
2853 1080 3072 1135 modum
3107 1080 3396 1151 diligenter
3432 1096 3593 1137 sacra
3623 1082 3784 1151 prori~

2217 1167 2404 1224 dentia
2430 1168 2781 1240 exstinguere
2808 1180 2983 1225 curet.
3016 1170 3085 1231 Et
3131 1185 3220 1227 res
3265 1169 3489 1240 quidem
3538 1170 3656 1242 ipsa
3703 1186 3787 1228 nos

2219 1257 2389 1329 magis
2410 1259 2477 1312 ad
2506 1258 2903 1315 tribulationem
2927 1262 3262 1330 provocavit,
3282 1270 3339 1318 et
3363 1262 3647 1319 nascitura
3670 1264 3788 1319 siu-

2216 1350 2307 1405 nia
2337 1351 2663 1427 coniecturis
2691 1353 3022 1421 probabilius
3047 1353 3383 1422 informavit,
3406 1356 3669 1426 quoniam
3706 1372 3787 1428 per

2218 1442 2428 1498 litteras
2461 1450 2674 1499 vestras
2712 1444 3030 1515 praedictum
3080 1444 3346 1517 Pyrrhum
3397 1448 3785 1505 sanctissimu-

2216 1534 2560 1591 nominastis.
2592 1535 2823 1592 Si-enim
2849 1537 2955 1594 alia
2984 1542 3291 1606 taceamus,
3316 1547 3375 1596 et
3411 1540 3552 1596 nihil
3588 1541 3787 1597 nomine

2218 1628 2464 1699 peccavit
2486 1634 2582 1684 aut
2609 1628 2661 1684 in
2689 1629 3004 1703 religionem
3024 1674 3039 1697 ,
3068 1641 3161 1687 aut
3198 1633 3251 1687 in
3300 1632 3615 1687 doctrinam
3660 1632 3787 1693 fidei,

2214 1729 2407 1777 etnec
2439 1736 2544 1776 una
2590 1720 2745 1793 culpa
2793 1727 2919 1778 eum
2973 1724 3279 1787 damnavit‘:
3333 1725 3692 1794 quamobrem
3734 1724 3790 1779 de

2214 1814 2435 1886 propria
2479 1821 2566 1868 est
2604 1811 2851 1882 deiectus
2900 1814 3183 1870 Ecclesia?
3240 1813 3348 1871 Sed
3406 1816 3649 1870 fortasse
3687 1814 3790 1884 quis

531 1921 717 1972 causa,
746 1922 875 1977 quae
893 1908 1225 1970 dissimulari
1254 1908 1435 1964 futura
1452 1919 1580 1966 sunt
1608 1910 1833 1981 provido
1853 1927 1960 1967 non
1983 1926 2116 1967 con-
2147 1895 2191 1955 Β
2218 1904 2437 1966 dixerit.
2470 1904 2720 1976 generale
2761 1905 2865 1961 hoc
2906 1906 3089 1962 odium
3113 1901 3277 1962 fecit.
3310 1906 3420 1963 Sed
3458 1907 3700 1979 vulgaris
3722 1915 3789 1962 tu-

529 1997 864 2067 templantur
900 1999 1120 2066 obtutu;
1163 2014 1233 2055 ne
1265 1999 1406 2057 forte
1445 2002 1766 2071 proveniens
1802 2003 2117 2060 scandalum

529 2087 703 2143 variis
746 2088 1112 2146 simultatibus
1149 2091 1446 2149 Ecclesiam
1497 2092 1594 2147 Dei
1638 2093 1923 2149 discindat.
1980 2092 2120 2149 Sunt

527 2178 792 2249 capitula,
829 2181 1026 2251 quibus
1060 2183 1352 2252 praedictus
1383 2183 1623 2256 Pyrrhus
1646 2186 1912 2242 canonice
1937 2194 2120 2257 potest

525 2270 605 2337 ab
640 2270 794 2337 omni.
822 2273 1143 2329 sacerdotali
1193 2275 1385 2329 ordine
1414 2274 1562 2346 pelli.
1611 2275 1857 2331 Prinmm
1901 2277 2118 2347 quidem

524 2360 661 2431 quia
699 2360 1006 2417 Heraclium
1035 2403 1051 2429 ,
1107 2364 1197 2435 qui
1240 2364 1743 2420 .anathema'tizavit
1793 2365 2119 2422 catholicam

530 2451 695 2507 iidem
744 2461 800 2507 et
854 2452 1046 2509 Patres
1081 2455 1382 2510 orthodoxe
1428 2455 1764 2521 sentientes,
1823 2456 1876 2511 in
1925 2455 2121 2512 litteris

529 2541 647 2598 suis
705 2542 956 2600 laudibus
1000 2544 1222 2611 extulit,
1269 2555 1326 2600 et
1377 2561 1476 2616 per
1532 2547 1971 2619 subreptionem,
2022 2564 2121 2619 per

529 2634 791 2703 quosdam
820 2636 1132 2691 sacerdotes
1162 2637 1254 2707 qui
1282 2636 1737 2708 subscripSerant,
1769 2640 2119 2709 sophisticam

528 2738 749 2794 quoque
775 2724 1023 2780 chartam
1049 2725 1309 2781 adversus
1334 2726 1687 2796 apostolicam
1718 2727 1878 2784 iidem
1921 2728 2121 2785 contira

532 2828 683 2869 mare
728 2816 1092 2886 praesumpsit,
1139 2824 1195 2872 et
1236 2817 1291 2871 in
1334 2818 1567 2887 publicis
1608 2818 1744 2875 locis
1788 2822 2131 2892 suspendere

529 2899 826 2970 festinavit,
856 2907 1015 2975 quasi
1036 2922 1230 2962 novam
1259 2907 1418 2963 fidem
1442 2917 1497 2964 et
1527 2910 1829 2981 symbolum
1853 2912 2122 2968 suscitans

525 3002 724 3049 contra
795 3005 1041 3050 sanctam
1088 2996 1579 3054 Chalcedonensem
1639 3000 1941 3072 synodum;
2007 3015 2120 3072 pat-

528 3096 656 3136 nam
677 3082 899 3139 minim‘e
921 3085 1126 3140 veritus
1147 3087 1334 3142 aeterni
1350 3088 1570 3158 judicii;
1592 3097 1645 3144 et
1667 3091 1953 3147 anathema
1975 3091 2120 3162 quod

529 3173 767 3244 positum
786 3182 879 3260 est
900 3175 953 3229 in
976 3176 1707 3257 eademChalcedonensium
1724 3183 1967 3253 synodo;
2009 3197 2117 3254 quo

528 3283 692 3324 nemo
732 3255 970 3340 unquam
1021 3254 1209 3329 sancto
1262 3274 1601 3340 mathemati,
1655 3274 1709 3330 id
1754 3249 1846 3331 est
1894 3249 2117 3334 colendo
2145 3249 2190 3311 C

529 3357 813 3435 symbolo,
864 3360 1163 3431 quidquam
1217 3361 1417 3418 addere
1472 3362 1558 3418 vel
1612 3364 1859 3420 minuere
1917 3364 2118 3421 audere

526 3452 820 3519 pertentet.
861 3450 1162 3508 Prtedictus
1198 3461 1378 3508 autem
1413 3451 1658 3526 Pyrrhus
1705 3469 1804 3511 nec
1850 3464 2120 3527 protesta-

528 3540 677 3597 tione
705 3547 1006 3600 conventus
1035 3559 1066 3598 a
1088 3544 1355 3614 pravitate
1377 3560 1475 3600 sua
1508 3545 1766 3602 recedere
1794 3557 1988 3618 passus
2011 3555 2115 3603 est.

525 3631 653 3689 ideo
679 3648 808 3706 ergo
828 3634 940 3705 jam
971 3647 1328 3694 memoratam
1353 3640 1603 3695 chartam
1634 3639 2033 3708 abominantes,
2061 3653 2119 3700 et

526 3724 712 3777 omnia
762 3740 881 3796 quae
928 3728 1122 3784 crebro
1182 3730 1359 3787 dictus
1410 3729 1654 3803 Pyrrhus
1709 3744 1895 3790 contra
1952 3733 2112 3792 ﬁdem

526 3815 748 3874 molitus
793 3829 878 3875 est
949 3823 1511 3893 anathematizautes,
1557 3827 1684 3898 quin
1732 3829 1900 3891 etiam
1968 3845 2113 3885 nunc

524 3909 726 3967 iterum
757 3922 920 3984 atque
949 3914 1144 3972 iterum
1186 3918 1746 3976 anathematizamus:
1782 3919 1868 3975 illa
1900 3930 2108 3975 tantum

541 4078 2064 4109 ML..—

2216 1995 2420 2050 multus
2435 1993 2528 2066 jus
2556 1996 2846 2063 sacerdotii
2873 1996 3088 2053 auferre
3117 2012 3225 2052 non
3261 2005 3461 2067 potest,
3495 2011 3599 2053 nec
3627 1996 3788 2052 odium

2215 2098 2375 2140 sacro
2394 2086 2933 2156 quemquam'ordiae
2962 2088 3257 2144 denudare.
3285 2079 3590 2144 Manifesta
3614 2090 3794 2160 quippe

2217 2185 2345 2233 sunt
2371 2177 2647 2233 canonica;
2672 2192 2867 2243 causae,
2899 2194 3027 2250 qua;
3051 2177 3177 2248 jura
3220 2180 3513 2237 sacerdotii
3566 2181 3791 2236 recidere

2203 2276 2464 2340 possunt.
2493 2266 2608 2324 Nisi
2633 2269 2778 2325 enim
2819 2277 3028 2325 natura;
3052 2285 3220 2339 causa
3246 2270 3447 2341 prazsul
3498 2270 3793 2341 exstingua-

2218 2368 2328 2426 lur,
2358 2359 2659 2416 Ecclesiam
2688 2356 2805 2433 eius
2841 2361 2985 2417 alius
3010 2377 3117 2417 non
3140 2372 3317 2433 potest
3356 2363 3791 2433 irrepreltensibi—

2216 2447 2344 2505 liter
2371 2449 2797 2519 apprehendere.
2822 2450 2891 2506 Et
2931 2452 3044 2507 haec
3086 2452 3306 2522 quidem
3359 2467 3470 2508 non
3526 2451 3793 2508 eontradi~

2214 2548 2405 2595 centes
2430 2539 2756 2595 ordinationi
2782 2542 3026 2611 praedicti
3056 2542 3240 2599 fratris
3265 2543 3440 2599 nostri
3480 2543 3639 2598 Pauli
3684 2545 3795 2599 scri-

2215 2629 2417 2694 bimus,
2463 2630 2559 2687 sed
2606 2632 2802 2689 vulnus
2855 2633 3028 2690 latens
3082 2643 3137 2691 et
3185 2636 3514 2691 absconsum
3566 2638 3796 2692 madente

2220 2740 2387 2782 manu
2440 2727 2810 2798 adaperimus,
2861 2743 2930 2784 ne
2988 2728 3040 2783 in
3092 2728 3275 2785 vitalia
3330 2729 3543 2786 viscera
3595 2744 3796 2800 serpere

2218 2821 2413 2891 possit,
2441 2835 2658 2875 omnem
2698 2820 3096 2876 immunditiam
3137 2820 3315 2877 fetida:
3351 2821 3665 2891 putredinis
3701 2836 3796 2875 mc-

2221 2912 2529 2968 dicinaliter
2555 2913 2961 2976 exhaurientes.
2986 2921 3042 2969 et
3082 2929 3201 2984 quae
3246 2924 3478 2985 possunt
3525 2914 3652 2969 ﬁeri
3699 2913 3798 2970 dili-

2221 3006 2401 3076 gentia
2441 3004 2679 3076 providte
2720 2998 2998 3061 incisionis
3023 3014 3395 3076 penetrantes,
3435 3021 3546 3062 non
3596 3016 3659 3060 ut
3700 3005 3797 3061 hanc

2222 3096 2355 3151 ﬂant
2380 3105 2649 3167 optantes.
2672 3095 2808 3151 Nam
2834 3097 3181 3168 saepedictum
3211 3095 3433 3152 fratrem
3470 3094 3721 3153 nostrum
3752 3096 3795 3149 in

2223 3189 2521 3247 visceribus
2542 3189 2738 3244 mentis
2772 3197 2973 3245 nostra:
2994 3188 3413 3261 complectimur
3437 3197 3499 3243 et
3525 3187 3795 3244 fovemus:

2221 3282 2316 3337 sed
2358 3295 2428 3337 ne
2453 3280 2745 3336 schismata
2783 3278 2938 3346 fiant,
2969 3279 3209 3335 fraterna
3234 3279 3582 3351 providentia
3612 3288 3669 3335 et
3692 3278 3800 3333 ειπε-

2221 3374 2401 3431 ctione
2438 3374 2743 3431 dilectionis
2796 3378 3093 3443 terremur;
3153 3384 3417 3445 quatenus
3466 3375 3799 3446 episcopatus

2219 3465 2337 3536 ejus
2364 3483 2558 3523 manus
2581 3460 2852 3538 impositio
2875 3466 3183 3524 nullomodo
3218 3466 3545 3524 maculetur.
3571 3469 3799 3538 Denique

2222 3557 2561 3628 interemptis
2580 3566 2635 3614 et
2658 3557 2936 3614 sull‘ocatis
2961 3558 3365 3623 schismatibus,
3397 3567 3455 3613 et
3503 3559 3639 3613 ﬁdes
3688 3573 3799 3627 quo-

2221 3666 2327 3721 que
2354 3651 2678 3717 orthodoxa,
2706 3666 2826 3722 qute
2854 3659 2932 3706 tot
2952 3638 3325 3722 spiritualihus
3345 3651 3593 3721 paradisi
3622 3648 3799 3704 ﬂorum

2221 3741 2501 3806 odoribus,
2529 3755 2625 3812 per
2651 3739 2914 3813 agricolas
2935 3739 3138 3796 Christi
3182 3738 3279 3795 Dei
3329 3740 3541 3807 nostri,
3597 3750 3799 3796 sanctos

2220 3829 2473 3885 videlicet
2498 3829 2790 3901 apostolos,
2819 3829 3008 3897 eluxit,
3032 3830 3342 3887 nullatenus
3369 3830 3648 3902 aliquibus
3672 3831 3799 3885 ziza-

2219 3922 2435 3979 niorum
2462 3922 2632 3994 spinis
2660 3922 2860 3994 poterit
2887 3923 3144 3980 Sauciari.

1762 4247 2478 4327 COMMEMORAT
2488 4248 2594 4327 10

1228 4446 1394 4516 QUlD
1433 4447 1684 4506 LEGATI
1723 4446 1990 4508 ROMANl
2025 4449 2665 4508 CONSTANTINOPOLI
2700 4444 3108 4508 GESSERINT.

1098 4559 1214 4666 ἐκ.
1247 4604 1514 4687 epistola
1548 4606 1755 4668 sancti
1794 4606 2072 4669 Maximi
2104 4607 2349 4686 scripta
2378 4606 2464 4668 ad
2491 4606 2769 4668 abbatem
2804 4606 3195 4668 Thalassium

586 4908 647 4967 In
673 4910 758 4967 his
784 4918 841 4965 et
868 4907 1172 4979 huiusmodi
1207 4923 1328 4965 esse
1350 4917 1421 4975 te,
1446 4907 1632 4975 Pater,
1676 4909 1874 4976 sciens,
1896 4917 1954 4964 et
1987 4909 2100 4965 sola
2131 4913 2180 4972 ι)
2207 4909 2351 4965 idem
2380 4917 2613 4982 tempus,
2663 4908 2879 4982 quando
2907 4909 3018 4966 illic
3060 4909 3257 4967 missos
3286 4910 3344 4966 in
3387 4927 3556 4969 causa
3585 4924 3788 4984 promo-

513 5013 641 5076 qnte
666 5001 810 5057 illius
838 5008 967 5056 sunt
1008 5014 1120 5070 pra:
1148 4999 1401 5055 omnibus
1436 4999 1489 5054 in
1518 5000 1867 5071 generatione
1916 5009 2102 5057 nostra

512 5094 665 5149 omni
702 5093 882 5147 studio
907 5107 1198 5162 procurare
1245 5105 1580 5162 cognoscens
1614 5109 1630 5146 ιε
1662 5101 1916 5162 oportere
1950 5102 2102 5149 ratus

518 5200 640 5240 sum
670 5186 933 5240 virtutem
961 5187 1299 5242 innotescere
1336 5185 1431 5240 tibi
1453 5196 1664 5252 eorum,
1692 5201 1814 5257 quae
1845 5186 2004 5243 modo
2033 5188 2103 5244 ab

518 5273 668 5330 1Urbe
691 5274 826 5329 mihi
862 5274 1167 5332 felicissima
1192 5278 1392 5347 scripta
1428 5286 1554 5332 sunt
1586 5294 1616 5332 a
1659 5278 1981 5348 quihusdam
2016 5295 2101 5336 re-

518 5364 774 5418 νὲΐρηίῖίε
809 5365 960 5416 VM“.
992 5376 1047 5416 ει
1087 5376 1260 5424 lecum
1307 5386 1372 5422 ex
1425 5379 1538 5420 toto
1565 5371 1729 5427 corde
1758 5371 2102 5424 dilicentihn‘e

2209 5001 2373 5057 tionis
2400 5017 2552 5072 papa:
2579 5017 2703 5058 cum
2733 5002 2924 5059 delatis
2953 5003 3184 5060 decretis
3211 5004 3607 5075 apocrisiarius
3626 5017 3791 5062 susce-

2206 5100 2423 5162 perunt.
2466 5091 2620 5148 Tunc
2646 5092 2830 5160 enim,
2878 5102 3005 5149 tunc
3045 5102 3167 5164 post
3193 5092 3464 5164 plurimos
3502 5108 3787 5153 sermones»

2207 5198 2346 5254 quos
2371 5182 2437 5237 ad
2467 5197 2562 5238 eos
2600 5198 2766 5238 causa
2807 5185 3234 5240 consecrationis
3273 5197 3585 5253 moverunt,
3620 5187 3787 5243 novis-

2208 5276 2343 5331 sime
2369 5275 2436 5331 ad
2459 5274 2711 5331 eii‘ectum
2733 5275 2871 5346 ejus,
2903 5286 3068 5347 atque
3087 5277 3154 5331 ad
3188 5277 3357 5348 ipsius
3380 5279 3639 5336 desiderii
3660 5293 3791 5334 eoin-

2323 5368 2405 5392 3“
2696 5368 2765 5380 ..
2912 5378 2922 5382 -
3026 5368 3075 5381 ..
3142 5369 3509 5413 humani.
3555 5372 3625 5424 ch

2247 5367 2261 5394 1
2323 5368 2339 5380 ο

2209 5384 2241 5394 κ
2268 5378 2311 5392 ΑΙ
2324 5382 2405 5392 uin-
