3916 5804
520 431 626 486 587

1698 428 1738 480 Α
1751 425 2059 481 NAS'i‘ASii
2100 425 2544 484 liliil.ii_)TilECA
2559 429 2644 484 illi
3686 433 3772 487 {1‘53

525 549 650 598 lium
685 545 988 599 mitteretur
1009 584 1021 605 ,
1055 557 1172 594 cunt
1217 541 1263 593 vi
1312 549 1590 609 raperetur
1625 548 1844 610 propter
1881 541 2101 596 verbum
2131 551 2178 603 Λ
2280 539 2622 612 Subscriptio.
2645 543 2784 600 Dens
2810 551 2861 596 te
2886 542 3209 598 incolumem
3229 543 3518 607 custodiat,
3551 549 3771 600 antantis

522 637 768 692 veritatis
795 635 860 689 de
886 634 1176 704 apostolica
1209 632 1354 687 sede.

591 732 798 784 Timon.
841 730 1130 797 Postquam
1170 741 1418 781 reversus
1457 734 1540 781 est
1585 741 1637 780 tn
1683 724 1934 780 excubitu
1982 737 2104 777 cum

520 818 805 876 sudoribus
831 834 965 888 quos
1000 819 1150 873 novit
1190 818 1364 882 Deus,
1393 817 1538 888 potui
1572 818 1619 872 ei
1656 817 1893 871 scribere
1929 831 1992 869 ac
2021 816 2103 868 itt-

521 920 801 965 notescere
839 909 1019 963 omnia
1063 924 1184 978 qute
1229 909 1294 962 de
1331 908 1448 976 ipso
1489 906 1921 961 diﬂ’amabantur.
1970 905 2105 959 Cum

496 1002 717 1076 "quibus
746 1000 899 1054 itttuli
928 1009 984 1056 et
1005 999 1108 1054 alia
1138 1000 1404 1069 quaedam,
1433 1013 1552 1067 qua:
1583 998 1934 1068 implorarent
1957 1012 2103 1062 eum,

519 1100 577 1146 ut
604 1093 908 1148 nullatenus
936 1101 1286 1162 superaretur
1313 1108 1342 1145 a
1373 1107 1602 1161 nequam
1641 1091 2105 1161 secta'impiorum

507 1185 760 1239 'virorum
800 1196 1083 1246 reverens,
1117 1193 1172 1236 et
1202 1191 1439 1237 tremens
1468 1197 1530 1236 ac
1557 1197 1668 1251 pra:
1697 1181 1866 1236 oculis
1903 1182 2106 1236 habens

506 1275 862 1346 naufragium
905 1275 1074 1345 Sergii
1107 1275 1428 1346 Cypriorum
1468 1273 1655 1328 insula:
1690 1273 2102 1342 archiepiscopi.

1049 1465 1297 1521 Rescribit
1321 1483 1440 1538 ergo
1465 1466 1579 1520 illa.

591 1623 854 1678 Martinus
917 1623 1202 1678 Theodoro
1273 1624 1485 1680 sincera
1561 1623 1844 1683 all‘ectione
1909 1627 2104 1684 dilecto

517 1713 697 1769 fratri.

591 1807 856 1874 Quoniam
885 1807 1076 1879 agnovi
1104 1848 1120 1874 ,
1169 1816 1228 1862 ιιι
1255 1809 1436 1878 μοι-υἱ,
1480 1825 1542 1864 ea
1587 1826 1706 1880 qua:
1743 1811 1794 1865 in
1826 1811 2044 1882 scriptis
2072 1828 2101 1865 a

2209 633 2344 686 sime
2371 632 2468 687 iiii.

2281 725 2484 780 TIIEOD.
2514 726 2794 798 Susceptis
2821 729 2924 793 his,
2951 728 3156 797 gratias
3180 727 3261 799 egi
3293 728 3426 789 Deo,
3459 731 3770 796 comperiens

2209 818 2580 874 fortitudinem
2608 820 2869 889 propositi
2901 819 3228 874 sanctissimi
3251 820 3373 874 viri.
3398 820 3679 873 Anxiahar
3702 837 3775 872 au-

2211 919 2315 964 tem
2337 909 2746 965 voicnsdiscere
2772 910 3005 979 qualiter
3028 911 3269 965 sublatus
3291 910 3453 964 fuerit
3476 926 3506 962 a
3532 910 3656 964 sede
3679 926 3774 974 sua,

2207 1011 2260 1054 et
2303 1017 2404 1054 non
2444 1009 2709 1070 poteram.
2746 1002 3019 1070 Quotquot
3067 1003 3208 1055 enim
3257 1016 3420 1071 super
3471 1001 3575 1054 hoc
3621 1015 3777 1054 verant

2209 1095 2614 1162 responsionem
2661 1095 3081 1164 interrogabam,
3123 1110 3282 1149 nemo
3313 1093 3446 1149 mihi
3479 1094 3667 1154 dabat,
3704 1095 3778 1147 sed

2209 1183 2367 1238 aliter
2417 1194 2579 1254 atque
2626 1185 2802 1238 aliter.
2865 1185 3014 1239 Unde
3073 1201 3159 1239 me
3205 1186 3502 1238 necessitas
3551 1185 3778 1252 compulit

2208 1275 2547 1330 innotescere
2576 1290 2737 1344 super
2785 1277 2918 1341 hoc,
2955 1285 3010 1330 et
3053 1277 3339 1332 obsecrare
3378 1275 3552 1340 illum,
3595 1291 3695 1342 quo
3725 1274 3780 1326 ab

2207 1365 2325 1435 ipso
2358 1367 2617 1422 discerem
2641 1367 2946 1422 veritatem.

2480 1497 2672 1552 Scribit
2700 1515 2820 1570 ergo
2845 1500 2914 1554 ad
2945 1501 3054 1554 Ita'c
3078 1501 3263 1554 iterum
3294 1511 3535 1553 sanctus.

2287 1627 2548 1683 Martinus
2579 1627 2883 1685 Theodoro.

2277 1718 2510 1775 Noscere
2557 1721 2727 1774 voluit
2761 1737 2895 1776 cara
2948 1730 3127 1778 vestra
3171 1722 3411 1786 dilectio,
3463 1721 3694 1792 qualiter
3726 1723 3780 1776 de

2207 1811 2334 1864 sede
2371 1811 2541 1865 sancti
2585 1810 2730 1866 Petri
2767 1813 3028 1882 apostoli,
3063 1815 3201 1868 sicut
3233 1830 3373 1867 unus
3399 1829 3598 1883 passer
3619 1815 3782 1869 solita-

518 1902 673 1956 vobis
714 1902 1012 1971 signiticata
1061 1909 1206 1965 sunt,
1257 1902 1309 1956 itt
1355 1905 1542 1973 paucis
1589 1906 1764 1959 verbis
1811 1921 2098 1976 exsequar.
2133 1903 2179 1963 Β
2211 1902 2324 1956 rius
2357 1904 2426 1958 ab
2449 1903 2705 1969 :edilicio,
2735 1914 2916 1974 raptus
2949 1904 3162 1960 fuerim.
3196 1907 3261 1960 Et
3290 1908 3464 1962 miror
3491 1909 3618 1976 quia
3648 1924 3782 1977 super

519 1992 655 2048 Cum
685 1992 890 2046 exirem
917 1993 983 2045 ab
1008 1991 1269 2057 Ecclesia,
1301 2009 1420 2063 quae
1454 2003 1674 2048 vocatur
1704 1995 2103 2049 Constantinia-

511 2100 590 2139 «na
613 2126 627 2150 ,
668 2085 721 2138 in
751 2100 854 2154 qua
887 2084 1160 2139 exercitus
1205 2100 1290 2139 me
1323 2100 1444 2138 cum
1477 2087 1643 2138 armis
1670 2087 2103 2152 constrinxerat,

519 2177 576 2230 in
609 2175 891 2244 praesentia
923 2175 1174 2236 exat-chi,
1214 2191 1277 2230 ac
1311 2175 1581 2231 Theodori
1616 2177 1966 2242 cubicularii,
2011 2193 2106 2232 seu

518 2267 673 2329 cieri,
706 2269 850 2322 clara
894 2281 1024 2321 voce
1060 2265 1348 2320 dixerunt:
1378 2267 1680 2322 Anathetna
1722 2268 1918 2322 habeat
1961 2269 2108 2338 quis-

510 2361 641 2428 quis
671 2359 869 2414 dixerit
898 2359 977 2413 vel
1010 2359 1329 2423 crediderit,
1376 2361 1500 2428 quia
1552 2360 1814 2415 Martinus
1843 2377 2012 2431 usque
2041 2361 2106 2416 ad

522 2468 686 2506 unum
717 2451 923 2521 apicem
957 2451 1116 2505 fidem
1162 2453 1412 2516 mutavit,
1451 2462 1544 2506 attt
1570 2463 1874 2509 mutaturus
1901 2463 1985 2510 est
2013 2473 2024 2507 :
2055 2463 2108 2510 ct

519 2548 805 2602 anathema
828 2547 1062 2602 habeant
1087 2547 1175 2617 qui
1202 2549 1253 2602 in
1271 2548 1571 2604 orthodoxa
1599 2550 1700 2602 fide
1727 2565 1821 2603 sua
1849 2567 2018 2620 ttsquc
2040 2550 2107 2604 ad

519 2648 747 2694 mortem
804 2656 910 2695 non
966 2641 1381 2710 permanserint.
1431 2641 1522 2695 llis
1569 2641 1789 2705 auditis,
1839 2641 2107 2711 Calliopas

507 2734 684 2802 carpit
725 2734 989 2788 rationem
1023 2734 1279 2793 reddere,
1328 2732 1490 2786 aliam
1529 2735 1686 2788 iidem
1746 2747 2106 2803 praeterquam

517 2839 618 2877 nos
648 2833 890 2879 tenemus
917 2839 1021 2877 non
1065 2838 1216 2887 esse,
1265 2839 1438 2892 neque
1467 2824 1624 2879 aliter
1651 2841 1710 2880 se
1733 2829 1972 2882 credere.
1997 2828 2106 2885 Sed

517 2917 646 2981 hoc,
679 2924 898 2985 propter
935 2932 1028 2971 eos
1054 2917 1144 2984 qui
1176 2917 1494 2980 audiebant,
1529 2933 1634 2971 non
1665 2929 1882 2988 propter
1913 2920 2068 2973 fidem
2089 2961 2104 2986 ,

519 3007 754 3061 dicebat.
790 3007 857 3061 Et
895 3007 1035 3061 scire
1063 3015 1114 3059 te
1145 3005 1286 3069 volo,
1318 3006 1667 3062 dilectissime
1693 3007 1885 3072 frater,
1917 3009 1983 3063 de
2007 3011 2109 3065 lide

522 3114 684 3168 quam
730 3098 1067 3168 significasti,
1115 3113 1324 3150 necnon
1363 3107 1417 3151 et
1457 3098 1605 3153 falsis
1649 3100 1934 3156 calumniis
1973 3117 2108 3170 quas

523 3191 783 3244 adversus
825 3190 1102 3244 veritatem
1143 3199 1446 3258 prtqmnuut
1477 3208 1488 3242 :
1520 3191 1677 3258 quia,
1723 3191 2107 3261 opittti..tttibus

2209 1993 2312 2048 hoc
2340 2008 2424 2048 me
2450 1995 2728 2063 inquirere
2757 1997 3008 2061 voluisti,
3053 2013 3173 2050 cum
3205 2000 3520 2067 praedixerit
3551 1999 3781 2052 Dominus

2208 2095 2393 2140 noster
2429 2086 2494 2140 de
2534 2102 2764 2156 nequam
2814 2088 3148 2158 temporibus
3180 2089 3297 2144 istis
3335 2090 3624 2160 discipulis
3653 2091 3779 2144 suis:

2211 2179 2349 2245 Quia
2388 2182 2442 2233 in
2475 2181 2658 2234 diebus
2685 2181 2790 2234 illis
2826 2185 2921 2235 erit
2953 2181 3218 2236 tribulatio
3239 2223 3254 2247 ,
3291 2183 3470 2253 qualis
3491 2201 3596 2236 non
3624 2183 3784 2252 [αἰπὺ

2209 2272 2408 2341 origine
2431 2271 2614 2325 mundi
2642 2289 2803 2342 usque
2825 2290 2982 2326 nunc.
3009 2272 3072 2325 Et
3099 2275 3199 2326 nisi
3220 2275 3345 2343 quia
3371 2273 3663 2326 abbreriati
3685 2283 3782 2324 sunt

2209 2361 2319 2414 dies
2369 2361 2474 2424 illi,
2521 2379 2625 2416 non
2663 2375 2831 2432 posset
2873 2365 3126 2418 sustinere
3165 2365 3331 2417 omnis
3371 2380 3522 2417 caro.
3571 2364 3674 2416 Sed
3713 2366 3784 2432 qui

2206 2455 2605 2522 perseveraverit
2635 2472 2793 2525 usque
2831 2455 2885 2508 in
2915 2455 3093 2524 ﬁnem,
3135 2455 3217 2508 hic
3250 2456 3428 2509 salvus
3467 2457 3560 2508 erit
3593 2455 3785 2524 (Μαίης.

2209 2559 2358 2610 xxn’,
2386 2544 2476 2607 21,
2520 2545 2635 2615 22).
2669 2545 2781 2601 lloc
2823 2546 2872 2600 itt
2905 2548 3092 2616 paucis
3118 2547 3183 2600 de
3208 2545 3556 2600 Antichristo
3584 2548 3784 2600 dicitur.

2209 2633 2343 2688 Nam
2382 2643 2436 2689 et
2473 2645 2694 2691 sanctus
2732 2637 2932 2690 Paulus
2975 2636 3270 2692 secontioni
3316 2638 3501 2690 datam
3544 2638 3647 2690 sibi
3689 2655 3790 2706 gra-

2212 2727 2336 2779 tiam
2371 2725 2602 2795 Spiritus
2634 2728 3016 2795 praenuntiavit
3041 2728 3154 2780 dies
3180 2727 3312 2780 istos
3335 2724 3627 2780 Timotheo
3651 2727 3789 2780 disci-

2207 2817 2332 2888 puio
2365 2831 2482 2881 Suo,
2512 2817 2730 2872 dicens:
2771 2817 2838 2870 In
2875 2818 3164 2871 novissimis
3191 2816 3374 2870 diebus
3413 2819 3681 2870 discedent
3719 2820 3791 2868 Ita-

2207 2908 2369 2960 mines
2405 2925 2434 2960 a
2463 2908 2598 2974 litle,
2627 2917 2673 2960 et
2721 2925 2753 2960 a
2785 2907 2996 2960 veritate
3029 2907 3267 2958 auditum
3311 2915 3584 2972 ttvertent,
3612 2909 3790 2973 seipse.-

2209 3008 2462 3058 curantes,
2497 2999 2616 3051 vani
2645 2997 2724 3066 (ll
2765 2997 2990 3052 Tintotlt.
3023 3013 3078 3051 ιιι
3102 3037 3115 3058 ,
3155 2999 3207 3060 i,
3234 2997 3270 3050 ‘2
3291 3037 3304 3061 ,
3340 3001 3497 3066 ete.).
3524 2998 3618 3056 Et.
3653 3002 3793 3052 crede

2211 3091 2364 3152 mihi,
2398 3089 2855 3143 desideratissitne
2886 3089 2962 3142 liii
3013 3089 3107 3152 nti,
3141 3105 3241 3142 non
3275 3091 3568 3143 videndum
3600 3102 3794 3160 icuzpus

2214 3179 2379 3244 aliud,
2413 3179 2514 3232 nisi
2547 3178 2828 3232 manifeste
2860 3179 2960 3231 hoc
2990 3179 3040 3231 itt
3073 3196 3177 3248 quo
3217 3179 3325 3231 sint
3355 3180 3512 3232 initia
3544 3181 3793 3241 dolos-ma,

523 3278 681 3333 nobis
706 3278 1044 3334 orationibus
1071 3278 1266 3355 vestris
1306 3293 1371 3354 ae
1399 3280 1638 3332 omnium
1682 3281 1914 3354 tideliuut
1945 3281 2106 3336 Chri-
2138 3261 2179 3319 (ἶ
2217 3271 2666 3341 quemadmodum
2714 3271 2970 3324 Dominus
3019 3270 3269 3340 praedixit
3314 3272 3610 3324 adventum
3660 3273 3795 3322 Allat-

510 3373 827 3432 ~stianorum
858 3371 950 3442 qui
983 3371 1258 3425 vobiscum
1289 3379 1448 3434 sunt,
1488 3378 1542 3424 et
1575 3371 1758 3426 vivens
1786 3382 1841 3427 et
1875 3376 2111 3428 moriens

524 3467 714 3525 salutis
759 3475 956 3520 nostra:
1004 3463 1161 3516 fidem
1216 3460 1534 3528 defendam,
1568 3471 1621 3516 t-t
1661 3464 2111 3532 quemadmodum

525 3569 715 3621 beatus
741 3561 944 3617 Paulus
972 3559 1250 3630 apostolus
1274 3558 1460 3619 docet,
1493 3556 1625 3611 mihi
1665 3557 1844 3611 vivere
1867 3555 2116 3611 Christus

524 3669 629 3720 cst,
658 3665 712 3711 ct
744 3654 880 3710 mori
911 3654 1139 3708 lucrum.
1169 3652 1243 3707 De
1275 3651 1422 3705 falsis
1449 3658 1630 3704 autem
1657 3648 2110 3709 accusationibus,

527 3766 664 3821 quas
691 3748 903 3804 novitcr
943 3746 1180 3800 hatretiei
1229 3744 1436 3799 faciunt
1478 3742 1791 3811 abjicientcs
1831 3742 2111 3796 veritatem

526 3841 726 3897 Christi
773 3839 898 3903 Dei,
943 3838 1156 3906 qualem
1205 3838 1425 3890 omnino
1471 3845 1764 3904 potuerunt
1811 3836 2116 3890 hominibus

527 3933 810 3986 veritatem
859 3929 1032 3998 loqui,
1077 3928 1169 3996 qui
1216 3927 1309 3981 Dei
1379 3927 1588 3980 veritati
1654 3926 1946 3980 resistunt?
1995 3925 2115 3980 Tibi

522 4024 692 4096 igitur
721 4022 885 4078 reddo
925 4019 1212 4082 rationem,
1242 4017 1585 4073 dilectissime
1618 4015 1808 4084 frater,
1854 4033 1948 4087 per
1989 4034 2112 4074 eum

525 4116 620 4186 qui
647 4115 986 4183 jttdicaturus
1031 4121 1112 4166 est
1145 4109 1401 4164 mundum
1443 4109 1601 4164 istum
1642 4124 1738 4180 per
1779 4110 1979 4180 ignem,
2023 4109 2114 4181 qui

527 4213 583 4259 et
614 4205 799 4259 reddet
841 4201 1130 4270 unicuique
1169 4199 1460 4254 secundum
1492 4214 1624 4267 opus
1660 4215 1836 4254 suum.
1875 4199 1988 4271 Ego
2013 4199 2112 4254 aii-

527 4295 744 4368 quando
785 4293 853 4347 ad
890 4292 1189 4346 Saracenos
1235 4304 1333 4344 nec
1368 4289 1571 4343 litteras
1619 4289 1762 4354 misi,
1812 4305 1909 4344 nec
1955 4275 2113 4360 quem

527 4387 717 4441 dicunt
741 4391 942 4438 tomum
970 4380 1202 4451 qualiter
1224 4379 1444 4434 credere
1467 4377 1715 4440 debeant,
1745 4388 1835 4431 attt
1861 4379 2115 4448 pecunias

527 4492 763 4547 unquam
785 4471 1083 4536 transmisi,
1115 4470 1352 4540 exceptis
1367 4470 1624 4523 duntaxat
1643 4469 1961 4540 quibusdam
1992 4467 2115 4525 illuc

527 4565 869 4622 venientibus
910 4564 1081 4618 servis
1125 4562 1218 4617 Dei
1278 4577 1438 4615 causa
1494 4559 1866 4632 elecntosynte,
1921 4561 2115 4631 quibus

527 4673 584 4716 et
635 4661 902 4716 modicum
971 4657 1098 4727 quid
1160 4657 1488 4725 przebuimus
1541 4655 1761 4709 minime
1823 4656 1894 4710 ad
1939 4654 2114 4709 ‘Sara-

530 4765 693 4806 conos
724 4748 1118 4802 transmisstun.
1160 4745 1362 4806 Porro.
1411 4745 1477 4800 de
1525 4744 1742 4799 domina
1785 4757 1970 4801 nostra
2004 4745 2118 4814 glo-

531 4840 672 4894 riosa
723 4853 936 4907 semper
968 4836 1176 4905 virgine
1206 4833 1370 4887 Maria
1397 4849 1517 4903 qua:
1547 4833 1713 4889 Deum
1743 4843 1796 4889 et
1826 4834 2114 4890 Domiuutn

531 4941 773 4984 nostrum
828 4927 1012 4981 Jesum
1069 4924 1340 4979 Christum
1393 4925 1644 4994 peperit,
1711 4941 1872 4995 quam
1927 4941 2116 4981 omnes

533 5021 704 5074 sancti
737 5029 788 5072 et
819 5017 1067 5073 catholici
1098 5016 1284 5070 Patres
1326 5015 1417 5068 Dei
1463 5015 1776 5085 genitricem
1824 5017 2112 5086 appellant,

531 5121 718 5181 utpote
756 5127 874 5179 qua:
917 5111 1082 5164 Deum
1123 5109 1397 5163 hominem
1441 5108 1658 5178 genuit,
1705 5107 1896 5162 falsum
1928 5117 2114 5162 contra

536 5217 642 5264 me,
698 5201 805 5253 imo
854 5209 1037 5254 contra
1085 5215 1209 5254 suas
1241 5202 1476 5268 ipsorum
1530 5199 1760 5263 animas,
1801 5199 1968 5268 iniqui
2015 5198 2116 5252 viri

537 5289 807 5342 testificati
837 5297 980 5343 sunt.
1009 5288 1142 5342 Nam
1170 5290 1414 5358 quisquis
1460 5288 1674 5343 beatam
1703 5303 1866 5358 super
1903 5303 2119 5342 omnem

539 5388 842 5434 creaturam
898 5389 954 5432 et
1004 5388 1246 5432 naturam
1298 5383 1619 5444 humanam,
1671 5381 1876 5448 absque
1918 5394 1982 5434 eo
2028 5381 2118 5448 qui

536 5472 750 5539 genitus
802 5478 883 5524 est
931 5485 997 5522 ex
1058 5486 1157 5532 ea,
1212 5473 1570 5526 venerabilem
1627 5487 1947 5541 semperque
2007 5473 2117 5525 vir-

539 5560 716 5626 ginem
737 5599 752 5610 .
783 5566 1009 5610 tnalrem
1042 5559 1282 5604 vitlelimu
1315 5562 1521 5602 nmnini
1560 5565 1724 5598 nnclri
1756 5576 1860 5608 tum
1893 5561 2120 5608 ιιηηηηη

2217 3362 2427 3417 christi.
2476 3364 2541 3416 lit
2587 3361 2717 3415 tttiiti
2748 3361 2980 3414 breviter
3020 3361 3200 3436 dicere
3234 3362 3605 3414 necessarium
3639 3362 3794 3413 \islllll

2218 3465 2325 3519 est,
2358 3465 2646 3522 antequatn
2686 3451 2739 3506 in
2772 3460 2882 3506 toto
2908 3455 3104 3505 mundo
3131 3450 3424 3521 praevaleat
3450 3452 3732 3520 judicium,
3754 3461 3799 3502 et

2219 3547 2377 3599 liuent
2409 3559 2600 3599 cursus
2632 3545 2874 3607 tradam,
2903 3543 3001 3597 hoc
3028 3542 3158 3596 ntihi
3196 3543 3460 3611 expedire
3492 3545 3795 3602 arbitratus,

2216 3649 2322 3704 quo
2354 3633 2473 3688 aliis
2500 3633 2638 3688 tnala
2685 3633 2815 3686 mihi
2859 3631 3287 3702 prreparantibus
3322 3632 3595 3686 exsultent
3634 3634 3799 3702 peius

2216 3742 2376 3794 quam
2406 3725 2579 3780 licam.
2604 3725 2791 3794 igitur,
2818 3733 2872 3776 ttt
2901 3724 3040 3776 scias
3064 3723 3300 3791 qualiter
3325 3723 3580 3777 sublatus
3604 3735 3656 3778 ct
3685 3726 3796 3776 tinc-

2221 3827 2304 3871 tus
2334 3817 2433 3872 sint
2464 3834 2492 3870 a
2525 3817 2763 3868 itotnana
2798 3815 2950 3877 urbe,
2997 3814 3068 3866 nil
3111 3813 3300 3866 falsum
3332 3815 3527 3868 audies
3560 3815 3798 3869 accidet-.-

2218 3910 2370 3964 tium.
2406 3908 2595 3963 Otnnia
2627 3907 2902 3977 priescivi,
2946 3921 3042 3975 per
3071 3915 3240 3958 totum
3275 3915 3521 3976 tempus,
3556 3921 3678 3974 qua:
3702 3922 3802 3958 tne-

2217 4005 2544 4068 ditabantur,
2579 4012 2653 4067 et,
2677 4010 2889 4070 sumpto
2908 3999 3111 4067 nteipso
3138 4014 3260 4053 cum
3287 3999 3439 4052 omni
3485 3999 3634 4053 clero
3662 4013 3800 4059 tneo,

2217 4098 2469 4170 privatim
2520 4096 2690 4150 mansi
2742 4096 2792 4148 itt
2840 4093 3066 4148 ecclesia
3117 4092 3417 4147 Salva—toris
3466 4094 3638 4148 nostri
3687 4090 3800 4145 .lcsu

2217 4192 2440 4256 Christi,
2471 4206 2591 4259 qute
2617 4189 3026 4258 cognominatur
3046 4187 3525 4252 Constantiniana,
3557 4205 3677 4258 quae
3706 4189 3802 4257 pri«

2219 4302 2304 4340 tua
2339 4286 2390 4339 itt
2423 4295 2532 4338 toto
2561 4283 2757 4336 mundo
2785 4293 3093 4336 constructa
3120 4291 3171 4332 ct
3198 4280 3437 4333 stabil:ta
3467 4289 3553 4334 est
3585 4298 3614 4333 a
3644 4284 3801 4335 beate

2221 4379 2493 4434 meritoria:
2521 4375 2873 4430 Constantino
2905 4375 3258 4446 imperatore,
3291 4383 3348 4426 et
3384 4383 3469 4426 est
3505 4374 3658 4442 juxta
3702 4373 3801 4440 cpi-

2219 4473 2480 4543 scopiutn.
2514 4471 2625 4524 lliie
2651 4469 2793 4522 enim
2830 4484 3017 4520 omnes
3054 4482 3150 4521 nos
3180 4482 3426 4520 seorsum
3467 4467 3803 4520 morabamur

2222 4579 2250 4616 a
2272 4562 2355 4617 die
2377 4560 2607 4623 sabbati,
2637 4559 2854 4628 quando
2878 4557 3146 4625 Caiiiopas
3170 4572 3294 4609 curn
3324 4555 3629 4609 Ravennati
3654 4573 3802 4609 cacr-

2222 4657 2329 4710 citu
2355 4667 2406 4709 et
2430 4653 2714 4708 Theodoro
2741 4651 3068 4706 cubiculario
3093 4649 3661 4705 introivit.civitatc.o.
3697 4648 3802 4701 Siési

2221 4763 2348 4817 ergo
2380 4749 2430 4800 in
2470 4747 2680 4801 obviam
2713 4744 2828 4814 ejus
2859 4743 3117 4814 quosdam
3161 4758 3224 4796 ex
3269 4742 3455 4795 clero:
3500 4744 3700 4811 quibus
3725 4758 3808 4794 su-

2221 4841 2416 4910 sceptis
2440 4839 2489 4892 itt
2514 4838 2731 4909 palatio,
2764 4836 3051 4891 aestimavit
3075 4847 3129 4890 ct
3149 4850 3232 4888 me
3256 4851 3380 4889 cum
3402 4836 3485 4889 eis
3510 4852 3651 4888 esse.
3679 4834 3804 4887 Cum

2219 4943 2396 4986 autent
2447 4932 2747 5002 quzesissel,
2800 4912 2853 4985 et
2904 4946 3008 4984 non
3063 4930 3389 4992 invenisset,
3444 4929 3584 4984 dixit
3623 4927 3807 4996 primis

2218 5023 2386 5078 Cleri:
2437 5022 2572 5087 Quia
2614 5038 2706 5075 nos
2743 5037 2860 5074 eum
2907 5019 3159 5074 voluimus
3199 5019 3467 5080 adorare;
3518 5018 3610 5071 sed
3661 5034 3805 5074 eras,

2218 5115 2354 5184 quod
2384 5123 2457 5166 est
2496 5113 2766 5167 Dominica
2798 5112 2928 5173 dies,
2955 5111 3087 5163 obvii
3110 5111 3155 5162 ei
3174 5111 3370 5162 erimus
3391 5119 3436 5178 et
3463 5107 3806 5162 stata-binm;

2220 5223 2356 5271 eum,
2386 5205 2506 5274 quia
2533 5203 2684 5256 hodie
2716 5219 2816 5256 non
2844 5201 3164 5270 stt/fecimus.
3193 5198 3381 5263 Porro,
3411 5199 3697 5253 Dontinico
3725 5197 3806 5248 die

2223 5297 2362 5350 (latis
2391 5295 2569 5349 missis
2591 5295 2643 5348 in
2669 5292 2925 5363 praedicta
2953 5300 3136 5346 sancta
3165 5289 3258 5342 Dei
3287 5285 3540 5354 ecclesia,
3571 5288 3805 5357 suspica-

2225 5398 2309 5442 tus
2329 5388 2417 5441 iile
2441 5387 2648 5440 turbam
2681 5385 2902 5439 multam
2933 5383 3107 5451 colligi
3133 5393 3354 5452 propter
3375 5383 3520 5435 diem
3545 5381 3806 5434 nuntiavit

2227 5477 2329 5531 hoc
2350 5497 2360 5529 :
2389 5479 2524 5541 Quia
2551 5476 2770 5530 multum
2793 5475 3000 5545 fatigati
3015 5491 3193 5528 sumus
3212 5490 3274 5526 ex
3293 5474 3497 5537 itinere,
3517 5484 3564 5525 et
3584 5489 3688 5524 non
3701 5487 3805 5539 pos-

2224 5583 2400 5616 cmmts
2415 5582 2685 5618 occurrere
2698 5565 2872 5622 hodie.
2888 5565 2976 5618 sed
2993 5581 3109 5619 cras
3126 5562 3436 5618 omnimodis
3451 5576 3805 5621 occurremus,

3438 5667 3450 5669 _
3507 5667 3646 5690 ,ηη
3697 5663 3805 5702 me
