  <div class='ocr_page' id='page_1' title='image "/cluster/home/n/w/nwhite01/storage/ocr_20150623/129/hvd.32044015471709/300.png"; bbox 0 0 3916 5566; ppageno 0'>
   <div class='ocr_carea' id='block_1_1' title="bbox 167 444 2756 516">
    <p class='ocr_par' dir='ltr' id='par_1_1' title="bbox 167 444 2756 516">
     <span class='ocr_line' id='line_1_1' title="bbox 167 444 2756 516; baseline -0.002 -2"><span class='ocrx_word' id='word_1_1' title='bbox 167 457 247 516; x_wconf 81' lang='lat'><strong>539</strong></span> <span class='ocrx_word' id='word_1_2' title='bbox 704 451 1221 509; x_wconf 59' lang='lat' dir='ltr'><strong>COLLECTANEA.</strong></span> <span class='ocrx_word' id='word_1_3' title='bbox 1250 455 1556 510; x_wconf 81' lang='lat' dir='ltr'><strong>-—EPIST.</strong></span> <span class='ocrx_word' id='word_1_4' title='bbox 1599 444 1961 510; x_wconf 71' lang='lat' dir='ltr'><strong>ANASTASII</strong></span> <span class='ocrx_word' id='word_1_5' title='bbox 2002 456 2092 510; x_wconf 80' lang='lat' dir='ltr'><strong>AD</strong></span> <span class='ocrx_word' id='word_1_6' title='bbox 2134 450 2496 512; x_wconf 68' lang='lat' dir='ltr'><strong>MARTINUM</strong></span> <span class='ocrx_word' id='word_1_7' title='bbox 2536 447 2756 512; x_wconf 65' lang='lat' dir='ltr'><strong>EPISC.</strong></span> 
     </span>
    </p>
   </div>
   <div class='ocr_carea' id='block_1_2' title="bbox 167 563 3064 645">
    <p class='ocr_par' dir='ltr' id='par_1_2' title="bbox 167 563 3064 645">
     <span class='ocr_line' id='line_1_2' title="bbox 167 563 3064 645; baseline 0.002 -23"><span class='ocrx_word' id='word_1_8' title='bbox 167 567 382 624; x_wconf 79' lang='lat' dir='ltr'><strong>Kalendas</strong></span> <span class='ocrx_word' id='word_1_9' title='bbox 417 565 594 621; x_wconf 80' lang='lat' dir='ltr'><strong>Julius.</strong></span> <span class='ocrx_word' id='word_1_10' title='bbox 628 568 766 639; x_wconf 72' lang='lat' dir='ltr'><strong>Ergo</strong></span> <span class='ocrx_word' id='word_1_11' title='bbox 805 569 934 622; x_wconf 81' lang='lat' dir='ltr'><strong>feria</strong></span> <span class='ocrx_word' id='word_1_12' title='bbox 970 571 1207 624; x_wconf 88' lang='lat' dir='ltr'><strong>secunda</strong></span> <span class='ocrx_word' id='word_1_13' title='bbox 1248 563 1484 626; x_wconf 75' lang='lat' dir='ltr'><strong>diluculo</strong></span> <span class='ocrx_word' id='word_1_14' title='bbox 1513 572 1675 625; x_wconf 81' lang='lat' dir='ltr'><strong>mittit</strong></span> <span class='ocrx_word' id='word_1_15' title='bbox 1705 575 1753 628; x_wconf 81' lang='grc' dir='ltr'><strong>Α</strong></span> <span class='ocrx_word' id='word_1_16' title='bbox 1782 572 2157 626; x_wconf 86' lang='lat' dir='ltr'><strong>necessitatem</strong></span> <span class='ocrx_word' id='word_1_17' title='bbox 2207 589 2309 626; x_wconf 91' lang='lat' dir='ltr'><strong>non</strong></span> <span class='ocrx_word' id='word_1_18' title='bbox 2361 574 2605 629; x_wconf 89' lang='lat' dir='ltr'><strong>facinms.</strong></span> <span class='ocrx_word' id='word_1_19' title='bbox 2653 575 2922 645; x_wconf 75' lang='lat' dir='ltr'><strong>Respondi</strong></span> <span class='ocrx_word' id='word_1_20' title='bbox 2967 590 3064 643; x_wconf 77' lang='lat' dir='ltr'><strong>ego</strong></span> 
     </span>
    </p>
   </div>
   <div class='ocr_carea' id='block_1_3' title="bbox 162 660 1676 734">
    <p class='ocr_par' dir='ltr' id='par_1_3' title="bbox 162 660 1676 734">
     <span class='ocr_line' id='line_1_3' title="bbox 162 660 1676 734; baseline 0.001 -18"><span class='ocrx_word' id='word_1_21' title='bbox 162 660 491 716; x_wconf 85' lang='lat' dir='ltr'><strong>chartularium</strong></span> <span class='ocrx_word' id='word_1_22' title='bbox 534 677 722 725; x_wconf 88' lang='lat' dir='ltr'><strong>suum,</strong></span> <span class='ocrx_word' id='word_1_23' title='bbox 775 672 832 716; x_wconf 86' lang='lat' dir='ltr'><strong>et</strong></span> <span class='ocrx_word' id='word_1_24' title='bbox 871 663 1131 731; x_wconf 86' lang='lat' dir='ltr'><strong>quosdam</strong></span> <span class='ocrx_word' id='word_1_25' title='bbox 1171 680 1234 719; x_wconf 77' lang='lat' dir='ltr'><strong>ex</strong></span> <span class='ocrx_word' id='word_1_26' title='bbox 1268 665 1527 734; x_wconf 88' lang='lat' dir='ltr'><strong>obsequio</strong></span> <span class='ocrx_word' id='word_1_27' title='bbox 1556 680 1676 729; x_wconf 89' lang='lat' dir='ltr'><strong>suo,</strong></span> 
     </span>
    </p>
   </div>
   <div class='ocr_carea' id='block_1_4' title="bbox 160 749 1678 821">
    <p class='ocr_par' dir='ltr' id='par_1_4' title="bbox 160 749 1678 821">
     <span class='ocr_line' id='line_1_4' title="bbox 160 749 1678 821; baseline 0.005 -19"><span class='ocrx_word' id='word_1_28' title='bbox 160 753 308 803; x_wconf 68' lang='lat' dir='ltr'><strong>iii-cens</strong></span> <span class='ocrx_word' id='word_1_29' title='bbox 351 768 361 802; x_wconf 88' lang='lat'>:</span> <span class='ocrx_word' id='word_1_30' title='bbox 403 749 532 813; x_wconf 83' lang='lat' dir='ltr'><strong>Quia</strong></span> <span class='ocrx_word' id='word_1_31' title='bbox 576 768 724 804; x_wconf 84' lang='lat' dir='ltr'><strong>arma</strong></span> <span class='ocrx_word' id='word_1_32' title='bbox 771 754 1114 821; x_wconf 66' lang='lat' dir='ltr'><strong>prrrpamsti,</strong></span> <span class='ocrx_word' id='word_1_33' title='bbox 1159 765 1204 806; x_wconf 81' lang='lat' dir='ltr'><strong>et</strong></span> <span class='ocrx_word' id='word_1_34' title='bbox 1244 765 1476 808; x_wconf 76' lang='lat' dir='ltr'><strong>armatos</strong></span> <span class='ocrx_word' id='word_1_35' title='bbox 1521 756 1678 810; x_wconf 74' lang='lat' dir='ltr'><strong>habes</strong></span> 
     </span>
    </p>
   </div>
   <div class='ocr_carea' id='block_1_5' title="bbox 160 842 1682 916">
    <p class='ocr_par' dir='ltr' id='par_1_5' title="bbox 160 842 1682 916">
     <span class='ocr_line' id='line_1_5' title="bbox 160 842 1682 916; baseline 0.003 -21"><span class='ocrx_word' id='word_1_36' title='bbox 160 847 297 904; x_wconf 74' lang='lat' dir='ltr'><strong>intus,</strong></span> <span class='ocrx_word' id='word_1_37' title='bbox 334 853 375 895; x_wconf 82' lang='lat' dir='ltr'><strong>et</strong></span> <span class='ocrx_word' id='word_1_38' title='bbox 414 842 790 896; x_wconf 76' lang='lat' dir='ltr'><strong>multitudinem</strong></span> <span class='ocrx_word' id='word_1_39' title='bbox 841 843 1076 914; x_wconf 74' lang='lat' dir='ltr'><strong>lapidum</strong></span> <span class='ocrx_word' id='word_1_40' title='bbox 1120 847 1368 916; x_wconf 79' lang='lat' dir='ltr'><strong>collegisti</strong></span> <span class='ocrx_word' id='word_1_41' title='bbox 1409 849 1478 900; x_wconf 78' lang='lat' dir='ltr'><strong>ad</strong></span> <span class='ocrx_word' id='word_1_42' title='bbox 1529 865 1682 915; x_wconf 69' lang='lat' dir='ltr'><strong>repu-</strong></span> 
     </span>
    </p>
   </div>
   <div class='ocr_carea' id='block_1_6' title="bbox 156 933 1680 1006">
    <p class='ocr_par' dir='ltr' id='par_1_6' title="bbox 156 933 1680 1006">
     <span class='ocr_line' id='line_1_6' title="bbox 156 933 1680 1006; baseline 0.005 -21"><span class='ocrx_word' id='word_1_43' title='bbox 156 933 374 1001; x_wconf 79' lang='lat' dir='ltr'><strong>gnmdum</strong></span> <span class='ocrx_word' id='word_1_44' title='bbox 408 947 426 984; x_wconf 89' lang='lat'><strong><em>:</em></strong></span> <span class='ocrx_word' id='word_1_45' title='bbox 463 943 510 986; x_wconf 78' lang='lat' dir='ltr'><strong>et</strong></span> <span class='ocrx_word' id='word_1_46' title='bbox 542 933 638 987; x_wconf 89' lang='lat' dir='ltr'><strong>Itoc</strong></span> <span class='ocrx_word' id='word_1_47' title='bbox 681 937 1027 988; x_wconf 76' lang='lat' dir='ltr'><strong>necessarium</strong></span> <span class='ocrx_word' id='word_1_48' title='bbox 1068 954 1170 990; x_wconf 81' lang='lat' dir='ltr'><strong>non</strong></span> <span class='ocrx_word' id='word_1_49' title='bbox 1208 947 1314 1002; x_wconf 76' lang='lat' dir='ltr'><strong>est,</strong></span> <span class='ocrx_word' id='word_1_50' title='bbox 1349 955 1441 991; x_wconf 79' lang='lat' dir='ltr'><strong>nec</strong></span> <span class='ocrx_word' id='word_1_51' title='bbox 1479 939 1680 1006; x_wconf 78' lang='lat' dir='ltr'><strong>aliquid</strong></span> 
     </span>
    </p>
   </div>
   <div class='ocr_carea' id='block_1_7' title="bbox 155 1026 1676 1096">
    <p class='ocr_par' dir='ltr' id='par_1_7' title="bbox 155 1026 1676 1096">
     <span class='ocr_line' id='line_1_7' title="bbox 155 1026 1676 1096; baseline 0.003 -18"><span class='ocrx_word' id='word_1_52' title='bbox 155 1028 234 1078; x_wconf 74' lang='lat' dir='ltr'><strong>tale</strong></span> <span class='ocrx_word' id='word_1_53' title='bbox 256 1027 356 1093; x_wconf 79' lang='lat' dir='ltr'><strong>ﬁeri</strong></span> <span class='ocrx_word' id='word_1_54' title='bbox 378 1027 655 1094; x_wconf 69' lang='lat' dir='ltr'><strong>permittas.</strong></span> <span class='ocrx_word' id='word_1_55' title='bbox 688 1026 929 1096; x_wconf 83' lang='lat' dir='ltr'><strong>Cumque</strong></span> <span class='ocrx_word' id='word_1_56' title='bbox 959 1043 1194 1095; x_wconf 64' lang='lat' dir='ltr'><strong>praesens</strong></span> <span class='ocrx_word' id='word_1_57' title='bbox 1233 1045 1298 1082; x_wconf 90' lang='lat' dir='ltr'><strong>au</strong></span> <span class='ocrx_word' id='word_1_58' title='bbox 1324 1029 1502 1082; x_wconf 83' lang='lat' dir='ltr'><strong>lissem</strong></span> <span class='ocrx_word' id='word_1_59' title='bbox 1542 1031 1676 1094; x_wconf 73' lang='lat' dir='ltr'><strong>lucc,</strong></span> 
     </span>
    </p>
   </div>
   <div class='ocr_carea' id='block_1_8' title="bbox 121 1115 1679 1187">
    <p class='ocr_par' dir='ltr' id='par_1_8' title="bbox 121 1115 1679 1187">
     <span class='ocr_line' id='line_1_8' title="bbox 121 1115 1679 1187; baseline 0.005 -19"><span class='ocrx_word' id='word_1_60' title='bbox 121 1115 466 1176; x_wconf 82' lang='lat' dir='ltr'><strong>_t:eccssarittm</strong></span> <span class='ocrx_word' id='word_1_61' title='bbox 499 1115 670 1183; x_wconf 79' lang='lat' dir='ltr'><strong>magis</strong></span> <span class='ocrx_word' id='word_1_62' title='bbox 707 1131 810 1170; x_wconf 89' lang='lat' dir='ltr'><strong>non</strong></span> <span class='ocrx_word' id='word_1_63' title='bbox 859 1118 1016 1170; x_wconf 87' lang='lat' dir='ltr'><strong>ltabui</strong></span> <span class='ocrx_word' id='word_1_64' title='bbox 1040 1159 1055 1182; x_wconf 88' lang='lat'><strong>,</strong></span> <span class='ocrx_word' id='word_1_65' title='bbox 1093 1119 1326 1187; x_wconf 88' lang='lat' dir='ltr'><strong>qualiter</strong></span> <span class='ocrx_word' id='word_1_66' title='bbox 1361 1121 1460 1175; x_wconf 86' lang='lat' dir='ltr'><strong>hos</strong></span> <span class='ocrx_word' id='word_1_67' title='bbox 1500 1133 1679 1176; x_wconf 88' lang='lat' dir='ltr'><strong>certos</strong></span> 
     </span>
    </p>
   </div>
   <div class='ocr_carea' id='block_1_9' title="bbox 152 1206 1676 1282">
    <p class='ocr_par' dir='ltr' id='par_1_9' title="bbox 152 1206 1676 1282">
     <span class='ocr_line' id='line_1_9' title="bbox 152 1206 1676 1282; baseline 0.007 -24"><span class='ocrx_word' id='word_1_68' title='bbox 152 1206 415 1270; x_wconf 74' lang='lat' dir='ltr'><strong>redderem,</strong></span> <span class='ocrx_word' id='word_1_69' title='bbox 451 1219 609 1273; x_wconf 87' lang='lat' dir='ltr'><strong>quam</strong></span> <span class='ocrx_word' id='word_1_70' title='bbox 656 1208 868 1261; x_wconf 83' lang='lat' dir='ltr'><strong>mittere</strong></span> <span class='ocrx_word' id='word_1_71' title='bbox 908 1211 1026 1264; x_wconf 86' lang='lat' dir='ltr'><strong>illos</strong></span> <span class='ocrx_word' id='word_1_72' title='bbox 1069 1221 1351 1282; x_wconf 70' lang='lat' dir='ltr'><strong>gyraturos</strong></span> <span class='ocrx_word' id='word_1_73' title='bbox 1383 1230 1478 1282; x_wconf 87' lang='lat' dir='ltr'><strong>per</strong></span> <span class='ocrx_word' id='word_1_74' title='bbox 1509 1224 1676 1268; x_wconf 89' lang='lat' dir='ltr'><strong>totum</strong></span> 
     </span>
    </p>
   </div>
   <div class='ocr_carea' id='block_1_10' title="bbox 153 1295 1678 1376">
    <p class='ocr_par' dir='ltr' id='par_1_10' title="bbox 153 1295 1678 1376">
     <span class='ocr_line' id='line_1_10' title="bbox 153 1295 1678 1376; baseline 0.009 -30"><span class='ocrx_word' id='word_1_75' title='bbox 153 1295 214 1364; x_wconf 78' lang='lat' dir='ltr'><strong>cpi</strong></span> <span class='ocrx_word' id='word_1_76' title='bbox 243 1299 430 1366; x_wconf 83' lang='lat' dir='ltr'><strong>copiam</strong></span> <span class='ocrx_word' id='word_1_77' title='bbox 453 1339 467 1360; x_wconf 93' lang='lat'><strong>,</strong></span> <span class='ocrx_word' id='word_1_78' title='bbox 493 1307 544 1350; x_wconf 90' lang='lat' dir='ltr'><strong>et</strong></span> <span class='ocrx_word' id='word_1_79' title='bbox 569 1339 582 1356; x_wconf 88' lang='lat'><strong>.</strong></span> <span class='ocrx_word' id='word_1_80' title='bbox 612 1297 655 1352; x_wconf 93' lang='lat' dir='ltr'><strong>si</strong></span> <span class='ocrx_word' id='word_1_81' title='bbox 684 1315 831 1353; x_wconf 90' lang='lat' dir='ltr'><strong>arma</strong></span> <span class='ocrx_word' id='word_1_82' title='bbox 863 1303 943 1356; x_wconf 91' lang='lat' dir='ltr'><strong>vel</strong></span> <span class='ocrx_word' id='word_1_83' title='bbox 976 1303 1202 1371; x_wconf 89' lang='lat' dir='ltr'><strong>lapidem</strong></span> <span class='ocrx_word' id='word_1_84' title='bbox 1240 1305 1539 1370; x_wconf 88' lang='lat' dir='ltr'><strong>vidissent,</strong></span> <span class='ocrx_word' id='word_1_85' title='bbox 1578 1307 1678 1376; x_wconf 90' lang='lat' dir='ltr'><strong>ipsi</strong></span> 
     </span>
    </p>
   </div>
   <div class='ocr_carea' id='block_1_11' title="bbox 154 1388 1678 1456">
    <p class='ocr_par' dir='ltr' id='par_1_11' title="bbox 154 1388 1678 1456">
     <span class='ocr_line' id='line_1_11' title="bbox 154 1388 1678 1456; baseline 0.01 -19"><span class='ocrx_word' id='word_1_86' title='bbox 154 1388 462 1441; x_wconf 54' lang='lat' dir='ltr'><strong>testiinonium</strong></span> <span class='ocrx_word' id='word_1_87' title='bbox 525 1389 890 1456; x_wconf 79' lang='lat' dir='ltr'><strong>perhibercnt.</strong></span> <span class='ocrx_word' id='word_1_88' title='bbox 963 1390 1096 1447; x_wconf 86' lang='lat' dir='ltr'><strong>Cum</strong></span> <span class='ocrx_word' id='word_1_89' title='bbox 1163 1404 1343 1450; x_wconf 87' lang='lat' dir='ltr'><strong>autem</strong></span> <span class='ocrx_word' id='word_1_90' title='bbox 1405 1397 1574 1452; x_wconf 83' lang='lat' dir='ltr'><strong>issent</strong></span> <span class='ocrx_word' id='word_1_91' title='bbox 1624 1409 1678 1452; x_wconf 86' lang='lat' dir='ltr'><strong>et</strong></span> 
     </span>
    </p>
   </div>
   <div class='ocr_carea' id='block_1_12' title="bbox 149 1477 1679 1558">
    <p class='ocr_par' dir='ltr' id='par_1_12' title="bbox 149 1477 1679 1558">
     <span class='ocr_line' id='line_1_12' title="bbox 149 1477 1679 1558; baseline 0.011 -29"><span class='ocrx_word' id='word_1_92' title='bbox 149 1477 250 1530; x_wconf 83' lang='lat' dir='ltr'><strong>nihil</strong></span> <span class='ocrx_word' id='word_1_93' title='bbox 278 1479 604 1540; x_wconf 76' lang='lat' dir='ltr'><strong>invenissent,</strong></span> <span class='ocrx_word' id='word_1_94' title='bbox 646 1481 899 1538; x_wconf 71' lang='lat' dir='ltr'><strong>subintuli</strong></span> <span class='ocrx_word' id='word_1_95' title='bbox 931 1479 1011 1540; x_wconf 82' lang='lat' dir='ltr'><strong>eis</strong></span> <span class='ocrx_word' id='word_1_96' title='bbox 1042 1503 1137 1556; x_wconf 92' lang='lat' dir='ltr'><strong>per</strong></span> <span class='ocrx_word' id='word_1_97' title='bbox 1162 1483 1349 1553; x_wconf 78' lang='lat' dir='ltr'><strong>verba,</strong></span> <span class='ocrx_word' id='word_1_98' title='bbox 1373 1492 1514 1558; x_wconf 66' lang='lat' dir='ltr'><strong>qvod</strong></span> <span class='ocrx_word' id='word_1_99' title='bbox 1546 1508 1679 1545; x_wconf 89' lang='lat' dir='ltr'><strong>nun-</strong></span> 
     </span>
    </p>
   </div>
   <div class='ocr_carea' id='block_1_13' title="bbox 149 1571 1678 1654">
    <p class='ocr_par' dir='ltr' id='par_1_13' title="bbox 149 1571 1678 1654">
     <span class='ocr_line' id='line_1_13' title="bbox 149 1571 1678 1654; baseline 0.013 -33"><span class='ocrx_word' id='word_1_100' title='bbox 149 1586 274 1639; x_wconf 72' lang='lat' dir='ltr'><strong>quam</strong></span> <span class='ocrx_word' id='word_1_101' title='bbox 304 1571 577 1640; x_wconf 79' lang='lat' dir='ltr'><strong>aliquando</strong></span> <span class='ocrx_word' id='word_1_102' title='bbox 603 1571 793 1637; x_wconf 92' lang='lat' dir='ltr'><strong>aliter,</strong></span> <span class='ocrx_word' id='word_1_103' title='bbox 834 1577 926 1630; x_wconf 88' lang='lat' dir='ltr'><strong>sed</strong></span> <span class='ocrx_word' id='word_1_104' title='bbox 967 1595 1183 1649; x_wconf 81' lang='lat' dir='ltr'><strong>semper</strong></span> <span class='ocrx_word' id='word_1_105' title='bbox 1221 1596 1319 1649; x_wconf 90' lang='lat' dir='ltr'><strong>per</strong></span> <span class='ocrx_word' id='word_1_106' title='bbox 1348 1585 1678 1654; x_wconf 78' lang='lat' dir='ltr'><strong>complexio-</strong></span> 
     </span>
    </p>
   </div>
   <div class='ocr_carea' id='block_1_14' title="bbox 149 1658 1679 1732">
    <p class='ocr_par' dir='ltr' id='par_1_14' title="bbox 149 1658 1679 1732">
     <span class='ocr_line' id='line_1_14' title="bbox 149 1658 1679 1732; baseline 0.013 -20"><span class='ocrx_word' id='word_1_107' title='bbox 149 1658 242 1714; x_wconf 78' lang='lat' dir='ltr'><strong>nem</strong></span> <span class='ocrx_word' id='word_1_108' title='bbox 262 1674 282 1702; x_wconf 78' lang='grc' dir='ltr'><strong><em>ο</em></strong></span> <span class='ocrx_word' id='word_1_109' title='bbox 311 1671 360 1716; x_wconf 89' lang='lat' dir='ltr'><strong>et</strong></span> <span class='ocrx_word' id='word_1_110' title='bbox 382 1661 621 1718; x_wconf 79' lang='lat' dir='ltr'><strong>fallacem</strong></span> <span class='ocrx_word' id='word_1_111' title='bbox 656 1669 1054 1724; x_wconf 74' lang='lat' dir='ltr'><strong>accusationem</strong></span> <span class='ocrx_word' id='word_1_112' title='bbox 1086 1671 1398 1728; x_wconf 80' lang='lat' dir='ltr'><strong>incederent</strong></span> <span class='ocrx_word' id='word_1_113' title='bbox 1422 1675 1679 1732; x_wconf 83' lang='lat' dir='ltr'><strong>adversus</strong></span> 
     </span>
    </p>
   </div>
   <div class='ocr_carea' id='block_1_15' title="bbox 148 1754 1676 1835">
    <p class='ocr_par' dir='ltr' id='par_1_15' title="bbox 148 1754 1676 1835">
     <span class='ocr_line' id='line_1_15' title="bbox 148 1754 1676 1835; baseline 0.016 -36"><span class='ocrx_word' id='word_1_114' title='bbox 148 1762 248 1812; x_wconf 86' lang='lat' dir='ltr'><strong>nos,</strong></span> <span class='ocrx_word' id='word_1_115' title='bbox 271 1764 378 1804; x_wconf 89' lang='lat' dir='ltr'><strong>cum</strong></span> <span class='ocrx_word' id='word_1_116' title='bbox 405 1762 457 1805; x_wconf 90' lang='lat' dir='ltr'><strong>et</strong></span> <span class='ocrx_word' id='word_1_117' title='bbox 494 1754 545 1835; x_wconf 89' lang='lat' dir='ltr'><strong>in</strong></span> <span class='ocrx_word' id='word_1_118' title='bbox 587 1756 818 1809; x_wconf 88' lang='lat' dir='ltr'><strong>adventu</strong></span> <span class='ocrx_word' id='word_1_119' title='bbox 853 1757 1067 1814; x_wconf 79' lang='lat' dir='ltr'><strong>infamis</strong></span> <span class='ocrx_word' id='word_1_120' title='bbox 1092 1759 1320 1833; x_wconf 84' lang='lat' dir='ltr'><strong>Olympii</strong></span> <span class='ocrx_word' id='word_1_121' title='bbox 1346 1765 1467 1817; x_wconf 89' lang='lat' dir='ltr'><strong>vani</strong></span> <span class='ocrx_word' id='word_1_122' title='bbox 1496 1765 1676 1834; x_wconf 79' lang='lat' dir='ltr'><strong>Cujus-</strong></span> 
     </span>
    </p>
   </div>
   <div class='ocr_carea' id='block_1_16' title="bbox 147 1838 1680 1924">
    <p class='ocr_par' dir='ltr' id='par_1_16' title="bbox 147 1838 1680 1924">
     <span class='ocr_line' id='line_1_16' title="bbox 147 1838 1680 1924; baseline 0.015 -37"><span class='ocrx_word' id='word_1_123' title='bbox 147 1838 238 1889; x_wconf 78' lang='lat' dir='ltr'><strong>dam</strong></span> <span class='ocrx_word' id='word_1_124' title='bbox 263 1839 476 1894; x_wconf 84' lang='lat' dir='ltr'><strong>hominis</strong></span> <span class='ocrx_word' id='word_1_125' title='bbox 507 1857 630 1896; x_wconf 85' lang='lat' dir='ltr'><strong>cum</strong></span> <span class='ocrx_word' id='word_1_126' title='bbox 663 1846 830 1900; x_wconf 84' lang='lat' dir='ltr'><strong>armis</strong></span> <span class='ocrx_word' id='word_1_127' title='bbox 870 1863 955 1901; x_wconf 89' lang='lat' dir='ltr'><strong>me</strong></span> <span class='ocrx_word' id='word_1_128' title='bbox 986 1849 1128 1905; x_wconf 85' lang='lat' dir='ltr'><strong>hunc</strong></span> <span class='ocrx_word' id='word_1_129' title='bbox 1157 1853 1394 1920; x_wconf 90' lang='lat' dir='ltr'><strong>potuisse</strong></span> <span class='ocrx_word' id='word_1_130' title='bbox 1423 1855 1680 1924; x_wconf 86' lang='lat' dir='ltr'><strong>repellere</strong></span> 
     </span>
    </p>
   </div>
   <div class='ocr_carea' id='block_1_17' title="bbox 3259 453 3360 514">
    <p class='ocr_par' dir='ltr' id='par_1_17' title="bbox 3259 453 3360 514">
     <span class='ocr_line' id='line_1_17' title="bbox 3259 453 3360 514; baseline -0.02 0"><span class='ocrx_word' id='word_1_131' title='bbox 3259 453 3360 514; x_wconf 54' lang='lat' dir='ltr'><strong>Sila</strong></span> 
     </span>
    </p>
   </div>
   <div class='ocr_carea' id='block_1_18' title="bbox 3113 575 3361 629">
    <p class='ocr_par' dir='ltr' id='par_1_18' title="bbox 3113 575 3361 629">
     <span class='ocr_line' id='line_1_18' title="bbox 3113 575 3361 629; baseline 0.008 -2"><span class='ocrx_word' id='word_1_132' title='bbox 3113 591 3124 627; x_wconf 92' lang='lat'><strong>:</strong></span> <span class='ocrx_word' id='word_1_133' title='bbox 3176 575 3361 629; x_wconf 81' lang='lat' dir='ltr'><strong>Clerus</strong></span> 
     </span>
    </p>
   </div>
   <div class='ocr_carea' id='block_1_19' title="bbox 1783 662 3359 734">
    <p class='ocr_par' dir='ltr' id='par_1_19' title="bbox 1783 662 3359 734">
     <span class='ocr_line' id='line_1_19' title="bbox 1783 662 3359 734; baseline 0.001 -18"><span class='ocrx_word' id='word_1_134' title='bbox 1783 662 1836 716; x_wconf 89' lang='lat' dir='ltr'><strong>itt</strong></span> <span class='ocrx_word' id='word_1_135' title='bbox 1877 673 2142 730; x_wconf 79' lang='lat' dir='ltr'><strong>potestate</strong></span> <span class='ocrx_word' id='word_1_136' title='bbox 2183 680 2297 716; x_wconf 81' lang='lat' dir='ltr'><strong>mea</strong></span> <span class='ocrx_word' id='word_1_137' title='bbox 2339 671 2441 719; x_wconf 83' lang='lat' dir='ltr'><strong>est.</strong></span> <span class='ocrx_word' id='word_1_138' title='bbox 2492 665 2870 720; x_wconf 74' lang='lat' dir='ltr'><strong>Exclamantes</strong></span> <span class='ocrx_word' id='word_1_139' title='bbox 2925 675 3101 718; x_wconf 89' lang='lat' dir='ltr'><strong>autem</strong></span> <span class='ocrx_word' id='word_1_140' title='bbox 3143 666 3359 734; x_wconf 86' lang='lat' dir='ltr'><strong>quidam</strong></span> 
     </span>
    </p>
   </div>
   <div class='ocr_carea' id='block_1_20' title="bbox 1780 753 3367 823">
    <p class='ocr_par' dir='ltr' id='par_1_20' title="bbox 1780 753 3367 823">
     <span class='ocr_line' id='line_1_20' title="bbox 1780 753 3367 823; baseline 0.001 -18"><span class='ocrx_word' id='word_1_141' title='bbox 1780 768 1844 805; x_wconf 79' lang='lat' dir='ltr'><strong>ex</strong></span> <span class='ocrx_word' id='word_1_142' title='bbox 1887 753 2298 818; x_wconf 84' lang='lat' dir='ltr'><strong>sacerdotibus,</strong></span> <span class='ocrx_word' id='word_1_143' title='bbox 2342 755 2592 807; x_wconf 81' lang='lat' dir='ltr'><strong>dicebant</strong></span> <span class='ocrx_word' id='word_1_144' title='bbox 2627 770 2638 805; x_wconf 92' lang='lat'>:</span> <span class='ocrx_word' id='word_1_145' title='bbox 2681 756 2813 808; x_wconf 80' lang='lat' dir='ltr'><strong>Cum</strong></span> <span class='ocrx_word' id='word_1_146' title='bbox 2863 755 2977 823; x_wconf 90' lang='lat' dir='ltr'><strong>ipso</strong></span> <span class='ocrx_word' id='word_1_147' title='bbox 3010 754 3268 817; x_wconf 80' lang='lat' dir='ltr'><strong>vivimus,</strong></span> <span class='ocrx_word' id='word_1_148' title='bbox 3311 755 3367 806; x_wconf 74' lang='lat' dir='ltr'><strong>et</strong></span> 
     </span>
    </p>
   </div>
   <div class='ocr_carea' id='block_1_21' title="bbox 1779 845 3366 914">
    <p class='ocr_par' dir='ltr' id='par_1_21' title="bbox 1779 845 3366 914">
     <span class='ocr_line' id='line_1_21' title="bbox 1779 845 3366 914; baseline -0.001 -16"><span class='ocrx_word' id='word_1_149' title='bbox 1779 861 1901 898; x_wconf 90' lang='lat' dir='ltr'><strong>cum</strong></span> <span class='ocrx_word' id='word_1_150' title='bbox 1939 845 2053 914; x_wconf 83' lang='lat' dir='ltr'><strong>ipso</strong></span> <span class='ocrx_word' id='word_1_151' title='bbox 2096 845 2374 898; x_wconf 86' lang='lat' dir='ltr'><strong>morimur.</strong></span> <span class='ocrx_word' id='word_1_152' title='bbox 2419 845 2545 898; x_wconf 88' lang='lat' dir='ltr'><strong>Post</strong></span> <span class='ocrx_word' id='word_1_153' title='bbox 2591 847 2704 900; x_wconf 66' lang='lat' dir='ltr'><strong>hanc</strong></span> <span class='ocrx_word' id='word_1_154' title='bbox 2742 847 2905 914; x_wconf 76' lang='lat' dir='ltr'><strong>cmpit</strong></span> <span class='ocrx_word' id='word_1_155' title='bbox 2947 845 3130 898; x_wconf 85' lang='lat' dir='ltr'><strong>dicere</strong></span> <span class='ocrx_word' id='word_1_156' title='bbox 3167 859 3261 912; x_wconf 90' lang='lat' dir='ltr'><strong>per</strong></span> <span class='ocrx_word' id='word_1_157' title='bbox 3307 855 3366 896; x_wconf 87' lang='lat' dir='ltr'><strong>se</strong></span> 
     </span>
    </p>
   </div>
   <div class='ocr_carea' id='block_1_22' title="bbox 1779 934 3359 1006">
    <p class='ocr_par' dir='ltr' id='par_1_22' title="bbox 1779 934 3359 1006">
     <span class='ocr_line' id='line_1_22' title="bbox 1779 934 3359 1006; baseline -0.002 -18"><span class='ocrx_word' id='word_1_158' title='bbox 1779 934 2078 1003; x_wconf 78' lang='lat' dir='ltr'><strong>Calliopes,</strong></span> <span class='ocrx_word' id='word_1_159' title='bbox 2129 946 2184 988; x_wconf 85' lang='lat' dir='ltr'><strong>et</strong></span> <span class='ocrx_word' id='word_1_160' title='bbox 2217 935 2309 1004; x_wconf 91' lang='lat' dir='ltr'><strong>qui</strong></span> <span class='ocrx_word' id='word_1_161' title='bbox 2346 951 2470 990; x_wconf 89' lang='lat' dir='ltr'><strong>cum</strong></span> <span class='ocrx_word' id='word_1_162' title='bbox 2516 937 2632 1006; x_wconf 85' lang='lat' dir='ltr'><strong>ipso</strong></span> <span class='ocrx_word' id='word_1_163' title='bbox 2673 941 2828 989; x_wconf 87' lang='lat' dir='ltr'><strong>erant</strong></span> <span class='ocrx_word' id='word_1_164' title='bbox 2865 954 2878 988; x_wconf 91' lang='lat'><strong>:</strong></span> <span class='ocrx_word' id='word_1_165' title='bbox 2913 934 3044 988; x_wconf 73' lang='lat' dir='ltr'><strong>Veni</strong></span> <span class='ocrx_word' id='word_1_166' title='bbox 3083 935 3359 988; x_wconf 84' lang='lat' dir='ltr'><strong>nobiscum</strong></span> 
     </span>
    </p>
   </div>
   <div class='ocr_carea' id='block_1_23' title="bbox 1781 1023 3363 1094">
    <p class='ocr_par' dir='ltr' id='par_1_23' title="bbox 1781 1023 3363 1094">
     <span class='ocr_line' id='line_1_23' title="bbox 1781 1023 3363 1094; baseline 0.001 -18"><span class='ocrx_word' id='word_1_167' title='bbox 1781 1025 1845 1078; x_wconf 87' lang='lat' dir='ltr'><strong>ad</strong></span> <span class='ocrx_word' id='word_1_168' title='bbox 1890 1023 2169 1094; x_wconf 75' lang='lat' dir='ltr'><strong>palatium.</strong></span> <span class='ocrx_word' id='word_1_169' title='bbox 2219 1023 2328 1079; x_wconf 83' lang='lat' dir='ltr'><strong>Nec</strong></span> <span class='ocrx_word' id='word_1_170' title='bbox 2383 1026 2484 1080; x_wconf 89' lang='lat' dir='ltr'><strong>hoc</strong></span> <span class='ocrx_word' id='word_1_171' title='bbox 2532 1025 2710 1081; x_wconf 84' lang='lat' dir='ltr'><strong>facere</strong></span> <span class='ocrx_word' id='word_1_172' title='bbox 2760 1025 3033 1086; x_wconf 85' lang='lat' dir='ltr'><strong>recusavi,</strong></span> <span class='ocrx_word' id='word_1_173' title='bbox 3086 1024 3176 1078; x_wconf 90' lang='lat' dir='ltr'><strong>sed</strong></span> <span class='ocrx_word' id='word_1_174' title='bbox 3220 1023 3363 1077; x_wconf 74' lang='lat' dir='ltr'><strong>exivi</strong></span> 
     </span>
    </p>
   </div>
   <div class='ocr_carea' id='block_1_24' title="bbox 1780 1096 3375 1187">
    <p class='ocr_par' dir='ltr' id='par_1_24' title="bbox 1780 1096 3375 1187">
     <span class='ocr_line' id='line_1_24' title="bbox 1780 1096 3375 1187; baseline -0.001 -17"><span class='ocrx_word' id='word_1_175' title='bbox 1780 1133 1902 1170; x_wconf 91' lang='lat' dir='ltr'><strong>cum</strong></span> <span class='ocrx_word' id='word_1_176' title='bbox 1939 1117 2017 1171; x_wconf 88' lang='lat' dir='ltr'><strong>eis</strong></span> <span class='ocrx_word' id='word_1_177' title='bbox 2055 1117 2106 1170; x_wconf 91' lang='lat' dir='ltr'><strong>in</strong></span> <span class='ocrx_word' id='word_1_178' title='bbox 2147 1117 2404 1187; x_wconf 90' lang='lat' dir='ltr'><strong>palatimn</strong></span> <span class='ocrx_word' id='word_1_179' title='bbox 2451 1119 2639 1172; x_wconf 89' lang='lat' dir='ltr'><strong>eadem</strong></span> <span class='ocrx_word' id='word_1_180' title='bbox 2685 1119 2921 1172; x_wconf 78' lang='lat' dir='ltr'><strong>secunda</strong></span> <span class='ocrx_word' id='word_1_181' title='bbox 2967 1116 3120 1171; x_wconf 83' lang='lat' dir='ltr'><strong>feria.</strong></span> <span class='ocrx_word' id='word_1_182' title='bbox 3164 1117 3226 1168; x_wconf 70' lang='lat' dir='ltr'><strong>lit</strong></span> <span class='ocrx_word' id='word_1_183' title='bbox 3259 1096 3375 1170; x_wconf 27' lang='lat' dir='ltr'><strong>ter-—</strong></span> 
     </span>
    </p>
   </div>
   <div class='ocr_carea' id='block_1_25' title="bbox 1782 1206 3365 1273">
    <p class='ocr_par' dir='ltr' id='par_1_25' title="bbox 1782 1206 3365 1273">
     <span class='ocr_line' id='line_1_25' title="bbox 1782 1206 3365 1273; baseline 0 -13"><span class='ocrx_word' id='word_1_184' title='bbox 1782 1208 1851 1261; x_wconf 90' lang='lat' dir='ltr'><strong>tia</strong></span> <span class='ocrx_word' id='word_1_185' title='bbox 1886 1207 2018 1262; x_wconf 85' lang='lat' dir='ltr'><strong>feria</strong></span> <span class='ocrx_word' id='word_1_186' title='bbox 2051 1209 2198 1262; x_wconf 89' lang='lat' dir='ltr'><strong>venit</strong></span> <span class='ocrx_word' id='word_1_187' title='bbox 2227 1209 2292 1262; x_wconf 90' lang='lat' dir='ltr'><strong>ad</strong></span> <span class='ocrx_word' id='word_1_188' title='bbox 2333 1225 2416 1263; x_wconf 89' lang='lat' dir='ltr'><strong>me</strong></span> <span class='ocrx_word' id='word_1_189' title='bbox 2454 1210 2630 1262; x_wconf 88' lang='lat' dir='ltr'><strong>onmis</strong></span> <span class='ocrx_word' id='word_1_190' title='bbox 2663 1210 2869 1273; x_wconf 87' lang='lat' dir='ltr'><strong>clerus,</strong></span> <span class='ocrx_word' id='word_1_191' title='bbox 2918 1217 2973 1262; x_wconf 86' lang='lat' dir='ltr'><strong>et</strong></span> <span class='ocrx_word' id='word_1_192' title='bbox 3015 1206 3164 1260; x_wconf 88' lang='lat' dir='ltr'><strong>multi</strong></span> <span class='ocrx_word' id='word_1_193' title='bbox 3208 1217 3365 1260; x_wconf 76' lang='lat' dir='ltr'><strong>eram</strong></span> 
     </span>
    </p>
   </div>
   <div class='ocr_carea' id='block_1_26' title="bbox 1781 1299 3363 1373">
    <p class='ocr_par' dir='ltr' id='par_1_26' title="bbox 1781 1299 3363 1373">
     <span class='ocr_line' id='line_1_26' title="bbox 1781 1299 3363 1373; baseline -0.002 -20"><span class='ocrx_word' id='word_1_194' title='bbox 1781 1302 1870 1369; x_wconf 86' lang='lat' dir='ltr'><strong>qui</strong></span> <span class='ocrx_word' id='word_1_195' title='bbox 1925 1317 1983 1356; x_wconf 91' lang='lat' dir='ltr'><strong>se</strong></span> <span class='ocrx_word' id='word_1_196' title='bbox 2031 1311 2358 1370; x_wconf 83' lang='lat' dir='ltr'><strong>paraverant</strong></span> <span class='ocrx_word' id='word_1_197' title='bbox 2410 1303 2476 1355; x_wconf 91' lang='lat' dir='ltr'><strong>ad</strong></span> <span class='ocrx_word' id='word_1_198' title='bbox 2527 1302 2886 1373; x_wconf 79' lang='lat' dir='ltr'><strong>navigandum</strong></span> <span class='ocrx_word' id='word_1_199' title='bbox 2940 1315 3147 1353; x_wconf 80' lang='lat' dir='ltr'><strong>mecum</strong></span> <span class='ocrx_word' id='word_1_200' title='bbox 3203 1317 3214 1351; x_wconf 92' lang='lat'>:</span> <span class='ocrx_word' id='word_1_201' title='bbox 3271 1299 3363 1367; x_wconf 85' lang='lat' dir='ltr'><strong>qui</strong></span> 
     </span>
    </p>
   </div>
   <div class='ocr_carea' id='block_1_27' title="bbox 1780 1391 3366 1462">
    <p class='ocr_par' dir='ltr' id='par_1_27' title="bbox 1780 1391 3366 1462">
     <span class='ocr_line' id='line_1_27' title="bbox 1780 1391 3366 1462; baseline -0.003 -16"><span class='ocrx_word' id='word_1_202' title='bbox 1780 1393 1945 1446; x_wconf 89' lang='lat' dir='ltr'><strong>etiam</strong></span> <span class='ocrx_word' id='word_1_203' title='bbox 1978 1408 2064 1447; x_wconf 89' lang='lat' dir='ltr'><strong>res</strong></span> <span class='ocrx_word' id='word_1_204' title='bbox 2103 1409 2230 1447; x_wconf 89' lang='lat' dir='ltr'><strong>suas</strong></span> <span class='ocrx_word' id='word_1_205' title='bbox 2251 1392 2364 1462; x_wconf 83' lang='lat' dir='ltr'><strong>jam</strong></span> <span class='ocrx_word' id='word_1_206' title='bbox 2408 1393 2740 1447; x_wconf 80' lang='lat' dir='ltr'><strong>immiserant</strong></span> <span class='ocrx_word' id='word_1_207' title='bbox 2767 1394 2818 1446; x_wconf 91' lang='lat' dir='ltr'><strong>in</strong></span> <span class='ocrx_word' id='word_1_208' title='bbox 2859 1409 2920 1446; x_wconf 86' lang='lat' dir='ltr'><strong>ea</strong></span> <span class='ocrx_word' id='word_1_209' title='bbox 2950 1408 3066 1461; x_wconf 75' lang='lat' dir='ltr'><strong>qua:</strong></span> <span class='ocrx_word' id='word_1_210' title='bbox 3097 1391 3366 1445; x_wconf 87' lang='lat' dir='ltr'><strong>vocaban-</strong></span> 
     </span>
    </p>
   </div>
   <div class='ocr_carea' id='block_1_28' title="bbox 1783 1478 3365 1552">
    <p class='ocr_par' dir='ltr' id='par_1_28' title="bbox 1783 1478 3365 1552">
     <span class='ocr_line' id='line_1_28' title="bbox 1783 1478 3365 1552; baseline -0.001 -19"><span class='ocrx_word' id='word_1_211' title='bbox 1783 1489 1868 1533; x_wconf 88' lang='lat' dir='ltr'><strong>tur</strong></span> <span class='ocrx_word' id='word_1_212' title='bbox 1911 1478 2213 1535; x_wconf 86' lang='lat' dir='ltr'><strong>levamenta</strong></span> <span class='ocrx_word' id='word_1_213' title='bbox 2263 1500 2274 1534; x_wconf 95' lang='lat'>:</span> <span class='ocrx_word' id='word_1_214' title='bbox 2317 1491 2372 1536; x_wconf 91' lang='lat' dir='ltr'><strong>et</strong></span> <span class='ocrx_word' id='word_1_215' title='bbox 2424 1482 2512 1536; x_wconf 89' lang='lat' dir='ltr'><strong>alii</strong></span> <span class='ocrx_word' id='word_1_216' title='bbox 2565 1497 2777 1552; x_wconf 88' lang='lat' dir='ltr'><strong>quoque</strong></span> <span class='ocrx_word' id='word_1_217' title='bbox 2819 1482 3055 1535; x_wconf 85' lang='lat' dir='ltr'><strong>nonnnlli</strong></span> <span class='ocrx_word' id='word_1_218' title='bbox 3097 1494 3365 1551; x_wconf 62' lang='lat' dir='ltr'><strong>prtcparaa</strong></span> 
     </span>
    </p>
   </div>
   <div class='ocr_carea' id='block_1_29' title="bbox 1782 1569 3366 1641">
    <p class='ocr_par' dir='ltr' id='par_1_29' title="bbox 1782 1569 3366 1641">
     <span class='ocr_line' id='line_1_29' title="bbox 1782 1569 3366 1641; baseline -0.003 -16"><span class='ocrx_word' id='word_1_219' title='bbox 1782 1571 1978 1626; x_wconf 88' lang='lat' dir='ltr'><strong>bantur</strong></span> <span class='ocrx_word' id='word_1_220' title='bbox 2035 1571 2216 1626; x_wconf 75' lang='lat' dir='ltr'><strong>clerici</strong></span> <span class='ocrx_word' id='word_1_221' title='bbox 2273 1581 2329 1626; x_wconf 82' lang='lat' dir='ltr'><strong>et</strong></span> <span class='ocrx_word' id='word_1_222' title='bbox 2383 1572 2504 1627; x_wconf 86' lang='lat' dir='ltr'><strong>laici</strong></span> <span class='ocrx_word' id='word_1_223' title='bbox 2562 1573 2652 1641; x_wconf 85' lang='lat' dir='ltr'><strong>qui</strong></span> <span class='ocrx_word' id='word_1_224' title='bbox 2705 1571 3029 1626; x_wconf 79' lang='lat' dir='ltr'><strong>festinabant</strong></span> <span class='ocrx_word' id='word_1_225' title='bbox 3082 1569 3366 1641; x_wconf 86' lang='lat' dir='ltr'><strong>pervenire</strong></span> 
     </span>
    </p>
   </div>
   <div class='ocr_carea' id='block_1_30' title="bbox 1782 1660 3366 1733">
    <p class='ocr_par' dir='ltr' id='par_1_30' title="bbox 1782 1660 3366 1733">
     <span class='ocr_line' id='line_1_30' title="bbox 1782 1660 3366 1733; baseline -0.002 -16"><span class='ocrx_word' id='word_1_226' title='bbox 1782 1665 1849 1717; x_wconf 89' lang='lat' dir='ltr'><strong>ad</strong></span> <span class='ocrx_word' id='word_1_227' title='bbox 1896 1678 2013 1717; x_wconf 90' lang='lat' dir='ltr'><strong>nos.</strong></span> <span class='ocrx_word' id='word_1_228' title='bbox 2059 1663 2263 1718; x_wconf 82' lang='lat' dir='ltr'><strong>Eadem</strong></span> <span class='ocrx_word' id='word_1_229' title='bbox 2305 1678 2435 1732; x_wconf 82' lang='lat' dir='ltr'><strong>ergo</strong></span> <span class='ocrx_word' id='word_1_230' title='bbox 2474 1674 2670 1725; x_wconf 88' lang='lat' dir='ltr'><strong>nocte,</strong></span> <span class='ocrx_word' id='word_1_231' title='bbox 2719 1679 2840 1733; x_wconf 68' lang='lat' dir='ltr'><strong>qua:</strong></span> <span class='ocrx_word' id='word_1_232' title='bbox 2885 1662 3146 1716; x_wconf 79' lang='lat' dir='ltr'><strong>illucescit</strong></span> <span class='ocrx_word' id='word_1_233' title='bbox 3188 1663 3241 1715; x_wconf 93' lang='lat' dir='ltr'><strong>in</strong></span> <span class='ocrx_word' id='word_1_234' title='bbox 3285 1660 3366 1714; x_wconf 80' lang='lat' dir='ltr'><strong>fe-</strong></span> 
     </span>
    </p>
   </div>
   <div class='ocr_carea' id='block_1_31' title="bbox 1783 1755 3362 1830">
    <p class='ocr_par' dir='ltr' id='par_1_31' title="bbox 1783 1755 3362 1830">
     <span class='ocr_line' id='line_1_31' title="bbox 1783 1755 3362 1830; baseline -0.001 -16"><span class='ocrx_word' id='word_1_235' title='bbox 1783 1760 1861 1814; x_wconf 90' lang='lat' dir='ltr'><strong>ria</strong></span> <span class='ocrx_word' id='word_1_236' title='bbox 1890 1768 2105 1829; x_wconf 85' lang='lat' dir='ltr'><strong>quarta,</strong></span> <span class='ocrx_word' id='word_1_237' title='bbox 2134 1775 2254 1830; x_wconf 76' lang='lat' dir='ltr'><strong>qua:</strong></span> <span class='ocrx_word' id='word_1_238' title='bbox 2289 1768 2408 1813; x_wconf 86' lang='lat' dir='ltr'><strong>erat</strong></span> <span class='ocrx_word' id='word_1_239' title='bbox 2452 1761 2611 1813; x_wconf 91' lang='lat' dir='ltr'><strong>tertio</strong></span> <span class='ocrx_word' id='word_1_240' title='bbox 2638 1759 2846 1813; x_wconf 86' lang='lat' dir='ltr'><strong>decimo</strong></span> <span class='ocrx_word' id='word_1_241' title='bbox 2875 1758 3143 1812; x_wconf 74' lang='lat' dir='ltr'><strong>Kalendas</strong></span> <span class='ocrx_word' id='word_1_242' title='bbox 3171 1755 3362 1821; x_wconf 80' lang='lat' dir='ltr'><strong>Julius,</strong></span> 
     </span>
    </p>
   </div>
   <div class='ocr_carea' id='block_1_32' title="bbox 1782 1849 3366 1920">
    <p class='ocr_par' dir='ltr' id='par_1_32' title="bbox 1782 1849 3366 1920">
     <span class='ocr_line' id='line_1_32' title="bbox 1782 1849 3366 1920; baseline -0.001 -16"><span class='ocrx_word' id='word_1_243' title='bbox 1782 1849 1928 1905; x_wconf 87' lang='lat' dir='ltr'><strong>circa</strong></span> <span class='ocrx_word' id='word_1_244' title='bbox 1973 1851 2159 1904; x_wconf 84' lang='lat' dir='ltr'><strong>horam</strong></span> <span class='ocrx_word' id='word_1_245' title='bbox 2207 1851 2360 1920; x_wconf 87' lang='lat' dir='ltr'><strong>quasi</strong></span> <span class='ocrx_word' id='word_1_246' title='bbox 2412 1860 2621 1904; x_wconf 79' lang='lat' dir='ltr'><strong>sextam</strong></span> <span class='ocrx_word' id='word_1_247' title='bbox 2672 1852 2865 1912; x_wconf 89' lang='lat' dir='ltr'><strong>noctis,</strong></span> <span class='ocrx_word' id='word_1_248' title='bbox 2921 1849 3158 1903; x_wconf 85' lang='lat' dir='ltr'><strong>tulerunt</strong></span> <span class='ocrx_word' id='word_1_249' title='bbox 3187 1865 3272 1902; x_wconf 89' lang='lat' dir='ltr'><strong>me</strong></span> <span class='ocrx_word' id='word_1_250' title='bbox 3300 1850 3366 1903; x_wconf 84' lang='lat' dir='ltr'><strong>de</strong></span> 
     </span>
    </p>
   </div>
   <div class='ocr_carea' id='block_1_33' title="bbox 143 1925 3365 2012">
    <p class='ocr_par' dir='ltr' id='par_1_33' title="bbox 143 1925 3365 2012">
     <span class='ocr_line' id='line_1_33' title="bbox 143 1925 3365 2012; baseline 0.005 -36"><span class='ocrx_word' id='word_1_251' title='bbox 143 1925 411 1982; x_wconf 71' lang='lat' dir='ltr'><strong>faterentur.</strong></span> <span class='ocrx_word' id='word_1_252' title='bbox 439 1929 551 1997; x_wconf 79' lang='lat' dir='ltr'><strong>Ego</strong></span> <span class='ocrx_word' id='word_1_253' title='bbox 583 1934 764 2004; x_wconf 85' lang='lat' dir='ltr'><strong>itaque</strong></span> <span class='ocrx_word' id='word_1_254' title='bbox 795 1946 920 1989; x_wconf 88' lang='lat' dir='ltr'><strong>ante</strong></span> <span class='ocrx_word' id='word_1_255' title='bbox 949 1938 1119 1994; x_wconf 89' lang='lat' dir='ltr'><strong>altare</strong></span> <span class='ocrx_word' id='word_1_256' title='bbox 1152 1941 1393 1996; x_wconf 71' lang='lat' dir='ltr'><strong>ecclesia:</strong></span> <span class='ocrx_word' id='word_1_257' title='bbox 1425 1943 1676 1998; x_wconf 85' lang='lat' dir='ltr'><strong>lectulum</strong></span> <span class='ocrx_word' id='word_1_258' title='bbox 1713 1925 1754 1982; x_wconf 71' lang='grc' dir='ltr'><strong>Β</strong></span> <span class='ocrx_word' id='word_1_259' title='bbox 1785 1942 2000 2012; x_wconf 90' lang='lat' dir='ltr'><strong>palatio,</strong></span> <span class='ocrx_word' id='word_1_260' title='bbox 2038 1943 2265 1996; x_wconf 89' lang='lat' dir='ltr'><strong>retrusis</strong></span> <span class='ocrx_word' id='word_1_261' title='bbox 2326 1943 2578 1996; x_wconf 86' lang='lat' dir='ltr'><strong>omnibus</strong></span> <span class='ocrx_word' id='word_1_262' title='bbox 2641 1942 2732 2011; x_wconf 90' lang='lat' dir='ltr'><strong>qui</strong></span> <span class='ocrx_word' id='word_1_263' title='bbox 2791 1956 3002 1995; x_wconf 87' lang='lat' dir='ltr'><strong>mecum</strong></span> <span class='ocrx_word' id='word_1_264' title='bbox 3057 1941 3109 1994; x_wconf 92' lang='lat' dir='ltr'><strong>in</strong></span> <span class='ocrx_word' id='word_1_265' title='bbox 3167 1939 3365 2009; x_wconf 87' lang='lat' dir='ltr'><strong>palatio</strong></span> 
     </span>
    </p>
   </div>
   <div class='ocr_carea' id='block_1_34' title="bbox 143 2021 1675 2097">
    <p class='ocr_par' dir='ltr' id='par_1_34' title="bbox 143 2021 1675 2097">
     <span class='ocr_line' id='line_1_34' title="bbox 143 2021 1675 2097; baseline 0.017 -29"><span class='ocrx_word' id='word_1_266' title='bbox 143 2035 284 2072; x_wconf 76' lang='lat' dir='ltr'><strong>filt‘filll</strong></span> <span class='ocrx_word' id='word_1_267' title='bbox 307 2021 561 2079; x_wconf 80' lang='lat' dir='ltr'><strong>habebam</strong></span> <span class='ocrx_word' id='word_1_268' title='bbox 595 2026 646 2080; x_wconf 87' lang='lat' dir='ltr'><strong>in</strong></span> <span class='ocrx_word' id='word_1_269' title='bbox 677 2044 784 2097; x_wconf 90' lang='lat' dir='ltr'><strong>quo</strong></span> <span class='ocrx_word' id='word_1_270' title='bbox 803 2027 1083 2096; x_wconf 84' lang='lat' dir='ltr'><strong>jacebam;</strong></span> <span class='ocrx_word' id='word_1_271' title='bbox 1142 2043 1198 2088; x_wconf 92' lang='lat' dir='ltr'><strong>ct</strong></span> <span class='ocrx_word' id='word_1_272' title='bbox 1226 2036 1460 2090; x_wconf 91' lang='lat' dir='ltr'><strong>nondum</strong></span> <span class='ocrx_word' id='word_1_273' title='bbox 1500 2047 1675 2094; x_wconf 83' lang='lat' dir='ltr'><strong>trans-</strong></span> 
     </span>
    </p>
   </div>
   <div class='ocr_carea' id='block_1_35' title="bbox 143 2106 1676 2182">
    <p class='ocr_par' dir='ltr' id='par_1_35' title="bbox 143 2106 1676 2182">
     <span class='ocr_line' id='line_1_35' title="bbox 143 2106 1676 2182; baseline 0.014 -23"><span class='ocrx_word' id='word_1_274' title='bbox 143 2117 235 2162; x_wconf 83' lang='lat' dir='ltr'><strong>acta</strong></span> <span class='ocrx_word' id='word_1_275' title='bbox 273 2106 436 2166; x_wconf 85' lang='lat' dir='ltr'><strong>media</strong></span> <span class='ocrx_word' id='word_1_276' title='bbox 483 2114 642 2178; x_wconf 88' lang='lat' dir='ltr'><strong>hora,</strong></span> <span class='ocrx_word' id='word_1_277' title='bbox 663 2128 791 2172; x_wconf 87' lang='lat' dir='ltr'><strong>ecce</strong></span> <span class='ocrx_word' id='word_1_278' title='bbox 813 2121 1088 2176; x_wconf 82' lang='lat' dir='ltr'><strong>exercitus</strong></span> <span class='ocrx_word' id='word_1_279' title='bbox 1117 2138 1239 2177; x_wconf 87' lang='lat' dir='ltr'><strong>eum</strong></span> <span class='ocrx_word' id='word_1_280' title='bbox 1272 2125 1352 2180; x_wconf 87' lang='lat' dir='ltr'><strong>eis</strong></span> <span class='ocrx_word' id='word_1_281' title='bbox 1380 2127 1599 2182; x_wconf 87' lang='lat' dir='ltr'><strong>veniens</strong></span> <span class='ocrx_word' id='word_1_282' title='bbox 1625 2129 1676 2182; x_wconf 89' lang='lat' dir='ltr'><strong>in</strong></span> 
     </span>
    </p>
   </div>
   <div class='ocr_carea' id='block_1_36' title="bbox 141 2201 1680 2274">
    <p class='ocr_par' dir='ltr' id='par_1_36' title="bbox 141 2201 1680 2274">
     <span class='ocr_line' id='line_1_36' title="bbox 141 2201 1680 2274; baseline 0.014 -24"><span class='ocrx_word' id='word_1_283' title='bbox 141 2201 412 2268; x_wconf 70' lang='lat' dir='ltr'><strong>ecclesiam,</strong></span> <span class='ocrx_word' id='word_1_284' title='bbox 461 2207 772 2262; x_wconf 89' lang='lat' dir='ltr'><strong>obumbrali</strong></span> <span class='ocrx_word' id='word_1_285' title='bbox 826 2226 1017 2267; x_wconf 88' lang='lat' dir='ltr'><strong>omnes</strong></span> <span class='ocrx_word' id='word_1_286' title='bbox 1068 2224 1312 2272; x_wconf 88' lang='lat' dir='ltr'><strong>tenentes</strong></span> <span class='ocrx_word' id='word_1_287' title='bbox 1361 2217 1576 2273; x_wconf 88' lang='lat' dir='ltr'><strong>lanceas</strong></span> <span class='ocrx_word' id='word_1_288' title='bbox 1626 2231 1680 2274; x_wconf 90' lang='lat' dir='ltr'><strong>et</strong></span> 
     </span>
    </p>
   </div>
   <div class='ocr_carea' id='block_1_37' title="bbox 139 2291 1678 2374">
    <p class='ocr_par' dir='ltr' id='par_1_37' title="bbox 139 2291 1678 2374">
     <span class='ocr_line' id='line_1_37' title="bbox 139 2291 1678 2374; baseline 0.016 -34"><span class='ocrx_word' id='word_1_289' title='bbox 139 2291 317 2356; x_wconf 76' lang='lat' dir='ltr'><strong>spatltas</strong></span> <span class='ocrx_word' id='word_1_290' title='bbox 341 2308 493 2360; x_wconf 88' lang='lat' dir='ltr'><strong>suas,</strong></span> <span class='ocrx_word' id='word_1_291' title='bbox 535 2298 669 2366; x_wconf 89' lang='lat' dir='ltr'><strong>quin</strong></span> <span class='ocrx_word' id='word_1_292' title='bbox 713 2309 768 2352; x_wconf 80' lang='lat' dir='ltr'><strong>et</strong></span> <span class='ocrx_word' id='word_1_293' title='bbox 802 2316 962 2354; x_wconf 87' lang='lat' dir='ltr'><strong>arcus</strong></span> <span class='ocrx_word' id='word_1_294' title='bbox 1001 2319 1127 2358; x_wconf 88' lang='lat' dir='ltr'><strong>suos</strong></span> <span class='ocrx_word' id='word_1_295' title='bbox 1164 2317 1381 2374; x_wconf 88' lang='lat' dir='ltr'><strong>paratos</strong></span> <span class='ocrx_word' id='word_1_296' title='bbox 1420 2323 1523 2361; x_wconf 91' lang='lat' dir='ltr'><strong>una</strong></span> <span class='ocrx_word' id='word_1_297' title='bbox 1556 2324 1678 2363; x_wconf 90' lang='lat' dir='ltr'><strong>cum</strong></span> 
     </span>
    </p>
   </div>
   <div class='ocr_carea' id='block_1_38' title="bbox 139 2384 1676 2465">
    <p class='ocr_par' dir='ltr' id='par_1_38' title="bbox 139 2384 1676 2465">
     <span class='ocr_line' id='line_1_38' title="bbox 139 2384 1676 2465; baseline 0.014 -33"><span class='ocrx_word' id='word_1_298' title='bbox 139 2384 273 2437; x_wconf 78' lang='lat' dir='ltr'><strong>scutis</strong></span> <span class='ocrx_word' id='word_1_299' title='bbox 297 2387 420 2449; x_wconf 87' lang='lat' dir='ltr'><strong>suis,</strong></span> <span class='ocrx_word' id='word_1_300' title='bbox 447 2397 500 2442; x_wconf 84' lang='lat' dir='ltr'><strong>et</strong></span> <span class='ocrx_word' id='word_1_301' title='bbox 532 2389 673 2444; x_wconf 86' lang='lat' dir='ltr'><strong>facta</strong></span> <span class='ocrx_word' id='word_1_302' title='bbox 706 2402 831 2447; x_wconf 88' lang='lat' dir='ltr'><strong>sunt</strong></span> <span class='ocrx_word' id='word_1_303' title='bbox 860 2394 967 2449; x_wconf 87' lang='lat' dir='ltr'><strong>illic</strong></span> <span class='ocrx_word' id='word_1_304' title='bbox 994 2412 1113 2465; x_wconf 75' lang='lat' dir='ltr'><strong>qum</strong></span> <span class='ocrx_word' id='word_1_305' title='bbox 1142 2414 1240 2454; x_wconf 88' lang='lat' dir='ltr'><strong>nec</strong></span> <span class='ocrx_word' id='word_1_306' title='bbox 1278 2400 1500 2455; x_wconf 85' lang='lat' dir='ltr'><strong>dicenda</strong></span> <span class='ocrx_word' id='word_1_307' title='bbox 1533 2413 1676 2456; x_wconf 92' lang='lat' dir='ltr'><strong>sunt.</strong></span> 
     </span>
    </p>
   </div>
   <div class='ocr_carea' id='block_1_39' title="bbox 191 2477 1677 2562">
    <p class='ocr_par' dir='ltr' id='par_1_39' title="bbox 191 2477 1677 2562">
     <span class='ocr_line' id='line_1_39' title="bbox 191 2477 1677 2562; baseline 0.013 -35"><span class='ocrx_word' id='word_1_308' title='bbox 191 2477 630 2542; x_wconf 75' lang='lat' dir='ltr'><strong>Quemadmodum</strong></span> <span class='ocrx_word' id='word_1_309' title='bbox 668 2499 918 2554; x_wconf 87' lang='lat' dir='ltr'><strong>namque,</strong></span> <span class='ocrx_word' id='word_1_310' title='bbox 954 2488 1006 2541; x_wconf 88' lang='lat' dir='ltr'><strong>in</strong></span> <span class='ocrx_word' id='word_1_311' title='bbox 1040 2489 1255 2543; x_wconf 88' lang='lat' dir='ltr'><strong>hiemali</strong></span> <span class='ocrx_word' id='word_1_312' title='bbox 1283 2499 1524 2562; x_wconf 85' lang='lat' dir='ltr'><strong>tempore</strong></span> <span class='ocrx_word' id='word_1_313' title='bbox 1552 2509 1677 2548; x_wconf 84' lang='lat' dir='ltr'><strong>ven—</strong></span> 
     </span>
    </p>
   </div>
   <div class='ocr_carea' id='block_1_40' title="bbox 139 2569 1676 2650">
    <p class='ocr_par' dir='ltr' id='par_1_40' title="bbox 139 2569 1676 2650">
     <span class='ocr_line' id='line_1_40' title="bbox 139 2569 1676 2650; baseline 0.013 -32"><span class='ocrx_word' id='word_1_314' title='bbox 139 2575 180 2618; x_wconf 78' lang='lat' dir='ltr'><strong>ta</strong></span> <span class='ocrx_word' id='word_1_315' title='bbox 201 2569 352 2623; x_wconf 82' lang='lat' dir='ltr'><strong>valide</strong></span> <span class='ocrx_word' id='word_1_316' title='bbox 397 2569 564 2627; x_wconf 80' lang='lat' dir='ltr'><strong>flante</strong></span> <span class='ocrx_word' id='word_1_317' title='bbox 592 2570 714 2628; x_wconf 89' lang='lat' dir='ltr'><strong>folia</strong></span> <span class='ocrx_word' id='word_1_318' title='bbox 747 2589 812 2631; x_wconf 77' lang='lat' dir='ltr'><strong>ex</strong></span> <span class='ocrx_word' id='word_1_319' title='bbox 847 2578 1134 2634; x_wconf 81' lang='lat' dir='ltr'><strong>arboribus</strong></span> <span class='ocrx_word' id='word_1_320' title='bbox 1162 2594 1426 2637; x_wconf 88' lang='lat' dir='ltr'><strong>concussa</strong></span> <span class='ocrx_word' id='word_1_321' title='bbox 1453 2583 1676 2650; x_wconf 89' lang='lat' dir='ltr'><strong>cadunt,</strong></span> 
     </span>
    </p>
   </div>
   <div class='ocr_carea' id='block_1_41' title="bbox 137 2661 1674 2742">
    <p class='ocr_par' dir='ltr' id='par_1_41' title="bbox 137 2661 1674 2742">
     <span class='ocr_line' id='line_1_41' title="bbox 137 2661 1674 2742; baseline 0.014 -32"><span class='ocrx_word' id='word_1_322' title='bbox 137 2661 190 2712; x_wconf 87' lang='lat' dir='ltr'><strong>ita</strong></span> <span class='ocrx_word' id='word_1_323' title='bbox 227 2665 652 2730; x_wconf 83' lang='lat' dir='ltr'><strong>percutiebantur</strong></span> <span class='ocrx_word' id='word_1_324' title='bbox 689 2669 854 2724; x_wconf 88' lang='lat' dir='ltr'><strong>armis</strong></span> <span class='ocrx_word' id='word_1_325' title='bbox 896 2672 1134 2727; x_wconf 58' lang='lat' dir='ltr'><strong>candela}</strong></span> <span class='ocrx_word' id='word_1_326' title='bbox 1177 2685 1380 2729; x_wconf 69' lang='lat' dir='ltr'><strong>sancta:</strong></span> <span class='ocrx_word' id='word_1_327' title='bbox 1413 2678 1674 2742; x_wconf 57' lang='lat' dir='ltr'><strong>e-‘elesite,</strong></span> 
     </span>
    </p>
   </div>
   <div class='ocr_carea' id='block_1_42' title="bbox 133 2758 1676 2832">
    <p class='ocr_par' dir='ltr' id='par_1_42' title="bbox 133 2758 1676 2832">
     <span class='ocr_line' id='line_1_42' title="bbox 133 2758 1676 2832; baseline 0.014 -29"><span class='ocrx_word' id='word_1_328' title='bbox 133 2760 174 2802; x_wconf 82' lang='lat' dir='ltr'><strong>et</strong></span> <span class='ocrx_word' id='word_1_329' title='bbox 217 2762 424 2808; x_wconf 63' lang='lat' dir='ltr'><strong>retunso</strong></span> <span class='ocrx_word' id='word_1_330' title='bbox 466 2758 888 2814; x_wconf 71' lang='lat' dir='ltr'><strong>evcutiebantur</strong></span> <span class='ocrx_word' id='word_1_331' title='bbox 937 2762 986 2815; x_wconf 92' lang='lat' dir='ltr'><strong>in</strong></span> <span class='ocrx_word' id='word_1_332' title='bbox 1025 2766 1432 2832; x_wconf 86' lang='lat' dir='ltr'><strong>pavimentum,</strong></span> <span class='ocrx_word' id='word_1_333' title='bbox 1480 2780 1533 2822; x_wconf 86' lang='lat' dir='ltr'><strong>et</strong></span> <span class='ocrx_word' id='word_1_334' title='bbox 1577 2786 1676 2824; x_wconf 90' lang='lat' dir='ltr'><strong>au-</strong></span> 
     </span>
    </p>
   </div>
   <div class='ocr_carea' id='block_1_43' title="bbox 134 2841 1680 2918">
    <p class='ocr_par' dir='ltr' id='par_1_43' title="bbox 134 2841 1680 2918">
     <span class='ocr_line' id='line_1_43' title="bbox 134 2841 1680 2918; baseline 0.015 -27"><span class='ocrx_word' id='word_1_335' title='bbox 134 2841 340 2897; x_wconf 67' lang='lat' dir='ltr'><strong>diebatur</strong></span> <span class='ocrx_word' id='word_1_336' title='bbox 385 2849 600 2902; x_wconf 87' lang='lat' dir='ltr'><strong>sonitus</strong></span> <span class='ocrx_word' id='word_1_337' title='bbox 643 2851 733 2918; x_wconf 83' lang='lat' dir='ltr'><strong>qui</strong></span> <span class='ocrx_word' id='word_1_338' title='bbox 780 2853 832 2904; x_wconf 88' lang='lat' dir='ltr'><strong>itt</strong></span> <span class='ocrx_word' id='word_1_339' title='bbox 874 2855 1061 2908; x_wconf 86' lang='lat' dir='ltr'><strong>eadem</strong></span> <span class='ocrx_word' id='word_1_340' title='bbox 1112 2855 1275 2911; x_wconf 89' lang='lat' dir='ltr'><strong>fiebat</strong></span> <span class='ocrx_word' id='word_1_341' title='bbox 1312 2860 1534 2913; x_wconf 45' lang='lat' dir='ltr'><strong>ecclesia</strong></span> <span class='ocrx_word' id='word_1_342' title='bbox 1574 2862 1680 2916; x_wconf 89' lang='lat' dir='ltr'><strong>vel-</strong></span> 
     </span>
    </p>
   </div>
   <div class='ocr_carea' id='block_1_44' title="bbox 133 2936 1678 3019">
    <p class='ocr_par' dir='ltr' id='par_1_44' title="bbox 133 2936 1678 3019">
     <span class='ocr_line' id='line_1_44' title="bbox 133 2936 1678 3019; baseline 0.014 -33"><span class='ocrx_word' id='word_1_343' title='bbox 133 2936 191 2988; x_wconf 90' lang='lat' dir='ltr'><strong>uti</strong></span> <span class='ocrx_word' id='word_1_344' title='bbox 226 2937 435 2994; x_wconf 86' lang='lat' dir='ltr'><strong>tonitrus</strong></span> <span class='ocrx_word' id='word_1_345' title='bbox 465 2942 690 3010; x_wconf 84' lang='lat' dir='ltr'><strong>quidam</strong></span> <span class='ocrx_word' id='word_1_346' title='bbox 741 2943 1015 2999; x_wconf 85' lang='lat' dir='ltr'><strong>horribilis</strong></span> <span class='ocrx_word' id='word_1_347' title='bbox 1057 2957 1164 3001; x_wconf 90' lang='lat' dir='ltr'><strong>tam</strong></span> <span class='ocrx_word' id='word_1_348' title='bbox 1215 2965 1277 3002; x_wconf 82' lang='lat' dir='ltr'><strong>ex</strong></span> <span class='ocrx_word' id='word_1_349' title='bbox 1314 2966 1562 3019; x_wconf 87' lang='lat' dir='ltr'><strong>pressura</strong></span> <span class='ocrx_word' id='word_1_350' title='bbox 1591 2969 1678 3006; x_wconf 87' lang='lat' dir='ltr'><strong>ar-</strong></span> 
     </span>
    </p>
   </div>
   <div class='ocr_carea' id='block_1_45' title="bbox 133 3035 1677 3100">
    <p class='ocr_par' dir='ltr' id='par_1_45' title="bbox 133 3035 1677 3100">
     <span class='ocr_line' id='line_1_45' title="bbox 133 3035 1677 3100; baseline 0.013 -24"><span class='ocrx_word' id='word_1_351' title='bbox 133 3042 302 3081; x_wconf 84' lang='lat' dir='ltr'><strong>ntorutn</strong></span> <span class='ocrx_word' id='word_1_352' title='bbox 353 3046 514 3100; x_wconf 89' lang='lat' dir='ltr'><strong>quam</strong></span> <span class='ocrx_word' id='word_1_353' title='bbox 582 3047 648 3086; x_wconf 81' lang='lat' dir='ltr'><strong>ex</strong></span> <span class='ocrx_word' id='word_1_354' title='bbox 695 3035 1036 3092; x_wconf 87' lang='lat' dir='ltr'><strong>multitudine</strong></span> <span class='ocrx_word' id='word_1_355' title='bbox 1082 3040 1425 3094; x_wconf 84' lang='lat' dir='ltr'><strong>camlelarum</strong></span> <span class='ocrx_word' id='word_1_356' title='bbox 1479 3043 1546 3095; x_wconf 90' lang='lat' dir='ltr'><strong>ab</strong></span> <span class='ocrx_word' id='word_1_357' title='bbox 1599 3043 1677 3097; x_wconf 89' lang='lat' dir='ltr'><strong>eis</strong></span> 
     </span>
    </p>
   </div>
   <div class='ocr_carea' id='block_1_46' title="bbox 129 3115 1677 3201">
    <p class='ocr_par' dir='ltr' id='par_1_46' title="bbox 129 3115 1677 3201">
     <span class='ocr_line' id='line_1_46' title="bbox 129 3115 1677 3201; baseline 0.015 -34"><span class='ocrx_word' id='word_1_358' title='bbox 129 3115 402 3175; x_wconf 68' lang='lat' dir='ltr'><strong>fractarum.</strong></span> <span class='ocrx_word' id='word_1_359' title='bbox 445 3124 660 3190; x_wconf 76' lang='lat' dir='ltr'><strong>Quibus</strong></span> <span class='ocrx_word' id='word_1_360' title='bbox 706 3126 988 3181; x_wconf 80' lang='lat' dir='ltr'><strong>confestim</strong></span> <span class='ocrx_word' id='word_1_361' title='bbox 1034 3129 1458 3196; x_wconf 83' lang='lat' dir='ltr'><strong>introeuntibus,</strong></span> <span class='ocrx_word' id='word_1_362' title='bbox 1504 3135 1677 3201; x_wconf 86' lang='lat' dir='ltr'><strong>jussio</strong></span> 
     </span>
    </p>
   </div>
   <div class='ocr_carea' id='block_1_47' title="bbox 130 3207 1672 3288">
    <p class='ocr_par' dir='ltr' id='par_1_47' title="bbox 130 3207 1672 3288">
     <span class='ocr_line' id='line_1_47' title="bbox 130 3207 1672 3288; baseline 0.018 -33"><span class='ocrx_word' id='word_1_363' title='bbox 130 3224 150 3256; x_wconf 89' lang='lat' dir='ltr'><strong>a</strong></span> <span class='ocrx_word' id='word_1_364' title='bbox 186 3207 394 3281; x_wconf 73' lang='lat' dir='ltr'><strong>Calliopa</strong></span> <span class='ocrx_word' id='word_1_365' title='bbox 447 3223 705 3282; x_wconf 86' lang='lat' dir='ltr'><strong>porrecta</strong></span> <span class='ocrx_word' id='word_1_366' title='bbox 752 3226 836 3271; x_wconf 90' lang='lat' dir='ltr'><strong>est</strong></span> <span class='ocrx_word' id='word_1_367' title='bbox 878 3220 1210 3288; x_wconf 80' lang='lat' dir='ltr'><strong>presbyteris</strong></span> <span class='ocrx_word' id='word_1_368' title='bbox 1251 3231 1303 3276; x_wconf 84' lang='lat' dir='ltr'><strong>et</strong></span> <span class='ocrx_word' id='word_1_369' title='bbox 1341 3224 1672 3288; x_wconf 80' lang='lat' dir='ltr'><strong>diaconilus,</strong></span> 
     </span>
    </p>
   </div>
   <div class='ocr_carea' id='block_1_48' title="bbox 1779 2031 3368 2103">
    <p class='ocr_par' dir='ltr' id='par_1_48' title="bbox 1779 2031 3368 2103">
     <span class='ocr_line' id='line_1_48' title="bbox 1779 2031 3368 2103; baseline -0.004 -14"><span class='ocrx_word' id='word_1_370' title='bbox 1779 2045 1956 2099; x_wconf 85' lang='lat' dir='ltr'><strong>erant,</strong></span> <span class='ocrx_word' id='word_1_371' title='bbox 1989 2051 2160 2103; x_wconf 86' lang='lat' dir='ltr'><strong>usque</strong></span> <span class='ocrx_word' id='word_1_372' title='bbox 2200 2034 2266 2088; x_wconf 84' lang='lat' dir='ltr'><strong>ad</strong></span> <span class='ocrx_word' id='word_1_373' title='bbox 2319 2050 2405 2089; x_wconf 89' lang='lat' dir='ltr'><strong>res</strong></span> <span class='ocrx_word' id='word_1_374' title='bbox 2433 2034 2676 2088; x_wconf 87' lang='lat' dir='ltr'><strong>diversas</strong></span> <span class='ocrx_word' id='word_1_375' title='bbox 2703 2073 2717 2098; x_wconf 98' lang='lat'><strong>,</strong></span> <span class='ocrx_word' id='word_1_376' title='bbox 2750 2049 2869 2101; x_wconf 84' lang='lat' dir='ltr'><strong>quae</strong></span> <span class='ocrx_word' id='word_1_377' title='bbox 2913 2031 3042 2086; x_wconf 91' lang='lat' dir='ltr'><strong>mihi</strong></span> <span class='ocrx_word' id='word_1_378' title='bbox 3085 2032 3137 2085; x_wconf 92' lang='lat' dir='ltr'><strong>in</strong></span> <span class='ocrx_word' id='word_1_379' title='bbox 3187 2031 3269 2084; x_wconf 95' lang='lat' dir='ltr'><strong>via</strong></span> <span class='ocrx_word' id='word_1_380' title='bbox 3311 2040 3368 2084; x_wconf 89' lang='lat' dir='ltr'><strong>et</strong></span> 
     </span>
    </p>
   </div>
   <div class='ocr_carea' id='block_1_49' title="bbox 1784 2119 3367 2190">
    <p class='ocr_par' dir='ltr' id='par_1_49' title="bbox 1784 2119 3367 2190">
     <span class='ocr_line' id='line_1_49' title="bbox 1784 2119 3367 2190; baseline -0.004 -11"><span class='ocrx_word' id='word_1_381' title='bbox 1784 2125 1870 2179; x_wconf 87' lang='lat' dir='ltr'><strong>hic</strong></span> <span class='ocrx_word' id='word_1_382' title='bbox 1911 2133 2069 2179; x_wconf 84' lang='lat' dir='ltr'><strong>erant</strong></span> <span class='ocrx_word' id='word_1_383' title='bbox 2096 2124 2456 2188; x_wconf 71' lang='lat' dir='ltr'><strong>necessariae;</strong></span> <span class='ocrx_word' id='word_1_384' title='bbox 2486 2133 2540 2176; x_wconf 90' lang='lat' dir='ltr'><strong>et</strong></span> <span class='ocrx_word' id='word_1_385' title='bbox 2566 2138 2671 2177; x_wconf 87' lang='lat' dir='ltr'><strong>non</strong></span> <span class='ocrx_word' id='word_1_386' title='bbox 2708 2121 2811 2176; x_wconf 89' lang='lat' dir='ltr'><strong>nisi</strong></span> <span class='ocrx_word' id='word_1_387' title='bbox 2856 2137 2976 2176; x_wconf 90' lang='lat' dir='ltr'><strong>cum</strong></span> <span class='ocrx_word' id='word_1_388' title='bbox 3005 2137 3098 2174; x_wconf 85' lang='lat' dir='ltr'><strong>sex</strong></span> <span class='ocrx_word' id='word_1_389' title='bbox 3129 2119 3367 2190; x_wconf 86' lang='lat' dir='ltr'><strong>puerulis</strong></span> 
     </span>
    </p>
   </div>
   <div class='ocr_carea' id='block_1_50' title="bbox 1779 2212 3367 2278">
    <p class='ocr_par' dir='ltr' id='par_1_50' title="bbox 1779 2212 3367 2278">
     <span class='ocr_line' id='line_1_50' title="bbox 1779 2212 3367 2278; baseline -0.004 -8"><span class='ocrx_word' id='word_1_390' title='bbox 1779 2226 1835 2270; x_wconf 90' lang='lat' dir='ltr'><strong>et</strong></span> <span class='ocrx_word' id='word_1_391' title='bbox 1862 2232 1967 2270; x_wconf 88' lang='lat' dir='ltr'><strong>uno</strong></span> <span class='ocrx_word' id='word_1_392' title='bbox 1995 2217 2220 2271; x_wconf 86' lang='lat' dir='ltr'><strong>caucqu</strong></span> <span class='ocrx_word' id='word_1_393' title='bbox 2247 2217 2552 2271; x_wconf 82' lang='lat' dir='ltr'><strong>eduxerunt</strong></span> <span class='ocrx_word' id='word_1_394' title='bbox 2579 2229 2676 2268; x_wconf 90' lang='lat' dir='ltr'><strong>nos</strong></span> <span class='ocrx_word' id='word_1_395' title='bbox 2698 2229 2763 2267; x_wconf 80' lang='lat' dir='ltr'><strong>ex</strong></span> <span class='ocrx_word' id='word_1_396' title='bbox 2801 2214 2967 2278; x_wconf 82' lang='lat' dir='ltr'><strong>urbe;</strong></span> <span class='ocrx_word' id='word_1_397' title='bbox 3009 2222 3083 2277; x_wconf 90' lang='lat' dir='ltr'><strong>et,</strong></span> <span class='ocrx_word' id='word_1_398' title='bbox 3123 2228 3244 2267; x_wconf 89' lang='lat' dir='ltr'><strong>cum</strong></span> <span class='ocrx_word' id='word_1_399' title='bbox 3269 2212 3367 2264; x_wconf 56' lang='lat' dir='ltr'><strong>ima</strong></span> 
     </span>
    </p>
   </div>
   <div class='ocr_carea' id='block_1_51' title="bbox 1785 2303 3365 2373">
    <p class='ocr_par' dir='ltr' id='par_1_51' title="bbox 1785 2303 3365 2373">
     <span class='ocr_line' id='line_1_51' title="bbox 1785 2303 3365 2373; baseline -0.005 -11"><span class='ocrx_word' id='word_1_400' title='bbox 1785 2309 2065 2362; x_wconf 88' lang='lat' dir='ltr'><strong>misissent</strong></span> <span class='ocrx_word' id='word_1_401' title='bbox 2094 2323 2192 2362; x_wconf 92' lang='lat' dir='ltr'><strong>nos</strong></span> <span class='ocrx_word' id='word_1_402' title='bbox 2222 2307 2274 2360; x_wconf 93' lang='lat' dir='ltr'><strong>in</strong></span> <span class='ocrx_word' id='word_1_403' title='bbox 2303 2323 2466 2360; x_wconf 91' lang='lat' dir='ltr'><strong>unum</strong></span> <span class='ocrx_word' id='word_1_404' title='bbox 2499 2320 2685 2359; x_wconf 90' lang='lat' dir='ltr'><strong>eorum</strong></span> <span class='ocrx_word' id='word_1_405' title='bbox 2722 2320 2842 2373; x_wconf 71' lang='lat' dir='ltr'><strong>qua:</strong></span> <span class='ocrx_word' id='word_1_406' title='bbox 2869 2303 3192 2358; x_wconf 88' lang='lat' dir='ltr'><strong>dicebautur</strong></span> <span class='ocrx_word' id='word_1_407' title='bbox 3219 2303 3365 2355; x_wconf 89' lang='lat' dir='ltr'><strong>leva-</strong></span> 
     </span>
    </p>
   </div>
   <div class='ocr_carea' id='block_1_52' title="bbox 1782 2394 3368 2466">
    <p class='ocr_par' dir='ltr' id='par_1_52' title="bbox 1782 2394 3368 2466">
     <span class='ocr_line' id='line_1_52' title="bbox 1782 2394 3368 2466; baseline -0.006 -14"><span class='ocrx_word' id='word_1_408' title='bbox 1782 2409 1961 2453; x_wconf 88' lang='lat' dir='ltr'><strong>menta</strong></span> <span class='ocrx_word' id='word_1_409' title='bbox 1997 2410 2044 2463; x_wconf 76' lang='grc' dir='ltr'><strong>ε,</strong></span> <span class='ocrx_word' id='word_1_410' title='bbox 2075 2399 2218 2452; x_wconf 88' lang='lat' dir='ltr'><strong>circa</strong></span> <span class='ocrx_word' id='word_1_411' title='bbox 2248 2399 2437 2452; x_wconf 90' lang='lat' dir='ltr'><strong>horam</strong></span> <span class='ocrx_word' id='word_1_412' title='bbox 2483 2395 2601 2466; x_wconf 79' lang='lat' dir='ltr'><strong>plus</strong></span> <span class='ocrx_word' id='word_1_413' title='bbox 2644 2397 2823 2450; x_wconf 89' lang='lat' dir='ltr'><strong>minus</strong></span> <span class='ocrx_word' id='word_1_414' title='bbox 2869 2404 3114 2463; x_wconf 89' lang='lat' dir='ltr'><strong>quartam</strong></span> <span class='ocrx_word' id='word_1_415' title='bbox 3163 2394 3265 2447; x_wconf 86' lang='lat' dir='ltr'><strong>diei</strong></span> <span class='ocrx_word' id='word_1_416' title='bbox 3300 2395 3368 2444; x_wconf 90' lang='lat' dir='ltr'><strong>ad</strong></span> 
     </span>
    </p>
   </div>
   <div class='ocr_carea' id='block_1_53' title="bbox 1779 2483 3365 2558">
    <p class='ocr_par' dir='ltr' id='par_1_53' title="bbox 1779 2483 3365 2558">
     <span class='ocr_line' id='line_1_53' title="bbox 1779 2483 3365 2558; baseline -0.004 -18"><span class='ocrx_word' id='word_1_417' title='bbox 1779 2499 1992 2558; x_wconf 89' lang='lat' dir='ltr'><strong>portum</strong></span> <span class='ocrx_word' id='word_1_418' title='bbox 2042 2489 2402 2558; x_wconf 90' lang='lat' dir='ltr'><strong>pervenimus.</strong></span> <span class='ocrx_word' id='word_1_419' title='bbox 2454 2487 2510 2540; x_wconf 86' lang='lat' dir='ltr'><strong>In</strong></span> <span class='ocrx_word' id='word_1_420' title='bbox 2543 2500 2605 2541; x_wconf 89' lang='lat' dir='ltr'><strong>ea</strong></span> <span class='ocrx_word' id='word_1_421' title='bbox 2633 2500 2763 2541; x_wconf 85' lang='lat' dir='ltr'><strong>sane</strong></span> <span class='ocrx_word' id='word_1_422' title='bbox 2789 2485 2921 2540; x_wconf 85' lang='lat' dir='ltr'><strong>hora</strong></span> <span class='ocrx_word' id='word_1_423' title='bbox 2947 2524 2963 2548; x_wconf 95' lang='lat'><strong>,</strong></span> <span class='ocrx_word' id='word_1_424' title='bbox 3010 2499 3114 2553; x_wconf 89' lang='lat' dir='ltr'><strong>qua</strong></span> <span class='ocrx_word' id='word_1_425' title='bbox 3163 2483 3365 2552; x_wconf 81' lang='lat' dir='ltr'><strong>egressi</strong></span> 
     </span>
    </p>
   </div>
   <div class='ocr_carea' id='block_1_54' title="bbox 1781 2578 3364 2644">
    <p class='ocr_par' dir='ltr' id='par_1_54' title="bbox 1781 2578 3364 2644">
     <span class='ocr_line' id='line_1_54' title="bbox 1781 2578 3364 2644; baseline -0.006 -8"><span class='ocrx_word' id='word_1_426' title='bbox 1781 2596 1965 2636; x_wconf 89' lang='lat' dir='ltr'><strong>sumus</strong></span> <span class='ocrx_word' id='word_1_427' title='bbox 1991 2579 2058 2634; x_wconf 84' lang='lat' dir='ltr'><strong>ab</strong></span> <span class='ocrx_word' id='word_1_428' title='bbox 2091 2580 2222 2634; x_wconf 86' lang='lat' dir='ltr'><strong>urbe</strong></span> <span class='ocrx_word' id='word_1_429' title='bbox 2252 2580 2440 2644; x_wconf 72' lang='lat' dir='ltr'><strong>lioma,</strong></span> <span class='ocrx_word' id='word_1_430' title='bbox 2469 2580 2652 2632; x_wconf 84' lang='lat' dir='ltr'><strong>statim</strong></span> <span class='ocrx_word' id='word_1_431' title='bbox 2679 2587 2737 2633; x_wconf 85' lang='lat' dir='ltr'><strong>ut</strong></span> <span class='ocrx_word' id='word_1_432' title='bbox 2759 2585 2916 2633; x_wconf 88' lang='lat' dir='ltr'><strong>erant</strong></span> <span class='ocrx_word' id='word_1_433' title='bbox 2943 2578 3364 2643; x_wconf 48' lang='lat' dir='ltr'><strong>obserata-mpur-</strong></span> 
     </span>
    </p>
   </div>
   <div class='ocr_carea' id='block_1_55' title="bbox 1781 2671 3365 2735">
    <p class='ocr_par' dir='ltr' id='par_1_55' title="bbox 1781 2671 3365 2735">
     <span class='ocr_line' id='line_1_55' title="bbox 1781 2671 3365 2735; baseline -0.006 -7"><span class='ocrx_word' id='word_1_434' title='bbox 1781 2684 1871 2735; x_wconf 72' lang='lat' dir='ltr'><strong>ue,</strong></span> <span class='ocrx_word' id='word_1_435' title='bbox 1903 2675 2098 2727; x_wconf 89' lang='lat' dir='ltr'><strong>iterum</strong></span> <span class='ocrx_word' id='word_1_436' title='bbox 2125 2688 2219 2728; x_wconf 87' lang='lat' dir='ltr'><strong>eas</strong></span> <span class='ocrx_word' id='word_1_437' title='bbox 2243 2674 2634 2727; x_wconf 87' lang='lat' dir='ltr'><strong>obseravcruut</strong></span> <span class='ocrx_word' id='word_1_438' title='bbox 2659 2680 2712 2725; x_wconf 89' lang='lat' dir='ltr'><strong>et</strong></span> <span class='ocrx_word' id='word_1_439' title='bbox 2741 2671 2826 2724; x_wconf 87' lang='lat' dir='ltr'><strong>sic</strong></span> <span class='ocrx_word' id='word_1_440' title='bbox 2856 2679 3227 2724; x_wconf 76' lang='lat' dir='ltr'><strong>remanserunt</strong></span> <span class='ocrx_word' id='word_1_441' title='bbox 3249 2707 3262 2730; x_wconf 94' lang='lat'><strong>,</strong></span> <span class='ocrx_word' id='word_1_442' title='bbox 3299 2678 3365 2720; x_wconf 88' lang='lat' dir='ltr'><strong>ne</strong></span> 
     </span>
    </p>
   </div>
   <div class='ocr_carea' id='block_1_56' title="bbox 1779 2760 3363 2831">
    <p class='ocr_par' dir='ltr' id='par_1_56' title="bbox 1779 2760 3363 2831">
     <span class='ocr_line' id='line_1_56' title="bbox 1779 2760 3363 2831; baseline -0.005 -13"><span class='ocrx_word' id='word_1_443' title='bbox 1779 2765 1990 2818; x_wconf 84' lang='lat' dir='ltr'><strong>exirent</strong></span> <span class='ocrx_word' id='word_1_444' title='bbox 2021 2780 2048 2816; x_wconf 91' lang='lat' dir='ltr'><strong>a</strong></span> <span class='ocrx_word' id='word_1_445' title='bbox 2080 2764 2299 2817; x_wconf 86' lang='lat' dir='ltr'><strong>civitate</strong></span> <span class='ocrx_word' id='word_1_446' title='bbox 2337 2762 2514 2831; x_wconf 86' lang='lat' dir='ltr'><strong>aliqua</strong></span> <span class='ocrx_word' id='word_1_447' title='bbox 2544 2769 2599 2814; x_wconf 90' lang='lat' dir='ltr'><strong>et</strong></span> <span class='ocrx_word' id='word_1_448' title='bbox 2625 2760 2875 2814; x_wconf 81' lang='lat' dir='ltr'><strong>venirent</strong></span> <span class='ocrx_word' id='word_1_449' title='bbox 2903 2761 2969 2813; x_wconf 89' lang='lat' dir='ltr'><strong>ad</strong></span> <span class='ocrx_word' id='word_1_450' title='bbox 3000 2775 3096 2813; x_wconf 86' lang='lat' dir='ltr'><strong>nos</strong></span> <span class='ocrx_word' id='word_1_451' title='bbox 3144 2760 3195 2812; x_wconf 93' lang='lat' dir='ltr'><strong>in</strong></span> <span class='ocrx_word' id='word_1_452' title='bbox 3236 2772 3363 2826; x_wconf 88' lang='lat' dir='ltr'><strong>por-</strong></span> 
     </span>
    </p>
   </div>
   <div class='ocr_carea' id='block_1_57' title="bbox 1782 2853 3368 2926">
    <p class='ocr_par' dir='ltr' id='par_1_57' title="bbox 1782 2853 3368 2926">
     <span class='ocr_line' id='line_1_57' title="bbox 1782 2853 3368 2926; baseline -0.003 -16"><span class='ocrx_word' id='word_1_453' title='bbox 1782 2869 1836 2910; x_wconf 92' lang='lat' dir='ltr'><strong>tu</strong></span> <span class='ocrx_word' id='word_1_454' title='bbox 1865 2898 1877 2921; x_wconf 93' lang='lat'><strong>,</strong></span> <span class='ocrx_word' id='word_1_455' title='bbox 1913 2858 2082 2910; x_wconf 86' lang='lat' dir='ltr'><strong>donec</strong></span> <span class='ocrx_word' id='word_1_456' title='bbox 2111 2857 2258 2910; x_wconf 90' lang='lat' dir='ltr'><strong>illinc</strong></span> <span class='ocrx_word' id='word_1_457' title='bbox 2302 2855 2729 2926; x_wconf 78' lang='lat' dir='ltr'><strong>navigassemus.</strong></span> <span class='ocrx_word' id='word_1_458' title='bbox 2763 2853 2914 2908; x_wconf 87' lang='lat' dir='ltr'><strong>Unde</strong></span> <span class='ocrx_word' id='word_1_459' title='bbox 2947 2855 3242 2909; x_wconf 84' lang='lat' dir='ltr'><strong>necessitas</strong></span> <span class='ocrx_word' id='word_1_460' title='bbox 3269 2867 3368 2906; x_wconf 83' lang='lat' dir='ltr'><strong>no-</strong></span> 
     </span>
    </p>
   </div>
   <div class='ocr_carea' id='block_1_58' title="bbox 1780 2945 3370 3014">
    <p class='ocr_par' dir='ltr' id='par_1_58' title="bbox 1780 2945 3370 3014">
     <span class='ocr_line' id='line_1_58' title="bbox 1780 2945 3370 3014; baseline -0.005 -10"><span class='ocrx_word' id='word_1_461' title='bbox 1780 2950 1862 3004; x_wconf 91' lang='lat' dir='ltr'><strong>bis</strong></span> <span class='ocrx_word' id='word_1_462' title='bbox 1889 2949 2078 3002; x_wconf 75' lang='lat' dir='ltr'><strong>effccta</strong></span> <span class='ocrx_word' id='word_1_463' title='bbox 2104 2960 2214 3013; x_wconf 86' lang='lat' dir='ltr'><strong>est,</strong></span> <span class='ocrx_word' id='word_1_464' title='bbox 2263 2957 2319 3001; x_wconf 90' lang='lat' dir='ltr'><strong>ut</strong></span> <span class='ocrx_word' id='word_1_465' title='bbox 2347 2948 2587 3000; x_wconf 90' lang='lat' dir='ltr'><strong>omnium</strong></span> <span class='ocrx_word' id='word_1_466' title='bbox 2612 2959 2796 3000; x_wconf 90' lang='lat' dir='ltr'><strong>eorum</strong></span> <span class='ocrx_word' id='word_1_467' title='bbox 2828 2962 2913 2999; x_wconf 89' lang='lat' dir='ltr'><strong>res</strong></span> <span class='ocrx_word' id='word_1_468' title='bbox 2942 2985 2956 3010; x_wconf 93' lang='lat'><strong>,</strong></span> <span class='ocrx_word' id='word_1_469' title='bbox 2997 2946 3088 3014; x_wconf 87' lang='lat' dir='ltr'><strong>qui</strong></span> <span class='ocrx_word' id='word_1_470' title='bbox 3131 2945 3185 2997; x_wconf 91' lang='lat' dir='ltr'><strong>in</strong></span> <span class='ocrx_word' id='word_1_471' title='bbox 3226 2945 3370 2999; x_wconf 56' lang='lat' dir='ltr'><strong>leva:</strong></span> 
     </span>
    </p>
   </div>
   <div class='ocr_carea' id='block_1_59' title="bbox 1782 3038 3364 3109">
    <p class='ocr_par' dir='ltr' id='par_1_59' title="bbox 1782 3038 3364 3109">
     <span class='ocr_line' id='line_1_59' title="bbox 1782 3038 3364 3109; baseline -0.003 -14"><span class='ocrx_word' id='word_1_472' title='bbox 1782 3052 1958 3096; x_wconf 90' lang='lat' dir='ltr'><strong>menta</strong></span> <span class='ocrx_word' id='word_1_473' title='bbox 1982 3040 2131 3095; x_wconf 87' lang='lat' dir='ltr'><strong>missi</strong></span> <span class='ocrx_word' id='word_1_474' title='bbox 2155 3041 2388 3104; x_wconf 87' lang='lat' dir='ltr'><strong>fuerant,</strong></span> <span class='ocrx_word' id='word_1_475' title='bbox 2414 3041 2464 3092; x_wconf 93' lang='lat' dir='ltr'><strong>in</strong></span> <span class='ocrx_word' id='word_1_476' title='bbox 2487 3040 2742 3109; x_wconf 65' lang='lat' dir='ltr'><strong>praedicto</strong></span> <span class='ocrx_word' id='word_1_477' title='bbox 2765 3047 2920 3108; x_wconf 87' lang='lat' dir='ltr'><strong>portu</strong></span> <span class='ocrx_word' id='word_1_478' title='bbox 2946 3038 3364 3099; x_wconf 74' lang='lat' dir='ltr'><strong>dimitteremus,</strong></span> 
     </span>
    </p>
   </div>
   <div class='ocr_carea' id='block_1_60' title="bbox 1778 3129 3369 3201">
    <p class='ocr_par' dir='ltr' id='par_1_60' title="bbox 1778 3129 3369 3201">
     <span class='ocr_line' id='line_1_60' title="bbox 1778 3129 3369 3201; baseline -0.005 -12"><span class='ocrx_word' id='word_1_479' title='bbox 1778 3145 1832 3189; x_wconf 86' lang='lat' dir='ltr'><strong>ct</strong></span> <span class='ocrx_word' id='word_1_480' title='bbox 1857 3152 1975 3189; x_wconf 82' lang='lat' dir='ltr'><strong>mox</strong></span> <span class='ocrx_word' id='word_1_481' title='bbox 2008 3136 2193 3188; x_wconf 78' lang='lat' dir='ltr'><strong>cadent</strong></span> <span class='ocrx_word' id='word_1_482' title='bbox 2221 3135 2306 3188; x_wconf 87' lang='lat' dir='ltr'><strong>die</strong></span> <span class='ocrx_word' id='word_1_483' title='bbox 2335 3146 2697 3188; x_wconf 87' lang='lat' dir='ltr'><strong>moveremur.</strong></span> <span class='ocrx_word' id='word_1_484' title='bbox 2724 3133 2789 3185; x_wconf 82' lang='lat' dir='ltr'><strong>Et</strong></span> <span class='ocrx_word' id='word_1_485' title='bbox 2809 3131 3152 3201; x_wconf 82' lang='lat' dir='ltr'><strong>pervenimus</strong></span> <span class='ocrx_word' id='word_1_486' title='bbox 3174 3129 3369 3182; x_wconf 85' lang='lat' dir='ltr'><strong>Kalen-</strong></span> 
     </span>
    </p>
   </div>
   <div class='ocr_carea' id='block_1_61' title="bbox 1781 3221 3371 3292">
    <p class='ocr_par' dir='ltr' id='par_1_61' title="bbox 1781 3221 3371 3292">
     <span class='ocr_line' id='line_1_61' title="bbox 1781 3221 3371 3292; baseline -0.007 -12"><span class='ocrx_word' id='word_1_487' title='bbox 1781 3229 1876 3281; x_wconf 84' lang='lat' dir='ltr'><strong>das</strong></span> <span class='ocrx_word' id='word_1_488' title='bbox 1899 3226 2068 3281; x_wconf 77' lang='lat' dir='ltr'><strong>Julius</strong></span> <span class='ocrx_word' id='word_1_489' title='bbox 2096 3225 2362 3280; x_wconf 78' lang='lat' dir='ltr'><strong>Mescnam</strong></span> <span class='ocrx_word' id='word_1_490' title='bbox 2388 3225 2439 3277; x_wconf 90' lang='lat' dir='ltr'><strong>in</strong></span> <span class='ocrx_word' id='word_1_491' title='bbox 2469 3238 2573 3292; x_wconf 84' lang='lat' dir='ltr'><strong>qua</strong></span> <span class='ocrx_word' id='word_1_492' title='bbox 2603 3232 2724 3277; x_wconf 89' lang='lat' dir='ltr'><strong>‘erat</strong></span> <span class='ocrx_word' id='word_1_493' title='bbox 2759 3222 2932 3284; x_wconf 84' lang='lat' dir='ltr'><strong>navis,</strong></span> <span class='ocrx_word' id='word_1_494' title='bbox 2972 3221 3022 3274; x_wconf 88' lang='lat' dir='ltr'><strong>id</strong></span> <span class='ocrx_word' id='word_1_495' title='bbox 3061 3229 3143 3274; x_wconf 90' lang='lat' dir='ltr'><strong>est</strong></span> <span class='ocrx_word' id='word_1_496' title='bbox 3183 3224 3371 3273; x_wconf 76' lang='lat' dir='ltr'><strong>carcer</strong></span> 
     </span>
    </p>
   </div>
   <div class='ocr_carea' id='block_1_62' title="bbox 129 3285 3367 3385">
    <p class='ocr_par' dir='ltr' id='par_1_62' title="bbox 129 3285 3367 3385">
     <span class='ocr_line' id='line_1_62' title="bbox 129 3285 3367 3385; baseline 0.002 -29"><span class='ocrx_word' id='word_1_497' title='bbox 129 3299 168 3351; x_wconf 79' lang='lat' dir='ltr'><strong>in</strong></span> <span class='ocrx_word' id='word_1_498' title='bbox 191 3318 277 3370; x_wconf 83' lang='lat' dir='ltr'><strong>qua</strong></span> <span class='ocrx_word' id='word_1_499' title='bbox 301 3305 624 3361; x_wconf 89' lang='lat' dir='ltr'><strong>hmnilitatis</strong></span> <span class='ocrx_word' id='word_1_500' title='bbox 649 3324 782 3362; x_wconf 78' lang='lat' dir='ltr'><strong>mete</strong></span> <span class='ocrx_word' id='word_1_501' title='bbox 803 3311 1032 3381; x_wconf 89' lang='lat' dir='ltr'><strong>abjectio</strong></span> <span class='ocrx_word' id='word_1_502' title='bbox 1061 3312 1088 3352; x_wconf 73' lang='grc' dir='ltr'>δ</span> <span class='ocrx_word' id='word_1_503' title='bbox 1116 3315 1508 3377; x_wconf 79' lang='lat' dir='ltr'><strong>continebatur,</strong></span> <span class='ocrx_word' id='word_1_504' title='bbox 1535 3320 1676 3385; x_wconf 87' lang='lat' dir='ltr'><strong>quod</strong></span> <span class='ocrx_word' id='word_1_505' title='bbox 1705 3285 1748 3342; x_wconf 77' lang='lat' dir='ltr'>C</span> <span class='ocrx_word' id='word_1_506' title='bbox 1782 3333 1954 3373; x_wconf 88' lang='lat' dir='ltr'><strong>meus.</strong></span> <span class='ocrx_word' id='word_1_507' title='bbox 1974 3318 2086 3370; x_wconf 67' lang='lat' dir='ltr'><strong>Non</strong></span> <span class='ocrx_word' id='word_1_508' title='bbox 2105 3326 2282 3370; x_wconf 87' lang='lat' dir='ltr'><strong>autem</strong></span> <span class='ocrx_word' id='word_1_509' title='bbox 2307 3313 2533 3369; x_wconf 69' lang='lat' dir='ltr'><strong>.‘desena:</strong></span> <span class='ocrx_word' id='word_1_510' title='bbox 2556 3323 2786 3378; x_wconf 88' lang='lat' dir='ltr'><strong>tantum,</strong></span> <span class='ocrx_word' id='word_1_511' title='bbox 2812 3312 2904 3367; x_wconf 88' lang='lat' dir='ltr'><strong>sed</strong></span> <span class='ocrx_word' id='word_1_512' title='bbox 2927 3321 2980 3366; x_wconf 88' lang='lat' dir='ltr'><strong>et</strong></span> <span class='ocrx_word' id='word_1_513' title='bbox 3008 3311 3059 3364; x_wconf 91' lang='lat' dir='ltr'><strong>in</strong></span> <span class='ocrx_word' id='word_1_514' title='bbox 3091 3308 3367 3370; x_wconf 84' lang='lat' dir='ltr'><strong>Calabria,</strong></span> 
     </span>
    </p>
   </div>
   <div class='ocr_carea' id='block_1_63' title="bbox 126 3391 1676 3473">
    <p class='ocr_par' dir='ltr' id='par_1_63' title="bbox 126 3391 1676 3473">
     <span class='ocr_line' id='line_1_63' title="bbox 126 3391 1676 3473; baseline 0.014 -31"><span class='ocrx_word' id='word_1_515' title='bbox 126 3391 460 3463; x_wconf 75' lang='lat' dir='ltr'><strong>irregulariter</strong></span> <span class='ocrx_word' id='word_1_516' title='bbox 488 3408 547 3453; x_wconf 89' lang='lat' dir='ltr'><strong>et</strong></span> <span class='ocrx_word' id='word_1_517' title='bbox 577 3399 695 3453; x_wconf 84' lang='lat' dir='ltr'><strong>sine</strong></span> <span class='ocrx_word' id='word_1_518' title='bbox 727 3399 840 3469; x_wconf 74' lang='lat' dir='ltr'><strong>lege</strong></span> <span class='ocrx_word' id='word_1_519' title='bbox 869 3402 1236 3472; x_wconf 85' lang='lat' dir='ltr'><strong>episcopatum</strong></span> <span class='ocrx_word' id='word_1_520' title='bbox 1267 3407 1676 3473; x_wconf 88' lang='lat' dir='ltr'><strong>subripuissem,</strong></span> 
     </span>
    </p>
   </div>
   <div class='ocr_carea' id='block_1_64' title="bbox 125 3491 1680 3565">
    <p class='ocr_par' dir='ltr' id='par_1_64' title="bbox 125 3491 1680 3565">
     <span class='ocr_line' id='line_1_64' title="bbox 125 3491 1680 3565; baseline 0.014 -33"><span class='ocrx_word' id='word_1_521' title='bbox 125 3494 282 3539; x_wconf 76' lang='lat' dir='ltr'><strong>etnon</strong></span> <span class='ocrx_word' id='word_1_522' title='bbox 307 3503 476 3543; x_wconf 82' lang='lat' dir='ltr'><strong>essent</strong></span> <span class='ocrx_word' id='word_1_523' title='bbox 513 3491 569 3542; x_wconf 91' lang='lat' dir='ltr'><strong>in</strong></span> <span class='ocrx_word' id='word_1_524' title='bbox 601 3492 897 3560; x_wconf 87' lang='lat' dir='ltr'><strong>apostolica</strong></span> <span class='ocrx_word' id='word_1_525' title='bbox 930 3494 1057 3547; x_wconf 88' lang='lat' dir='ltr'><strong>sede</strong></span> <span class='ocrx_word' id='word_1_526' title='bbox 1094 3494 1288 3565; x_wconf 83' lang='lat' dir='ltr'><strong>dignus</strong></span> <span class='ocrx_word' id='word_1_527' title='bbox 1319 3497 1556 3562; x_wconf 87' lang='lat' dir='ltr'><strong>institui,</strong></span> <span class='ocrx_word' id='word_1_528' title='bbox 1589 3501 1680 3554; x_wconf 61' lang='lat' dir='ltr'><strong>sed</strong></span> 
     </span>
    </p>
   </div>
   <div class='ocr_carea' id='block_1_65' title="bbox 123 3577 1682 3652">
    <p class='ocr_par' dir='ltr' id='par_1_65' title="bbox 123 3577 1682 3652">
     <span class='ocr_line' id='line_1_65' title="bbox 123 3577 1682 3652; baseline 0.012 -28"><span class='ocrx_word' id='word_1_529' title='bbox 123 3577 409 3632; x_wconf 67' lang='lat' dir='ltr'><strong>OtllllilOtllS</strong></span> <span class='ocrx_word' id='word_1_530' title='bbox 443 3581 496 3633; x_wconf 91' lang='lat' dir='ltr'><strong>iu</strong></span> <span class='ocrx_word' id='word_1_531' title='bbox 547 3581 690 3634; x_wconf 82' lang='lat' dir='ltr'><strong>hanc</strong></span> <span class='ocrx_word' id='word_1_532' title='bbox 723 3583 926 3652; x_wconf 79' lang='lat' dir='ltr'><strong>regiam</strong></span> <span class='ocrx_word' id='word_1_533' title='bbox 964 3584 1150 3638; x_wconf 89' lang='lat' dir='ltr'><strong>urbem</strong></span> <span class='ocrx_word' id='word_1_534' title='bbox 1189 3589 1516 3651; x_wconf 84' lang='lat' dir='ltr'><strong>transmitti,</strong></span> <span class='ocrx_word' id='word_1_535' title='bbox 1557 3588 1682 3642; x_wconf 87' lang='lat' dir='ltr'><strong>sub-</strong></span> 
     </span>
    </p>
   </div>
   <div class='ocr_carea' id='block_1_66' title="bbox 125 3670 1680 3745">
    <p class='ocr_par' dir='ltr' id='par_1_66' title="bbox 125 3670 1680 3745">
     <span class='ocr_line' id='line_1_66' title="bbox 125 3670 1680 3745; baseline 0.008 -27"><span class='ocrx_word' id='word_1_536' title='bbox 125 3678 278 3729; x_wconf 63' lang='lat' dir='ltr'><strong>mgalo</strong></span> <span class='ocrx_word' id='word_1_537' title='bbox 320 3670 370 3723; x_wconf 89' lang='lat' dir='ltr'><strong>in</strong></span> <span class='ocrx_word' id='word_1_538' title='bbox 422 3671 544 3726; x_wconf 87' lang='lat' dir='ltr'><strong>loco</strong></span> <span class='ocrx_word' id='word_1_539' title='bbox 593 3687 717 3726; x_wconf 88' lang='lat' dir='ltr'><strong>meo</strong></span> <span class='ocrx_word' id='word_1_540' title='bbox 765 3674 1036 3745; x_wconf 86' lang='lat' dir='ltr'><strong>episcopo.</strong></span> <span class='ocrx_word' id='word_1_541' title='bbox 1092 3675 1247 3742; x_wconf 85' lang='lat' dir='ltr'><strong>Quod</strong></span> <span class='ocrx_word' id='word_1_542' title='bbox 1304 3679 1530 3731; x_wconf 83' lang='lat' dir='ltr'><strong>necdum</strong></span> <span class='ocrx_word' id='word_1_543' title='bbox 1579 3679 1680 3732; x_wconf 83' lang='lat' dir='ltr'><strong>ali-</strong></span> 
     </span>
    </p>
   </div>
   <div class='ocr_carea' id='block_1_67' title="bbox 121 3759 1682 3838">
    <p class='ocr_par' dir='ltr' id='par_1_67' title="bbox 121 3759 1682 3838">
     <span class='ocr_line' id='line_1_67' title="bbox 121 3759 1682 3838; baseline 0.012 -33"><span class='ocrx_word' id='word_1_544' title='bbox 121 3759 302 3822; x_wconf 66' lang='lat' dir='ltr'><strong>qmnlo</strong></span> <span class='ocrx_word' id='word_1_545' title='bbox 347 3761 554 3816; x_wconf 87' lang='lat' dir='ltr'><strong>factum</strong></span> <span class='ocrx_word' id='word_1_546' title='bbox 600 3773 716 3827; x_wconf 88' lang='lat' dir='ltr'><strong>est,</strong></span> <span class='ocrx_word' id='word_1_547' title='bbox 761 3773 816 3817; x_wconf 86' lang='lat' dir='ltr'><strong>et</strong></span> <span class='ocrx_word' id='word_1_548' title='bbox 852 3780 1011 3836; x_wconf 90' lang='lat' dir='ltr'><strong>spero</strong></span> <span class='ocrx_word' id='word_1_549' title='bbox 1058 3767 1200 3836; x_wconf 89' lang='lat' dir='ltr'><strong>quod</strong></span> <span class='ocrx_word' id='word_1_550' title='bbox 1251 3784 1348 3822; x_wconf 91' lang='lat' dir='ltr'><strong>nec</strong></span> <span class='ocrx_word' id='word_1_551' title='bbox 1393 3769 1682 3838; x_wconf 87' lang='lat' dir='ltr'><strong>aliquando</strong></span> 
     </span>
    </p>
   </div>
   <div class='ocr_carea' id='block_1_68' title="bbox 125 3845 1684 3926">
    <p class='ocr_par' dir='ltr' id='par_1_68' title="bbox 125 3845 1684 3926">
     <span class='ocr_line' id='line_1_68' title="bbox 125 3845 1684 3926; baseline 0.012 -31"><span class='ocrx_word' id='word_1_552' title='bbox 125 3845 213 3899; x_wconf 73' lang='lat' dir='ltr'><strong>fieri</strong></span> <span class='ocrx_word' id='word_1_553' title='bbox 253 3850 406 3906; x_wconf 85' lang='lat' dir='ltr'><strong>habet</strong></span> <span class='ocrx_word' id='word_1_554' title='bbox 447 3872 460 3906; x_wconf 86' lang='lat'><strong>:</strong></span> <span class='ocrx_word' id='word_1_555' title='bbox 497 3854 629 3925; x_wconf 86' lang='lat' dir='ltr'><strong>quia</strong></span> <span class='ocrx_word' id='word_1_556' title='bbox 678 3854 729 3908; x_wconf 90' lang='lat' dir='ltr'><strong>in</strong></span> <span class='ocrx_word' id='word_1_557' title='bbox 781 3856 1022 3910; x_wconf 87' lang='lat' dir='ltr'><strong>absentia</strong></span> <span class='ocrx_word' id='word_1_558' title='bbox 1067 3858 1372 3926; x_wconf 77' lang='lat' dir='ltr'><strong>pontificis,</strong></span> <span class='ocrx_word' id='word_1_559' title='bbox 1418 3859 1684 3913; x_wconf 89' lang='lat' dir='ltr'><strong>archidia-</strong></span> 
     </span>
    </p>
   </div>
   <div class='ocr_carea' id='block_1_69' title="bbox 121 3946 1678 4022">
    <p class='ocr_par' dir='ltr' id='par_1_69' title="bbox 121 3946 1678 4022">
     <span class='ocr_line' id='line_1_69' title="bbox 121 3946 1678 4022; baseline 0.011 -35"><span class='ocrx_word' id='word_1_560' title='bbox 121 3953 276 4003; x_wconf 80' lang='lat' dir='ltr'><strong>conus,</strong></span> <span class='ocrx_word' id='word_1_561' title='bbox 306 3954 358 3997; x_wconf 91' lang='lat' dir='ltr'><strong>et</strong></span> <span class='ocrx_word' id='word_1_562' title='bbox 388 3946 859 4017; x_wconf 87' lang='lat' dir='ltr'><strong>archipresbyter,</strong></span> <span class='ocrx_word' id='word_1_563' title='bbox 885 3958 942 4002; x_wconf 90' lang='lat' dir='ltr'><strong>et</strong></span> <span class='ocrx_word' id='word_1_564' title='bbox 973 3949 1312 4018; x_wconf 88' lang='lat' dir='ltr'><strong>primicerius</strong></span> <span class='ocrx_word' id='word_1_565' title='bbox 1343 3951 1517 4006; x_wconf 90' lang='lat' dir='ltr'><strong>locum</strong></span> <span class='ocrx_word' id='word_1_566' title='bbox 1543 3967 1678 4022; x_wconf 72' lang='lat' dir='ltr'><strong>pra:-</strong></span> 
     </span>
    </p>
   </div>
   <div class='ocr_carea' id='block_1_70' title="bbox 119 4035 1684 4113">
    <p class='ocr_par' dir='ltr' id='par_1_70' title="bbox 119 4035 1684 4113">
     <span class='ocr_line' id='line_1_70' title="bbox 119 4035 1684 4113; baseline 0.012 -33"><span class='ocrx_word' id='word_1_567' title='bbox 119 4038 301 4087; x_wconf 75' lang='lat' dir='ltr'><strong>‘scntant</strong></span> <span class='ocrx_word' id='word_1_568' title='bbox 346 4035 649 4104; x_wconf 84' lang='lat' dir='ltr'><strong>pontificis.</strong></span> <span class='ocrx_word' id='word_1_569' title='bbox 692 4039 827 4093; x_wconf 87' lang='lat' dir='ltr'><strong>Dum</strong></span> <span class='ocrx_word' id='word_1_570' title='bbox 865 4055 993 4111; x_wconf 77' lang='lat' dir='ltr'><strong>ergo</strong></span> <span class='ocrx_word' id='word_1_571' title='bbox 1045 4041 1161 4095; x_wconf 65' lang='lat' dir='ltr'><strong>haec</strong></span> <span class='ocrx_word' id='word_1_572' title='bbox 1206 4053 1516 4107; x_wconf 88' lang='lat' dir='ltr'><strong>moventur,</strong></span> <span class='ocrx_word' id='word_1_573' title='bbox 1564 4059 1684 4113; x_wconf 81' lang='lat' dir='ltr'><strong>qua:</strong></span> 
     </span>
    </p>
   </div>
   <div class='ocr_carea' id='block_1_71' title="bbox 120 4118 1683 4201">
    <p class='ocr_par' dir='ltr' id='par_1_71' title="bbox 120 4118 1683 4201">
     <span class='ocr_line' id='line_1_71' title="bbox 120 4118 1683 4201; baseline 0.013 -33"><span class='ocrx_word' id='word_1_574' title='bbox 120 4118 170 4171; x_wconf 82' lang='lat' dir='ltr'><strong>de</strong></span> <span class='ocrx_word' id='word_1_575' title='bbox 203 4121 294 4177; x_wconf 64' lang='lat' dir='ltr'><strong>fide</strong></span> <span class='ocrx_word' id='word_1_576' title='bbox 331 4137 481 4196; x_wconf 80' lang='lat' dir='ltr'><strong>gesta</strong></span> <span class='ocrx_word' id='word_1_577' title='bbox 533 4127 752 4182; x_wconf 87' lang='lat' dir='ltr'><strong>fuerant</strong></span> <span class='ocrx_word' id='word_1_578' title='bbox 790 4130 899 4200; x_wconf 82' lang='lat' dir='ltr'><strong>jam</strong></span> <span class='ocrx_word' id='word_1_579' title='bbox 941 4131 1278 4186; x_wconf 81' lang='lat' dir='ltr'><strong>manifestavi</strong></span> <span class='ocrx_word' id='word_1_580' title='bbox 1320 4135 1489 4188; x_wconf 89' lang='lat' dir='ltr'><strong>vobis.</strong></span> <span class='ocrx_word' id='word_1_581' title='bbox 1529 4134 1683 4201; x_wconf 87' lang='lat' dir='ltr'><strong>Quod</strong></span> 
     </span>
    </p>
   </div>
   <div class='ocr_carea' id='block_1_72' title="bbox 120 4219 1680 4296">
    <p class='ocr_par' dir='ltr' id='par_1_72' title="bbox 120 4219 1680 4296">
     <span class='ocr_line' id='line_1_72' title="bbox 120 4219 1680 4296; baseline 0.013 -35"><span class='ocrx_word' id='word_1_582' title='bbox 120 4223 266 4266; x_wconf 80' lang='lat' dir='ltr'><strong>autem</strong></span> <span class='ocrx_word' id='word_1_583' title='bbox 309 4219 606 4288; x_wconf 76' lang='lat' dir='ltr'><strong>pneparati</strong></span> <span class='ocrx_word' id='word_1_584' title='bbox 666 4236 771 4274; x_wconf 90' lang='lat' dir='ltr'><strong>non</strong></span> <span class='ocrx_word' id='word_1_585' title='bbox 825 4221 1085 4277; x_wconf 79' lang='lat' dir='ltr'><strong>fuerimus</strong></span> <span class='ocrx_word' id='word_1_586' title='bbox 1135 4225 1200 4278; x_wconf 90' lang='lat' dir='ltr'><strong>ad</strong></span> <span class='ocrx_word' id='word_1_587' title='bbox 1254 4228 1680 4296; x_wconf 68' lang='lat' dir='ltr'><strong>repugnandum,</strong></span> 
     </span>
    </p>
   </div>
   <div class='ocr_carea' id='block_1_73' title="bbox 119 4308 1685 4387">
    <p class='ocr_par' dir='ltr' id='par_1_73' title="bbox 119 4308 1685 4387">
     <span class='ocr_line' id='line_1_73' title="bbox 119 4308 1685 4387; baseline 0.013 -33"><span class='ocrx_word' id='word_1_588' title='bbox 119 4308 279 4360; x_wconf 78' lang='lat' dir='ltr'><strong>melius</strong></span> <span class='ocrx_word' id='word_1_589' title='bbox 315 4310 560 4378; x_wconf 70' lang='lat' dir='ltr'><strong>iudicavi</strong></span> <span class='ocrx_word' id='word_1_590' title='bbox 609 4314 786 4368; x_wconf 81' lang='lat' dir='ltr'><strong>decies</strong></span> <span class='ocrx_word' id='word_1_591' title='bbox 829 4317 962 4369; x_wconf 89' lang='lat' dir='ltr'><strong>mori</strong></span> <span class='ocrx_word' id='word_1_592' title='bbox 1004 4331 1164 4386; x_wconf 91' lang='lat' dir='ltr'><strong>quam</strong></span> <span class='ocrx_word' id='word_1_593' title='bbox 1203 4319 1363 4373; x_wconf 89' lang='lat' dir='ltr'><strong>unius</strong></span> <span class='ocrx_word' id='word_1_594' title='bbox 1397 4318 1685 4387; x_wconf 85' lang='lat' dir='ltr'><strong>enjus‘cun-</strong></span> 
     </span>
    </p>
   </div>
   <div class='ocr_carea' id='block_1_74' title="bbox 115 4403 1686 4495">
    <p class='ocr_par' dir='ltr' id='par_1_74' title="bbox 115 4403 1686 4495">
     <span class='ocr_line' id='line_1_74' title="bbox 115 4403 1686 4495; baseline 0.016 -53"><span class='ocrx_word' id='word_1_595' title='bbox 115 4410 198 4495; x_wconf 81' lang='lat' dir='ltr'><strong>quc</strong></span> <span class='ocrx_word' id='word_1_596' title='bbox 243 4403 566 4469; x_wconf 81' lang='lat' dir='ltr'><strong>sanguinem</strong></span> <span class='ocrx_word' id='word_1_597' title='bbox 618 4404 670 4457; x_wconf 91' lang='lat' dir='ltr'><strong>in</strong></span> <span class='ocrx_word' id='word_1_598' title='bbox 721 4411 920 4460; x_wconf 89' lang='lat' dir='ltr'><strong>terram</strong></span> <span class='ocrx_word' id='word_1_599' title='bbox 971 4408 1137 4463; x_wconf 85' lang='lat' dir='ltr'><strong>fundi.</strong></span> <span class='ocrx_word' id='word_1_600' title='bbox 1185 4408 1335 4477; x_wconf 86' lang='lat' dir='ltr'><strong>Quod</strong></span> <span class='ocrx_word' id='word_1_601' title='bbox 1379 4412 1595 4482; x_wconf 86' lang='lat' dir='ltr'><strong>quidem</strong></span> <span class='ocrx_word' id='word_1_602' title='bbox 1631 4422 1686 4467; x_wconf 89' lang='lat' dir='ltr'><strong>ct</strong></span> 
     </span>
    </p>
   </div>
   <div class='ocr_carea' id='block_1_75' title="bbox 117 4493 1682 4571">
    <p class='ocr_par' dir='ltr' id='par_1_75' title="bbox 117 4493 1682 4571">
     <span class='ocr_line' id='line_1_75' title="bbox 117 4493 1682 4571; baseline 0.012 -33"><span class='ocrx_word' id='word_1_603' title='bbox 117 4493 209 4541; x_wconf 87' lang='lat' dir='ltr'><strong>sine</strong></span> <span class='ocrx_word' id='word_1_604' title='bbox 235 4493 476 4559; x_wconf 88' lang='lat' dir='ltr'><strong>periculo</strong></span> <span class='ocrx_word' id='word_1_605' title='bbox 515 4496 626 4549; x_wconf 86' lang='lat' dir='ltr'><strong>hec</strong></span> <span class='ocrx_word' id='word_1_606' title='bbox 655 4506 864 4566; x_wconf 81' lang='lat' dir='ltr'><strong>gestum</strong></span> <span class='ocrx_word' id='word_1_607' title='bbox 903 4508 1004 4560; x_wconf 90' lang='lat' dir='ltr'><strong>est,</strong></span> <span class='ocrx_word' id='word_1_608' title='bbox 1041 4514 1146 4554; x_wconf 92' lang='lat' dir='ltr'><strong>non</strong></span> <span class='ocrx_word' id='word_1_609' title='bbox 1176 4502 1539 4571; x_wconf 77' lang='lat' dir='ltr'><strong>paucis,-qu:e</strong></span> <span class='ocrx_word' id='word_1_610' title='bbox 1579 4517 1682 4557; x_wconf 91' lang='lat' dir='ltr'><strong>non</strong></span> 
     </span>
    </p>
   </div>
   <div class='ocr_carea' id='block_1_76' title="bbox 1780 3403 3370 3473">
    <p class='ocr_par' dir='ltr' id='par_1_76' title="bbox 1780 3403 3370 3473">
     <span class='ocr_line' id='line_1_76' title="bbox 1780 3403 3370 3473; baseline -0.008 -9"><span class='ocrx_word' id='word_1_611' title='bbox 1780 3417 1834 3465; x_wconf 80' lang='lat' dir='ltr'><strong>et</strong></span> <span class='ocrx_word' id='word_1_612' title='bbox 1869 3425 1972 3462; x_wconf 92' lang='lat' dir='ltr'><strong>non</strong></span> <span class='ocrx_word' id='word_1_613' title='bbox 2005 3418 2212 3462; x_wconf 90' lang='lat' dir='ltr'><strong>tantum</strong></span> <span class='ocrx_word' id='word_1_614' title='bbox 2247 3407 2302 3460; x_wconf 91' lang='lat' dir='ltr'><strong>in</strong></span> <span class='ocrx_word' id='word_1_615' title='bbox 2347 3405 2597 3459; x_wconf 81' lang='lat' dir='ltr'><strong>Calabria</strong></span> <span class='ocrx_word' id='word_1_616' title='bbox 2646 3417 2764 3473; x_wconf 70' lang='lat' dir='ltr'><strong>qua:</strong></span> <span class='ocrx_word' id='word_1_617' title='bbox 2791 3403 3002 3456; x_wconf 85' lang='lat' dir='ltr'><strong>subdita</strong></span> <span class='ocrx_word' id='word_1_618' title='bbox 3048 3410 3130 3454; x_wconf 88' lang='lat' dir='ltr'><strong>est</strong></span> <span class='ocrx_word' id='word_1_619' title='bbox 3163 3408 3370 3467; x_wconf 68' lang='lat' dir='ltr'><strong>magna:</strong></span> 
     </span>
    </p>
   </div>
   <div class='ocr_carea' id='block_1_77' title="bbox 1783 3487 3368 3564">
    <p class='ocr_par' dir='ltr' id='par_1_77' title="bbox 1783 3487 3368 3564">
     <span class='ocr_line' id='line_1_77' title="bbox 1783 3487 3368 3564; baseline -0.008 -11"><span class='ocrx_word' id='word_1_620' title='bbox 1783 3499 1901 3554; x_wconf 85' lang='lat' dir='ltr'><strong>urbi</strong></span> <span class='ocrx_word' id='word_1_621' title='bbox 1962 3499 2325 3552; x_wconf 75' lang='lat' dir='ltr'><strong>Romanorum</strong></span> <span class='ocrx_word' id='word_1_622' title='bbox 2351 3537 2364 3560; x_wconf 94' lang='lat'><strong>,</strong></span> <span class='ocrx_word' id='word_1_623' title='bbox 2398 3496 2489 3550; x_wconf 84' lang='lat' dir='ltr'><strong>sed</strong></span> <span class='ocrx_word' id='word_1_624' title='bbox 2515 3505 2568 3549; x_wconf 85' lang='lat' dir='ltr'><strong>et</strong></span> <span class='ocrx_word' id='word_1_625' title='bbox 2602 3495 2652 3548; x_wconf 90' lang='lat' dir='ltr'><strong>in</strong></span> <span class='ocrx_word' id='word_1_626' title='bbox 2692 3493 2938 3564; x_wconf 88' lang='lat' dir='ltr'><strong>plurimis</strong></span> <span class='ocrx_word' id='word_1_627' title='bbox 2969 3490 3264 3544; x_wconf 87' lang='lat' dir='ltr'><strong>insularum</strong></span> <span class='ocrx_word' id='word_1_628' title='bbox 3314 3487 3368 3541; x_wconf 85' lang='lat' dir='ltr'><strong>in</strong></span> 
     </span>
    </p>
   </div>
   <div class='ocr_carea' id='block_1_78' title="bbox 1783 3578 3366 3658">
    <p class='ocr_par' dir='ltr' id='par_1_78' title="bbox 1783 3578 3366 3658">
     <span class='ocr_line' id='line_1_78' title="bbox 1783 3578 3366 3658; baseline -0.006 -20"><span class='ocrx_word' id='word_1_629' title='bbox 1783 3589 1978 3658; x_wconf 83' lang='lat' dir='ltr'><strong>quibus</strong></span> <span class='ocrx_word' id='word_1_630' title='bbox 2009 3604 2106 3642; x_wconf 89' lang='lat' dir='ltr'><strong>nos</strong></span> <span class='ocrx_word' id='word_1_631' title='bbox 2136 3588 2218 3639; x_wconf 89' lang='lat' dir='ltr'><strong>vel</strong></span> <span class='ocrx_word' id='word_1_632' title='bbox 2245 3586 2415 3639; x_wconf 89' lang='lat' dir='ltr'><strong>tribus</strong></span> <span class='ocrx_word' id='word_1_633' title='bbox 2439 3583 2715 3637; x_wconf 86' lang='lat' dir='ltr'><strong>mensibus</strong></span> <span class='ocrx_word' id='word_1_634' title='bbox 2743 3589 2963 3650; x_wconf 89' lang='lat' dir='ltr'><strong>peccata</strong></span> <span class='ocrx_word' id='word_1_635' title='bbox 2989 3578 3366 3648; x_wconf 78' lang='lat' dir='ltr'><strong>impedierunt,</strong></span> 
     </span>
    </p>
   </div>
   <div class='ocr_carea' id='block_1_79' title="bbox 1783 3671 3370 3750">
    <p class='ocr_par' dir='ltr' id='par_1_79' title="bbox 1783 3671 3370 3750">
     <span class='ocr_line' id='line_1_79' title="bbox 1783 3671 3370 3750; baseline -0.008 -15"><span class='ocrx_word' id='word_1_636' title='bbox 1783 3681 1982 3735; x_wconf 81' lang='lat' dir='ltr'><strong>nullam</strong></span> <span class='ocrx_word' id='word_1_637' title='bbox 2010 3678 2440 3750; x_wconf 84' lang='lat' dir='ltr'><strong>compassionem</strong></span> <span class='ocrx_word' id='word_1_638' title='bbox 2476 3676 2701 3744; x_wconf 78' lang='lat' dir='ltr'><strong>adeptus</strong></span> <span class='ocrx_word' id='word_1_639' title='bbox 2722 3690 2842 3729; x_wconf 89' lang='lat' dir='ltr'><strong>sum</strong></span> <span class='ocrx_word' id='word_1_640' title='bbox 2877 3692 2889 3726; x_wconf 92' lang='lat'><strong>:</strong></span> <span class='ocrx_word' id='word_1_641' title='bbox 2925 3681 3150 3742; x_wconf 78' lang='lat' dir='ltr'><strong>excepto</strong></span> <span class='ocrx_word' id='word_1_642' title='bbox 3181 3671 3370 3724; x_wconf 84' lang='lat' dir='ltr'><strong>dunta-</strong></span> 
     </span>
    </p>
   </div>
   <div class='ocr_carea' id='block_1_80' title="bbox 1783 3760 3368 3836">
    <p class='ocr_par' dir='ltr' id='par_1_80' title="bbox 1783 3760 3368 3836">
     <span class='ocr_line' id='line_1_80' title="bbox 1783 3760 3368 3836; baseline -0.007 -13"><span class='ocrx_word' id='word_1_643' title='bbox 1783 3779 1875 3823; x_wconf 81' lang='lat' dir='ltr'><strong>xat</strong></span> <span class='ocrx_word' id='word_1_644' title='bbox 1908 3769 1959 3820; x_wconf 90' lang='lat' dir='ltr'><strong>in</strong></span> <span class='ocrx_word' id='word_1_645' title='bbox 2003 3767 2174 3822; x_wconf 88' lang='lat' dir='ltr'><strong>insula</strong></span> <span class='ocrx_word' id='word_1_646' title='bbox 2214 3766 2383 3820; x_wconf 78' lang='lat' dir='ltr'><strong>Naxia</strong></span> <span class='ocrx_word' id='word_1_647' title='bbox 2409 3807 2422 3829; x_wconf 95' lang='lat'><strong>,</strong></span> <span class='ocrx_word' id='word_1_648' title='bbox 2469 3765 2722 3836; x_wconf 88' lang='lat' dir='ltr'><strong>quoniam</strong></span> <span class='ocrx_word' id='word_1_649' title='bbox 2753 3763 2826 3819; x_wconf 88' lang='lat' dir='ltr'><strong>ibi</strong></span> <span class='ocrx_word' id='word_1_650' title='bbox 2876 3778 3075 3816; x_wconf 91' lang='lat' dir='ltr'><strong>anuum</strong></span> <span class='ocrx_word' id='word_1_651' title='bbox 3120 3760 3368 3820; x_wconf 83' lang='lat' dir='ltr'><strong>fecimus,</strong></span> 
     </span>
    </p>
   </div>
   <div class='ocr_carea' id='block_1_81' title="bbox 1784 3851 3372 3922">
    <p class='ocr_par' dir='ltr' id='par_1_81' title="bbox 1784 3851 3372 3922">
     <span class='ocr_line' id='line_1_81' title="bbox 1784 3851 3372 3922; baseline -0.009 -7"><span class='ocrx_word' id='word_1_652' title='bbox 1784 3861 1952 3916; x_wconf 88' lang='lat' dir='ltr'><strong>merui</strong></span> <span class='ocrx_word' id='word_1_653' title='bbox 1977 3860 2142 3913; x_wconf 88' lang='lat' dir='ltr'><strong>lavari</strong></span> <span class='ocrx_word' id='word_1_654' title='bbox 2165 3860 2371 3913; x_wconf 86' lang='lat' dir='ltr'><strong>duobus</strong></span> <span class='ocrx_word' id='word_1_655' title='bbox 2392 3857 2474 3912; x_wconf 88' lang='lat' dir='ltr'><strong>vel</strong></span> <span class='ocrx_word' id='word_1_656' title='bbox 2500 3857 2672 3910; x_wconf 87' lang='lat' dir='ltr'><strong>tribus</strong></span> <span class='ocrx_word' id='word_1_657' title='bbox 2694 3853 2918 3916; x_wconf 88' lang='lat' dir='ltr'><strong>balneis,</strong></span> <span class='ocrx_word' id='word_1_658' title='bbox 2943 3861 2997 3906; x_wconf 87' lang='lat' dir='ltr'><strong>et</strong></span> <span class='ocrx_word' id='word_1_659' title='bbox 3020 3852 3158 3922; x_wconf 90' lang='lat' dir='ltr'><strong>apud</strong></span> <span class='ocrx_word' id='word_1_660' title='bbox 3183 3851 3372 3904; x_wconf 86' lang='lat' dir='ltr'><strong>urbem</strong></span> 
     </span>
    </p>
   </div>
   <div class='ocr_carea' id='block_1_82' title="bbox 1783 3942 3373 4020">
    <p class='ocr_par' dir='ltr' id='par_1_82' title="bbox 1783 3942 3373 4020">
     <span class='ocr_line' id='line_1_82' title="bbox 1783 3942 3373 4020; baseline -0.009 -15"><span class='ocrx_word' id='word_1_661' title='bbox 1783 3952 1954 4006; x_wconf 85' lang='lat' dir='ltr'><strong>mansi</strong></span> <span class='ocrx_word' id='word_1_662' title='bbox 2001 3952 2052 4005; x_wconf 91' lang='lat' dir='ltr'><strong>in</strong></span> <span class='ocrx_word' id='word_1_663' title='bbox 2086 3949 2320 4020; x_wconf 86' lang='lat' dir='ltr'><strong>hospitio</strong></span> <span class='ocrx_word' id='word_1_664' title='bbox 2351 3949 2604 4018; x_wconf 83' lang='lat' dir='ltr'><strong>quodam.</strong></span> <span class='ocrx_word' id='word_1_665' title='bbox 2655 3946 2721 3998; x_wconf 85' lang='lat' dir='ltr'><strong>Et</strong></span> <span class='ocrx_word' id='word_1_666' title='bbox 2759 3959 2884 3999; x_wconf 87' lang='lat' dir='ltr'><strong>ecce</strong></span> <span class='ocrx_word' id='word_1_667' title='bbox 2929 3942 3285 4013; x_wconf 75' lang='lat' dir='ltr'><strong>quadraginta</strong></span> <span class='ocrx_word' id='word_1_668' title='bbox 3318 3949 3373 3991; x_wconf 85' lang='lat' dir='ltr'><strong>et</strong></span> 
     </span>
    </p>
   </div>
   <div class='ocr_carea' id='block_1_83' title="bbox 1786 4033 3370 4112">
    <p class='ocr_par' dir='ltr' id='par_1_83' title="bbox 1786 4033 3370 4112">
     <span class='ocr_line' id='line_1_83' title="bbox 1786 4033 3370 4112; baseline -0.009 -16"><span class='ocrx_word' id='word_1_669' title='bbox 1786 4051 1991 4112; x_wconf 86' lang='lat' dir='ltr'><strong>septem</strong></span> <span class='ocrx_word' id='word_1_670' title='bbox 2016 4043 2131 4096; x_wconf 87' lang='lat' dir='ltr'><strong>dies</strong></span> <span class='ocrx_word' id='word_1_671' title='bbox 2157 4049 2282 4096; x_wconf 86' lang='lat' dir='ltr'><strong>sunt</strong></span> <span class='ocrx_word' id='word_1_672' title='bbox 2311 4041 2488 4103; x_wconf 86' lang='lat' dir='ltr'><strong>hodie,</strong></span> <span class='ocrx_word' id='word_1_673' title='bbox 2519 4053 2582 4092; x_wconf 79' lang='lat' dir='ltr'><strong>ex</strong></span> <span class='ocrx_word' id='word_1_674' title='bbox 2608 4053 2715 4106; x_wconf 91' lang='lat' dir='ltr'><strong>quo</strong></span> <span class='ocrx_word' id='word_1_675' title='bbox 2739 4053 2842 4090; x_wconf 92' lang='lat' dir='ltr'><strong>non</strong></span> <span class='ocrx_word' id='word_1_676' title='bbox 2873 4035 3042 4090; x_wconf 89' lang='lat' dir='ltr'><strong>merui</strong></span> <span class='ocrx_word' id='word_1_677' title='bbox 3074 4033 3244 4087; x_wconf 73' lang='lat' dir='ltr'><strong>calida</strong></span> <span class='ocrx_word' id='word_1_678' title='bbox 3272 4040 3370 4084; x_wconf 78' lang='lat' dir='ltr'><strong>nec</strong></span> 
     </span>
    </p>
   </div>
   <div class='ocr_carea' id='block_1_84' title="bbox 1785 4125 3371 4206">
    <p class='ocr_par' dir='ltr' id='par_1_84' title="bbox 1785 4125 3371 4206">
     <span class='ocr_line' id='line_1_84' title="bbox 1785 4125 3371 4206; baseline -0.01 -17"><span class='ocrx_word' id='word_1_679' title='bbox 1785 4135 1977 4206; x_wconf 82' lang='lat' dir='ltr'><strong>frigida</strong></span> <span class='ocrx_word' id='word_1_680' title='bbox 2011 4146 2146 4203; x_wconf 87' lang='lat' dir='ltr'><strong>aqua</strong></span> <span class='ocrx_word' id='word_1_681' title='bbox 2182 4134 2359 4201; x_wconf 78' lang='lat' dir='ltr'><strong>rigare</strong></span> <span class='ocrx_word' id='word_1_682' title='bbox 2403 4147 2507 4194; x_wconf 83' lang='lat' dir='ltr'><strong>me,</strong></span> <span class='ocrx_word' id='word_1_683' title='bbox 2541 4139 2595 4184; x_wconf 91' lang='lat' dir='ltr'><strong>et</strong></span> <span class='ocrx_word' id='word_1_684' title='bbox 2633 4127 2813 4184; x_wconf 73' lang='lat' dir='ltr'><strong>eflluxi</strong></span> <span class='ocrx_word' id='word_1_685' title='bbox 2844 4137 2899 4182; x_wconf 91' lang='lat' dir='ltr'><strong>et</strong></span> <span class='ocrx_word' id='word_1_686' title='bbox 2944 4125 3162 4194; x_wconf 80' lang='lat' dir='ltr'><strong>refrigui</strong></span> <span class='ocrx_word' id='word_1_687' title='bbox 3203 4133 3371 4181; x_wconf 72' lang='lat' dir='ltr'><strong>totus,</strong></span> 
     </span>
    </p>
   </div>
   <div class='ocr_carea' id='block_1_85' title="bbox 1784 4217 3373 4298">
    <p class='ocr_par' dir='ltr' id='par_1_85' title="bbox 1784 4217 3373 4298">
     <span class='ocr_line' id='line_1_85' title="bbox 1784 4217 3373 4298; baseline -0.012 -17"><span class='ocrx_word' id='word_1_688' title='bbox 1784 4226 2039 4298; x_wconf 80' lang='lat' dir='ltr'><strong>quoniam</strong></span> <span class='ocrx_word' id='word_1_689' title='bbox 2073 4224 2277 4277; x_wconf 90' lang='lat' dir='ltr'><strong>ventris</strong></span> <span class='ocrx_word' id='word_1_690' title='bbox 2321 4221 2460 4276; x_wconf 81' lang='lat' dir='ltr'><strong>liuor</strong></span> <span class='ocrx_word' id='word_1_691' title='bbox 2487 4231 2542 4275; x_wconf 89' lang='lat' dir='ltr'><strong>et</strong></span> <span class='ocrx_word' id='word_1_692' title='bbox 2574 4221 2626 4274; x_wconf 91' lang='lat' dir='ltr'><strong>in</strong></span> <span class='ocrx_word' id='word_1_693' title='bbox 2670 4219 2792 4273; x_wconf 88' lang='lat' dir='ltr'><strong>navi</strong></span> <span class='ocrx_word' id='word_1_694' title='bbox 2841 4226 2896 4269; x_wconf 85' lang='lat' dir='ltr'><strong>et</strong></span> <span class='ocrx_word' id='word_1_695' title='bbox 2933 4217 2986 4270; x_wconf 88' lang='lat' dir='ltr'><strong>in</strong></span> <span class='ocrx_word' id='word_1_696' title='bbox 3034 4224 3176 4268; x_wconf 86' lang='lat' dir='ltr'><strong>terra</strong></span> <span class='ocrx_word' id='word_1_697' title='bbox 3204 4221 3373 4279; x_wconf 87' lang='lat' dir='ltr'><strong>usque</strong></span> 
     </span>
    </p>
   </div>
   <div class='ocr_carea' id='block_1_86' title="bbox 1764 4304 3375 4390">
    <p class='ocr_par' dir='ltr' id='par_1_86' title="bbox 1764 4304 3375 4390">
     <span class='ocr_line' id='line_1_86' title="bbox 1764 4304 3375 4390; baseline -0.014 -14"><span class='ocrx_word' id='word_1_698' title='bbox 1764 4323 1852 4375; x_wconf 65' lang='lat' dir='ltr'><strong>‘ad</strong></span> <span class='ocrx_word' id='word_1_699' title='bbox 1883 4328 2203 4390; x_wconf 64' lang='lat' dir='ltr'><strong>pra&#39;scntem</strong></span> <span class='ocrx_word' id='word_1_700' title='bbox 2231 4317 2418 4370; x_wconf 84' lang='lat' dir='ltr'><strong>horam</strong></span> <span class='ocrx_word' id='word_1_701' title='bbox 2444 4312 2684 4382; x_wconf 88' lang='lat' dir='ltr'><strong>requiem</strong></span> <span class='ocrx_word' id='word_1_702' title='bbox 2725 4310 2853 4363; x_wconf 89' lang='lat' dir='ltr'><strong>mihi</strong></span> <span class='ocrx_word' id='word_1_703' title='bbox 2881 4308 3102 4361; x_wconf 90' lang='lat' dir='ltr'><strong>omnino</strong></span> <span class='ocrx_word' id='word_1_704' title='bbox 3139 4320 3242 4356; x_wconf 87' lang='lat' dir='ltr'><strong>non</strong></span> <span class='ocrx_word' id='word_1_705' title='bbox 3280 4304 3375 4356; x_wconf 39' lang='lat' dir='ltr'><strong>des</strong></span> 
     </span>
    </p>
   </div>
   <div class='ocr_carea' id='block_1_87' title="bbox 1787 4398 3372 4477">
    <p class='ocr_par' dir='ltr' id='par_1_87' title="bbox 1787 4398 3372 4477">
     <span class='ocr_line' id='line_1_87' title="bbox 1787 4398 3372 4477; baseline -0.016 -8"><span class='ocrx_word' id='word_1_706' title='bbox 1787 4415 1904 4468; x_wconf 87' lang='lat' dir='ltr'><strong>dit:</strong></span> <span class='ocrx_word' id='word_1_707' title='bbox 1941 4421 1996 4466; x_wconf 89' lang='lat' dir='ltr'><strong>et</strong></span> <span class='ocrx_word' id='word_1_708' title='bbox 2038 4411 2091 4464; x_wconf 93' lang='lat' dir='ltr'><strong>in</strong></span> <span class='ocrx_word' id='word_1_709' title='bbox 2123 4411 2236 4477; x_wconf 90' lang='lat' dir='ltr'><strong>ipsa</strong></span> <span class='ocrx_word' id='word_1_710' title='bbox 2279 4419 2496 4476; x_wconf 87' lang='lat' dir='ltr'><strong>quoque</strong></span> <span class='ocrx_word' id='word_1_711' title='bbox 2541 4399 2878 4455; x_wconf 86' lang='lat' dir='ltr'><strong>necessitatis</strong></span> <span class='ocrx_word' id='word_1_712' title='bbox 2909 4413 3040 4450; x_wconf 70' lang='lat' dir='ltr'><strong>mea}</strong></span> <span class='ocrx_word' id='word_1_713' title='bbox 3083 4398 3212 4448; x_wconf 86' lang='lat' dir='ltr'><strong>hora</strong></span> <span class='ocrx_word' id='word_1_714' title='bbox 3247 4408 3372 4446; x_wconf 90' lang='lat' dir='ltr'><strong>cum</strong></span> 
     </span>
    </p>
   </div>
   <div class='ocr_carea' id='block_1_88' title="bbox 1788 4498 3373 4575">
    <p class='ocr_par' dir='ltr' id='par_1_88' title="bbox 1788 4498 3373 4575">
     <span class='ocr_line' id='line_1_88' title="bbox 1788 4498 3373 4575; baseline -0.015 -17"><span class='ocrx_word' id='word_1_715' title='bbox 1788 4512 2098 4575; x_wconf 69' lang='lat' dir='ltr'><strong>gustaturus</strong></span> <span class='ocrx_word' id='word_1_716' title='bbox 2127 4513 2269 4562; x_wconf 88' lang='lat' dir='ltr'><strong>sum,</strong></span> <span class='ocrx_word' id='word_1_717' title='bbox 2304 4505 2448 4551; x_wconf 85' lang='lat' dir='ltr'><strong>totus</strong></span> <span class='ocrx_word' id='word_1_718' title='bbox 2471 4498 2860 4559; x_wconf 84' lang='lat' dir='ltr'><strong>conquassatus</strong></span> <span class='ocrx_word' id='word_1_719' title='bbox 2881 4502 3127 4554; x_wconf 72' lang='lat' dir='ltr'><strong>corpore,</strong></span> <span class='ocrx_word' id='word_1_720' title='bbox 3164 4502 3224 4538; x_wconf 90' lang='lat' dir='ltr'><strong>ea</strong></span> <span class='ocrx_word' id='word_1_721' title='bbox 3254 4499 3373 4550; x_wconf 77' lang='lat' dir='ltr'><strong>qua:</strong></span> 
     </span>
    </p>
   </div>
   <div class='ocr_carea' id='block_1_89' title="bbox 115 4575 3372 4689">
    <p class='ocr_par' dir='ltr' id='par_1_89' title="bbox 115 4575 3372 4689">
     <span class='ocr_line' id='line_1_89' title="bbox 115 4575 3372 4689; baseline -0.004 -56"><span class='ocrx_word' id='word_1_722' title='bbox 115 4581 399 4648; x_wconf 83' lang='lat' dir='ltr'><strong>placuerunt</strong></span> <span class='ocrx_word' id='word_1_723' title='bbox 454 4591 604 4651; x_wconf 89' lang='lat' dir='ltr'><strong>Deo,</strong></span> <span class='ocrx_word' id='word_1_724' title='bbox 654 4591 810 4646; x_wconf 89' lang='lat' dir='ltr'><strong>malis</strong></span> <span class='ocrx_word' id='word_1_725' title='bbox 849 4592 1072 4648; x_wconf 77' lang='lat' dir='ltr'><strong>efl‘cctis.</strong></span> <span class='ocrx_word' id='word_1_726' title='bbox 1113 4595 1314 4650; x_wconf 87' lang='lat' dir='ltr'><strong>Eadem</strong></span> <span class='ocrx_word' id='word_1_727' title='bbox 1363 4597 1545 4667; x_wconf 84' lang='lat' dir='ltr'><strong>itaque</strong></span> <span class='ocrx_word' id='word_1_728' title='bbox 1589 4597 1684 4651; x_wconf 88' lang='lat' dir='ltr'><strong>ho-</strong></span> <span class='ocrx_word' id='word_1_729' title='bbox 1714 4611 1767 4689; x_wconf 65' lang='grc' dir='ltr'><strong>θ’</strong></span> <span class='ocrx_word' id='word_1_730' title='bbox 1791 4591 2090 4648; x_wconf 87' lang='lat' dir='ltr'><strong>necessaria</strong></span> <span class='ocrx_word' id='word_1_731' title='bbox 2121 4595 2246 4642; x_wconf 88' lang='lat' dir='ltr'><strong>sunt</strong></span> <span class='ocrx_word' id='word_1_732' title='bbox 2284 4583 2563 4654; x_wconf 87' lang='lat' dir='ltr'><strong>percipere</strong></span> <span class='ocrx_word' id='word_1_733' title='bbox 2586 4581 2652 4633; x_wconf 89' lang='lat' dir='ltr'><strong>ad</strong></span> <span class='ocrx_word' id='word_1_734' title='bbox 2687 4575 3097 4632; x_wconf 84' lang='lat' dir='ltr'><strong>confortandam</strong></span> <span class='ocrx_word' id='word_1_735' title='bbox 3128 4583 3372 4627; x_wconf 84' lang='lat' dir='ltr'><strong>naturam</strong></span> 
     </span>
    </p>
   </div>
   <div class='ocr_carea' id='block_1_90' title="bbox 116 4675 1686 4755">
    <p class='ocr_par' dir='ltr' id='par_1_90' title="bbox 116 4675 1686 4755">
     <span class='ocr_line' id='line_1_90' title="bbox 116 4675 1686 4755; baseline 0.011 -32"><span class='ocrx_word' id='word_1_736' title='bbox 116 4681 162 4723; x_wconf 75' lang='lat' dir='ltr'><strong>ra</strong></span> <span class='ocrx_word' id='word_1_737' title='bbox 204 4675 314 4730; x_wconf 84' lang='lat' dir='ltr'><strong>dedi</strong></span> <span class='ocrx_word' id='word_1_738' title='bbox 365 4695 454 4732; x_wconf 89' lang='lat' dir='ltr'><strong>me</strong></span> <span class='ocrx_word' id='word_1_739' title='bbox 507 4680 685 4749; x_wconf 85' lang='lat' dir='ltr'><strong>ipsum</strong></span> <span class='ocrx_word' id='word_1_740' title='bbox 735 4681 800 4734; x_wconf 83' lang='lat' dir='ltr'><strong>ad</strong></span> <span class='ocrx_word' id='word_1_741' title='bbox 841 4683 1202 4739; x_wconf 81' lang='lat' dir='ltr'><strong>exhibendum</strong></span> <span class='ocrx_word' id='word_1_742' title='bbox 1241 4686 1586 4755; x_wconf 88' lang='lat' dir='ltr'><strong>imperatori,</strong></span> <span class='ocrx_word' id='word_1_743' title='bbox 1630 4698 1686 4740; x_wconf 82' lang='lat' dir='ltr'><strong>et</strong></span> 
     </span>
    </p>
   </div>
   <div class='ocr_carea' id='block_1_91' title="bbox 115 4767 1684 4843">
    <p class='ocr_par' dir='ltr' id='par_1_91' title="bbox 115 4767 1684 4843">
     <span class='ocr_line' id='line_1_91' title="bbox 115 4767 1684 4843; baseline 0.014 -32"><span class='ocrx_word' id='word_1_744' title='bbox 115 4776 199 4814; x_wconf 81' lang='lat' dir='ltr'><strong>non</strong></span> <span class='ocrx_word' id='word_1_745' title='bbox 229 4767 612 4824; x_wconf 80' lang='lat' dir='ltr'><strong>resistendum.</strong></span> <span class='ocrx_word' id='word_1_746' title='bbox 653 4769 823 4826; x_wconf 80' lang='lat' dir='ltr'><strong>Porro</strong></span> <span class='ocrx_word' id='word_1_747' title='bbox 854 4774 1278 4831; x_wconf 85' lang='lat' dir='ltr'><strong>acclamantibus</strong></span> <span class='ocrx_word' id='word_1_748' title='bbox 1307 4777 1435 4831; x_wconf 88' lang='lat' dir='ltr'><strong>mihi</strong></span> <span class='ocrx_word' id='word_1_749' title='bbox 1458 4820 1472 4843; x_wconf 90' lang='lat'><strong>,</strong></span> <span class='ocrx_word' id='word_1_750' title='bbox 1502 4789 1559 4832; x_wconf 92' lang='lat' dir='ltr'><strong>ut</strong></span> <span class='ocrx_word' id='word_1_751' title='bbox 1589 4793 1684 4832; x_wconf 59' lang='lat' dir='ltr'><strong>ven</strong></span> 
     </span>
    </p>
   </div>
   <div class='ocr_carea' id='block_1_92' title="bbox 117 4850 1683 4931">
    <p class='ocr_par' dir='ltr' id='par_1_92' title="bbox 117 4850 1683 4931">
     <span class='ocr_line' id='line_1_92' title="bbox 117 4850 1683 4931; baseline 0.013 -30"><span class='ocrx_word' id='word_1_752' title='bbox 117 4850 302 4909; x_wconf 74' lang='lat' dir='ltr'><strong>ritatem</strong></span> <span class='ocrx_word' id='word_1_753' title='bbox 353 4859 578 4925; x_wconf 88' lang='lat' dir='ltr'><strong>dicam,</strong></span> <span class='ocrx_word' id='word_1_754' title='bbox 635 4861 956 4931; x_wconf 85' lang='lat' dir='ltr'><strong>quibusdam</strong></span> <span class='ocrx_word' id='word_1_755' title='bbox 1012 4881 1078 4919; x_wconf 77' lang='lat' dir='ltr'><strong>ex</strong></span> <span class='ocrx_word' id='word_1_756' title='bbox 1131 4865 1278 4922; x_wconf 89' lang='lat' dir='ltr'><strong>clero</strong></span> <span class='ocrx_word' id='word_1_757' title='bbox 1328 4881 1395 4920; x_wconf 89' lang='lat' dir='ltr'><strong>ne</strong></span> <span class='ocrx_word' id='word_1_758' title='bbox 1447 4867 1683 4924; x_wconf 82' lang='lat' dir='ltr'><strong>facerem</strong></span> 
     </span>
    </p>
   </div>
   <div class='ocr_carea' id='block_1_93' title="bbox 118 4940 1686 5023">
    <p class='ocr_par' dir='ltr' id='par_1_93' title="bbox 118 4940 1686 5023">
     <span class='ocr_line' id='line_1_93' title="bbox 118 4940 1686 5023; baseline 0.014 -30"><span class='ocrx_word' id='word_1_759' title='bbox 118 4940 217 5005; x_wconf 77' lang='lat' dir='ltr'><strong>hac,</strong></span> <span class='ocrx_word' id='word_1_760' title='bbox 264 4949 388 5001; x_wconf 86' lang='lat' dir='ltr'><strong>nulli</strong></span> <span class='ocrx_word' id='word_1_761' title='bbox 443 4967 638 5005; x_wconf 86' lang='lat' dir='ltr'><strong>eorum</strong></span> <span class='ocrx_word' id='word_1_762' title='bbox 689 4957 1093 5011; x_wconf 86' lang='lat' dir='ltr'><strong>accommodavi</strong></span> <span class='ocrx_word' id='word_1_763' title='bbox 1136 4973 1343 5023; x_wconf 87' lang='lat' dir='ltr'><strong>aurem,</strong></span> <span class='ocrx_word' id='word_1_764' title='bbox 1384 4973 1451 5016; x_wconf 88' lang='lat' dir='ltr'><strong>ne</strong></span> <span class='ocrx_word' id='word_1_765' title='bbox 1506 4962 1686 5016; x_wconf 87' lang='lat' dir='ltr'><strong>subito</strong></span> 
     </span>
    </p>
   </div>
   <div class='ocr_carea' id='block_1_94' title="bbox 118 5035 1688 5109">
    <p class='ocr_par' dir='ltr' id='par_1_94' title="bbox 118 5035 1688 5109">
     <span class='ocr_line' id='line_1_94' title="bbox 118 5035 1688 5109; baseline 0.015 -23"><span class='ocrx_word' id='word_1_766' title='bbox 118 5035 277 5094; x_wconf 66' lang='lat' dir='ltr'><strong>ﬁerent</strong></span> <span class='ocrx_word' id='word_1_767' title='bbox 317 5044 633 5099; x_wconf 88' lang='lat' dir='ltr'><strong>homicidia.</strong></span> <span class='ocrx_word' id='word_1_768' title='bbox 681 5045 788 5100; x_wconf 90' lang='lat' dir='ltr'><strong>Sed</strong></span> <span class='ocrx_word' id='word_1_769' title='bbox 817 5048 925 5101; x_wconf 80' lang='lat' dir='ltr'><strong>dix-i</strong></span> <span class='ocrx_word' id='word_1_770' title='bbox 974 5049 1078 5106; x_wconf 89' lang='lat' dir='ltr'><strong>illis</strong></span> <span class='ocrx_word' id='word_1_771' title='bbox 1106 5068 1120 5106; x_wconf 93' lang='lat'>:</span> <span class='ocrx_word' id='word_1_772' title='bbox 1149 5051 1324 5108; x_wconf 86' lang='lat' dir='ltr'><strong>Sinite</strong></span> <span class='ocrx_word' id='word_1_773' title='bbox 1359 5067 1566 5108; x_wconf 88' lang='lat' dir='ltr'><strong>mecmn</strong></span> <span class='ocrx_word' id='word_1_774' title='bbox 1597 5069 1688 5109; x_wconf 86' lang='lat' dir='ltr'><strong>ve-</strong></span> 
     </span>
    </p>
   </div>
   <div class='ocr_carea' id='block_1_95' title="bbox 117 5127 1686 5214">
    <p class='ocr_par' dir='ltr' id='par_1_95' title="bbox 117 5127 1686 5214">
     <span class='ocr_line' id='line_1_95' title="bbox 117 5127 1686 5214; baseline 0.014 -39"><span class='ocrx_word' id='word_1_775' title='bbox 117 5127 211 5182; x_wconf 79' lang='lat' dir='ltr'><strong>nire</strong></span> <span class='ocrx_word' id='word_1_776' title='bbox 236 5147 295 5186; x_wconf 76' lang='lat' dir='ltr'><strong>ex</strong></span> <span class='ocrx_word' id='word_1_777' title='bbox 337 5135 525 5198; x_wconf 88' lang='lat' dir='ltr'><strong>clero,</strong></span> <span class='ocrx_word' id='word_1_778' title='bbox 565 5137 656 5206; x_wconf 85' lang='lat' dir='ltr'><strong>qui</strong></span> <span class='ocrx_word' id='word_1_779' title='bbox 711 5139 998 5192; x_wconf 87' lang='lat' dir='ltr'><strong>necessarii</strong></span> <span class='ocrx_word' id='word_1_780' title='bbox 1040 5143 1169 5198; x_wconf 91' lang='lat' dir='ltr'><strong>mihi</strong></span> <span class='ocrx_word' id='word_1_781' title='bbox 1210 5149 1365 5206; x_wconf 90' lang='lat' dir='ltr'><strong>sunt,</strong></span> <span class='ocrx_word' id='word_1_782' title='bbox 1405 5145 1686 5214; x_wconf 87' lang='lat' dir='ltr'><strong>episcopos</strong></span> 
     </span>
    </p>
   </div>
   <div class='ocr_carea' id='block_1_96' title="bbox 117 5221 1684 5305">
    <p class='ocr_par' dir='ltr' id='par_1_96' title="bbox 117 5221 1684 5305">
     <span class='ocr_line' id='line_1_96' title="bbox 117 5221 1684 5305; baseline 0.015 -35"><span class='ocrx_word' id='word_1_783' title='bbox 117 5221 364 5289; x_wconf 78' lang='lat' dir='ltr'><strong>videlicet,</strong></span> <span class='ocrx_word' id='word_1_784' title='bbox 396 5231 788 5301; x_wconf 82' lang='lat' dir='ltr'><strong>presbyteros,</strong></span> <span class='ocrx_word' id='word_1_785' title='bbox 821 5241 872 5283; x_wconf 87' lang='lat' dir='ltr'><strong>et</strong></span> <span class='ocrx_word' id='word_1_786' title='bbox 914 5230 1164 5292; x_wconf 86' lang='lat' dir='ltr'><strong>diaconos</strong></span> <span class='ocrx_word' id='word_1_787' title='bbox 1185 5278 1200 5302; x_wconf 92' lang='lat'><strong>,</strong></span> <span class='ocrx_word' id='word_1_788' title='bbox 1233 5241 1290 5287; x_wconf 88' lang='lat' dir='ltr'><strong>ct</strong></span> <span class='ocrx_word' id='word_1_789' title='bbox 1315 5233 1559 5292; x_wconf 86' lang='lat' dir='ltr'><strong>absolute</strong></span> <span class='ocrx_word' id='word_1_790' title='bbox 1593 5235 1684 5305; x_wconf 80' lang='lat' dir='ltr'><strong>qui</strong></span> 
     </span>
    </p>
   </div>
   <div class='ocr_carea' id='block_1_97' title="bbox 117 5313 1309 5392">
    <p class='ocr_par' dir='ltr' id='par_1_97' title="bbox 117 5313 1309 5392">
     <span class='ocr_line' id='line_1_97' title="bbox 117 5313 1309 5392; baseline 0.007 -30"><span class='ocrx_word' id='word_1_791' title='bbox 117 5313 224 5369; x_wconf 87' lang='lat' dir='ltr'><strong>mihi</strong></span> <span class='ocrx_word' id='word_1_792' title='bbox 269 5320 543 5376; x_wconf 85' lang='lat' dir='ltr'><strong>videntur.</strong></span> <span class='ocrx_word' id='word_1_793' title='bbox 594 5322 896 5392; x_wconf 81' lang='lat' dir='ltr'><strong>Respondit</strong></span> <span class='ocrx_word' id='word_1_794' title='bbox 939 5323 1202 5383; x_wconf 73' lang='lat' dir='ltr'><strong>Callinmc</strong></span> <span class='ocrx_word' id='word_1_795' title='bbox 1235 5343 1248 5356; x_wconf 80' lang='grc' dir='ltr'><strong><em>ο</em></strong></span> <span class='ocrx_word' id='word_1_796' title='bbox 1280 5326 1309 5363; x_wconf 61' lang='grc' dir='ltr'>Γ</span> 
     </span>
    </p>
   </div>
   <div class='ocr_carea' id='block_1_98' title="bbox 114 5401 806 5468">
    <p class='ocr_par' dir='ltr' id='par_1_98' title="bbox 114 5401 806 5468">
     <span class='ocr_line' id='line_1_98' title="bbox 114 5401 806 5468; baseline 0.017 -14"><span class='ocrx_word' id='word_1_797' title='bbox 114 5401 285 5462; x_wconf 86' lang='lat' dir='ltr'><strong>luerint</strong></span> <span class='ocrx_word' id='word_1_798' title='bbox 331 5413 557 5468; x_wconf 87' lang='lat' dir='ltr'><strong>venire.</strong></span> <span class='ocrx_word' id='word_1_799' title='bbox 607 5427 739 5454; x_wconf 67' lang='lat' dir='ltr'><strong>em“</strong></span> <span class='ocrx_word' id='word_1_800' title='bbox 795 5412 806 5430; x_wconf 81' lang='lat'><strong><em>&#39;</em></strong></span> 
     </span>
    </p>
   </div>
   <div class='ocr_carea' id='block_1_99' title="bbox 1790 4670 3374 4748">
    <p class='ocr_par' dir='ltr' id='par_1_99' title="bbox 1790 4670 3374 4748">
     <span class='ocr_line' id='line_1_99' title="bbox 1790 4670 3374 4748; baseline -0.018 -9"><span class='ocrx_word' id='word_1_801' title='bbox 1790 4701 1894 4739; x_wconf 91' lang='lat' dir='ltr'><strong>non</strong></span> <span class='ocrx_word' id='word_1_802' title='bbox 1921 4683 2117 4747; x_wconf 89' lang='lat' dir='ltr'><strong>habeo,</strong></span> <span class='ocrx_word' id='word_1_803' title='bbox 2149 4678 2275 4748; x_wconf 87' lang='lat' dir='ltr'><strong>quia</strong></span> <span class='ocrx_word' id='word_1_804' title='bbox 2304 4675 2446 4746; x_wconf 89' lang='lat' dir='ltr'><strong>quod</strong></span> <span class='ocrx_word' id='word_1_805' title='bbox 2478 4672 2649 4726; x_wconf 87' lang='lat' dir='ltr'><strong>habeo</strong></span> <span class='ocrx_word' id='word_1_806' title='bbox 2681 4670 2839 4724; x_wconf 75' lang='lat' dir='ltr'><strong>ltedct</strong></span> <span class='ocrx_word' id='word_1_807' title='bbox 2870 4682 2954 4720; x_wconf 87' lang='lat' dir='ltr'><strong>me</strong></span> <span class='ocrx_word' id='word_1_808' title='bbox 2982 4681 3220 4726; x_wconf 86' lang='lat' dir='ltr'><strong>sumere,</strong></span> <span class='ocrx_word' id='word_1_809' title='bbox 3253 4678 3374 4714; x_wconf 88' lang='lat' dir='ltr'><strong>cum</strong></span> 
     </span>
    </p>
   </div>
   <div class='ocr_carea' id='block_1_100' title="bbox 1793 4755 3378 4840">
    <p class='ocr_par' dir='ltr' id='par_1_100' title="bbox 1793 4755 3378 4840">
     <span class='ocr_line' id='line_1_100' title="bbox 1793 4755 3378 4840; baseline -0.017 -10"><span class='ocrx_word' id='word_1_810' title='bbox 1793 4777 1843 4831; x_wconf 87' lang='lat' dir='ltr'><strong>id</strong></span> <span class='ocrx_word' id='word_1_811' title='bbox 1869 4772 2097 4828; x_wconf 86' lang='lat' dir='ltr'><strong>habeam</strong></span> <span class='ocrx_word' id='word_1_812' title='bbox 2128 4769 2344 4840; x_wconf 87' lang='lat' dir='ltr'><strong>penitus</strong></span> <span class='ocrx_word' id='word_1_813' title='bbox 2372 4766 2424 4819; x_wconf 90' lang='lat' dir='ltr'><strong>in</strong></span> <span class='ocrx_word' id='word_1_814' title='bbox 2453 4763 2749 4818; x_wconf 86' lang='lat' dir='ltr'><strong>fastidium.</strong></span> <span class='ocrx_word' id='word_1_815' title='bbox 2781 4759 2888 4814; x_wconf 82' lang='lat' dir='ltr'><strong>Sed</strong></span> <span class='ocrx_word' id='word_1_816' title='bbox 2918 4761 3080 4815; x_wconf 80' lang='lat' dir='ltr'><strong>credo</strong></span> <span class='ocrx_word' id='word_1_817' title='bbox 3109 4760 3160 4813; x_wconf 89' lang='lat' dir='ltr'><strong>in</strong></span> <span class='ocrx_word' id='word_1_818' title='bbox 3205 4755 3378 4807; x_wconf 78' lang='lat' dir='ltr'><strong>virtu-</strong></span> 
     </span>
    </p>
   </div>
   <div class='ocr_carea' id='block_1_101' title="bbox 1757 4844 3378 4933">
    <p class='ocr_par' dir='ltr' id='par_1_101' title="bbox 1757 4844 3378 4933">
     <span class='ocr_line' id='line_1_101' title="bbox 1757 4844 3378 4933; baseline -0.018 -10"><span class='ocrx_word' id='word_1_819' title='bbox 1757 4893 1760 4895; x_wconf 92' lang='grc'><strong>·</strong></span> <span class='ocrx_word' id='word_1_820' title='bbox 1792 4879 1898 4924; x_wconf 89' lang='lat' dir='ltr'><strong>tem</strong></span> <span class='ocrx_word' id='word_1_821' title='bbox 1931 4866 2022 4920; x_wconf 87' lang='lat' dir='ltr'><strong>Dei</strong></span> <span class='ocrx_word' id='word_1_822' title='bbox 2053 4862 2143 4933; x_wconf 87' lang='lat' dir='ltr'><strong>qui</strong></span> <span class='ocrx_word' id='word_1_823' title='bbox 2179 4859 2357 4914; x_wconf 89' lang='lat' dir='ltr'><strong>omnia</strong></span> <span class='ocrx_word' id='word_1_824' title='bbox 2385 4855 2672 4926; x_wconf 87' lang='lat' dir='ltr'><strong>conspicit,</strong></span> <span class='ocrx_word' id='word_1_825' title='bbox 2700 4852 2824 4922; x_wconf 87' lang='lat' dir='ltr'><strong>quia</strong></span> <span class='ocrx_word' id='word_1_826' title='bbox 2851 4869 2976 4906; x_wconf 84' lang='lat' dir='ltr'><strong>cum</strong></span> <span class='ocrx_word' id='word_1_827' title='bbox 3021 4854 3083 4907; x_wconf 89' lang='lat' dir='ltr'><strong>de</strong></span> <span class='ocrx_word' id='word_1_828' title='bbox 3124 4844 3378 4920; x_wconf 78' lang='lat' dir='ltr'><strong>pra‘seuli</strong></span> 
     </span>
    </p>
   </div>
   <div class='ocr_carea' id='block_1_102' title="bbox 1791 4937 3383 5018">
    <p class='ocr_par' dir='ltr' id='par_1_102' title="bbox 1791 4937 3383 5018">
     <span class='ocr_line' id='line_1_102' title="bbox 1791 4937 3383 5018; baseline -0.018 -4"><span class='ocrx_word' id='word_1_829' title='bbox 1791 4961 1898 5014; x_wconf 88' lang='lat' dir='ltr'><strong>vita</strong></span> <span class='ocrx_word' id='word_1_830' title='bbox 1932 4959 2227 5012; x_wconf 87' lang='lat' dir='ltr'><strong>subductus</strong></span> <span class='ocrx_word' id='word_1_831' title='bbox 2281 4950 2456 5015; x_wconf 80' lang='lat' dir='ltr'><strong>fuero,</strong></span> <span class='ocrx_word' id='word_1_832' title='bbox 2497 4947 2848 5018; x_wconf 79' lang='lat' dir='ltr'><strong>exquirentur</strong></span> <span class='ocrx_word' id='word_1_833' title='bbox 2893 4945 2958 4997; x_wconf 88' lang='lat' dir='ltr'><strong>de</strong></span> <span class='ocrx_word' id='word_1_834' title='bbox 3009 4946 3091 4999; x_wconf 88' lang='lat' dir='ltr'><strong>bis</strong></span> <span class='ocrx_word' id='word_1_835' title='bbox 3132 4937 3383 4996; x_wconf 80' lang='lat' dir='ltr'><strong>omnibus</strong></span> 
     </span>
    </p>
   </div>
   <div class='ocr_carea' id='block_1_103' title="bbox 1793 5025 3387 5116">
    <p class='ocr_par' dir='ltr' id='par_1_103' title="bbox 1793 5025 3387 5116">
     <span class='ocr_line' id='line_1_103' title="bbox 1793 5025 3387 5116; baseline -0.019 -12"><span class='ocrx_word' id='word_1_836' title='bbox 1793 5048 1847 5104; x_wconf 90' lang='lat' dir='ltr'><strong>hi</strong></span> <span class='ocrx_word' id='word_1_837' title='bbox 1884 5047 1976 5116; x_wconf 88' lang='lat' dir='ltr'><strong>qui</strong></span> <span class='ocrx_word' id='word_1_838' title='bbox 2010 5059 2095 5100; x_wconf 87' lang='lat' dir='ltr'><strong>me</strong></span> <span class='ocrx_word' id='word_1_839' title='bbox 2130 5046 2546 5112; x_wconf 87' lang='lat' dir='ltr'><strong>persequuntur,</strong></span> <span class='ocrx_word' id='word_1_840' title='bbox 2579 5044 2637 5089; x_wconf 88' lang='lat' dir='ltr'><strong>ut</strong></span> <span class='ocrx_word' id='word_1_841' title='bbox 2665 5030 2851 5086; x_wconf 87' lang='lat' dir='ltr'><strong>saltem</strong></span> <span class='ocrx_word' id='word_1_842' title='bbox 2886 5033 2968 5088; x_wconf 88' lang='lat' dir='ltr'><strong>sic</strong></span> <span class='ocrx_word' id='word_1_843' title='bbox 3012 5035 3076 5088; x_wconf 90' lang='lat' dir='ltr'><strong>ad</strong></span> <span class='ocrx_word' id='word_1_844' title='bbox 3119 5025 3387 5102; x_wconf 58' lang='lat' dir='ltr'><strong>pteniteiu</strong></span> 
     </span>
    </p>
   </div>
   <div class='ocr_carea' id='block_1_104' title="bbox 1797 5130 3078 5199">
    <p class='ocr_par' dir='ltr' id='par_1_104' title="bbox 1797 5130 3078 5199">
     <span class='ocr_line' id='line_1_104' title="bbox 1797 5130 3078 5199; baseline -0.012 -3"><span class='ocrx_word' id='word_1_845' title='bbox 1797 5141 1925 5196; x_wconf 89' lang='lat' dir='ltr'><strong>tiam</strong></span> <span class='ocrx_word' id='word_1_846' title='bbox 1960 5137 2102 5192; x_wconf 86' lang='lat' dir='ltr'><strong>ducti</strong></span> <span class='ocrx_word' id='word_1_847' title='bbox 2133 5133 2200 5188; x_wconf 90' lang='lat' dir='ltr'><strong>ab</strong></span> <span class='ocrx_word' id='word_1_848' title='bbox 2228 5130 2512 5199; x_wconf 84' lang='lat' dir='ltr'><strong>iniquitate</strong></span> <span class='ocrx_word' id='word_1_849' title='bbox 2541 5143 2635 5183; x_wconf 88' lang='lat' dir='ltr'><strong>sua</strong></span> <span class='ocrx_word' id='word_1_850' title='bbox 2665 5132 3078 5182; x_wconf 74' lang='lat' dir='ltr'><strong>convertantur.</strong></span> 
     </span>
    </p>
   </div>
   <div class='ocr_carea' id='block_1_105' title="bbox 1867 5203 3386 5272">
    <p class='ocr_par' dir='ltr' id='par_1_105' title="bbox 1867 5203 3386 5272">
     <span class='ocr_line' id='line_1_105' title="bbox 1867 5203 3386 5272; baseline 0.005 -12"><span class='ocrx_word' id='word_1_851' title='bbox 1867 5229 2190 5272; x_wconf 63' lang='grc' dir='ltr'><strong>ςηιηρνευιεη</strong></span> <span class='ocrx_word' id='word_1_852' title='bbox 2234 5223 2559 5264; x_wconf 73' lang='grc' dir='ltr'><strong>Ιιπιηιιιῐηιιηὶ</strong></span> <span class='ocrx_word' id='word_1_853' title='bbox 2589 5231 2638 5264; x_wconf 76' lang='grc' dir='ltr'><strong>ιιι</strong></span> <span class='ocrx_word' id='word_1_854' title='bbox 2671 5214 2951 5270; x_wconf 70' lang='lat' dir='ltr'><strong>cuslmliat</strong></span> <span class='ocrx_word' id='word_1_855' title='bbox 2987 5221 3124 5272; x_wconf 63' lang='lat' dir='ltr'><strong>Deus</strong></span> <span class='ocrx_word' id='word_1_856' title='bbox 3182 5210 3249 5252; x_wconf 53' lang='lat' dir='ltr'><strong>ml</strong></span> <span class='ocrx_word' id='word_1_857' title='bbox 3280 5203 3386 5246; x_wconf 73' lang='grc'><strong>¹¹’¹¹·’</strong></span> 
     </span>
    </p>
   </div>
  </div>
