3916 5454
135 562 334 616 ferentes
349 562 409 616 de
432 558 605 618 lembo
630 578 923 634 posuerunt
953 568 1003 623 iu
1027 572 1343 642 gestatoria,
1367 575 1667 631 duxerunt-

130 667 216 723 que
238 651 283 705 in
308 646 595 708 custodiam
630 655 979 724 exciibitorii,
1033 677 1154 731 quas
1196 665 1614 734 cognominatur
1639 680 1666 709 δ

129 742 449 809 Prandearia;
477 754 532 800 et
574 745 701 802 fecit
749 763 872 803 eum
922 751 1217 809 inclausum
1245 757 1347 812 sub
1374 759 1541 816 multa
1571 778 1667 817 cu-

126 835 289 899 stodia,
333 837 640 907 prmcipiens
671 842 909 897 exmtliiti
935 844 1251 901 custodibus
1281 857 1340 903 ut
1366 850 1545 907 nullus
1572 867 1664 924 pe-

126 925 245 980 nitus
274 925 425 981 sciret
454 928 707 995 civitatis,
757 933 880 1001 quia
911 943 997 988 est
1050 936 1103 989 in
1151 938 1340 993 eodem
1386 941 1661 998 excubitu.

126 1012 245 1068 Fecit
259 1028 376 1082 ergo
394 1025 612 1071 sanctus
642 1018 783 1073 idem
814 1024 1143 1092 apostolicus
1172 1026 1409 1094 clausus,
1457 1041 1511 1086 et
1544 1034 1663 1089 sine

125 1102 492 1172 participatitme
534 1108 749 1176 penitus
787 1114 1057 1168 sermonis
1087 1115 1334 1185 alicujus.
1367 1124 1659 1194 nonaginta

121 1199 212 1245 tres
232 1191 352 1246 dies.
379 1193 574 1263 lnipsa
606 1212 734 1252 vero
781 1205 1132 1272 nonagesimo
1178 1208 1334 1261 tertia
1364 1210 1451 1265 die
1473 1252 1489 1276 ,
1516 1191 1661 1284 ‘qute

120 1292 186 1338 est
204 1284 303 1339 dies
337 1301 643 1355 parasceve,
692 1308 849 1346 mane
882 1294 1119 1351 tulerunt
1142 1315 1264 1353 cum
1294 1302 1360 1355 de
1388 1305 1655 1372 custodia,

121 1377 507 1433 constituendum
571 1381 624 1435 in
684 1384 816 1439 cella
876 1388 1145 1444 saccltnrii
1187 1391 1439 1460 jubentes
1486 1397 1659 1467 pridie

119 1467 363 1521 convenire
398 1481 613 1523 omnem
641 1482 912 1539 senatum,
937 1479 1082 1545 quod
1101 1488 1150 1533 et
1178 1479 1377 1536 factum
1402 1493 1505 1538 est.
1534 1483 1655 1541 Jus-

117 1563 457 1610 serunrautem
484 1573 609 1613 eum
659 1561 1128 1633 introducendum,
1158 1579 1211 1624 et
1243 1572 1656 1631 introduxerunt

119 1647 159 1699 in
194 1649 459 1716 portatoria
508 1651 640 1707 sella
675 1664 831 1709 :erat
858 1657 1002 1712 enim
1028 1661 1244 1728 penitus
1271 1680 1433 1735 niger,
1466 1668 1655 1737 praeci-

116 1752 196 1808 pue
216 1748 376 1796 autem
402 1743 510 1799 illis
540 1746 729 1803 diebus
754 1765 863 1818 prae
912 1753 1257 1825 navigatione.
1282 1769 1336 1812 et
1367 1759 1654 1817 alliictione

114 1834 325 1889 mstodite
347 1851 443 1905 per
473 1845 554 1891 tot
590 1838 708 1895 dies
748 1839 969 1899 eﬂ'ech.
1026 1846 1314 1905 lntendens
1362 1861 1543 1908 autem
1593 1855 1647 1911 in
1683 1847 1725 1907 Β

113 1938 211 1979 cum
234 1925 443 1995 primus,
475 1928 569 1997 qui
595 1932 919 2001 prresidebat
942 1938 1256 1996 sacellarius
1286 1957 1407 1997 cum
1428 1945 1648 2017 reliquis

111 2015 393 2086 principibus
419 2033 448 2071 a
475 2017 653 2091 longe,
673 2021 836 2091 jussit
857 2038 982 2082 eum
1009 2043 1231 2098 surgere
1270 2048 1299 2087 a
1331 2015 1560 2102 ferculo,
1592 2046 1650 2094 et

112 2113 238 2159 stare.
264 2107 540 2165 Aientibus
567 2111 888 2180 quibusdam
927 2116 1298 2176 ministrorum
1325 2139 1430 2179 non
1469 2127 1648 2185 valere

110 2209 204 2250 eum
224 2207 375 2263 stare,
407 2200 656 2257 turbatus
679 2216 793 2272 prae
816 2207 982 2262 multa
1015 2209 1100 2265 ira
1120 2212 1433 2272 sacellarins
1461 2219 1646 2275 excla-

110 2286 254 2352 mavit,
276 2303 390 2343 cum
414 2305 480 2346 eo
506 2303 690 2351 autem
707 2306 763 2353 et
782 2298 1000 2369 quidam
1027 2301 1094 2378 de
1118 2305 1378 2366 custodia,
1413 2322 1641 2378 surgere

108 2387 201 2428 eam
221 2386 268 2431 et
283 2388 453 2435 astare
474 2399 724 2441 censurae
742 2375 1187 2470 subnilum‘binc
1210 2394 1334 2452 inde
1368 2414 1381 2451 :
1408 2375 1551 2470 quod
1590 2411 1646 2458 et

107 2462 266 2521 factum
300 2481 396 2525 est.
428 2472 762 2534 Sacellarius
791 2462 981 2538 ante-tn
1006 2483 1182 2555 inquit
1228 2488 1294 2542 ad
1334 2505 1458 2546 eum
1498 2508 1515 2548 :
1545 2492 1646 2550 Dic

105 2558 244 2624 miser,
264 2564 380 2633 quid
403 2566 497 2619 tibi
524 2568 655 2624 mali
683 2571 862 2627 intulit
884 2574 1205 2646 imperator?
1231 2579 1353 2635 tulit
1380 2599 1414 2637 a
1453 2591 1504 2639 te
1542 2584 1647 2640 ali-

101 2647 241 2713 quid?
274 2657 521 2722 oppressit
552 2668 603 2713 te
633 2660 681 2714 vi
702 2662 727 2715 ?
762 2661 855 2719 ille
883 2674 1065 2721 autem
1096 2670 1330 2727 tacebat.
1376 2670 1529 2728 Tunc
1563 2675 1643 2731 ait

104 2740 154 2793 ad
176 2756 279 2797 eum
306 2748 616 2807 sacellarius
641 2752 956 2825 imperativa
981 2772 1113 2814 voce
1138 2774 1155 2814 :
1188 2760 1311 2817 Non
1338 2767 1647 2835 respondes?

102 2827 207 2885 Ecce
228 2850 352 2890 nunc
376 2839 740 2909 ingredientur
786 2858 1119 2904 accusatores
1145 2851 1241 2905 tui.
1271 2853 1339 2908 Et
1383 2857 1642 2914 continuo

100 2934 194 2976 eum
218 2938 448 2985 sermone
479 2930 778 2991 introducti
810 2947 938 2994 sunt
987 2940 1204 3011 plurimi
1262 2956 1639 3005 accusatorum

99 3023 247 3069 contra
292 3032 430 3074 eum.
487 3021 694 3081 Omnes
744 3038 925 3083 autem
986 3041 1144 3088 erant
1208 3037 1475 3095 mendacii
1545 3041 1640 3096 lilii

97 3110 139 3156 es
173 3104 393 3178 discipuli
433 3127 629 3167 eorum
668 3117 759 3184 qui
793 3117 1081 3175 Dominum
1135 3134 1377 3180 nostrum
1453 3125 1636 3185 Jesum

95 3190 324 3253 Christum
376 3217 732 3260 necaverunt.
801 3207 1275 3270 Contradicebant
1324 3232 1455 3273 vero
1511 3199 1709 3275 san-C

94 3291 169 3339 cto
201 3288 323 3356 viro,
365 3296 825 3363 quemadmodum
872 3305 1175 3371 prminoniti
1208 3305 1440 3361 fuerant.
1470 3309 1639 3368 Erant

92 3375 203 3431 enim
261 3395 415 3439 voces
488 3399 681 3441 eorum
746 3392 1131 3459 praemeditata:
1189 3405 1245 3451 et
1298 3409 1634 3469 prmparatze.

93 3461 134 3518 In
181 3470 359 3539 quibus
425 3476 651 3544 quidam
725 3493 915 3534 eorum
951 3521 967 3546 ,
1036 3482 1197 3553 paulo
1266 3461 1427 3542 ante-
1468 3488 1640 3545 inter-

91 3562 225 3626 rogati
258 3573 313 3619 ut
357 3569 728 3624 testimonium
775 3573 1162 3642 perliiberent,
1217 3579 1507 3635 tentabant
1553 3581 1637 3637 di-

89 3663 185 3706 cere
212 3656 507 3724 veritatem,
534 3662 674 3716 sicut
706 3678 823 3719 mos
851 3674 935 3720 est
971 3678 989 3720 :
1038 3677 1095 3724 et
1138 3670 1639 3729 continuo.turbati-

87 3742 156 3810 qui
181 3749 576 3813 pretendebant
603 3765 877 3809 certamen
924 3757 1063 3823 boc,-
1088 3758 1421 3829 incipiebant
1446 3761 1641 3820 validis

88 3834 217 3892 minis
254 3839 535 3913 increpare
561 3859 655 3900 eos
679 3886 694 3911 ,
740 3849 911 3904 donec
949 3851 1241 3907 suaderent
1274 3853 1366 3909 cis.
1396 3854 1640 3924 proferre

86 3940 180 3994 qius
202 3941 343 3986 erant
370 3935 754 3992 convenientia
779 3938 829 3992 in
857 3950 1084 3997 mortem
1109 3943 1248 4000 beati
1275 3956 1329 4000 et
1353 3945 1484 4016 justi
1511 3948 1636 4003 viri.

84 4010 451 4092 Coutcmplatus
490 4035 714 4081 sanctus
761 4042 896 4099 papa
945 4030 1282 4089 iutroeunles
1324 4010 1634 4103 testiﬁcari,

86 4109 327 4171 subridens
369 4117 554 4174 dixit:
599 4118 690 4175 lsti
735 4132 862 4176 sunt
914 4124 1115 4179 testes?
1139 4127 1218 4181 sic
1258 4126 1423 4183 liabet
1465 4130 1639 4186 ordo?

84 4195 220 4255 Erant
246 4205 383 4270 enim
407 4207 571 4289 primi
611 4209 1011 4280 ingredientes,
1041 4216 1256 4271 nomine
1290 4219 1506 4289 quidem
1534 4220 1643 4275 mi-s

312 4268 323 4270 ν
407 4268 424 4277 ,
668 4268 699 4280 υ
990 4268 1011 4280 ,
1294 4268 1506 4289 τηρ--

85 4285 196 4356 lites,
221 4268 644 4380 lingaieslautem
702 4310 758 4355 et
817 4303 1068 4360 bestiales
1089 4309 1354 4361 sententia
1379 4325 1395 4374 ;
1425 4318 1481 4364 et
1516 4310 1635 4380 qui-

83 4378 179 4435 dam
227 4368 409 4443 οοῖῖιῖιι
474 4391 568 4462 qui
631 4401 787 4447 erant
824 4392 1080 4466 Olympii,
1111 4412 1234 4453 cum
1276 4368 1473 4471 quibus
1514 4368 1637 4459 erat

80 4478 131 4524 ct
144 4474 364 4535 Andreas
393 4481 488 4550 qui
512 4481 691 4537 fuerat
724 4482 839 4552 ejus
862 4487 1125 4542 notarius.

133 4565 279 4625 Erant
304 4549 488 4629 autem
535 4575 677 4632 inter
704 4591 1057 4636 accusatores
1091 4580 1332 4639 infelices
1356 4549 1714 4653 lmeritusrn

82 4661 125 4709 et
140 4656 384 4719 Therinus
403 4675 459 4720 et
487 4666 677 4738 reliqui
705 4686 930 4725 numero
953 4673 1106 4741 quasi
1130 4673 1338 4741 viginti,
1365 4676 1637 4745 primores

82 4747 246 4805 milites
290 4763 345 4810 et
394 4750 589 4826 reliqui
641 4768 975 4815 accusantes.
1020 4759 1284 4818 iurabant
1328 4774 1509 4821 autem
1563 4767 1639 4823 ad

83 4849 233 4895 sancta
268 4843 664 4917 Evangelia,,et
695 4850 1250 4909 sic'testilicabantur.
1284 4854 1635 4916 Primicerius

82 4939 184 4982 sane
207 4935 439 4990 omnium
468 4939 844 4993 accusantium
882 4950 1002 4995 erat
1042 4942 1342 5000 Dorotheus
1369 4947 1634 5016 patricius

83 5015 264 5089 Ciliciae,
293 5027 381 5094 qui
413 5028 604 5098 jurans
630 5030 800 5095 dixit,
831 5033 1082 5101 quoniam
1113 5015 1502 5107 quinquaginta
1542 5056 1643 5099 ca-o

82 5106 165 5174 pila
194 5113 235 5165 si
264 5114 518 5183 haberet,
555 5137 665 5176 non
696 5131 975 5190 oporteret
1016 5141 1146 5185 eum
1174 5127 1358 5184 vivere
1392 5145 1458 5188 eo
1489 5132 1639 5206 quod

112 5195 200 5244 *η
237 5206 497 5284 subvertit
522 5221 575 5266 et
606 5209 849 5280 perdidit
893 5213 1201 5273 universum
1241 5195 1590 5283 Occidentem
1614 5260 1634 5292 ,

385 5282 411 5313 ⁸
441 5316 623 5359 ἀνωΐῦ
660 5303 825 5357 unius
843 5305 1046 5363 consilii
1075 5309 1172 5366 t‘uit
1198 5324 1324 5364 cum
1354 5310 1642 5391 Olympio,

721 5394 734 5401 ’
1014 5399 1056 5427 ’r
1095 5413 1141 5434 nl
1190 5401 1445 5454 annnm,
1470 5408 1499 5450 Ι)
1531 5425 1632 5454 ιιι·-

574 358 1099 419 ωιιερτλκω.
1136 397 1208 409 -
1243 363 1331 425 DE
1370 369 1650 439 FURORE

1746 373 2217 438 ASRETICORUM
2257 382 2325 440 ΙΝ
2365 384 2734 451 ΜΑΒΤιΝυΜ
2767 391 2870 453 PP.

49 468 79 507 δί
133 472 317 531 nomine
337 471 607 548 Sagﬂeva,
650 492 770 531 cum
803 478 987 532 multis
1016 482 1422 541 excubitoribus
1449 502 1463 540 :
1496 496 1550 541 et
1576 501 1669 541 au-
1697 491 1744 551 Α
1773 495 2057 563 perditioni
2085 479 2388 559 animarum
2417 520 2626 576 eorum,

2653 510 2731 567 ait
2753 513 2824 569 ad
2849 527 2945 573 eos
2979 518 3072 588 qni
3094 524 3361 591 prmside‘

1768 585 1897 640 baut
1929 589 2199 661 principes
2225 611 2237 647 :
2268 588 2494 652 Obsebro
2523 598 2609 655 vos
2628 618 2722 672 per
2746 602 2934 674 Deum,
2972 585 3134 666 n—olit-e
3155 630 3359 686 prwpa~

1766 694 1887 732 rare
1908 697 1997 736 eos
2022 692 2070 736 et
2082 684 2292 753 jurare,
2320 690 2412 744 sed
2435 692 2629 763 absque
2653 711 2982 756 sacramento
3007 684 3355 779 dicant.quaz-

1763 785 1966 842 cunque
1985 775 2183 844 volunt,
2212 796 2399 851 vosque
2419 783 2575 852 facite
2593 804 2917 863 quacunque
2939 795 3108 852 vultis.
3137 798 3208 854 Et
3221 775 3355 873 quid

1760 879 1893 935 opus
1936 876 2016 921 est
2040 869 2197 923 etiam
2231 870 2467 942 jurando
2505 880 2720 945 perdere
2759 881 2878 939 illos
2929 874 3135 944 animas
3182 869 3354 948 suas?

1761 950 2011 1025 Ingresso
2030 959 2281 1028 equidem
2326 979 2432 1021 uno
2464 968 2703 1037 testium,
2733 980 2789 1028 et
2836 973 3049 1034 dicente
3091 982 3352 1050 quoniam

1760 1045 2165 1113 coniurationes
2200 1051 2332 1110 fecit
2356 1070 2478 1112 cum
2513 1058 2782 1134 Olympio,
2812 1074 2870 1122 et
2905 1045 3124 1128 milites
3143 1089 3353 1148 praepa-

1763 1136 1903 1191 ravit
1928 1146 1985 1190 ut
2017 1138 2299 1210 iurarent;
2329 1144 2691 1219 interrogatus
2729 1152 2843 1209 Deo
2870 1136 3274 1230 pretiosus-vir;
3303 1166 3351 1231 si

1760 1226 1875 1283 haec
1902 1228 2065 1309 ita_se
2091 1231 2378 1301 baberent,
2411 1241 2687 1309 respondit
2714 1260 2729 1297 :
2762 1243 2826 1302 Si
2856 1246 3010 1303 vultis
3041 1251 3228 1307 audire
3258 1226 3353 1308 te.

1760 1302 2129 1386 ritatem,’dico
2159 1324 2301 1380 vobis
2328 1302 2615 1398 sequentia.
2640 1333 2709 1388 Et
2730 1336 2895 1408 erepit
2919 1338 3100 1397 dicere
3126 1360 3139 1397 :
3167 1341 3351 1409 Quan-

1757 1409 1827 1464 do
1848 1411 2020 1480 [actus
2040 1425 2114 1469 est
2136 1413 2335 1489 Typus,
2352 1428 2403 1474 et
2424 1421 2656 1481 directus
2676 1426 2899 1485 Romam
2922 1433 2988 1487 ab
3011 1434 3345 1506 imperatore.

1757 1499 1845 1567 Et,
1877 1502 1979 1558 hoc
2009 1513 2217 1562 tantum
2265 1509 2480 1566 dicente
2508 1514 2669 1572 beato
2711 1517 2823 1587 illo,
2861 1521 3008 1579 aliud
3055 1499 3184 1596 quid
3237 1543 3347 1585 non

1757 1602 2074 1650 concessum
2105 1605 2189 1652 est
2213 1598 2378 1673 loqui.
2412 1601 2519 1659 Sed
2546 1607 2804 1665 continuo
2829 1622 2955 1669 ante
2984 1629 3173 1673 omnes
3213 1618 3348 1675 inci-

1755 1687 1908 1758 piens
1970 1705 2093 1746 eum
2140 1691 2380 1752 clamore
2432 1698 2649 1779 Troilus
2695 1703 2939 1777 inquit:
2974 1708 3100 1768 Non
3145 1714 3347 1785 inferas

1756 1778 1902 1833 nobis
1932 1778 2107 1837 hic-de
2125 1783 2261 1852 ﬁde;
2289 1786 2355 1842 de
2375 1778 2570 1847 duellio
2615 1811 2754 1852 nunc
2791 1798 3065 1869 scrutaris,
3093 1778 3345 1875 quoniam
3374 1830 3382 1837 κ

1752 1875 1801 1921 et
1829 1867 2073 1937 Romani,
2108 1882 2156 1928 et
2191 1891 2285 1931 nos
2324 1876 2615 1938 Christiani
2640 1901 2825 1944 sumus
2847 1898 2897 1944 et
2938 1867 3233 1951 orthodoxi.
3278 1897 3347 1954 Et

1747 2144 1804 2200 in
1837 2149 1955 2201 hoc.

1756 2260 1759 2263 ν
1819 2235 2011 2295 Denuo
2050 2239 2194 2297 inter
2214 2256 2536 2305 accusantes
2565 2256 2749 2320 testes,
2784 2251 2859 2309 ait
2884 2255 2954 2311 ad
2974 2257 3117 2313 ’eum
3145 2256 3343 2329 praele-

1746 2332 1868 2381 ctus
1895 2326 2152 2387 Troilus:
2184 2331 2372 2400 Qualis
2413 2339 2569 2395 homo
2611 2358 2667 2397 es
2711 2351 2801 2411 tu;
2844 2348 3102 2415 quoniam
3123 2326 3387 2407 cernensv

1744 2425 1794 2470 et
1837 2418 2058 2476 audiens
2093 2422 2224 2479 talia
2273 2436 2458 2484 contra
2507 2430 3159 2502 imperatorem’nitentem
3202 2442 3375 2512 e/fo‘or

1745 2508 1997 2566 diendum
2029 2511 2330 2587 Olympium
2369 2537 2475 2576 non
2506 2525 2823 2594 prohibuisti
2849 2546 2968 2584 eum
2991 2572 3006 2597 ,
3046 2533 3137 2588 sed
3161 2550 3190 2588 e
3212 2508 3339 2589 cana

1745 2606 1829 2652 tra
1859 2603 2170 2659 consensisti
2192 2608 2241 2661 ei
2255 2607 2283 2662 7
2306 2608 2391 2665 Ad
2419 2625 2581 2681 quem
2606 2617 2868 2675 continuo
2896 2618 3034 2675 dixit
3057 2622 3170 2692 ipse
3196 2623 3341 2679 ben-.

1745 2695 1831 2745 tus
1858 2694 2182 2761 apostolicus
2212 2714 2347 2770 papa
2374 2719 2389 2756 :
2423 2701 2520 2758 Dic
2543 2744 2558 2770 ,
2585 2706 2794 2763 domine
2842 2709 3016 2767 Troile
3037 2726 3057 2765 :
3094 2715 3333 2785 quando,

1741 2781 1874 2836 sicut
1900 2785 2047 2840 scitis
2068 2787 2227 2842 etiam
2266 2806 2376 2859 vos,
2416 2804 2467 2847 et
2507 2810 2600 2851 nos
2645 2798 2961 2869 audivimus,
3010 2800 3263 2876 Georgius
3299 2824 3335 2860 a

1742 2875 2159 2945 magistratibus,
2185 2882 2279 2952 qui
2298 2894 2410 2939 crat
2432 2901 2500 2941 ex
2525 2889 2816 2958 monachis,
2844 2892 3110 2963 ingressus
3134 2875 3209 2951 est
3228 2897 3359 2951 huc-

1741 2963 1798 3017 in
1833 2964 2011 3020 urbem
2032 2984 2065 3021 η
2091 2971 2301 3039 castris,
2327 2966 2536 3030 et‘talia
2578 2978 2734 3034 verba
2775 2978 2984 3037 locutus
3004 2993 3080 3038 est
3108 2984 3334 3057 fecitque
3374 3012 3383 3018 -

1742 3071 1823 3112 res
1847 3057 2008 3125 tales;
2032 3060 2123 3115 ubi
2139 3078 2258 3118 eras
2280 3073 2338 3119 tu
2358 3075 2427 3121 et
2450 3067 2542 3138 qui
2569 3080 2693 3124 sunt
2727 3078 2918 3138 tecum,
2943 3077 3193 3146 quoniam
3229 3093 3334 3133 non

1741 3151 2001 3206 restitistis
2047 3152 2118 3217 ei,
2144 3153 2235 3207 sed
2275 3168 2304 3209 e
2343 3167 2526 3211 contra
2574 3158 2915 3218 concionatus
2956 3173 3032 3218 est
3079 3165 3240 3231 vobis,
3282 3175 3333 3221 et

1738 3254 1868 3310 quos
1904 3239 2067 3295 voluit
2096 3238 2298 3297 Palatii
2325 3244 2585 3301 exsulavit
2607 3257 2658 3303 et
2696 3250 2962 3321 prohibuit
2981 3251 3009 3306 .’
3030 3251 3333 3325 Iterumque

1739 3332 1834 3391 sub
1868 3331 2165 3401 Valentino,
2196 3352 2313 3390 cum
2344 3349 2602 3410 prwcepto
2635 3341 2968 3412 imperatoris
2996 3346 3213 3401 indutus
3252 3355 3332 3401 est

1738 3437 1972 3493 purpura
2010 3434 2060 3479 et
2087 3427 2321 3482 consedit
2348 3429 2433 3495 ei;
2462 3447 2566 3501 quo
2604 3432 2793 3488 ieratis‘
2831 3452 2918 3491 vos
2943 3435 2970 3490 ?
3014 3434 3139 3492 Non
3166 3439 3358 3494 eratis

1738 3514 1824 3569 hic
1845 3516 1871 3570 7
1915 3515 2024 3570 Cur
2051 3534 2174 3589 ergo
2203 3535 2307 3575 non
2346 3522 2688 3590 prohibuisti:
2726 3541 2845 3580 eum
2888 3527 3118 3583 dicentes
3150 3543 3169 3581 :
3202 3528 3333 3586 Non

1739 3605 1967 3675 attingas
2022 3622 2103 3663 res
2148 3624 2252 3664 non
2287 3620 2609 3680 opportunas
2661 3613 2799 3669 tibi?
2845 3614 3037 3673 Nonne
3084 3634 3261 3674 omnes
3302 3636 3332 3674 e

1738 3702 1922 3745 contra
1974 3695 2284 3750 convenistis
2325 3697 2427 3751 ei?
2472 3696 2749 3764 Quomodo
2802 3701 3056 3758 habebam
3102 3721 3195 3777 ego
3233 3705 3332 3761 tali

1740 3783 1850 3838 viro
1888 3784 2138 3840 adversus
2168 3795 2330 3853 stare,
2360 3789 2571 3845 habenti
2606 3793 2869 3864 pearcipue
2892 3795 3166 3852 brachium
3210 3798 3336 3853 uni-

1737 3890 1900 3930 versa!
1918 3875 2126 3931 militiae
2166 3875 2374 3933 Italica:
2393 3880 2420 3933 .’
2460 3880 2540 3936 An
2561 3883 2733 3951 potius
2756 3900 2847 3955 ego
2882 3885 3031 3941 illum
3056 3887 3160 3957 feci
3176 3905 3333 3944 exar-

1739 3964 1938 4020 chum?
1988 3962 2392 4035 Verumtamen,
2434 3969 2608 4026 denuo
2654 3972 2869 4030 obsecro
2903 3992 2994 4031 vos
3034 3994 3126 4048 per
3148 3977 3333 4061 Domi-3

1740 4070 1885 4120 num,
1918 4056 2262 4129 quodcunque
2292 4058 2526 4116 vultis'et
2557 4062 2789 4133 deﬁnitis
2817 4065 2935 4134 ﬁeri
2962 4067 3016 4121 in
3047 4085 3149 4136 me,
3176 4058 3331 4126 citius

1737 4144 1955 4214 explete.
1982 4146 2141 4202 Novit
2161 4149 2299 4203 enim
2316 4148 2479 4217 Deus,
2497 4154 2730 4208 maxime
2746 4154 2874 4211 mihi
2885 4156 3026 4212 dona
3053 4159 3327 4226 tribuistis,

1736 4251 2046 4308 quacunque
2072 4253 2153 4293 me
2179 4237 2329 4294 clade
2340 4280 2344 4284 Α
2347 4240 2744 4312 jugulaveritis.
2765 4245 3119 4305 Percontatus
3145 4258 3327 4305 autem

1738 4330 2025 4399 quemdam
2040 4332 2106 4385 de
2121 4331 2575 4400 ministrantibus,
2602 4334 2923 4412 Sagolebam
2955 4340 3222 4407 videlicet,
3238 4357 3330 4398 sa-

1738 4420 2010 4486 eellarius,
2037 4421 2237 4477 sisunt
2259 4419 2392 4478 loris
2418 4422 2507 4478 alii
2530 4424 2716 4495 aliqui,
2743 4427 2834 4497 qui
2864 4427 3098 4485 debeant
3142 4430 3331 4487 testiﬁ-

1738 4509 1888 4564 cari?
1920 4508 2199 4580 reapondit
2240 4510 2460 4566 scriba:
2490 4510 2647 4580 Sunt,
2687 4515 2924 4585 domine,
2962 4519 3181 4589 plurimi
3214 4522 3328 4577 alii.

1742 4600 2064 4658 Deﬁcientes
2084 4605 2455 4676 autem‘hiqui
2476 4609 2858 4679 prmsidebant,
2874 4625 3065 4671 sancto
3087 4626 3141 4672 et
3166 4633 3330 4697 vene-

1741 4691 1899 4748 rabili
1948 4699 2171 4749 astante
2204 4695 2322 4753 viro
2361 4696 2423 4754 in
2464 4710 2759 4770 conspectu
2785 4718 2996 4772 eorum,
3024 4715 3078 4761 et
3104 4694 3328 4777 potissi-

1740 4799 1891 4840 mum
1936 4784 2145 4858 Spiritu
2191 4803 2317 4845 eum
2365 4800 2556 4849 sancto
2592 4790 2867 4863 firmante,
2900 4798 3157 4855 dixerunt
3187 4799 3333 4856 sutil-

1742 4891 1869 4934 eere
1914 4886 2104 4935 testes.
2152 4879 2286 4938 Erat
2330 4882 2529 4957 quippe
2577 4885 2850 4957 interpres
2890 4904 3101 4955 eorum,
3146 4904 3270 4960 qua:
3302 4907 3336 4947 a
3386 4930 3392 4969 ,

1743 4967 1948 5027 Sancto
1998 4970 2339 5042 dicebantur,
2393 4976 2704 5040 verborum,
2756 4976 3100 5037 Innocentius
3146 4982 3365 5038 consul.
3434 5012 3447 5035 μ

1741 5060 1883 5118 illius
1910 5063 2154 5132 Thomas,
2186 5064 2278 5136 qui
2301 5074 2423 5122 erat
2451 5070 2518 5125 ab
2544 5063 2736 5123 Africa
2766 5086 2779 5122 :
2815 5078 2893 5137 et,
2921 5085 3042 5129 cum
3072 5070 3342 5143 interpre-

1741 5160 1953 5212 taretur
1974 5170 2038 5213 ea
2061 5169 2184 5226 quae
2202 5171 2233 5212 a
2254 5157 2415 5232 beato
2438 5159 2556 5215 viro
2586 5155 2936 5232 dicebantur,
2974 5176 3081 5218 non
3110 5159 3371 5231 ferebat;

1741 5160 1953 5212 taretur
1974 5170 2038 5213 ea
2061 5169 2184 5226 quae
2202 5171 2233 5212 a
2254 5157 2556 5306 besgviro
2586 5157 2936 5232 dicebantur,
2974 5176 3081 5218 non
3110 5159 3367 5231 ferebat;

1738 5243 1934 5305 ridens
1965 5246 2134 5322 ignita
2157 5247 2338 5337 iacula
2438 5249 2549 5306 neti
2575 5244 2820 5315 Spiritus
2851 5268 2883 5309 a
2908 5256 3018 5313 Deo
3039 5253 3367 5311 honorabili.

1738 5335 1861 5393 viro
1909 5347 2101 5398 contra
2140 5322 2513 5410 cash-prolata.
2548 5337 2645 5394 Ait
2683 5341 2757 5395 ad
2802 5340 3174 5405 innocentium
3221 5360 3346 5401 cum

1744 5424 1924 5454 rga-nn-
1952 5451 1960 5454 -
1979 5430 2088 5454 fl---
2108 5430 2263 5454 ..-1-2-
2287 5426 2669 5454 εΩιΙΑ---ΑΙΑηὲη
2694 5446 2810 5454 α-.-μ
2848 5432 2892 5454 ,³.
2932 5440 2965 5454 ο-
2984 5439 3008 5454 n
3028 5433 3144 5454 ‘T-I!
3172 5433 3198 5454 ..Ι

2287 5437 2463 5454 ἴσαις-α-
2475 5437 2669 5454 ..ΑΙΑ-ιὸη
2694 5446 2810 5454 α-.-μ
