4016 6296
573 264 680 323 595

1754 271 2022 329 ANASTA
2031 273 2113 330 Sﬂ
2149 275 2702 336 BIBLIOTHECARH'
3721 286 3803 340 2'96

560 382 660 450 Qui
687 381 1050 437 consederant
1075 383 1124 438 ei
1153 385 1426 454 ingressus
1457 395 1539 441 cst
1567 388 1819 444 nuntiare
1841 390 2152 462 imperatori
2183 400 2228 459 Λ
2258 379 2380 452 cum
2404 415 2512 454 uno
2537 401 2873 456 solummodo
2911 403 3224 457 Ῑηιιυιηεηιο
3272 419 3300 456 τι
3347 418 3576 472 ειιιιιιινηο¹
3611 405 3805 459 discis“,

565 485 799 546 qumque
831 471 944 540 ipse
972 473 1156 527 voluit.
1197 475 1506 530 Eduxerant
1535 487 1712 534 autem
1745 490 1993 535 sanetum
2029 490 2186 550 apo-'

574 563 821 617 stolicum
848 565 1024 618 virum
1056 567 1121 620 de
1143 566 1275 620 cella
1298 565 1510 634 judicit‘,
1543 569 1713 640 magis
1740 577 1918 625 autem
1943 586 2006 626 ex
2032 572 2154 626 aula

573 654 810 724 Caiphze,
862 657 913 710 in
962 659 1257 726 gestatorio
1312 659 1465 713 sedili
1515 659 1812 724 sedentem,
1867 671 1923 717 et
1953 671 2160 717 statue-

572 755 700 798 runt
725 760 847 798 cum
890 746 941 800 in
977 747 1150 801 medio
1199 747 1321 800 atrii
1363 751 1504 818 quod
1555 758 1674 804 erat
1702 758 1827 805 ante
1857 751 2045 806 cellam
2073 767 2157 806 sa-

573 836 802 901 cellarii,
835 844 890 890 et
931 838 1226 906 imperialis
1265 839 1480 897 stabuli.
1520 855 1629 910 quo
1664 850 2020 896 consueverat
2043 857 2159 896 om-

575 930 658 984 nis
681 930 913 1000 populus
953 933 1246 987 convenire
1294 943 1346 986 ct
1386 942 1708 1003 exspectare
1756 934 2022 990 sacellarii
2072 935 2159 988 in-

574 1038 840 1093 gressum.
880 1023 1363 1078 Circmmlcdcrunt
1392 1039 1518 1078 eum
1546 1025 1908 1086 excubitores.
1938 1032 2161 1094 eratque

574 1113 828 1167 tannibus
875 1114 1240 1184 spectaculum
1284 1113 1624 1169 formidabile
1651 1115 1842 1169 turbis.
1871 1114 2001 1169 Post
2025 1122 2163 1184 patr-

466 1195 507 1246 γ’
575 1204 740 1257 Mum
767 1205 1212 1275 ergo,jusserun_t
1243 1204 1428 1260 inferri
1460 1221 1582 1260 eum
1609 1205 1660 1260 in
1699 1205 1954 1261 solarium
1988 1221 2160 1290 ειερο-

577 1295 815 1358 sitiouis,
847 1305 904 1348 ut
934 1305 1076 1350 esset
1107 1295 1177 1349 ibi
1211 1305 1478 1364 quatenus
1510 1296 1842 1366 prospiceret
1872 1296 2164 1366 imperator

578 1402 676 1450 per
707 1386 978 1442 cancellos
1022 1387 1238 1440 triclinii
1270 1387 1445 1446 suica
1472 1403 1591 1456 quae
1621 1387 1802 1444 futura
1837 1396 1993 1440 erant
2025 1386 2162 1441 ﬁeri.

579 1479 709 1532 Erat
757 1479 936 1547 itaque
984 1479 1278 1532 multitudo.
1313 1478 1630 1549 populorum
1676 1493 1848 1549 usque
1872 1479 1939 1532 ad
1970 1479 2163 1548 hippo-

578 1573 826 1624 dromum
875 1571 1117 1626 conferta
1177 1571 1612 1626 convenientium
1665 1570 1791 1625 illic.
1847 1570 2166 1626 Statuerunt

577 1679 704 1733 crgo
743 1663 1236 1718 reverentissimum
1279 1664 1449 1716 virum
1485 1665 1536 1717 in
1568 1663 1744 1718 medio
1773 1663 1954 1718 solarii
1977 1665 2166 1747 di’spo-

2260 494 2313 548 in
2345 497 2477 552 duas
2507 507 2711 568 partes,
2741 507 2794 553 et
2839 501 2956 554 sine
3002 500 3264 555 cinctorio
3316 488 3807 570 sequebatur,'a.leo

2259 587 2596 641 utintcriora
2654 588 2772 658 ejus
2821 591 3218 660 quodammodo
3267 589 3402 643 nuda
3455 591 3804 660 panderentur,

2260 685 2313 729 et
2353 677 2644 732 multifaria
2685 680 2902 749 quidem
2945 682 3204 735 continuo
3241 681 3590 752 populorum,
3618 697 3810 750 conspe-

2261 765 2362 819 ctis
2410 783 2530 837 qua:
2579 767 2797 833 fiebant,
2851 771 3159 839 gemebant,
3210 779 3268 823 ιιι
3325 770 3612 824 veritatem
3643 769 3806 832 dicunt,

2261 865 2316 910 ct
2337 857 2791 929 lacrymabantnr.
2823 861 2985 916 Pauci
3014 872 3192 916 autem
3231 855 3606 916 ministrorum
3643 872 3810 915 satana:

2261 949 2565 1018 gaudebant
2591 962 2644 1006 et
2673 953 3101 1018 subsannabant,
3151 966 3204 1009 et
3253 955 3430 1026 capita
3487 965 3808 1018 transeuntes,

2264 1043 2405 1098 sicut
2428 1045 2687 1114 scriptum
2726 1056 2807 1101 cst
2837 1047 3150 1111 movebant,
3177 1050 3418 1103 dicentes
3445 1067 3459 1102 :
3488 1047 3590 1101 Ubi
3609 1059 3675 1100 est
3701 1047 3812 1102 Deus

2263 1135 2398 1206 ejus,
2423 1145 2469 1189 et
2494 1137 2582 1189 ubi
2605 1135 2735 1204 ﬁdes
2761 1137 2895 1206 ejus,
2919 1149 2964 1191 et
2990 1139 3075 1192 ubi
3104 1139 3343 1193 doctrina
3368 1139 3578 1208 ipsius?
3601 1138 3694 1204 Qui
3716 1154 3810 1194 cum

2263 1229 2502 1283 venisset
2533 1229 2584 1281 in
2610 1230 2918 1298 praetorium
2943 1229 3328 1285 dehonestatus
3351 1241 3406 1286 et
3435 1245 3466 1284 a
3500 1231 3812 1286 carniﬁcibus

2263 1320 2569 1375 vinculatus
2606 1337 2728 1375 cum
2777 1321 2990 1395 gladiis,
3023 1320 3376 1390 conjeeerunt
3417 1337 3546 1376 eum
3595 1321 3644 1375 in
3680 1337 3815 1380 unum

2267 1400 2544 1467 carcerum
2579 1413 2699 1468 cum
2731 1415 3033 1476 homicidis,
3061 1427 3114 1470 et
3143 1426 3264 1486 post
3295 1432 3459 1471 unam
3487 1418 3637 1486 quasi
3661 1416 3810 1470 horam

2269 1508 2504 1562 tulerunt
2531 1525 2650 1562 eum
2677 1509 2815 1572 inde,
2846 1518 2900 1563 et
2943 1518 3391 1580 transposuerunt
3441 1511 3496 1564 in
3549 1525 3684 1574 eam,
3722 1524 3813 1577 qua:

2268 1597 2466 1652 dicitur
2524 1599 2797 1654 Diomedis
2846 1601 3112 1664 custodia,
3168 1602 3218 1654 in
3275 1601 3535 1671 prmlorio
3585 1599 3812 1654 Praefecti.

2271 1685 2439 1741 Tanta
2461 1698 2639 1743 autem
2673 1689 2927 1743 instantia
2952 1699 3005 1744 et
3032 1691 3080 1743 vi
3115 1691 3404 1746 trahebant
3455 1706 3582 1745 eum
3627 1690 3814 1744 vinculis

584 1758 816 1818 sitionis,
863 1756 1152 1826 praesentia
1187 1755 1354 1808 totius
1391 1767 1613 1810 senatus
1641 1757 1928 1810 subnixum
1959 1755 2088 1811 hinc
2113 1765 2167 1810 et
2197 1763 2242 1822 Β
2273 1793 2466 1833 nexum
2504 1788 2562 1832 ιη
2591 1767 2985 1834 ﬂanimeum,
3030 1797 3188 1837 cum,
3237 1790 3290 1836 ει
3341 1782 3576 1852 ροβιίιρε
3625 1781 3744 1850 eius,
3773 1791 3813 1836 ει

577 1850 720 1901 inde.
753 1847 914 1902 Facta
943 1855 1179 1919 estergo
1209 1846 1540 1916 constipatio
1568 1847 1746 1901 subito
1778 1861 1884 1900 non
1913 1847 2162 1911 minima,

579 1947 631 1988 ct
675 1939 863 1992 exiens
907 1939 975 1991 ab
1022 1939 1346 2006 imperatore
1395 1936 1709 1991 saecllarius
1743 1938 1948 2007 apertis
1985 1937 2166 2008 januis

579 2028 800 2080 triclinii
853 2029 904 2082 in
953 2028 1208 2082 solarium
1263 2028 1502 2082 dividere
1549 2029 1870 2083 universum.
1911 2028 2164 2099 popnlmn

573 2117 754 2184 jussit.
786 2117 1123 2187 chiensque
1150 2119 1215 2172 ad
1240 2129 1571 2195 sanctumac
1601 2119 1960 2174 venerabilem
1992 2120 2165 2174 virum

581 2209 867 2264 Martinam
894 2211 1268 2282 apostolicum,
1299 2211 1432 2264 dixit
1461 2210 1528 2264 ad
1559 2226 1682 2264 eum
1707 2228 1720 2262 :
1757 2209 1887 2264 Vide
1908 2211 2165 2281 quomodo

580 2302 721 2360 Deus
751 2311 799 2355 te
826 2303 997 2367 duxit,
1049 2314 1096 2356 et
1128 2303 1345 2356 tradidit
1374 2305 1426 2357 in
1455 2320 1641 2359 manus
1668 2315 1888 2360 nostras.
1929 2304 2008 2358 Tu
2040 2306 2169 2360 nite-

584 2394 724 2444 lmris
766 2402 947 2446 contra
981 2395 1343 2462 imperatorem
1370 2407 1387 2444 :
1417 2395 1544 2463 quid
1576 2395 1666 2450 tibi
1695 2395 1804 2464 spei
1833 2396 1987 2449 erat?
2030 2395 2166 2453 Ecce

581 2483 904 2553 dereliquisti
933 2485 1122 2548 Deum,
1153 2497 1198 2539 ct
1232 2487 1502 2556 dereliquit
1533 2498 1580 2540 te
1613 2487 1770 2543 Deus.
1809 2488 1875 2542 Et
1915 2489 2174 2543 continuo.

583 2576 896 2631 exclamans
918 2576 1227 2632 sacellarius
1252 2579 1538 2647 quemdam
1573 2579 1862 2634 astantium
1892 2578 2172 2633 excubito-

582 2683 700 2721 rum
743 2677 1034 2734 tonsorem,
1068 2670 1324 2740 praecepit
1350 2671 1464 2724 sine
1508 2685 1658 2733 mora
1706 2669 1921 2724 auferre
1967 2669 2165 2740 psach-

583 2751 768 2812 nion‘a
797 2761 991 2814 summi
1027 2770 1084 2815 et
1112 2759 1390 2828 apostolici
1437 2769 1600 2830 atque
1642 2761 1895 2830 ιιι-ξιξ(ιὶρυὶ
1936 2761 2171 2827 pastoris

584 2847 824 2906 omnium
861 2850 1327 2914 Christianorum,
1351 2851 1440 2920 qui
1471 2851 1828 2906 orthodoxam
1855 2860 2167 2906 sanctorum

585 2941 808 2998 Patrum
848 2949 903 2995 et
933 2942 1260 3012 synodorum
1302 2941 1720 3002 confessionem,
1767 2943 1868 2996 hoc
1899 2950 1982 2994 est
2013 2940 2168 2993 fidem

589 3032 951 3097 confirmavit,
993 3042 1048 3086 et
1077 3035 1197 3087 novi
1230 3034 1430 3088 erroris
1460 3043 1682 3088 exortes
1704 3043 1973 3094 auctores,
2006 3047 2179 3086 novos.

2267 1871 2487 1940 sanguis
2515 1869 2755 1926 elllucret
2789 1887 2886 1942 per
2908 1887 3192 1926 ascensum
3219 1872 3377 1936 scala:
3409 1873 3646 1940 ejusdem
3669 1882 3814 1926 custo-

2267 1959 2388 2014 diae.
2421 1959 2560 2016 Sunt
2589 1963 2732 2016 enim
2757 1962 3119 2032 scopulosi,et
3150 1962 3324 2034 asperi
3355 1963 3522 2017 valde
3555 1979 3616 2018 ac
3643 1963 3814 2033 penitus

2268 2049 2320 2104 in
2352 2042 2533 2103 altum'
2563 2052 2796 2120 porrecti
2830 2047 3047 2122 gradus.
3094 2051 3224 2106 Erat
3271 2060 3455 2105 autem
3511 2052 3622 2120 ipse
3663 2050 3812 2106 beatus

2267 2141 2546 2210 praesentis
2577 2143 2698 2194 vita:
2720 2143 2997 2212 proximus
3013 2141 3124 2209 jam
3152 2157 3340 2196 carere
3363 2141 3810 2210 suppliciis,anima

2267 2229 2548 2285 deficiente
2576 2233 2738 2286 etiam
2778 2243 2901 2286 ante
2932 2233 3190 2305 gladium,
3222 2249 3343 2286 eu-n
3375 2232 3498 2309 jam
3548 2249 3646 2288 non
3697 2234 3812 2288 vale-

2271 2332 2352 2377 ret
2380 2323 2748 2379 conscendere
2795 2340 2917 2378 cum
2955 2342 3013 2380 se
3061 2327 3422 2381 trahentibus.
3455 2326 3814 2380 lntroduccntcs

2268 2427 2397 2481 ergo
2425 2429 2573 2476 eum,
2605 2415 3087 2486 quon'iozlocunquc
3112 2417 3163 2470 in
3190 2417 3496 2470 custodiam
3525 2417 3811 2476 decidentem

2269 2504 2464 2571 sa‘pius
2491 2513 2544 2557 et
2570 2512 2901 2574 surgentem,
2926 2515 3222 2574 posuerunt
3269 2507 3320 2560 in
3354 2521 3581 2560 scamno
3613 2505 3816 2558 indutum

2270 2593 2459 2648 calibis
2493 2602 2546 2648 cl
2580 2596 2807 2648 catenis.
2839 2595 2987 2651 Tunc
3033 2597 3200 2661 enim,
3231 2599 3452 2668 quando
3510 2598 3717 2651 traditus
3750 2605 3813 2649 est

2270 2701 2298 2758 ξι
2327 2685 2528 2754 Caipha
2561 2685 2733 2740 Pilato
2764 2695 2820 2739 ut
2846 2688 3272 2758 cruciﬁgeretur,
3295 2691 3397 2746 hoc
3423 2701 3508 2744 est
3529 2706 3555 2742 a
3587 2688 3810 2758 pra-tecto,

2271 2778 2525 2831 continuo
2546 2795 2666 2832 cum
2695 2790 2957 2834 exuerent
2981 2795 3103 2834 eum
3131 2783 3442 2846 carniﬁces,
3467 2783 3688 2851 graviter
3706 2779 3818 2848 algu.

2273 2869 2421 2922 ribus
2449 2869 2744 2923 vexabatur
2771 2887 2786 2924 :
2815 2878 2931 2923 erat
2971 2871 3113 2924 enim
3149 2871 3503 2926 ἰιιιιιιθι·;ιι›ἰιὶδ
3537 2871 3708 2928 hiems.
3735 2868 3810 2921 lm-

2271 2969 2568 3029 posuerunt
2602 2959 2648 3014 ei
2703 2960 3020 3030 gravissima
3076 2961 3202 3016 ferri
3263 2962 3528 3031 pondera,
3578 2971 3628 3015 et
3670 2959 3811 3013 nullus-

2273 3051 2464 3104 aderat
2495 3051 2544 3104 ei
2577 3051 2854 3104 hominum
2884 3053 3000 3122 ejus
3027 3054 3298 3122 proprius,
3332 3065 3562 3122 excepto
3606 3068 3700 3104 uno
3737 3065 3806 3102 so-

588 3122 832 3176 videlicet
873 3123 1176 3188 harrcticos,
1225 3139 1348 3178 cum
1390 3123 1576 3194 impiis
1619 3124 1958 3215 dogmatibus
1983 3137 2168 3178 eorum
2198 3135 2242 3196 ς
2273 3141 2548 3196 mm,me
2579 3142 2776 3198 clerico
2822 3144 3164 3199 adolesceme
3215 3164 3228 3198 ε
3269 3145 3473 3215 quique
3520 3155 3820 3202 mmmam“,

590 3212 851 3266 canonice
879 3222 933 3267 ct
957 3213 1212 3283 synodice
1238 3206 1757 3294 anathematizavitL}
1771 3213 1904 3268 Cum
1935 3229 2063 3282 ergo
2093 3213 2177 3266 in-

591 3302 812 3359 uidisset
839 3303 1134 3373 psachnion
1163 3304 1307 3358 beati
1340 3303 1438 3357 viri
1463 3304 1767 3368 excubitor,
1803 3311 1860 3360 et
1885 3301 2181 3370 corrigiam

592 3394 996 3464 campagiorum
1043 3392 1183 3463 ejus,
1235 3395 1416 3449 statim
1463 3394 1685 3448 tradidit
1713 3409 1836 3448 eum
1866 3391 2178 3447 sacellarius

591 3487 845 3556 prtel'ccto
876 3486 1045 3551 urbis,
1079 3487 1264 3540 dicens
1290 3504 1303 3539 :
1333 3485 1478 3539 Tolle
1506 3501 1645 3547 cum,
1676 3484 1886 3536 domine
1911 3481 2174 3552 prmfecte,

592 3587 637 3632 cl
675 3578 920 3630 continuo
967 3575 1289 3629 membratim
1321 3574 1491 3628 incide
1527 3573 1696 3626 illutn.
1723 3572 1856 3627 Cum
1884 3571 1970 3626 Itis
1995 3579 2175 3625 autem

591 3665 1021 3733 erunibusjussit
1045 3667 1346 3720 astantibus
1373 3665 1832 3719 anathematizare
1856 3677 2001 3728 eum,
2034 3660 2178 3730 quod

594 3768 648 3812 et
691 3758 953 3813 fecerunt.
1003 3757 1116 3812 Non
1172 3758 1564 3828 responderunt
1594 3765 1772 3810 autem
1808 3752 2175 3822 hujuscemodi

593 3849 713 3903 voci
759 3849 948 3920 viginti
993 3849 1230 3904 virorum
1264 3849 1474 3904 animat.
1501 3848 1607 3902 Sed
1633 3861 1823 3902 omnes
1850 3846 2049 3915 quique
2075 3843 2178 3897 hoc

595 3943 770 4011 ipsum
811 3940 1091 4006 videbant,
1119 3948 1175 3994 et
1208 3940 1452 3994 sciebant
1488 3939 1615 4009 quia
1660 3949 1745 3992 est
1789 3937 1932 3992 Deus
1958 3937 2010 3990 in
2039 3934 2180 3990 caelo

599 4039 921 4100 conspector
959 4045 1144 4085 eorum
1191 4045 1310 4099 qua}
1353 4029 1573 4094 fiebant,
1623 4028 1846 4082 dimisso
1876 4025 2021 4081 vultu
2055 4041 2178 4080 cum

597 4124 766 4177 multa
792 4124 1158 4178 mmstitudine
1179 4122 1504 4177 recedebant
1526 4120 1784 4174 tribulati.
1815 4117 2186 4193 Suscipientes.

597 4229 726 4282 ergo
757 4229 879 4268 eum
911 4214 1194 4276 carnifices
1231 4223 1496 4268 exuerunt
1539 4213 1780 4268 exterius
1814 4211 1930 4279 ejus
1957 4210 2175 4282 pallium

597 4303 948 4366 sacerdotalis
995 4304 1163 4368 stolae,
1212 4312 1267 4357 et
1314 4302 1624 4360 scindentes
1667 4301 1779 4355 alas
1826 4300 2022 4354 tunica:
2059 4314 2180 4368 qua:

597 4405 716 4452 erat
751 4397 1032 4451 interinsa
1060 4410 1272 4450 summo
1297 4409 1468 4463 usque
1497 4393 1750 4448 deorsum
1773 4392 2177 4458 circumposue—

2275 3234 2324 3288 ci
2342 3233 2393 3286 in
2417 3229 2677 3300 custodia‘,
2699 3244 2752 3289 et
2773 3245 3088 3305 superstans
3109 3234 3512 3296 lamentabatur
3528 3234 3818 3305 magistrum,

2279 3324 2435 3380 sicuti
2467 3327 2674 3381 Petrus.

2348 3477 2478 3532 Erat
2530 3478 2692 3534 etiam
2747 3483 3064 3536 convinetus
3114 3483 3371 3551 magister
3408 3479 3654 3535 custodire
3678 3476 3810 3530 eidem

2276 3571 2452 3636 beato,
2495 3574 2750 3642 quoniam
2783 3573 2859 3629 sic
2887 3585 3006 3628 crat
3035 3589 3192 3641 mos,
3231 3585 3289 3629 ut
3337 3573 3554 3632 futurus
3605 3571 3698 3642 pati
3743 3581 3814 3637 pcr-

2276 3660 2508 3732 gladinm
2538 3663 2936 3719 convincirctur
2959 3666 3213 3732 magistro
3247 3666 3526 3720 custodiae.
3551 3663 3696 3717 Erant
3715 3673 3812 3726 ergo

2277 3753 2394 3807 dna:
2423 3754 2706 3820 mulieres,
2733 3756 2960 3822 genitrix
2993 3767 3049 3810 et
3077 3767 3222 3819 nata,
3253 3757 3647 3825 praenominata:
3678 3759 3812 3805 custo-

2280 3848 2382 3902 dite
2401 3849 2582 3904 claves
2616 3860 2882 3911 tenentes,
2910 3865 3135 3920 quaeque.
3185 3851 3512 3920 aspicientes
3552 3841 3811 3918 itnportabi-

2282 3940 2385 3994 lem
2419 3940 2656 3996 dolorem
2685 3941 2857 3994 sancti
2890 3941 3031 3995 illius
3059 3943 3148 4011 qui
3175 3943 3317 3996 inter
3347 3951 3423 3996 tot
3462 3953 3718 4012 prunarum
3747 3949 3810 4004 ge-

2278 4047 2405 4086 nera
2447 4048 2567 4102 qtue
2613 4033 2868 4094 aderant,
2900 4033 3080 4104 algore
3118 4035 3465 4102 quatiebatur
3512 4030 3763 4086 durissimo
3799 4042 3808 4075 :

2279 4131 2438 4181 motae
2484 4123 2946 4192 compassionibus
2994 4125 3307 4194 quaerebant
3337 4123 3570 4193 aliquam
3605 4117 3810 4174 exhibere

2279 4219 2705 4274 misericordiam
2736 4233 2856 4272 cum
2901 4233 2986 4287 co,
3023 4230 3078 4273 et
3126 4228 3413 4289 contegere
3451 4232 3589 4277 enm,
3614 4212 3693 4268 sed
3733 4222 3810 4260 non

2281 4311 2552 4363 audebant
2579 4317 2800 4377 propter
2828 4309 3172 4362 eonvinctum
3199 4319 3254 4362 et
3301 4309 3678 4363 custodientem
3715 4314 3810 4352 care

2282 4398 2513 4453 nilicem.
2543 4396 2814 4454 Putabant
2841 4399 2982 4452 enim
3011 4407 3248 4453 actutum
3281 4407 3556 4453 venturam
3580 4401 3809 4450 censuram

598 4502 722 4548 runt
753 4492 927 4547 ferrea
952 4492 1162 4546 vincula
1194 4491 1247 4545 in
1275 4498 1515 4544 sanctam
1539 4488 1655 4557 ejus
1686 4488 1973 4548 cervicem,
2003 4493 2056 4538 et
2080 4499 2175 4555 per
2205 4482 2259 4542 De
2284 4501 2340 4547 ut
2371 4492 2748 4545 trucidaretur.
2775 4492 2901 4546 Post
2923 4491 3181 4560 quasdam
3221 4507 3348 4546 vero
3377 4492 3561 4555 horas,
3604 4499 3706 4541 cum
3742 4494 3812 4532 vae

596 4600 761 4640 omne
799 4598 993 4652 corpus
1020 4582 1136 4652 ejus
1166 4582 1444 4636 trahentes
1473 4596 1594 4634 eum
1634 4581 1708 4643 vi,
1754 4595 1860 4634 non
1897 4591 2181 4638 concesse-

597 4671 736 4732 runt
771 4673 987 4742 penitus
1033 4673 1080 4727 ei
1129 4672 1322 4726 alicubi
1357 4672 1593 4727 residere
1615 4678 1671 4726 et
1699 4669 1934 4726 animam
1968 4666 2180 4723 refocil-

597 4762 734 4827 lare,
797 4763 890 4816 sed
945 4779 972 4818 a
1025 4763 1231 4831 palatio,
1268 4763 1536 4818 duxerunt
1581 4779 1704 4822 eum
1755 4761 2091 4832 publicantes
2129 4767 2188 4814 et

600 4856 1018 4930 debonestantes
1038 4871 1136 4926 per
1158 4855 1392 4910 medium
1423 4855 1662 4912 civitatis
1683 4855 1748 4911 ad
1770 4854 2103 4924 praetorium,
2128 4861 2186 4907 et

601 4947 815 5025 gladius.
836 4963 1018 5003 coram
1047 4964 1132 5004 eo.

677 5040 812 5100 Erat
853 5050 1032 5094 autem
1077 5039 1230 5094 dolor-
1260 5055 1487 5110 magnus
1511 5039 1672 5096 beato
1695 5037 1792 5102 illi,
1819 5049 1876 5092 et
1903 5039 2186 5092 inenarra-

606 5132 774 5186 bilis:
808 5133 1004 5201 oppido
1048 5132 1191 5186 enim
1242 5141 1360 5186 erat
1405 5129 1581 5189 fessus
1627 5138 1683 5184 et
1727 5129 2017 5194 infirmus,
2073 5142 2189 5198 pra:

608 5201 772 5275 tantis
821 5221 1172 5276 incommodis
1223 5219 1446 5277 futurus
1507 5221 1814 5289 relinquere
1865 5218 2099 5280 animam
2154 5233 2188 5272 a-

605 5328 860 5386 pressura
899 5314 1206 5382 passionum
1234 5323 1288 5368 et
1319 5313 1576 5370 tenuitate
1618 5310 1881 5386 corporis.
1932 5309 2188 5364 Attamen

608 5405 845 5478 gaudens
899 5420 994 5474 spe
1041 5405 1449 5460 confortabatur
1497 5404 1549 5458 in
1603 5402 1828 5456 Domino
1880 5419 1893 5454 :
1947 5410 2044 5466 et,
2082 5413 2192 5470 quo

610 5497 780 5566 magis
833 5513 954 5551 cum
1005 5481 1290 5552 alllictione
1340 5506 1394 5551 et
1439 5497 1490 5550 vi
1531 5497 1873 5558 trahebatur,
1903 5509 1968 5550 eo
1997 5508 2190 5563 sereno

613 5589 798 5652 obtutu
829 5589 1022 5644 ductus
1051 5603 1172 5654 cum
1200 5589 1365 5642 multa
1410 5587 1714 5643 constantia
1759 5586 1954 5641 animae
1988 5586 2184 5655 justus,

2285 4589 2502 4637 cassent
2524 4581 2740 4650 quidam
2773 4579 2839 4634 ab
2869 4581 2977 4634 imo
3005 4596 3067 4635 ex
3091 4581 3280 4635 ordine
3307 4579 3523 4635 militari
3549 4574 3813 4645 magistrum

2287 4672 2479 4744 vigilite
2511 4671 2846 4738 carnificem,
2875 4672 3234 4728 descendente
3282 4686 3366 4735 eo,
3418 4687 3519 4725 una
3576 4664 3806 4722 inulierum

2286 4764 2679 4836 ergastulorum
2714 4764 2925 4820 illorum
2965 4765 3183 4834 pietatis
3229 4765 3439 4818 viscere
3493 4762 3656 4820 ducta,
3691 4764 3809 4806 acce-

2288 4855 2422 4911 dens
2462 4855 2898 4927 amplcetensqne
2941 4853 3255 4910 bellatorem
3287 4853 3506 4916 Christi,
3534 4859 3584 4905 et
3609 4837 3807 4938 apostoli-

2289 4961 2411 5002 cum
2439 4956 2681 5016 patrem,
2709 4955 3041 5018 portansque
3075 4945 3358 5000 reclinavit
3383 4959 3502 4998 eum
3551 4941 3598 4994 in
3639 4942 3807 5005 ριοιπιυ

2291 5049 2408 5096 toro
2439 5056 2556 5105 suo,
2579 5049 2870 5109 contegens
2906 5039 3109 5092 utiliter
3134 5047 3188 5094 et
3219 5035 3511 5092 involvens.
3537 5026 3706 5086 Mansit
3732 5034 3805 5072 au-

2291 5142 2397 5189 tem
2442 5147 2614 5204 usque
2666 5133 2732 5188 ad
2780 5146 3065 5201 vesperum
3096 5131 3212 5185 sine
3243 5145 3393 5184 voce.
3426 5127 3644 5196 Vespere
3667 5122 3804 5170 autem

2288 5225 2453 5290 facto,
2484 5226 2632 5280 misit
2658 5225 2720 5278 ad
2769 5240 2890 5277 cum
2932 5222 3222 5293 Gregorius
3260 5219 3548 5276 Praefectus
3572 5205 3802 5299 Eunuchus

2289 5330 2354 5371 ex
2412 5315 2758 5370 cubiculariis
2821 5313 3077 5382 majorem
3123 5313 3314 5366 domus
3361 5326 3468 5365 sua:
3514 5319 3622 5360 cum
3667 5303 3810 5391 parvis.

2289 5404 2528 5468 cibariis,
2574 5404 2662 5472 qui
2731 5401 2920 5456 refecit
2981 5417 3125 5466 eu'n,
3191 5401 3376 5455 dicens
3436 5417 3448 5452 ε
3512 5394 3582 5449 Ne
3631 5383 3802 5442 delicias

2294 5487 2346 5548 in
2391 5493 2825 5548 tribulationibus
2853 5535 2865 5553 ,
2911 5492 3236 5546 confidimus
3279 5491 3333 5544 in
3380 5491 3556 5547 Deum,
3601 5483 3797 5570 nouitio-

2293 5585 2468 5641 rieris.
2519 5585 2576 5640 In
2629 5600 2735 5654 quo
2796 5585 2967 5654 magis
3018 5591 3345 5652 aggravatus
3400 5581 3484 5636 ille
3539 5575 3702 5629 beatus
3743 5574 3798 5618 In.—

692 5712 725 5748 ει.
744 5699 857 5764 Hoc
885 5710 966 5754 est.
993 5699 1207 5778 pallium
1239 5699 1319 5755 vel
1344 5713 1552 5778 peram.
1582 5697 1724 5764 Vide
1739 5699 1930 5756 Baron.
1965 5699 2032 5755 ad
2059 5698 2192 5761 ann;
2227 5697 2359 5767 651,,
2382 5713 2530 5759 num.
2557 5697 2643 5762 ltl,
2669 5696 2758 5776 qui
2791 5709 2914 5752 cum
2937 5694 3060 5749 aliis
3085 5691 3212 5775 legit
3233 5693 3534 5764 pauc/imam
