3916 5574
118 331 218 387 δθγ

626 324 1142 383 COLLECTANEA.
1182 356 1251 365 —
1290 323 1378 382 DE
1417 325 1697 384 FURORE
1739 325 2265 387 [LERETICORUM
2308 327 2371 383 IN
2411 318 2779 381 MARTINUM
2819 318 2923 374 PP.

3289 325 3397 385 583

114 442 341 517 gemuit.
375 440 731 497 Abstulerunt
770 452 953 497 autem
995 441 1170 497 ferrea
1201 441 1413 497 vincula
1449 443 1706 500 continuo
1735 451 1780 511 Α
1811 447 1936 504 illuc
1976 450 2299 507 miserabilis
2343 452 2506 508 homo
2552 449 2837 520 hospitari,
2889 449 3069 505 omnia
3119 450 3183 504 ad
3234 467 3405 509 usum-

115 535 185 590 ab
214 549 302 590 eo.

188 624 455 694 Sequenti
500 639 629 680 vero
669 623 754 679 die
797 623 986 679 abiens
1042 624 1337 695 imperator
1379 624 1431 679 in
1478 624 1708 680 Patriar-

115 714 299 769 cbium
337 713 550 769 visendi
577 713 753 785 gratia
797 711 1044 769 Paullum
1094 714 1463 783 patriarcham
1508 714 1711 785 (proxi-

114 819 237 859 mus
260 805 410 858 enim
441 812 560 859 erat
587 804 770 873 morti)
811 804 1053 860 narravit
1090 806 1139 860 ei
1188 821 1308 875 qua:
1333 816 1707 860 consummata

113 907 243 953 sunt
309 898 364 950 iu
431 896 834 953 sanctissimum
892 898 1091 951 virum.
1151 897 1519 968 lugemiscens
1582 912 1711 952 vero

113 988 359 1052 Paullus,
398 996 455 1042 et
478 1002 793 1053 conversus,
818 987 887 1043 ad
916 987 1179 1057 parietem
1209 987 1345 1042 dixit
1374 1006 1386 1041 :
1424 987 1519 1043 Hei
1543 988 1707 1042 mihi!

113 1091 166 1134 ct
205 1082 311 1135 hoc
337 1079 406 1132 ad
436 1080 824 1135 abundantiam
857 1077 1185 1149 iudiciorum
1230 1096 1474 1135 meorum
1529 1090 1707 1135 actum

111 1179 217 1225 est.
248 1171 616 1225 Percontatus
641 1178 822 1225 autem
870 1170 940 1225 ab
992 1170 1315 1239 imperatore
1356 1169 1708 1240 quamobrem

113 1262 217 1316 hoc
268 1262 509 1326 dixerit,
564 1260 839 1330 respondit
896 1278 909 1314 :
976 1259 1409 1331 Numquidnam,
1449 1260 1708 1326 domine,

113 1363 337 1407 nonest
366 1351 682 1406 miserabile
730 1350 853 1405 talia
901 1351 1012 1419 pati
1058 1349 1378 1420 pontifices?
1428 1349 1578 1404 Tunc
1631 1359 1713 1404 at-

115 1446 320 1500 lentius
365 1444 641 1516 adjuravit
681 1443 1091 1514 Imperatorem,
1121 1443 1368 1498 sutlieere
1423 1443 1473 1497 ei
1527 1442 1580 1496 in
1627 1442 1712 1498 his

112 1552 232 1604 qua:
257 1551 459 1606 passus
487 1544 611 1599 est,
647 1535 889 1604 nihilque
936 1533 1167 1603 amplius
1215 1534 1503 1589 sustinere.
1560 1532 1712 1590 Unde

114 1627 344 1681 audiens
390 1627 584 1681 beatus
631 1626 717 1680 ille
776 1640 840 1681 ac
885 1624 1213 1696 apostolicus
1268 1624 1370 1690 vir,
1412 1624 1555 1694 quod
1605 1640 1711 1679 non

114 1719 353 1790 suscepit
386 1721 533 1788 quod
573 1719 936 1788 exspectabat,
969 1732 1074 1772 non
1110 1724 1326 1789 gratum
1372 1717 1563 1773 imbuit
1609 1717 1713 1773 tale

1810 543 2116 611 praebentur
2154 545 2202 600 ei
2224 585 2239 609 ,
2266 553 2321 598 et
2354 543 2556 600 nullum
2599 543 2894 598 immunem
2931 543 3045 598 suis
3082 543 3237 600 donis
3265 559 3396 600 san-

1811 641 1931 689 cttts
1964 634 2157 691 Petrus
2205 637 2414 706 repellit
2458 636 2788 692 venientium
2843 634 2971 692 illuc
3027 654 3040 689 :
3100 636 3193 693 sed
3243 639 3398 708 panis

1813 725 2198 782 tnumlissimus
2246 737 2299 782 et
2334 727 2453 782 vina
2487 728 2698 783 diversa
2733 727 2931 783 dantur
2962 744 3068 783 non
3101 728 3278 784 solum
3308 731 3357 786 ei
3379 771 3396 795 ,

1810 813 1905 867 sed
1933 814 2241 868 bumiuibus
2271 816 2321 869 ei
2365 816 2782 885 pertinentibus.
2812 816 2869 870 Si
2900 831 3030 887 ergo
3070 817 3125 871 in
3172 819 3399 873 misera-

1810 903 2010 959 bilibus
2051 904 2363 959 hominibus
2411 906 2525 961 haec
2553 908 2705 971 tiuut,
2729 908 2820 976 qui
2853 908 3001 960 venit
3026 906 3195 961 etiam
3228 906 3399 963 hono-

1813 993 2000 1048 rabilis
2026 994 2163 1048 sicut
2186 994 2490 1065 cpiscopus,
2507 995 2718 1066 qualem
2743 1004 3012 1066 sumptum
3038 997 3201 1052 habet
3224 998 3393 1052 susci-

1811 1084 1974 1152 pere?
2017 1084 2156 1138 Dicit
2198 1083 2265 1138 ad
2297 1097 2418 1138 eum
2467 1085 2897 1141 Demosthenes:
2932 1084 3042 1142 Nos
3088 1087 3396 1154 didicimus,

1810 1173 1939 1243 quia
2001 1174 2050 1227 vi
2107 1173 2235 1230 fecit
2293 1174 2529 1231 libellum
2596 1176 2834 1249 Pyrrhus
2892 1178 3096 1246 Roma',
3154 1188 3208 1234 et
3270 1180 3395 1251 quia

1813 1261 1991 1334 lignea
2024 1264 2234 1319 vincula
2265 1264 2546 1331 sustinuit,
2598 1276 2654 1322 et
2700 1266 2865 1320 multa
2921 1267 3147 1322 dolenda
3207 1283 3400 1338 passus

1814 1363 1916 1409 est.
1945 1353 2239 1425 Respondit
2268 1356 2350 1409 vir
2377 1355 2464 1411 ille
2492 1357 2703 1423 beatus,
2746 1366 2801 1412 et
2854 1358 2990 1413 dixit
3037 1375 3049 1411 :
3103 1357 3246 1413 Nihil
3295 1360 3400 1416 tale

1813 1442 2017 1499 factum
2062 1454 2168 1499 est.
2223 1443 2356 1499 Nam
2416 1446 2521 1501 nisi
2584 1448 2712 1518 quia
2758 1446 3045 1503 formidine
3096 1447 3267 1517 aliqui
3324 1457 3404 1504 te-

1816 1547 2033 1599 nentur,
2090 1549 2196 1589 non
2260 1546 2489 1605 possunt
2541 1536 2680 1591 forte
2731 1536 2878 1607 loqni
2938 1527 3242 1592 veritatem.
3302 1536 3402 1593 llic

1815 1635 1941 1682 Sunt
1970 1624 2432 1697 Constantinolwli
2467 1626 2706 1698 plurimi,
2736 1627 2826 1698 qui
2862 1636 2985 1683 tunc
3009 1637 3163 1683 erant
3191 1628 3396 1693 Romae,

1818 1727 1874 1774 et
1931 1720 2108 1774 sciunt
2169 1736 2289 1791 qua:
2355 1721 2427 1775 ibi
2488 1729 2641 1793 gesta
2704 1728 2850 1775 sunt.
2917 1720 2993 1774 Ex
3058 1721 3254 1790 quibus
3319 1722 3401 1776 iu-

115 1810 469 1884 promissum,
491 1812 587 1865 sed
612 1812 826 1881 penitus
854 1818 1081 1866 moestus
1121 1810 1345 1867 effectus
1385 1821 1488 1866 est.
1540 1811 1713 1867 Festi-
1740 1805 1788 1866 Β
1818 1809 1975 1865 terim
2021 1820 2265 1880 superest
2303 1811 2457 1867 Plato
2495 1811 2785 1877 Patricius,
2814 1812 2903 1881 qui
2955 1820 3080 1867 tunc
3124 1812 3407 1870 Exarchus

118 1906 281 1957 nabat
326 1904 476 1958 enim
523 1903 745 1975 explere
790 1904 991 1959 bonum
1041 1916 1339 1969 certamen,
1382 1914 1439 1959 et
1464 1904 1615 1959 abire
1640 1904 1706 1960 ad

114 2011 235 2049 eum
267 2011 434 2065 quem
471 1994 834 2050 desiderabat.
876 1995 1086 2052 Interea
1112 1996 1367 2051 defuncto
1406 1995 1621 2060 Paullo,
1653 2005 1708 2052 et

116 2084 327 2156 Pyrrho
359 2085 605 2141 residere
646 2086 870 2151 nitente,
898 2096 1061 2156 atque
1094 2087 1418 2158 quibusdam
1447 2086 1709 2142 Ecclesiae

116 2176 620 2231 contradicentibus
640 2184 695 2231 et
735 2177 1165 2248 prohibentibus,
1207 2176 1554 2247 libellumque
1590 2177 1707 2248 ejus

116 2266 530 2337 publicantibus
557 2268 610 2321 in
661 2268 884 2336 palatio,
929 2268 1406 2338 asserentibusque
1449 2270 1707 2338 quoniam

113 2366 168 2410 et
196 2372 225 2409 a
256 2358 580 2412 beatissimo
608 2357 792 2411 Paullo
814 2359 1305 2414 anathematizatus
1324 2369 1407 2414 cst
1430 2377 1443 2412 :
1468 2359 1708 2431 Pyrrhus

115 2448 440 2517 reprobatus
471 2456 554 2502 est
584 2449 886 2503 sacerdotio
914 2458 1134 2520 propter
1165 2449 1400 2505 libellum
1430 2465 1591 2520 quem
1633 2449 1708 2505 fc-

113 2548 265 2594 eemt
295 2539 506 2593 Romae.

181 2632 254 2684 iit
279 2629 455 2684 multa
481 2632 845 2688 commotione
879 2630 1045 2697 facta,
1073 2641 1197 2702 post
1221 2632 1337 2689 dies
1363 2642 1486 2690 octo
1516 2635 1707 2690 defun-

112 2734 198 2779 cto
225 2722 422 2777 Paullo
446 2761 462 2786 ,
487 2722 741 2795 dirigitur
764 2724 833 2778 ab
857 2724 1184 2795 imperatore
1211 2727 1277 2781 ad
1308 2726 1580 2782 Diomedis
1609 2741 1706 2781 cu.

113 2813 348 2868 stodiam
377 2813 448 2867 ad
495 2814 899 2883 magnanimum
945 2828 1139 2884 papam
1185 2814 1576 2871 Demosthenes
1623 2832 1707 2871 re-

117 2904 354 2971 scriptor
382 2912 440 2955 et
466 2901 832 2957 collaborator
865 2903 1153 2969 sacellarii,
1176 2913 1232 2960 et
1266 2904 1563 2960 Libellifius
1584 2922 1711 2964 cum

109 3011 195 3050 eo.
227 2998 504 3050 intrantes
538 3010 689 3060 vero,
736 2996 991 3050 dixerunt
1040 2996 1106 3049 ad
1156 3011 1280 3050 eum
1325 3014 1338 3050 :
1394 2996 1708 3052 Dominator

114 3095 305 3139 noster
328 3085 572 3141 eximius
602 3085 899 3156 imperator
925 3086 1074 3141 misit
1114 3101 1215 3142 nos
1252 3088 1319 3142 ad
1361 3096 1412 3143 te
1431 3128 1447 3153 ,
1473 3088 1660 3143 dicens
1689 3106 1702 3142 :

1813 1912 1954 1967 erat,
1976 1901 2174 1972 quippe
2200 1902 2397 1958 direxit
2425 1902 2671 1958 homines
2706 1917 2834 1957 suos
2866 1911 2992 1957 tunc
3018 1903 3085 1955 ad
3131 1901 3398 1974 Pyrrhum

1816 1992 2044 2048 Romam
2081 2007 2097 2046 :
2138 1990 2526 2062 percontamini
2562 2007 2684 2047 eum
2724 1994 2901 2048 dehis
2937 1992 2981 2047 si
3018 1993 3266 2046 mentior.
3301 1991 3411 2047 Vc-

1814 2091 2143 2149 rumtamen,
2185 2085 2312 2155 quid
2355 2084 2598 2139 volumus
2645 2084 2875 2155 plurima
2933 2083 3215 2153 quaerere?
3263 2082 3403 2140 Ecce

1813 2173 1867 2227 in
1925 2173 2177 2229 manibus
2231 2177 2425 2227 vestris
2470 2174 2721 2228 retinetis
2769 2189 2876 2239 me,
2939 2182 2994 2227 et
3044 2174 3403 2244 quodcunque

1811 2262 1974 2316 vultis
2004 2272 2378 2317 consummate
2416 2263 2467 2316 in
2495 2276 2581 2317 me
2606 2280 2617 2315 :
2650 2262 2759 2316 Deo
2788 2261 3098 2333 indulgente
3126 2263 3187 2316 iu
3211 2271 3387 2316 vestra

1812 2361 1897 2406 cst
1924 2360 2211 2420 potestate.
2247 2350 2441 2421 Utique
2461 2350 2508 2406 si
2540 2350 2883 2405 membratim
2924 2350 3167 2407 inciditis
3205 2365 3439 2406 carnes...

1814 2456 1986 2505 meas,
2021 2442 2179 2495 sicuti
2226 2441 2483 2511 praefecto
2520 2440 2761 2509 iussistis
2798 2456 2920 2496 cum
2963 2455 3050 2496 me
3090 2442 3399 2507 traderetis,

1814 2548 1927 2587 non
1950 2534 2294 2589 communico
2318 2534 2572 2590 Ecclesia'.
2596 2533 3225 2603 Constantinopolitanaz.
3262 2535 3403 2591 Ecce

1816 2627 1903 2679 hic
1944 2641 2096 2690 sum,
2139 2627 2445 2681 examinate
2494 2641 2603 2692 me,
2656 2636 2711 2681 et
2753 2635 2976 2692 tentate,
3016 2635 3073 2682 et
3112 2627 3416 2685 invenietis-

1810 2720 2180 2788 experimento
2208 2720 2434 2790 gratiam
2462 2718 2578 2786 Dei,
2603 2728 2659 2774 et
2687 2718 2923 2773 fidelium
2953 2734 3234 2775 servorum
3258 2720 3397 2790 ejus.

1814 2807 2013 2863 lterum
2034 2809 2275 2879 Pyrrhus
2297 2810 2352 2863 in
2383 2808 2619 2864 medium
2643 2809 2810 2874 venit,
2849 2809 2940 2880 qui
2977 2810 3136 2865 toties
3174 2812 3400 2866 anathe-

1815 2901 2104 2955 matizatns
2132 2908 2186 2955 et
2212 2899 2446 2956 nudatus
2466 2908 2552 2955 est
2575 2899 2760 2955 divino
2790 2901 3018 2956 honore.
3051 2900 3441 2971 Stupefactus--

1813 3005 1994 3049 autem
2031 2994 2421 3050 Demosthenes
2462 2994 2778 3065 rescriptor,
2831 3002 2885 3049 et
2945 2995 3219 3050 admirans
3242 3009 3405 3065 super

1814 3089 1915 3143 hac
1953 3101 2087 3142 voce
2120 3085 2440 3157 mquanimis
2466 3101 2616 3156 papze
2642 3085 2924 3141 audaciam
2950 3093 3113 3155 atque
3141 3093 3401 3141 constan-

117 3174 254 3229 Eece
304 3175 360 3229 in
406 3183 614 3244 quanta
666 3174 833 3245 gloria
879 3175 1029 3246 prius
1060 3175 1380 3240 consistens,
1415 3178 1466 3231 in
1497 3177 1708 3246 qualem
1738 3162 1780 3224 (Σ
1815 3181 1942 3234 tiam
1973 3194 2072 3251 pro
2119 3178 2337 3234 Christo
2388 3176 2441 3231 in
2489 3185 2664 3232 morte
2711 3191 2840 3242 sua,
2883 3176 3133 3246 equidem
3177 3176 3244 3231 ad
3296 3175 3401 3231 hoc

110 3267 361 3321 ordinem
387 3276 441 3321 te
469 3267 644 3337 ipsqu
669 3267 913 3323 duxisti!
972 3282 1134 3322 nemo
1176 3267 1270 3323 tibi
1298 3267 1425 3323 fecit
1468 3268 1591 3333 hoc,
1617 3268 1711 3323 sed

115 3370 172 3415 tu
205 3360 324 3428 ipse
360 3358 697 3429 tibimetipsi.
725 3359 842 3429 Ipse
867 3367 1045 3414 autem
1075 3359 1209 3414 nihil
1242 3360 1384 3415 aliud
1414 3361 1708 3430 respondit,

114 3452 215 3505 nisi
249 3450 426 3505 solum
453 3450 557 3505 hoc
584 3469 597 3504 :
622 3449 805 3505 Gloria
837 3459 896 3506 et
919 3452 1214 3521 gratiarum
1245 3450 1387 3507 actio
1412 3467 1508 3521 per
1529 3452 1709 3507 omnia

100 3541 211 3598 'soli
241 3541 539 3599 immortali
583 3541 734 3613 Regi.
774 3542 912 3598 Dicit
953 3543 1021 3598 ad
1048 3559 1170 3600 eum
1209 3545 1604 3601 Demosthenes
1629 3560 1711 3599 re-

115 3632 357 3701 scriptor
387 3648 403 3685 :
438 3631 775 3701 Significavit
805 3633 900 3687 tibi
930 3633 1267 3697 dominator,
1313 3634 1398 3689 dic
1446 3633 1602 3689 nobis
1645 3649 1708 3689 ea

113 3739 237 3793 qua:
266 3724 335 3778 de
362 3723 574 3795 Pyrrho
623 3725 1002 3794 expatriarcha
1052 3726 1141 3780 hic
1190 3735 1243 3781 et
1290 3725 1474 3781 Romae
1519 3726 1705 3782 subse-

114 3825 351 3885 quenter
378 3823 529 3886 gesta
558 3825 703 3872 sum.
739 3816 845 3872 Pro
875 3831 980 3886 qua
1025 3831 1191 3872 causa
1238 3817 1371 3872 abiit
1416 3815 1643 3872 Romam
1693 3833 1706 3870 :

108 3907 322 3975 jussus,
362 3922 432 3960 an
477 3905 702 3976 proprio
741 3906 1053 3976 preposito?
1095 3904 1449 3976 Respondeas
1490 3914 1711 3961 sanctus

116 4010 255 4065 papa
291 3996 470 4050 dixit:
498 3994 723 4065 Proprie
772 3995 1068 4066 proposito.
1112 3996 1204 4051 Ait
1251 3995 1641 4063 Demosthenes
1692 4011 1708 4049 :

115 4084 388 4141 Libellum
420 4085 569 4145 illum
605 4085 876 4155 quomodo
903 4084 1068 4140 fecit?
1109 4086 1466 4156 compellente
1495 4087 1712 4157 aliquo?

117 4175 422 4245 Respondit
455 4185 679 4232 sanctus
706 4176 787 4230 vir
823 4191 838 4229 :
875 4174 1125 4243 Nemine,
1154 4179 1248 4234 sed
1274 4180 1490 4249 propria
1517 4195 1713 4250 propo-

116 4268 336 4322 sitione.
366 4268 760 4323 Demosthenes
808 4268 983 4338 inquit
1019 4286 1031 4322 :
1071 4267 1333 4325 Veniente
1371 4268 1577 4341 Pyrrho
1605 4269 1711 4325 Ro-

118 4372 288 4423 mam,
316 4357 591 4426 quomodo
618 4356 856 4426 suscepit
881 4371 1003 4412 eum
1035 4368 1258 4416 sanctus
1289 4359 1370 4413 vir
1398 4359 1713 4419 Theodorus

119 4452 379 4504 decessor
449 4459 574 4505 tuus
638 4446 815 4519 papa?
877 4448 955 4505 uti
1013 4450 1360 4521 episcopum?
1412 4450 1711 4519 Respondit

115 4543 440 4612 tequanimis
479 4558 642 4613 papa,
665 4550 721 4597 et
750 4543 1019 4612 quomodo
1044 4543 1185 4596 non?
1238 4543 1330 4612 qui
1370 4543 1519 4612 prius
1548 4557 1706 4612 quam

116 4637 333 4695 veniret
362 4634 604 4706 Pyrrhus
633 4634 882 4700 Romam,
906 4632 1187 4689 manifeste
1211 4633 1427 4703 scripsit
1457 4634 1582 4698 huc,
1607 4633 1712 4690 hoc

116 4735 202 4780 est
230 4727 425 4781 beatus
455 4724 798 4791 Theodorus,
826 4726 894 4780 ad
934 4723 1200 4790 Paullum,
1245 4731 1429 4793 utpote
1476 4724 1544 4778 ad
1584 4738 1708 4779 eum

118 4819 210 4887 qui
243 4819 502 4874 indecens
523 4818 739 4881 fecerit,
764 4826 820 4871 et
856 4816 1077 4873 alterius
1124 4817 1378 4877 thronum
1427 4816 1706 4873 invaserit.

121 4912 330 4967 Deinde
358 4920 534 4968 autem
583 4919 781 4982 sponte
824 4925 918 4964 sua
968 4908 1157 4966 eodem
1203 4908 1412 4978 Pyrrho
1460 4910 1709 4965 veniente

121 5002 352 5056 Romam
373 5004 438 5057 ad
469 5003 695 5072 vestigia
724 5001 865 5054 beati
891 4998 1061 5064 Petri,
1086 4998 1354 5071 quomodo
1394 5015 1500 5054 non
1545 4999 1711 5056 habe-

122 5102 205 5149 ret
237 5110 357 5148 enm
401 5095 686 5167 suscipere
743 5094 1042 5160 praecessor
1097 5106 1275 5153 meus,
1315 5099 1369 5145 et
1419 5090 1709 5156 honorare,

124 5194 304 5255 utpote
338 5182 692 5259 episcopum?
723 5180 1075 5250 Rospondens
1106 5180 1496 5239 Demosthenes
1528 5184 1666 5241 dixit
1693 5200 1707 5236 :

130 5275 258 5334 \‘ere
295 5281 490 5337 veritas
518 5277 603 5334 sic
632 5288 700 5328 se
732 5270 907 5325 habet.
946 5270 1095 5326 Unde
1123 5279 1301 5326 autem
1351 5275 1598 5331 sumebat
1644 5289 1712 5331 ea

124 5383 231 5437 qua:
247 5376 313 5429 3d
342 5388 498 5428 υειιιιι
534 5366 621 5423 sui
667 5361 922 5428 corporis
965 5369 1124 5415 erant
1166 5364 1512 5420 necessaria?
1570 5365 1707 5422 Dicit

122 5460 292 5522 beatus
346 5482 361 5520 :
412 5458 721 5519 Manifesta
779 5453 846 5505 de
896 5451 1239 5508 Patriarchio
1295 5452 1559 5513 Romano.
1619 5457 1710 5514 Ait

554 5546 753 5574 l\--..l:n
806 5547 955 5574 ειη-εἷο
1004 5545 1229 5574 ,Ιηιιηιιιη
1270 5545 1356 5574 “:9
1413 5548 1624 5574 Dn;._-—_A
1652 5550 1707 5574 Ιῖι

1814 3269 2022 3339 positus
2075 3275 2193 3322 erat
2250 3265 2388 3322 calix
2440 3266 2727 3337 passionis.
2784 3264 3047 3321 Similiter
3092 3274 3145 3319 et
3196 3264 3248 3319 hi
3301 3264 3394 3335 qui

1813 3366 2205 3429 consequentes
2241 3366 2398 3412 erant
2444 3358 2493 3412 ei
2530 3364 2829 3427 stupentes,
2875 3363 3097 3425 accepto
3139 3354 3425 3409 libellario.

1813 3456 2054 3511 scriatim
2103 3463 2296 3509 cuncta
2354 3454 2498 3509 dicta
2540 3467 2569 3507 a
2615 3452 2779 3508 beato
2820 3452 2960 3517 viro,
2997 3449 3403 3505 conseribcutcs

1815 3563 2090 3604 I'CCCSSBI'U
2098 3564 2128 3602 η
2137 3557 2153 3602 1
2162 3589 2175 3601 .

1883 3641 2034 3697 Fecit
2077 3656 2205 3713 ergo
2248 3641 2721 3697 reverentissimus
2761 3655 2898 3712 papa
2948 3640 2999 3694 in
3031 3637 3223 3694 eodem
3272 3637 3398 3692 Dio-

1812 3733 1984 3789 medis
2014 3732 2286 3804 ergastulo
2329 3732 2605 3803 octoginta
2646 3732 2885 3801 quinque
2915 3729 3030 3784 dies
3054 3741 3171 3800 post
3198 3727 3403 3800 primas

1811 3823 2105 3894 nonaginta
2137 3831 2282 3887 tres;
2314 3822 2416 3877 hoc
2442 3830 2525 3877 est
2554 3836 2741 3877 omnes
2767 3819 2927 3876 simul
2954 3833 3212 3875 ccxxvnt.
3244 3816 3405 3883 Venit

1811 3916 1976 3986 igitur
2020 3913 2286 3987 Sagoleba
2321 3914 2518 3978 scriba,
2557 3913 2762 3980 dicens,
2800 3913 2927 3984 quia
2951 3913 3134 3985 jussus
3163 3927 3281 3967 sum
3308 3927 3406 3965 au-

1815 4005 1957 4062 ferre
1988 4014 2041 4061 te
2066 4006 2218 4071 hinc,
2246 4013 2299 4062 et
2326 4003 2622 4059 transferre
2650 4005 2705 4059 in
2736 4004 2953 4059 domum
2980 4018 3172 4066 meam,
3208 4009 3405 4071 etpost

1813 4099 1929 4153 dies
1972 4099 2108 4153 duos
2151 4098 2381 4170 dirigere
2408 4105 2460 4152 te
2485 4112 2592 4167 quo
2618 4097 2841 4168 jusserit
2885 4096 3013 4150 mihi
3057 4093 3393 4155 sacellarius.

1814 4187 2186 4260 interrogante
2226 4199 2406 4243 autem
2436 4202 2571 4258 papa
2600 4203 2707 4258 quo
2737 4189 3012 4243 ducendus
3035 4196 3201 4252 esset,
3239 4184 3321 4240 vel
3349 4185 3405 4240 in

1814 4293 1975 4348 quem
1998 4277 2196 4343 locum,
2224 4278 2393 4333 noluit
2420 4278 2469 4332 ei
2497 4276 2695 4332 dicere.
2733 4276 2982 4348 Rogabat
3017 4291 3148 4347 ergo
3173 4283 3396 4331 sanctus

1816 4369 1925 4433 κιο,
1951 4377 2011 4422 ut
2034 4368 2305 4423 sineretur
2338 4368 2393 4423 in
2423 4368 2613 4423 eadem
2646 4367 2912 4432 custodia,
2940 4381 3219 4437 quousque
3244 4382 3403 4421 exsu-

1817 4460 2041 4524 laretnr,
2081 4467 2137 4513 et
2162 4458 2228 4512 ad
2258 4459 2447 4514 horam
2475 4457 2783 4513 auferretur
2808 4458 2874 4512 de
2900 4457 3142 4513 custodia
3176 4475 3192 4512 :
3225 4467 3279 4511 et
3301 4472 3403 4512 nee

1818 4550 1923 4604 hoc
1962 4563 2277 4603 concessum
2307 4557 2394 4603 est
2413 4549 2484 4603 ci.
2535 4546 2642 4604 Sed
2674 4548 2815 4604 circa
2840 4563 3091 4604 occasum
3119 4547 3250 4603 solis
3272 4549 3404 4604 dicit

1818 4638 2142 4695 venerabilis
2163 4653 2299 4709 papa
2317 4638 2404 4693 bis
2422 4639 2514 4709 qui
2536 4645 2693 4694 erant
2713 4638 2766 4691 in
2791 4637 3095 4709 ergastulo:
3117 4638 3395 4704 Accedite,

1818 4730 2037 4798 fratres,
2078 4730 2199 4785 vale
2248 4728 2542 4797 faciamus;
2591 4729 2717 4801 quia
2757 4743 2888 4785 ecce
2926 4745 3071 4785 nunc
3098 4729 3274 4784 aderit
3303 4731 3406 4801 qui

1819 4819 2029 4878 aufesat
2059 4837 2146 4877 me
2172 4821 2318 4877 hinc.
2352 4820 2420 4876 Et
2445 4822 2582 4889 haec,
2610 4820 2822 4877 dicente
2856 4823 3262 4889 eo,hauseruut
3286 4821 3398 4876 sin-

1820 4911 1928 4984 guli
1970 4915 2216 4970 calicem.
2260 4912 2327 4968 Et
2370 4928 2597 4985 surgens
2639 4926 2831 4967 sereno
2873 4914 3025 4969 vultu
3069 4928 3191 4969 cum
3237 4911 3408 4967 multa

1816 5008 2123 5065 constantia
2156 5017 2318 5078 atque
2358 5007 2655 5075 gratiarum
2701 5003 2916 5060 actione
2962 5007 3092 5062 dicit
3132 5003 3197 5059 ad
3246 5020 3411 5058 unum

1815 5098 2260 5159 concurrentium
2316 5094 2420 5149 sibi
2482 5097 2762 5159 dilectum,
2815 5095 3059 5162 quierat
3109 5094 3412 5162 ibi:Veni,

1816 5186 2042 5251 domine
2065 5192 2256 5254 frater,
2286 5193 2337 5240 et
2369 5185 2437 5240 da
2465 5185 2595 5243 mihi
2626 5195 2836 5251 pacem.
2879 5183 3054 5245 Erant
3079 5201 3241 5259 porro
3276 5199 3414 5255 prte-

1818 5281 2014 5340 cordia
2045 5282 2231 5340 fratris
2261 5276 2425 5338 illius,
2458 5279 2602 5333 sicut
2628 5271 2761 5327 tttihi
2793 5274 2907 5343 ipse
2948 5281 3216 5338 referebat
3242 5277 3294 5330 in
3330 5274 3421 5330 illa

1821 5367 1982 5438 hora,
2010 5372 2188 5449 qualia
2217 5377 2273 5424 ut
2295 5364 2530 5436 conjicio
2552 5361 2802 5432 discipuli
2831 5365 2979 5426 illius
3004 5365 3423 5436 contemplantis

1822 5461 2118 5525 Dominum
2149 5465 2202 5519 in
2231 5472 2408 5517 cruce.
2445 5458 2561 5516 Non
2600 5454 2788 5512 valens
2821 5472 2976 5530 ergo,
3017 5474 3076 5521 ut
3099 5462 3296 5520 aiebat,
3326 5470 3420 5509 co-

2179 5564 2292 5574 --.ηι
2379 5557 2612 5574 ινΛιιιιηιιΛ
2661 5557 2783 5574 Ληιιι
2834 5546 2990 5574 Ius-.1-
3046 5552 3108 5574 ,1
3156 5543 3394 5574 Ann-ohlm
