4016 6296
573 342 680 400 599

1644 316 1649 327 ’
1742 310 2123 395 summm
2144 326 2690 391 BlBLlOTiiECARlI
3716 333 3800 392 σου

571 452 674 507 hoc
719 433 804 505 vii-
848 450 1041 506 heatus
1082 438 1357 521 flagitabat
1400 440 1595 504 omnes
1646 464 1713 504 ne
1756 440 1830 503 ita
1882 442 2145 511 facerent,
2177 452 2225 510 Α
2252 456 2409 498 mans
2451 451 2508 498 et
2552 446 2747 499 bonam
2781 440 2945 499 fidem
2977 454 3223 507 senm,
3250 455 3435 501 mense
3477 440 3799 515 Septembris,

570 534 767 601 sereno
804 534 994 598 obtutu
1042 542 1249 600 dicens.
1299 543 1386 610 Et,
1440 542 1710 614 impositis
1754 540 2155 598 veneral'ilibus

570 624 820 689 manibus
866 630 1030 703 super
1073 634 1333 690 verticem
1370 635 1509 706 ejus,
1550 635 1836 690 subridens
1864 634 1940 689 ait
1965 652 1977 688 :
2006 633 2155 688 Bona

568 732 699 778 sunt
734 722 870 787 lucc,
903 723 1120 778 domine
1149 721 1341 790 frater,
1369 724 1486 780 hmc
1515 732 1642 779 sunt
1668 733 1993 795 Opportuna,
2024 732 2080 779 ct
2106 733 2158 781 te

569 821 787 885 oportet
825 813 900 867 ita
944 812 1165 869 facere?
1210 812 1328 869 haec
1375 823 1501 869 sunt
1540 814 1731 886 pacis?
1765 830 1887 870 cum
1913 822 2156 870 econtra

570 920 717 960 nunc
745 904 944 962 debeas
973 906 1209 977 gaudere
1237 923 1402 979 super
1428 924 1535 963 me.
1564 908 1646 963 Ad
1671 924 1832 978 quem
1859 907 2002 963 illico
2032 922 2157 963 cum

572 986 900 1053 contritione
945 998 1129 1054 cordis
1177 1000 1458 1070 reSpondit
1502 999 1673 1055 frater
1719 1017 1733 1054 :
1784 1001 1927 1072 Deus
1973 1001 2156 1065 novit,

566 1088 770 1144 famule
816 1088 1047 1144 Christi.
1096 1089 1276 1145 Laetor
1328 1091 1383 1146 in
1429 1091 1598 1163 gloria
1647 1106 1752 1162 qua
1799 1091 2049 1162 dignatus
2076 1099 2161 1145 est

571 1181 827 1238 Christus
865 1182 1010 1238 Deus
1054 1191 1243 1238 noster
1263 1193 1485 1254 propter
1515 1196 1712 1238 nomen
1745 1198 1901 1237 suum
1946 1181 2063 1237 haec
2105 1190 2158 1236 te

568 1271 750 1327 omnia
796 1273 909 1342 pati
953 1287 969 1327 :
1009 1273 1111 1329 sed
1156 1271 1432 1329 lamentor
1474 1272 1717 1328 ouinium
1774 1271 2155 1342 perditionem.

568 1360 882 1420 Salutantes
925 1379 1056 1436 ergo
1095 1378 1288 1419 omnes
1330 1378 1454 1419 eum
1496 1373 1861 1419 recesserunt.
1920 1359 2157 1417 Veniens

566 1453 737 1525 igitur
781 1455 1043 1511 continuo
1085 1454 1266 1510 scriba
1309 1462 1365 1509 et
1410 1453 1664 1510 auferens
1711 1469 1835 1509 eum
1876 1452 2055 1507 intulit
2101 1452 2155 1506 in

567 1546 788 1602 domum
836 1563 1012 1601 suam.
1055 1546 1410 1602 Dictum'est
1455 1562 1605 1618 ergo,
1653 1546 1781 1617 quia
1821 1545 1877 1600 in
1920 1544 2154 1601 Cherso-

568 1654 696 1693 nam
753 1639 1037 1695 exsul‘atur
1088 1655 1106 1692 :
1163 1646 1220 1693 et
1277 1648 1400 1709 post
1462 1639 1581 1694 dies
1636 1637 1844 1708 aliquot
1903 1637 2156 1707 cognovi-

564 1738 711 1795 mus,
760 1729 887 1800 quia
937 1728 1067 1785 illuc
1118 1728 1370 1784 clanculo
1416 1728 1632 1801 navigio
1684 1736 2027 1783 transvectus
2070 1735 2156 1783 est

2258 538 2345 593 die
2371 547 2522 594 sexta
2550 537 2778 606 decima,
2812 541 2866 594 in
2898 554 3005 610 qua
3041 536 3369 594 felicissima:
3412 540 3663 611 martyris
3682 552 3733 595 et
3752 540 3803 597 i-

2257 630 2379 686 dem
2407 631 2765 687 custodientis
2802 630 3159 686 orthodoxam
3202 628 3536 701 Euphemiae,
3565 633 3805 700 pretiosis-

2257 722 2390 777 sima
2421 730 2476 776 ct
2501 722 2835 787 beatissima,
2864 721 3161 777 secundum
3206 720 3332 775 anni
3374 721 3656 786 circulum,
3686 722 3803 778 αισα

2257 808 2447 864 bratur
2473 811 2757 878 memoria,
2788 811 3079 867 indictione
3122 820 3317 881 quarta
3354 809 3583 866 decima.
3624 809 3804 868 Positm

2257 909 2342 955 est
2370 908 2550 954 autem
2582 900 2637 955 in
2668 899 2888 956 tumulis
2918 904 3238 955 sanctorum
3268 908 3423 954 extra
3464 913 3645 954 muros
3668 898 3804 955 Cher-

2257 991 2557 1047 sonitarum
2581 991 2815 1046 civitatis
2838 991 2991 1061 quasi
3020 989 3199 1047 stadio
3217 1003 3343 1055 uno,
3371 988 3425 1043 in
3451 987 3805 1059 pretiosissima

2257 1099 2313 1146 et
2342 1088 2794 1145 reverendissimo
2828 1085 3029 1157 templo
3055 1085 3414 1142 sanctissimae
3438 1094 3495 1140 et
3522 1099 3629 1155 pra:
3660 1084 3807 1139 oraui-

2256 1182 2360 1237 bus
2403 1182 2609 1237 sanctis
2653 1180 2934 1247 colendae,
2986 1179 3308 1236 castissima:
3359 1186 3416 1233 et
3466 1174 3807 1241 immaculata,

2257 1272 2761 1344 perbenedietaeque
2812 1271 3215 1345 gloriosissima:
3269 1279 3326 1325 et
3382 1268 3809 1325 excellentissima

2256 1366 2497 1422 omnium
2524 1373 2931 1431 creaturarum,
2970 1364 3145 1434 gratia
3174 1361 3511 1433 plenissime
3531 1400 3547 1425 ,
3589 1357 3805 1429 gaudium

2254 1456 2507 1512 facientis
2549 1465 2607 1511 et
2647 1455 2935 1512 tribuentis
2959 1454 3191 1509 dominas
3218 1463 3418 1509 nostra:
3438 1488 3461 1519 ν
3501 1448 3703 1522 proprie
3729 1465 3807 1504 aa-

2256 1557 2376 1604 tura
2401 1556 2458 1604 et
2484 1549 2716 1605 veritate
2743 1548 2912 1604 solius
2933 1546 3028 1603 Dei
3056 1545 3354 1615 genitricis.
3381 1556 3598 1615 semper
3620 1542 3806 1615 virginis

2255 1637 2460 1709 Mariae,
2492 1657 2614 1712 quae
2642 1641 3055 1713 cognominatur
3078 1637 3412 1694 Blachernes
3445 1655 3461 1690 :
3490 1635 3656 1691 factus
3678 1643 3805 1705 typus

2255 1731 2534 1788 imitabilis
2582 1732 2872 1797 omnibus,
2920 1731 3010 1801 qui
3057 1730 3192 1785 bene
3236 1729 3421 1784 vivere
3470 1714 3535 1782 et'
3568 1725 3807 1781 decertare

565 1820 683 1890 ipse
713 1820 1089 1876 sanctissimus
1115 1821 1443 1891 apostolicus
1473 1820 1574 1875 vir.
1605 1818 1841 1875 Veniens
1866 1834 1997 1890 ergo
2025 1818 2152 1875 illuc
2180 1804 2229 1866 Β
2256 1821 2519 1893 elegerint
2563 1832 2621 1879 et
2663 1822 2954 1887 voluerint,
2992 1836 3090 1892 pro
3130 1835 3221 1885 ea,
3260 1832 3383 1890 qua:
3431 1816 3699 1872 verissima
3722 1825 3803 1879 ω,

564 1918 691 1981 post
726 1911 842 1967 dies
889 1909 1098 1980 aliquot
1143 1911 1365 1983 scripsit
1405 1910 1692 1982 epistolam
1738 1912 1792 1965 in
1831 1909 2150 1981 Byzantium

565 2003 635 2055 ad
657 1999 942 2072 quemdam
965 2002 1067 2057 sibi
1094 2002 1497 2066 cbarissimum,
1540 2017 1609 2057 ex
1636 2000 1741 2056 illis
1767 1999 2025 2055 videlicet
2058 2000 2149 2071 qui

565 2093 717 2149 hunc
762 2103 985 2165 propter
1025 2094 1310 2150 Dominum
1353 2103 1411 2151 et
1455 2094 1527 2150 ob
1575 2102 1782 2149 rectam
1837 2091 1997 2149 iidem
2036 2095 2154 2166 ejus

567 2185 845 2241 amabant.

637 2316 774 2374 Cum
798 2327 946 2376 esset
981 2320 1039 2376 in
1073 2335 1270 2393 magna
1308 2321 1656 2379 tribulatione
1691 2328 1746 2377 et
1782 2320 1975 2378 exsilio
2010 2321 2157 2379 idem

566 2425 713 2482 sape
764 2411 947 2471 dictus
998 2411 1162 2469 Pater
1215 2421 1405 2470 noster
1454 2413 1833 2469 sanctissimus
1887 2413 2155 2469 constitu-

566 2509 679 2569 tus,
717 2502 999 2571 postulans
1032 2502 1338 2574 aliquarum
1378 2503 1683 2575 specierum
1723 2503 1963 2561 subsidia
1997 2519 2159 2575 prop-

566 2599 656 2645 ter
705 2591 907 2648 multas
963 2602 1023 2652 et
1068 2591 1409 2664 frequentes,
1462 2606 1766 2664 gravesque
1814 2593 2157 2661 agrimonias

566 2681 907 2750 corporales,
930 2683 1321 2754 angustiasque
1345 2683 1688 2755 omnimodas
1721 2683 1961 2755 regionis
1988 2683 2156 2753 illius,

563 2784 633 2826 eo
648 2772 793 2841 quod
817 2771 953 2828 nihil
970 2773 1044 2829 ibi
1066 2773 1427 2842 inveniretur,
1439 2775 1712 2846 praecipue
1736 2775 1998 2842 triticum,
2011 2775 2159 2847 quod

563 2861 787 2931 quidem
817 2862 929 2919 illic
958 2863 1361 2933 nominabatur,
1401 2880 1508 2922 non
1539 2874 1721 2923 autem
1754 2866 2154 2923 inveniebatur.

568 2950 724 3009 Unde
766 2968 891 3010 cum
929 2955 1287 3027 jurejurando
1323 2956 1565 3027 scripsit,
1611 2957 1739 3028 quia
1788 2957 2036 3013 navicula
2065 2958 2159 3015 illo

565 3044 839 3109 veniente,
878 3037 935 3101 et
960 3061 1151 3117 parum
1195 3047 1362 3102 tritici
1408 3048 1646 3105 habente
1673 3048 1743 3103 ad
1768 3048 2152 3105 commutatio-

565 3149 695 3189 nem
738 3134 890 3202 salis,
929 3136 1020 3192 vix
1060 3138 1301 3209 potuerit
1340 3152 1523 3195 emere
1558 3153 1627 3196 ex
1670 3152 1736 3193 eo
1773 3154 1938 3194 unum
1987 3139 2150 3195 tritici
2185 3172 2231 3236 ε

564 3223 809 3279 modium
856 3232 1089 3296 quatuor
1130 3225 1340 3293 solidis,
1378 3241 1501 3282 cum
1543 3226 1729 3283 multis
1762 3236 1818 3283 et
1849 3227 1954 3283 hoc
1977 3228 2156 3298 preci-

562 3314 688 3371 bus.
722 3314 976 3372 Diversas
1003 3324 1184 3373 autem
1223 3317 1503 3388 angustias
1546 3316 1766 3387 scripsit
1811 3324 2000 3374 sancta
2037 3315 2155 3386 ejus

564 3406 747 3462 anima
775 3406 887 3476 pati
911 3423 973 3464 se
996 3408 1096 3478 ibi,
1138 3424 1247 3466 non
1272 3409 1447 3467 solum
1471 3409 1845 3481 corporalibus
1868 3411 2149 3481 angustiis,

564 3500 661 3556 sed
709 3501 875 3557 etiam
920 3502 1279 3559 habitantium
1324 3511 1381 3559 et
1428 3503 1821 3560 dominantium
1870 3503 1946 3559 ibi
1998 3502 2154 3560 malis

563 3606 880 3663 oppressus,
912 3593 987 3649 ita
1016 3600 1074 3648 ut
1095 3595 1310 3665 penitus
1335 3595 1600 3651 contritus
1625 3595 1764 3652 male
1784 3593 1942 3666 pejus
1970 3610 2152 3653 more-

563 3690 738 3750 retur,
766 3684 1017 3741 suasione
1044 3684 1297 3743 videlicet
1331 3686 1723 3742 dominantium
1772 3687 1825 3741 in
1869 3686 2151 3758 Byzantio.

562 3771 929 3842 Quamobrem
951 3816 967 3840 ,
1019 3790 1203 3846 quasso
1248 3791 1346 3831 vos
1370 3815 1386 3843 ,
1431 3791 1532 3847 ego
1567 3775 1786 3832 humilis
1815 3782 1870 3831 et
1900 3784 2153 3846 peccator

561 3856 806 3919 famulus
831 3871 1027 3932 vester,
1065 3879 1097 3919 a
1138 3865 1248 3921 Deo
1275 3866 1618 3922 honorabiles
1642 3864 1855 3932 Patres,
1880 3876 1940 3920 ut
1963 3882 2152 3937 quem-

562 3949 854 4008 admodum
880 3967 980 4025 ego
1016 3953 1131 4010 visa
1162 3954 1297 4010 mihi
1336 3962 1389 4010 et
1416 3954 1599 4010 audita
1625 3953 2031 4023 diligentissime
2058 3957 2152 4011 de-

562 4043 766 4100 claravi
796 4045 1095 4112 vobis,hoc
1120 4056 1207 4103 est
1229 4046 1574 4103 imminentes
1602 4048 1926 4103 tentationes
1952 4048 2151 4104 beatis-

560 4138 703 4194 simo
726 4134 898 4211 papae,
928 4150 1147 4212 propter
1176 4149 1379 4196 rectam
1422 4139 1817 4198 confessionem
1847 4141 1901 4195 in
1932 4140 2149 4197 Christo

560 4229 813 4307 Domino,
836 4239 892 4287 et
911 4240 1133 4302 propter
1155 4229 1661 4288 anathematismum
1682 4232 1738 4288 in
1756 4246 1925 4288 novos
1946 4229 2148 4287 factum

558 4322 870 4391 haereticos,
917 4339 1228 4395 quanquam
1252 4339 1327 4390 ex
1370 4324 1555 4379 multis
1584 4339 1771 4393 parva,
1805 4331 1984 4378 tamen
2028 4337 2150 4392 quae

556 4413 709 4484 potui
738 4413 971 4486 dirigere
998 4415 1189 4486 scripsi
1218 4432 1233 4469 :
1262 4415 1338 4470 ita
1382 4423 1437 4470 et
1466 4429 1564 4470 vos
1603 4413 1780 4470 zelum
1823 4412 2149 4469 habentibus

559 4506 783 4563 culturae
827 4507 944 4575 Dei,
977 4508 1243 4579 explicate
1276 4509 1489 4575 eadem,
1516 4514 1573 4563 et
1620 4504 1911 4561 hortamini
1946 4504 2149 4560 imitari

558 4610 706 4663 eum,
737 4606 794 4652 et
821 4598 1141 4655 traditiones
1183 4607 1491 4655 sanctorum
1541 4598 1763 4653 Patrum
1790 4597 2028 4652 retinere
2064 4611 2150 4653 se-

557 4686 795 4743 cundum
823 4687 1177 4744 imitationem
1203 4688 1353 4757 ejus,
1387 4697 1444 4744 et
1470 4703 1576 4743 non
1606 4688 2005 4743 communicare
2030 4701 2148 4742 om-

558 4777 690 4833 nino
733 4778 1005 4833 contraria
1052 4778 1430 4835 sentientibus.
1470 4776 1828 4834 Obsecrantes
1855 4778 2020 4832 etiam
2046 4788 2148 4848 pro

558 4882 649 4923 me
672 4868 893 4939 indigno
919 4868 1120 4925 famulo
1145 4869 1235 4940 qui
1264 4869 1478 4939 scripsi,
1501 4884 1608 4939 quo
1635 4884 1757 4925 cum
1788 4883 1855 4925 eo
1880 4877 1939 4924 et
1972 4868 2150 4925 vobis-

560 4975 684 5015 cum
718 4959 992 5016 inveniam
1018 4944 1446 5018 misericordiam
1486 4975 1519 5015 a
1559 4957 1774 5016 Christo
1803 4957 1918 5015 Deo
1957 4966 2146 5015 nostro

560 5051 618 5107 in
646 5052 863 5108 saecula.
894 5053 1090 5111 Amen.

633 5179 780 5237 Obiit
807 5188 988 5239 autem
1026 5184 1167 5241 idem
1206 5184 1582 5241 sanctissimus
1608 5192 1692 5240 ter
1719 5185 1910 5239 beatus
1933 5190 2150 5254 aposto-

562 5271 702 5329 licus
746 5271 1011 5329 Martinus
1054 5290 1227 5346 papa,
1287 5288 1476 5330 recens
1521 5274 1710 5330 revera
1755 5273 2038 5329 confessor
2093 5280 2150 5327 et

560 5375 772 5437 martyr
790 5364 990 5421 Christi
1017 5366 1109 5423 Dei
1134 5368 1304 5425 nostri
1332 5368 1384 5424 in
1408 5368 1599 5423 eadem
1624 5367 1963 5423 exsulatione
1981 5364 2150 5422 Cher-

562 5471 732 5523 senm,
752 5457 908 5528 juxta
937 5457 1181 5528 ejusdem
1211 5457 1281 5514 ad
1304 5458 1588 5514 Dominum
1617 5458 1783 5513 Deum
1806 5457 2141 5527 petitionem,

560 5562 728 5619 quam
758 5547 953 5604 obtulit
996 5550 1046 5606 ei
1076 5565 1202 5606 cum
1232 5549 1485 5621 laerymis
1508 5589 1523 5617 ,
1568 5549 1759 5605 exiens
1788 5549 1854 5603 de
1896 5548 2056 5614 navi,
2089 5556 2146 5602 et

562 5639 779 5696 calcans
804 5650 1005 5696 terram
1036 5641 1183 5697 illam
1209 5682 1226 5711 ,
1272 5641 1326 5698 id
1363 5650 1449 5698 est
1483 5652 1541 5698 ut
1577 5642 1629 5697 in
1656 5656 1719 5696 ea
1752 5640 1931 5697 [iniret
1956 5641 2142 5707 vitam,

564 5732 763 5790 bonum
791 5741 1066 5792 certamen
1094 5741 1332 5802 certans,
1361 5748 1580 5790 cursum
1611 5722 1857 5804 martyrii
1889 5736 2142 5789 consum-

2257 1914 2505 1970 veritate.
2553 1912 2720 1986 Cujus
2765 1912 2992 1983 virginis
3034 1911 3297 1982 cujusque
3325 1906 3649 1965 confessoris
3670 1913 3805 1961 mter-

2258 2003 2619 2072 cessionibus,
2650 2001 2898 2059 Christus
2928 2016 3088 2057 verus
3117 2000 3260 2055 Deus
3288 2007 3348 2055 et
3364 1998 3614 2055 Salvator
3635 2004 3804 2063 noster,

2258 2095 2348 2165 qui
2378 2093 2722 2150 inerrabiliter
2748 2103 2804 2150 et
2843 2092 2961 2169 sine
3000 2092 3206 2148 semine
3237 2105 3303 2147 ex
3332 2104 3398 2148 ea
3436 2087 3806 2161 processitpro-

2259 2196 2379 2258 pter
2403 2200 2575 2258 genus
2605 2186 2923 2250 humanum,
2952 2184 3223 2241 custodiat
3248 2192 3303 2239 et
3329 2190 3617 2240 conservet
3638 2194 3725 2237 nos
3760 2188 3805 2233 et

2259 2293 2449 2334 omnes
2476 2276 2707 2333 ﬁdeliter
2727 2274 3028 2343 audientes,
3059 2288 3387 2346 omnemque
3412 2271 3661 2345 populum
3678 2282 3803 2341 quem

2260 2368 2548 2440 acquisivit
2575 2368 2629 2423 in
2655 2367 3027 2423 sinceritatem
3050 2364 3175 2420 ﬂdei
3201 2373 3256 2420 et
3274 2352 3805 2426 conversationemﬁo

2257 2474 2412 2531 pace,
2440 2468 2496 2516 et
2520 2458 2809 2515 dilectione
2832 2455 3091 2530 perfecta,
3117 2463 3174 2511 et
3190 2454 3338 2511 omni
3359 2453 3574 2524 iustitia
3596 2466 3744 2524 usque
3761 2450 3805 2504 in

2260 2548 2446 2605 linem.
2492 2547 2591 2605 Cui
2638 2556 2723 2604 est
2767 2562 2892 2604 cum
2924 2546 3034 2602 Deo
3061 2544 3225 2601 Patre
3248 2555 3304 2601 et
3331 2543 3544 2616 Spiritu
3574 2549 3739 2599 sancto
3760 2540 3801 2594 in

2261 2640 2462 2697 deitate
2489 2655 2598 2695 una
2635 2637 2958 2704 substantia,
2987 2652 3176 2708 aequus
3204 2637 3411 2703 honor,
3432 2634 3604 2690 virtus
3630 2631 3807 2693 adeat.

2259 2731 2378 2787 sine
2401 2741 2641 2802 tempore
2667 2743 2916 2801 regnum,
2941 2740 3158 2797 semper
3180 2725 3532 2796 principium,
3573 2727 3803 2792 sceptrum

2254 2821 2402 2894 juge,
2427 2819 2595 2892 gloria
2623 2834 2838 2893 perpes,
2864 2816 3121 2889 maiestas
3144 2816 3356 2883 similis,
3387 2830 3492 2887 per
3516 2813 3708 2870 inﬁnita
3726 2823 3802 2866 sa-

2260 2910 2403 2969 cula.
2432 2912 2627 2968 Amen.

2262 3063 2436 3121 Habet
2456 3074 2630 3119 autem
2652 3077 2711 3117 se
2741 3014 3000 3131 pradicas
3014 3056 3238 3131 epistola

2723 3129 2773 3187 et
2794 3129 3072 3202 apostolici
3101 3144 3251 3201 papae
3273 3129 3373 3183 sic.

2329 3267 2631 3324 lndieamus
2656 3280 2928 3339 germana:
2960 3263 3211 3320 charltati
3240 3268 3461 3331 vestrae,
3488 3261 3690 3319 domine
3716 3256 3803 3314 fra-

2262 3368 2362 3425 ter,
2400 3359 2526 3429 quia
2567 3367 2858 3429 postquam
2897 3354 3104 3425 egressl
3139 3368 3326 3411 sumus
3353 3368 3425 3409 ex
3454 3366 3522 3410 eo
3547 3352 3678 3424 quod
3701 3349 3799 3405 Iron

2259 3450 2457 3507 dicitur
2485 3465 2514 3504 a
2543 3445 3011 3517 ConstantinOpoli
3031 3485 3048 3515 ,
3093 3445 3413 3516 navigantes
3442 3452 3623 3499 sancta
3646 3441 3803 3511 quinta

2256 3541 2389 3598 feria
2436 3554 2605 3597 comae
2658 3537 2874 3594 Domini
2925 3534 3373 3607 pertransivintus
3437 3532 3695 3595 Pharum,
3726 3541 3803 3598 per

2254 3634 2467 3691 diversa
2502 3633 2618 3687 loca
2646 3637 3050 3685 trausmeantes
3094 3625 3276 3681 Idibus
3317 3623 3496 3692 Maiis,
3523 3630 3580 3678 et
3604 3622 3800 3676 Civem-

2252 3714 2379 3782 nem
2423 3720 2789 3795 pervenimus.
2837 3718 2984 3789 Ergo
3020 3714 3241 3788 gerulus
3284 3714 3483 3769 harum
3509 3752 3525 3780 ,
3569 3710 3655 3783 qui
3692 3718 3802 3780 pra-

2252 3823 2464 3873 sentem
2510 3812 2666 3869 vobis
2704 3808 2870 3866 tradit
2899 3806 3184 3880 epistolam
3215 3847 3232 3874 ,
3280 3817 3406 3877 post
3466 3804 3671 3875 triginta
3708 3798 3802 3854 dies

2250 3915 2373 3980 post
2398 3921 2497 3962 nos
2540 3918 2572 3959 a
2614 3900 2860 3974 partibus
2905 3897 3155 3972 Byzantii
3182 3896 3332 3952 venit
3366 3895 3709 3952 Chersoaem.
3748 3887 3805 3943 Et

2252 3998 2423 4074 gavisi
2466 4010 2654 4053 sumus
2701 4007 2866 4065 super
2906 3992 3198 4047 adventum
3244 3987 3459 4058 ipsius,
3511 3985 3800 4042 aestimantes

2250 4093 2393 4167 quod
2419 4104 2666 4162 expensa:
2697 4088 2877 4143 missa:
2898 4085 3055 4141 nobis
3080 4081 3320 4141 abitalia
3346 4080 3606 4138 essentia
3632 4086 3798 4167 templ

2250 4163 2423 4250 hanc,
2458 4197 2578 4253 qua:
2619 4181 2883 4236 deberent
2922 4191 3022 4232 nos
3061 4189 3127 4230 eo
3155 4174 3408 4231 veniente
3434 4167 3706 4229 consolari.

2250 4290 2374 4331 cum
2400 4252 2903 4342 interrogassemus,
2940 4265 3292 4339 cognovimus
3326 4264 3397 4319 ab
3428 4278 3496 4320 eo
3534 4259 3667 4333 quod
3690 4252 3799 4312 nihil

2249 4364 2357 4421 huc
2383 4362 2635 4420 detulerit
2653 4362 2721 4417 ab
2742 4359 2892 4416 Italia
2922 4376 2937 4414 :
2965 4366 3021 4414 et
3045 4357 3274 4414 miratus
3294 4370 3434 4421 sum,
3457 4362 3513 4411 et
3536 4345 3794 4427 glorificavi

2250 4455 2421 4512 Deum
2452 4468 2632 4510 meum
2666 4452 2831 4509 etiam
2867 4450 2922 4505 in
2949 4450 3075 4514 hoc,
3104 4448 3383 4519 quoniam,
3418 4446 3558 4502 sicut
3578 4442 3689 4508 scit,
3716 4438 3795 4492 tri-

2177 4573 2226 4633 ο
2251 4546 2554 4603 bulationes
2583 4552 2799 4627 nostras
2826 4541 3125 4611 dispensat,
3155 4538 3389 4595 maxime
3434 4550 3556 4593 cum
3752 4527 3799 4582 in

2254 4637 2356 4693 hac
2397 4644 2541 4690 terra
2591 4620 2663 4688 et.
2687 4631 2987 4687 necessitas
3027 4629 3146 4685 talis
3181 4638 3346 4694 esset,
3389 4635 3450 4683 ut
3486 4624 3634 4697 panis
3666 4621 3712 4676 in
3744 4631 3797 4672 ea

2255 4735 2459 4782 tantum
2512 4722 2850 4787 nominetur,
2907 4734 3021 4775 non
3070 4726 3254 4774 tamen
3310 4718 3526 4789 penitus
3567 4712 3792 4770 videatur.

2253 4816 2522 4886 Quoniam
2561 4814 2664 4869 nisi
2695 4813 2981 4868 mittantur
3009 4811 3166 4867 nobis
3192 4826 3260 4867 ex
3288 4812 3530 4882 partibus
3559 4806 3655 4863 illis
3676 4812 3796 4859 suta-

2252 4914 2400 4978 ptus,
2425 4903 2563 4959 vela
2588 4902 2834 4973 partibus
2864 4899 3039 4965 Ponti,
3067 4899 3155 4954 hic
3194 4899 3373 4954 vivere
3394 4899 3611 4955 omnino
3632 4890 3790 4963 nequi—

2255 5010 2393 5053 mus.
2426 4996 2661 5067 Spiritus
2686 4993 2832 5049 enim
2855 4999 3135 5063 promptus
3157 5000 3260 5056 est,
3291 5006 3422 5047 caro
3448 5004 3575 5048 vero
3591 4986 3790 5045 inﬁrma.

2255 5095 2314 5143 ut
2338 5086 2503 5143 etiam
2536 5086 2652 5156 ipse
2685 5083 2847 5140 nosti.
2880 5081 3067 5153 Neque
3087 5082 3232 5138 enirn
3273 5081 3600 5153 dispensatio
3623 5073 3790 5149 qumvis

2252 5187 2431 5250 potest
2466 5178 2522 5234 in
2566 5177 2683 5234 hae
2719 5184 2864 5232 terra
2902 5174 3172 5231 ullatenus
3216 5174 3444 5230 inveniri
3482 5175 3536 5229 in
3580 5168 3789 5227 solatium

2254 5271 2447 5335 saltem
2468 5269 2667 5326 modici
2686 5275 2952 5338 sumptus.
2975 5265 3035 5322 Si
3058 5281 3212 5339 ergo,
3238 5274 3297 5320 ut
3313 5265 3514 5322 dictum
3536 5271 3632 5328 est,
3646 5268 3787 5314 trans-

2257 5362 2482 5420 missum
2510 5360 2677 5417 fuerit
2695 5359 2844 5417 illinc
2872 5358 3203 5414 frumentum
3220 5369 3279 5414 et
3300 5358 3505 5423 vinum,
3535 5362 3623 5411 aut
3640 5350 3788 5409 oleant

2254 5460 2311 5508 et
2330 5452 2435 5508 alia
2452 5451 2700 5524 quadam
2727 5439 2946 5520 quoquo
2961 5448 3140 5516 modo,
3158 5447 3374 5515 festina,
3394 5454 3550 5519 prout
3566 5437 3783 5516 potueris

2252 5545 2469 5601 mittere
2508 5544 2686 5600 nobis.
2734 5540 2923 5613 Neque
2973 5540 3118 5597 enim
3159 5539 3518 5611 hujuscemodi
3557 5533 3712 5596 mala,
3738 5534 3784 5581 ut

2253 5653 2397 5702 reor,
2426 5635 2640 5693 ostendi
2672 5634 2899 5701 sanctis,
2926 5633 3021 5706 qui
3052 5632 3257 5690 ibidem
3298 5640 3444 5699 602M,
3485 5629 3563 5685 vel
3600 5626 3675 5682 his
3707 5617 3781 5690 qui

2253 5738 2379 5788 sunt
2407 5729 2662 5789 Ecclesiae
2698 5726 2863 5799 illius,
2904 5733 2964 5783 ut
3003 5738 3175 5796 usque
3209 5722 3345 5781 adeo
3384 5719 3671 5779 mandatum
3701 5709 3765 5765 Do

3957 7 3959 85 ι

3958 224 3959 303 ι
