3916 5486
96 345 194 401 601

95 455 228 511 mini
289 468 378 524 pat
396 450 746 522 vipenderent
794 467 813 506 v:

97 541 534 614 Philippensibus
581 541 816 612 scripsit,
851 540 1055 611 gratias
1103 555 1268 612 agens
1316 540 1397 596 eis
1448 539 1590 609 quod
1633 548 1690 594 et

97 632 542 690 Thessalonicam
569 640 624 686 et
653 629 820 685 semel
847 639 900 686 et
929 629 1009 685 bis
1037 630 1089 684 in
1113 646 1265 685 nsunt
1292 630 1394 685 sibi
1419 629 1687 693 miserint,

97 726 185 780 ubi
216 735 274 781 et
311 724 539 779 subdit:
578 721 756 776 Habeo
797 733 970 776 autent
1013 723 1207 786 omnia,
1256 731 1303 775 et
1353 721 1583 774 abundo.
1631 719 1690 774 Si

96 817 239 870 enim
260 816 584 886 peregrinos
607 813 737 879 illic,
764 813 818 868 id
840 823 925 868 est
947 813 1152 877 Romae,
1185 814 1258 868 ita
1280 813 1452 868 reﬁcit
1473 823 1690 867 sanctus

96 909 323 968 Petrus,
371 905 503 975 quid
537 906 780 960 dicemus
821 906 887 958 de
937 905 1112 968 nobis,
1156 905 1246 974 qui
1291 903 1494 973 proprii
1546 903 1690 958 servi

95 999 212 1068 ejus
241 1012 465 1062 sumus,
496 1005 552 1051 et
577 995 770 1050 saltem
803 997 871 1050 ad
901 1003 1232 1050 momentum
1263 995 1692 1051 ministravimus

97 1095 166 1159 ei,
192 1104 250 1149 et
278 1094 334 1147 in
366 1093 460 1147 tali
490 1092 684 1148 exsilio
705 1100 759 1145 et
779 1089 1064 1144 alllictione
1091 1088 1476 1144 consistimus?
1497 1088 1694 1157 Cogni-

98 1185 297 1239 tiouem
327 1191 512 1237 autem
554 1181 657 1236 feci
691 1182 757 1235 ad
787 1180 1130 1235 dilectionem
1159 1188 1399 1233 vestram
1431 1194 1689 1248 quarum-

96 1278 218 1331 dam
246 1275 593 1345 specierum,
624 1290 744 1344 qua:
765 1271 1070 1342 comparari
1107 1272 1303 1326 debent
1331 1271 1440 1326 illic
1464 1285 1479 1324 :
1508 1281 1564 1325 et
1595 1271 1696 1324 ho-

97 1384 214 1424 rum
237 1409 253 1433 ,
277 1382 466 1438 quaeso
497 1375 579 1431 te,
613 1381 766 1422 more
791 1365 950 1420 solito
977 1380 1159 1420 curam
1188 1365 1414 1428 habeto,
1441 1372 1497 1418 ut
1528 1363 1690 1427 nosti,

96 1459 160 1513 ad
188 1458 482 1514 emendum
509 1465 565 1512 et
585 1456 904 1510 mittendum
936 1454 1090 1510 nobis
1114 1463 1336 1525 propter
1366 1452 1564 1507 multas
1591 1468 1689 1508 ne-

97 1550 382 1606 cessitates
412 1556 631 1605 nostras
657 1557 712 1602 et
745 1539 1055 1616 fi-equentes
1081 1544 1448 1601 inﬁrmitates.

482 1677 771 1749 Exemplar
799 1677 1016 1733 alterius
1053 1677 1305 1748 epistolw.

617 337 1134 397 COLLECTANEA.
1178 369 1243 377 —
1287 337 1373 392 DE
1413 333 1692 390 I'UROBE
1733 299 2260 392 llrEliETlCdRUM
2295 333 2362 388 1N
2403 329 2770 388 MAR'IINUM
2808 330 2913 388 PP.

869 451 1166 525 praesertim
1217 466 1340 506 cum
1400 448 1690 519 Apostolus
1717 452 1763 510 Λ
1792 448 1860 502 ad
1891 449 2142 504 mandata
2168 449 2262 504 Dei
2294 447 2516 504 ntinime
2541 447 2808 510 facienda,
2839 456 2931 502 aut
2966 456 3130 504 ttmor
3157 449 3246 505 uni
3275 466 3383 506 non

1791 546 1878 593 est
1907 538 2105 593 timor?
2146 539 2228 592 Au
2274 539 2646 595 snbtractione
2681 555 2850 608 usque
2875 539 3011 594 adeo
3042 554 3141 594 nos
3161 541 3385 610 spiritus

1794 630 2014 701 maligni
2045 631 2334 700 operiunt?
2359 631 2440 685 An
2487 632 2560 686 ita
2610 631 2865 687 inimicus
2884 632 3383 703 omni'pleuitudini

1795 721 2049 776 Ecclesia:
2073 721 2318 791 apparui,
2352 731 2408 776 et
2445 721 2790 777 adversarius
2817 722 2957 777 illis?
2999 721 3383 778 Verumtamen

1794 811 1957 876 Deus,
1988 811 2079 882 qui
2105 826 2294 867 omnes
2328 811 2440 866 vult
2469 811 2647 867 salvos
2687 810 2804 867 ﬁeri
2845 820 2901 867 et
2939 813 3008 868 ad
3052 813 3383 884 agnitionem

1795 901 2040 957 veritatis
2067 901 2279 967 venire,
2312 917 2410 971 per
2435 902 2857 958 intercessiones
2885 904 3060 958 sancti
3096 903 3244 958 Petri
3271 914 3386 959 sta-

1794 991 1950 1047 biliat
1977 990 2141 1046 corda
2169 1006 2358 1046 eorum
2399 991 2454 1045 in
2497 991 2804 1046 orthodoxa
2836 992 2960 1055 ﬁde,
3008 1001 3065 1047 et
3099 992 3389 1050 conﬁrmet

1794 1091 1984 1138 contra
2011 1097 2230 1138 omnem
2259 1081 2572 1136 bzereticum
2618 1091 2674 1137 et
2719 1082 3088 1138 adversariam
3128 1083 3386 1139 Ecclesia:

1795 1179 1996 1224 nostra:
2031 1162 2343 1238 personam,
2370 1178 2425 1224 et
2452 1170 2758 1226 immobiles
2783 1171 3075 1236 custodiat,
3112 1173 3386 1243 praecipue

1794 1272 2067 1332 pastorem
2109 1264 2200 1333 qui
2227 1263 2308 1318 eis
2333 1279 2476 1318 nunc
2506 1279 2737 1333 praeesse
2766 1272 3100 1320 monstratur
3143 1283 3157 1320 :
3186 1280 3294 1336 quo
3329 1265 3386 1321 in

1797 1353 1943 1408 nullo
1965 1368 2192 1425 prorsus
2215 1351 2550 1418 decidentes,
2584 1354 2667 1410 vel
2695 1355 3050 1421 declinantes,
3077 1365 3170 1411 aut
3196 1356 3385 1411 dimit-

1797 1451 1972 1498 tentes
2003 1458 2192 1497 eorum
2223 1458 2344 1514 quae
2379 1443 2432 1498 in
2475 1453 2770 1514 conspectu
2814 1445 3024 1500 Domini
3068 1456 3123 1501 et
3160 1454 3384 1502 saneto-

1797 1552 1915 1590 rum
1945 1535 2256 1606 angelorum
2288 1534 2406 1605 ejus
2433 1537 2488 1590 in
2518 1537 2741 1607 scriptis
2782 1538 3011 1608 professi
3035 1550 3181 1606 sunt,
3213 1554 3386 1609 usque

1795 1626 1862 1682 ad
1889 1627 2139 1697 pusillum
2161 1629 2460 1699 quidpiant,
2485 1644 2588 1683 una
2611 1645 2732 1684 cum
2755 1629 3061 1686 humilitate
3088 1645 3205 1686 mea
3227 1647 3388 1688 coro-

1797 1735 1922 1775 nam
1965 1720 2266 1790 percipiant
2306 1720 2533 1790 justitiae
2577 1719 2897 1776 orthodoxa:
2947 1721 3070 1777 ﬁdei
3116 1723 3182 1778 de
3221 1738 3386 1777 manu

165 1813 345 1871 Omne
367 1811 699 1868 desiderium
730 1811 994 1867 habemus
1015 1826 1233 1882 semper
1261 1811 1459 1868 litteris
1493 1812 1691 1868 nostris
1726 1827 1768 1886 Β
1797 1812 2006 1868 Domini
2032 1820 2090 1868 et
2120 1810 2418 1868 Salvatoris
2453 1812 2624 1868 nostri
2663 1810 2793 1869 Jesu
2823 1812 3043 1868 Christi.
3090 1813 3165 1868 De
3192 1813 3384 1869 humili

99 1905 425 1967 charitatem
469 1912 706 1959 vestram
753 1898 1062 1958 consolan'di
1087 1944 1102 1969 ,
1145 1913 1200 1960 et
1233 1904 1504 1960 relevandi
1537 1920 1632 1960 vos
1661 1920 1694 1959 a

101 1996 466 2052 sollicitudine
492 2011 614 2066 qua:
642 1995 794 2050 vobis
828 1995 898 2050 de
933 1995 1089 2050 nobis
1111 2003 1225 2062 est;
1258 1997 1535 2052 vobiscum
1565 2011 1695 2054 vero

99 2094 155 2140 et
169 2100 362 2140 omnes
388 2095 610 2142 sanctos
635 2093 690 2140 et
710 2085 908 2140 fratres
930 2094 1168 2152 nostros,
1195 2088 1284 2157 qui
1311 2100 1500 2142 curam
1523 2085 1693 2143 nostri

101 2186 322 2247 propter
366 2177 657 2232 Dominum
687 2188 900 2247 gerunt.
929 2178 1068 2233 Ecce
1111 2189 1166 2234 et
1207 2180 1694 2248 imprresentiarum

107 2262 284 2317 scribo
329 2264 506 2328 vobis,
539 2279 661 2333 qua:
700 2275 983 2320 coarctant
1011 2281 1128 2322 nos.
1165 2265 1459 2323 Veritatem
1488 2267 1610 2324 dico
1632 2267 1688 2323 in

109 2351 334 2406 nomine
377 2352 580 2408 Christi
609 2354 704 2410 Dei
758 2357 950 2412 nostri.
1002 2357 1212 2414 Remoti
1245 2359 1388 2415 enim
1430 2377 1497 2417 ex
1540 2363 1690 2418 omni

105 2444 381 2501 mundana
417 2446 745 2514 turbatione,
784 2461 842 2506 et
870 2452 1096 2522 depositi
1134 2468 1163 2507 a
1195 2455 1430 2522 peccatis
1467 2455 1688 2522 nostris,

102 2549 228 2590 ecce
253 2545 314 2591 et
338 2537 454 2607 ipsa
481 2538 592 2592 vita
621 2542 919 2596 caruimus.
966 2541 1240 2612 Siquidem
1277 2545 1352 2607 hi,
1383 2545 1475 2616 qui
1501 2545 1557 2600 in
1589 2547 1691 2602 hac

104 2625 327 2694 regione
350 2627 618 2692 habitant,
643 2645 834 2686 omnes
858 2633 1084 2703 gentiles
1104 2636 1364 2701 existunt,
1388 2645 1443 2692 et
1463 2637 1692 2708 gentiles

101 2731 281 2772 mores
315 2730 648 2788 acceperunt
681 2723 758 2789 hi,
811 2725 901 2794 qui
952 2725 1041 2781 hic
1083 2726 1330 2782 habitare
1373 2738 1688 2798 noscuntur,

100 2806 305 2860 nullam
341 2809 665 2865 charitatem
710 2829 931 2882 prorsus
974 2816 1253 2884 habentes,
1284 2836 1449 2890 quam
1486 2821 1690 2893 jugitcr

105 2894 388 2950 hominum
439 2908 633 2955 natura
681 2912 735 2956 et
785 2904 929 2959 inter
974 2907 1118 2976 ipsos
1166 2924 1381 2981 quoque
1422 2912 1688 2969 barbaros

100 2983 296 3038 crebra
318 2990 696 3058 compassione
724 2993 1080 3052 demonstrat.
1111 2997 1271 3055 Novit
1309 3001 1492 3071 itaque
1516 3002 1683 3070 Deus,

103 3074 205 3130 nisi
233 3091 302 3130 ex
324 3079 614 3146 naviculis,
640 3099 762 3152 quae
784 3087 1005 3141 veniunt
1025 3103 1090 3144 ex
1116 3090 1362 3158 partibus
1385 3092 1680 3165 Romania,

1795 1917 2030 1972 namque
2058 1902 2162 1957 hoc
2190 1917 2420 1972 corpore
2459 1918 2581 1959 meo
2616 1911 2672 1958 et
2702 1902 2803 1974 ipsi
2839 1902 3066 1957 Domino
3093 1919 3223 1958 cura
3253 1905 3380 1970 erit,

1794 2001 1853 2047 ut
1875 1992 1975 2047 sibi
2003 1991 2308 2062 gubernare
2331 1991 2529 2063 placet,
2554 1992 2668 2048 sive
2696 1993 2750 2048 in
2775 1993 3211 2048 tribulationibus
3233 1994 3386 2048 inde-

1793 2082 2114 2149 sinentibus,
2143 2083 2255 2139 sive
2277 2083 2331 2138 in
2363 2084 2575 2139 modico
2606 2082 2918 2154 refrigerio;
2953 2084 3212 2139 Dominus
3231 2085 3378 2140 enim

1793 2189 1961 2246 prope
1990 2183 2107 2239 est,
2136 2183 2192 2230 et
2219 2174 2350 2244 quid
2384 2174 2650 2232 sollicitus
2693 2175 2856 2230 sunt?
2896 2175 3068 2245 Spero
3097 2177 3294 2247 quippe
3329 2176 3386 2230 in

1794 2264 2173 2321 miserationes
2230 2264 2376 2335 ejus,
2427 2266 2572 2337 quod
2621 2282 2730 2322 non
2783 2267 2960 2321 tardet
3010 2267 3172 2322 modo
3228 2268 3389 2324 ﬁnire

1794 2370 2000 2417 meum.
2030 2372 2138 2426 quo
2168 2357 2414 2428 jusserit,
2453 2372 2694 2413 cursum.
2734 2356 2936 2412 Omnes
2963 2366 3230 2414 vestrates
3259 2373 3386 2427 pro-

1793 2454 1914 2516 pter
1937 2448 2222 2502 Dominum
2251 2447 2504 2514 salutate,
2531 2457 2587 2504 et
2615 2463 2804 2504 omnes
2831 2448 3055 2520 quipro
3083 2450 3175 2504 Dei
3205 2465 3389 2505 amore

1794 2536 1934 2591 meis
1962 2538 2232 2608 compassi
2261 2546 2390 2593 sunt
2417 2538 2669 2594 vinculis.
2709 2539 2848 2593 Deus
2884 2539 3135 2594 excelsus
3178 2541 3386 2610 potenti

1794 2643 1960 2684 manu
1988 2643 2085 2684 sua
2114 2637 2362 2701 protegat
2383 2644 2480 2686 vos
2500 2631 2569 2686 ab
2595 2630 2745 2687 omni
2780 2631 3101 2696 tentationc,
3127 2640 3182 2686 et
3213 2631 3388 2692 salvet

1796 2721 1852 2776 in
1887 2736 2116 2793 regnum
2139 2736 2317 2778 suum.

1797 2878 1882 2935 En
1910 2896 2032 2941 eruo
2069 2891 2184 2936 (lth
2207 2879 2402 2949 scripta
2439 2888 2560 2933 sunt
2590 2897 2622 2932 α
2651 2859 2948 2933 beatissimo
2983 2878 3270 2932 aoosfolt'co
3315 2877 3385 2930 ad

1949 2961 1955 2968 '
2305 2951 2673 3004 charissimam
2696 2966 2872 3004 sttutn.

1867 3084 2034 3157 Igitur
2087 3085 2280 3140 saltem
2338 3100 2498 3149 nunc,
2537 3083 2754 3154 quando
2801 3099 2829 3136 a
2878 3081 3169 3136 sanctitate
3219 3079 3388 3150 ipsius

101 3175 160 3218 ut
201 3165 260 3220 hi
304 3165 396 3236 qui
435 3165 526 3222 hic
554 3173 680 3221 sunt
700 3175 1034 3237 nuncupant,
1065 3179 1250 3238 partes
1275 3169 1524 3226 videlicet
1549 3170 1692 3226 Grae-

1799 3178 2112 3236 commoniti
2142 3193 2350 3244 sumus,
2383 3177 2700 3233 festinemus
2749 3174 2943 3246 singuli
2986 3175 3077 3245 qui
3117 3173 3389 3242 diligimus

101 3269 294 3309 corum
317 3253 578 3310 Ponticas
613 3263 796 3325 partes
823 3265 1100 3311 vocantes.
1149 3257 1284 3314 Nam
1312 3274 1414 3314 nec
1436 3260 1604 3317 semel
1629 3263 1697 3318 de

104 3344 325 3415 regione
359 3345 460 3400 ista
489 3360 661 3414 usque
687 3346 754 3398 ad
787 3361 951 3399 unum
983 3347 1270 3402 trimisiutn
1300 3361 1326 3390 α
1367 3351 1696 3406 lrumentum

101 3437 250 3505 potui
283 3451 605 3507 comparare
647 3453 659 3489 :
699 3438 793 3492 sed
837 3453 938 3492 nec
967 3437 1190 3494 alterius
1215 3440 1582 3512 cujuscunque
1609 3457 1700 3512 ge-

101 3528 250 3582 neris
297 3528 554 3597 speciem,
597 3527 723 3594 nisi,
771 3537 828 3583 ut
859 3530 1173 3599 praedictum
1201 3541 1304 3597 est,
1335 3547 1403 3587 ex
1437 3534 1699 3590 naviculis

100 3633 222 3688 qua:
253 3619 360 3673 huc
391 3633 517 3674 raro
546 3619 791 3686 veniunt,
829 3627 887 3674 ut
924 3620 1037 3675 sale
1065 3631 1273 3676 onustae
1300 3623 1573 3678 recedant.
1605 3625 1698 3682 Sic

101 3708 378 3776 potuimus
402 3722 586 3763 emere
613 3717 722 3764 tres
745 3708 825 3764 vel
845 3719 1078 3779 quatuor
1103 3711 1313 3768 modios
1335 3713 1660 3770 numismate
1679 3756 1696 3782 ,

103 3817 277 3870 usque
317 3801 384 3856 ad
414 3811 737 3872 praesentem
783 3802 1182 3875 Septembrium
1211 3822 1470 3863 mensem.
1517 3809 1699 3880 Usque

103 3909 250 3949 nunc
306 3910 437 3975 vero
493 3910 600 3950 non
653 3897 929 3965 potuimus
986 3898 1053 3954 de
1117 3899 1274 3954 novis
1333 3899 1696 3970 geniminibus

103 3999 308 4050 emere,
334 3986 436 4041 nisi
469 4002 578 4041 uno
607 3988 934 4045 numisntate
955 3989 1165 4047 modios
1187 4001 1438 4062 quatuor.
1469 3991 1696 4050 Miratus

102 4093 226 4133 sum
253 4087 458 4144 autem,
487 4087 544 4135 et
570 4080 746 4137 adhuc
781 4083 950 4139 miror
978 4085 1418 4144 indiscretionem
1456 4097 1512 4144 et
1547 4105 1696 4146 eom-

102 4170 413 4238 passionem
445 4171 689 4226 omnium
727 4174 821 4243 qui
867 4177 1138 4246 quondam
1167 4179 1298 4233 mihi
1330 4181 1696 4250 pertinebant,

104 4267 156 4315 et
197 4261 497 4316 amicorum
547 4277 793 4319 meorum
842 4281 908 4320 ac
945 4267 1394 4338 propinquorum,
1446 4272 1571 4342 quia
1616 4272 1698 4329 sic

104 4350 349 4408 funditus
395 4351 735 4410 infelicitatis
777 4370 913 4411 meat
940 4357 1092 4414 obliti
1133 4367 1283 4426 sunt,
1321 4367 1378 4416 et
1413 4375 1514 4417 nec
1551 4361 1697 4418 scire

103 4443 292 4498 volunt
325 4453 384 4498 ut
417 4445 654 4513 invenio,
682 4447 798 4504 sive
829 4448 933 4504 sim
963 4464 1126 4520 super
1174 4459 1374 4519 terram
1394 4493 1411 4520 ,
1442 4453 1558 4510 sive
1583 4469 1694 4510 non

1797 3271 2082 3327 Dominum
2109 3310 2124 3336 ,
2170 3281 2225 3326 et
2272 3269 2532 3324 habemus
2561 3268 2957 3323 inmolationem
2995 3281 3122 3336 erga
3172 3273 3389 3320 sanctos

1796 3364 1933 3435 ejus,
1957 3365 2047 3433 qui
2072 3379 2242 3433 usque
2269 3362 2335 3417 ad
2367 3371 2594 3416 mortem
2629 3362 2682 3415 in
2711 3345 2814 3414 tide
2841 3358 3104 3413 catholica
3137 3372 3387 3426 perman-

1795 3467 1987 3514 serunt
2017 3472 2032 3512 :
2062 3467 2114 3512 et
2145 3457 2336 3512 saltem
2364 3471 2430 3509 ex
2467 3465 2620 3524 parte
2651 3454 2957 3508 relieiamus
2982 3466 3124 3515 eum,
3159 3460 3212 3503 et
3239 3464 3391 3504 com-

1797 3548 2068 3618 patiamur
2106 3546 2180 3611 ei,
2209 3545 2580 3600 ministrantes
2611 3543 2682 3595 illi
2722 3557 2790 3596 ex
2840 3542 2924 3595 his
2965 3555 3084 3610 quae
3129 3540 3387 3594 Dominus

1797 3632 2086 3707 unicuique
2116 3645 2361 3692 nostrum
2390 3635 2628 3698 donavit,
2659 3642 2717 3688 ut
2743 3642 2798 3687 et
2821 3633 3311 3688 communicatores
3332 3631 3387 3684 itt

1798 3727 2024 3784 Domino
2053 3725 2313 3781 claritatis
2341 3724 2458 3795 ejus
2505 3723 2820 3778 efﬁciamur.
2872 3721 2988 3778 Non
3037 3731 3219 3776 autem
3273 3721 3388 3776 lucc

1797 3818 1902 3886 aio,
1932 3818 2186 3890 quoniam
2216 3833 2461 3872 summus
2490 3816 2744 3872 sacerdos
2777 3825 2959 3870 noster
2985 3814 3107 3879 fuit,
3137 3815 3229 3868 sed
3257 3814 3386 3883 quia

1796 3911 2140 3966 incruentum
2164 3909 2381 3966 Christo
2404 3909 2513 3964 Deo
2536 3923 2634 3979 pro
2653 3907 2826 3963 salute
2847 3907 3148 3961 animarum
3177 3918 3388 3959 nostra-

1798 4019 1920 4057 rum
1951 4003 2002 4056 itt
2031 4002 2258 4058 ecclesia
2291 4011 2469 4058 vestra
2500 4001 2828 4058 Sacriﬁcium
2857 4000 3072 4066 Obtulit,
3098 4008 3151 4054 et
3177 4008 3387 4055 tantum

1799 4092 2124 4148 illuminavit
2163 4093 2417 4164 populum
2443 4133 2460 4158 ,
2506 4089 2786 4148 confessor
2814 4100 2869 4147 et
2901 4091 3222 4162 praedicator
3251 4091 3390 4145 veri-

1801 4185 1930 4240 tatis
1957 4182 2198 4239 eﬁ'ectus.
2252 4181 2486 4238 Aistimo
2534 4198 2662 4237 sane
2699 4182 2840 4252 quod
2887 4181 3176 4236 certiﬁcari
3222 4182 3386 4234 etiam

1801 4275 2192 4332 irrationabilia
2227 4275 2509 4329 debuerint
2537 4273 2792 4327 animalia
2842 4273 3066 4342 (quanto
3096 4272 3264 4341 magis
3293 4287 3390 4324 vos

1800 4368 2151 4425 rationabiles
2176 4375 2230 4421 et
2255 4367 2526 4436 sensati?)
2554 4407 2570 4431 ,
2615 4365 2758 4436 quod
2788 4366 2990 4427 omnia,
3031 4378 3152 4432 qua:
3179 4363 3233 4416 in
3263 4377 3388 4416 eum

1801 4462 1940 4516 facta
1970 4469 2113 4524 sunt,
2143 4459 2210 4514 ob
2240 4467 2440 4512 rectam
2473 4459 2629 4511 ﬁdem
2665 4458 2782 4526 ejus
2807 4454 2996 4509 eﬁ‘ecta
3037 4455 3166 4518 sint,
3197 4461 3254 4508 et
3281 4454 3388 4507 hae-

104 4535 228 4590 sim.
261 4534 488 4592 Miratus
517 4553 734 4609 quoque
762 4540 931 4596 multo
966 4543 1138 4614 magis
1165 4559 1284 4598 sum
1332 4544 1387 4598 itt
1431 4561 1556 4612 eos,
1598 4547 1692 4617 qui

1804 4553 2091 4608 reticorum
2120 4550 2534 4604 abdicationem.
2573 4549 2633 4602 Et
2686 4548 2788 4601 hoc
2834 4563 2939 4601 non
2983 4546 3240 4610 aliunde,
3285 4544 3390 4600 nisi

105 4639 232 4684 sunt
257 4631 620 4687 sanctissimae
657 4635 884 4704 apostoli
925 4635 1071 4691 Petri
1119 4636 1391 4702 Ecclesiae,
1437 4637 1692 4709 quoniam

109 4728 316 4775 tantam
341 4721 606 4778 dederunt
627 4739 847 4794 operam
873 4726 940 4781 de
957 4741 1182 4797 corpore
1207 4743 1270 4782 ac
1295 4729 1538 4784 membro
1572 4745 1694 4796 suo,

110 4809 158 4862 id
192 4821 304 4877 est,
343 4827 505 4882 super
547 4814 836 4872 dilectione
880 4827 1085 4883 nostra,
1135 4819 1203 4873 ad
1255 4818 1562 4886 reddendos
1590 4836 1692 4878 nos

108 4900 226 4954 sine
251 4900 635 4970 sollicitudine,
662 4904 856 4959 saltem
878 4921 1040 4975 super
1063 4907 1331 4977 corporali
1365 4924 1486 4974 usu,
1519 4911 1695 4981 quoti-

112 4993 382 5064 diauoque
407 5005 641 5068 sumptu.
675 4995 813 5050 Nam
827 4999 1131 5052 etsiaurum
1148 4987 1390 5054 Ecclesia
1405 5002 1692 5058 sanctiPe-

113 5086 176 5141 tri
190 5103 304 5141 non
321 5087 500 5156 habet,
515 5090 797 5146 frumento
815 5097 989 5144 tamen
1005 5100 1060 5145 et
1076 5092 1218 5157 vino,
1237 5100 1292 5146 et
1304 5092 1426 5149 aliis
1443 5109 1694 5150 necessa-

112 5181 206 5236 riis
237 5197 472 5251 expensa
494 5201 597 5242 non
627 5191 790 5241 caret
817 5198 911 5252 per
943 5187 1172 5255 gratiam
1225 5185 1343 5248 Dei,
1377 5199 1434 5244 nt
1474 5190 1698 5247 modica:

112 5274 306 5328 saltem
337 5276 674 5334 exhibitionis
715 5290 907 5330 curam
940 5278 1251 5345 gessissent.
1283 5278 1502 5345 Qualem
1538 5291 1698 5352 putas

114 5369 490 5426 conscientiam
517 5372 796 5428 habemus
821 5368 1102 5424 exhibendi
1125 5381 1252 5433 ante
1281 5372 1514 5429 tribunal
1541 5375 1696 5430 Chri-

166 5461 179 5486 ί
221 5462 580 5486 Αηηι---..121.η--
609 5459 870 5486 --.η-ιζιιιιη

1801 4644 1927 4714 quia
1959 4641 2303 4715 pertinaciter
2338 4639 2632 4694 adversarii
2663 4639 3020 4708 perdurantes
3063 4637 3210 4692 nullo
3233 4636 3392 4690 modo

1801 4733 1966 4799 ﬂecti,
1994 4732 2079 4787 vel
2108 4730 2175 4784 ad
2203 4731 2375 4783 lucem
2406 4727 2652 4783 veritatis
2679 4727 2945 4792 converti,
2970 4727 3062 4782 sed
3088 4737 3144 4781 et
3171 4725 3394 4781 validio-

1804 4824 1954 4880 ribus
2003 4820 2378 4878 alllictionibus
2422 4829 2479 4874 et
2523 4816 2960 4874 tribulationibus
3006 4815 3331 4879 adliciebant,
3363 4831 3394 4868 a

1803 4914 2046 4971 custodia
2076 4912 2128 4966 in
2157 4909 2456 4966 custodiam
2485 4951 2500 4977 ,
2545 4910 2614 4963 ab
2654 4905 2846 4962 exsilio
2879 4906 2932 4960 in
2962 4907 3212 4962 exsilium
3240 4944 3256 4970 ,
3303 4920 3398 4960 eos

1805 5003 1895 5075 qui
1930 5005 2076 5060 circa
2112 5001 2433 5058 monachum
2476 4995 2824 5056 Anastasium
2861 5006 3035 5061 erant,
3071 4995 3159 5066 qui
3201 5010 3233 5049 a
3265 5003 3401 5050 tem-

1807 5113 1942 5168 pore
1989 5096 2158 5154 multo
2207 5096 2296 5151 hic
2333 5103 2554 5163 pr0pter
2584 5086 2862 5145 Christum
2904 5090 2971 5144 de
2997 5088 3116 5144 loco
3143 5075 3202 5140 in.
3225 5084 3403 5141 locum

1813 5198 2023 5248 tractus
2047 5188 2280 5246 amictus
2317 5192 2420 5238 est.
2462 5181 2638 5240 Simili
2667 5179 2828 5233 modo
2865 5189 2922 5234 et
2947 5181 3203 5237 domuum
3235 5175 3408 5230 Maxi.

1814 5296 1986 5349 munt,
2015 5292 2070 5339 et
2095 5277 2420 5350 discipulum
2466 5277 2600 5347 ejus.
2641 5269 2900 5340 Nunquid
2945 5285 3001 5330 et
3043 5274 3132 5329 isti
3180 5270 3409 5326 rebelles

1809 5377 1976 5429 sunt?
2025 5373 2292 5426 thwn.“
2367 5368 2434 5402 Aa
2463 5366 2673 5406 Dvrvhn
2706 5363 2988 5408 eniovulnm
3021 5374 3098 5408 ac!
3153 5362 3410 5406 Πηηῐὶίξιιη
