4016 6296
225 330 337 385 4109

913 331 1453 405 (consonum.
1482 363 1551 373 —
1579 328 1827 386 RELATI

1932 325 2243 384 ilOTlONlS
2281 324 2346 380 IN
2385 324 2444 381 S.
2488 323 2835 380 MAXIMUM.

3407 322 3538 388 ﬁll)

227 451 288 510 δέ
357 453 664 528 οἰκονομίας
719 454 875 532 χάριν
920 462 1299 532 συναναιρεῖται
1343 463 1406 531 τῇ
1457 453 1765 521 κακοπιστίᾳ
1809 451 1830 508 Ii

1946 444 2185 515 cxxxtv).
2239 442 2296 497 Si
2327 451 2505 497 autem
2529 483 2544 507 ,
2585 436 3003 510 dispensationis
3029 437 3235 510 gratia,
3277 452 3380 490 una
3409 453 3534 492 cum

231 551 497 622 σωτήριος
545 549 754 612 πίστις,
791 548 1064 624 χωρισμὸς
1107 552 1236 603 Θιοῦ
1279 544 1560 608 παντελὴς,
1609 540 1712 597 ἀλλ’
1740 542 1843 610 οὐχ

227 637 412 697 ἔνωσις
433 644 571 692 Θεοῦ
601 640 721 694 ἔστι
741 639 800 695 τὸ
831 647 1062 695 τοιοῦτον
1097 635 1230 699 εἶδος
1270 647 1362 699 τῆς
1399 637 1663 708 λεγομένης
1709 637 1842 690 οἶκοο

226 731 432 800 νομίας.
462 731 564 783 Καί
591 731 697 802 γὰρ
729 728 905 804 αὔριον
932 731 978 785 οί
1008 728 1300 802 δυσώνυμοι
1325 727 1558 784 Ἰουδαῖοι
1583 728 1840 799 λέγουσιν’

227 820 667 890 Οίκονομιόσωμεν
693 825 783 878 τήν
822 824 949 893 πρὸς
981 819 1222 882 ἀλλήλους
1263 821 1608 896 εἰρήνην,ᾔκαί
1656 819 1842 872 tmes-

227 930 341 974 μιν.
369 911 461 964 καί
491 910 817 982 περιέλωμεν
846 914 994 980 ἡμεῖς
1021 914 1111 980 μέν
1137 915 1227 970 τὴν
1257 915 1556 984 περιτομήν,
1581 912 1659 963 καί
1691 910 1844 980 ὑμεῖς

227 999 288 1052 τὸ
333 997 668 1068 βοὶπτισιια,
735 1003 820 1054 καί
895 1001 1076 1070 μηκέτι
1141 999 1378 1059 ἀλλήλους
1453 999 1840 1070 πολεμήσωμεν.

227 1095 391 1144 Τοῦτο
414 1093 679 1164 ’Δρειανοί
703 1112 822 1146 ποτε
855 1094 1145 1163 προέτειναν
1184 1093 1446 1164 ἐγγράφως
1492 1093 1577 1146 έπί
1619 1098 1708 1146 τοῦ
1754 1111 1845 1163 με-

229 1181 385 1250 γάλου
425 1186 833 1247 Εωνσταντὶνου,
857 1185 1118 1254 λέγοντες⁶
1149 1184 1453 1260 Περιέλωμεν
1484 1185 1543 1238 τὸ
1572 1183 1842 1254 ὃμοούσιον

231 1275 307 1326 καὶ
334 1275 394 1328 τὸ
439 1273 750 1347 έτεροῦσιον
778 1316 792 1338 ,
829 1280 914 1330 καί
950 1277 1196 1331 ένωθῶσιν
1250 1278 1304 1331 αἶ
1348 1276 1624 1335 έκκλησίαι.
1658 1277 1746 1329 Καί
1782 1275 1840 1329 οὗ

232 1367 572 1432 κατεδέξαντο
630 1370 675 1423 οἱ
715 1371 936 1445 θενμφόροι
988 1374 1208 1440 πατέρες
1274 1373 1444 1441 ἡμῶν,
1498 1370 1602 1424 ἀλλ’
1654 1367 1843 1424 εἴλοντο

230 1457 412 1526 μᾶλλον
463 1457 750 1514 διώκεσθαι
791 1463 876 1514 καί
926 1462 1213 1526 ἀποθανεῖν,
1265 1460 1296 1520 ἧ
1353 1467 1616 1518 σιωπῆσαι
1680 1464 1844 1532 φωνήν

232 1553 642 1618 παραστατικήν
688 1556 778 1608 τῆς
814 1555 939 1619 μιᾶς
977 1556 1068 1604 τοῦ
1101 1550 1313 1624 ιιατρός,
1355 1553 1441 1603 καί
1474 1556 1561 1605 τοῦ
1599 1549 1721 1603 Υίοῦ
1755 1551 1841 1603 καί

232 1641 321 1690 τοῦ
352 1635 509 1708 ἁγίου
571 1636 864 1704 Πνεῦματος
914 1639 1229 1714 ὑπερουσίου
1261 1641 1496 1700 θεζτητος
1517 1657 1528 1669 ’
1563 1643 1837 1696 καὶταῦτα

227 1729 689 1801 συνεπιτίθεμνου
720 1738 824 1790 τοῖς
855 1732 921 1785 τά
947 1738 1161 1787 τοιαῦτα
1204 1734 1526 1806 προτείνουσι
1565 1738 1656 1788 τοῦ
1677 1734 1837 1804 μεγάο

1946 535 2261 591 credulitate
2289 547 2520 604 nequam
2545 529 2801 586 salutaris
2825 528 3232 597 demiturﬁdes,
3262 527 3538 598 separatio

1943 625 2038 681 Dei
2091 625 2149 679 fit
2194 623 2500 679 omnimoda
2531 637 2546 676 :
2581 621 2674 678 sed
2725 636 2833 676 non
2885 620 3066 676 unitas
3110 627 3192 676 est
3229 617 3538 689 lmjusmodi

1943 721 2153 790 Species
2180 719 2297 790 ejus
2326 733 2446 788 qua:
2471 716 2672 772 dicitur
2699 715 3050 784 dispensatio.
3079 713 3136 767 Si
3167 711 3382 782 quidem
3413 725 3539 767 cras

1944 809 2159 864 nefandi
2186 807 2354 862 Judmi
2382 806 2565 861 dicent
2591 824 2604 858 :
2632 791 3015 876 Dispensemus
3041 799 3097 858 in
3125 803 3414 858 alterutros
3443 818 3536 872 pa-

1943 916 2083 963 cem,
2115 908 2170 954 et
2195 899 2447 953 uniamur‘
2473 906 2527 952 et
2552 907 2895 967 amputemus
2925 911 3026 951 nos
3057 896 3269 965 quidem
3299 895 3536 949 circum-

1944 988 2204 1042 cisionetn
2227 1029 2244 1054 ,
2278 1003 2372 1042 vos
2399 1001 2530 1042 vero
2558 986 2885 1056 baptismum
2904 1027 2919 1049 ,
2947 995 3002 1041 et
3031 1001 3135 1040 non
3157 983 3270 1053 jam
3302 985 3536 1039 invicem

1946 1079 2339 1148 impugnetnus.
2386 1077 2498 1132 lloc
2525 1087 2579 1131 et
2608 1078 2793 1132 Ariani
2821 1077 3110 1147 aliquando
3136 1076 3538 1147 praetenderunt

1945 1167 1996 1221 in
2029 1168 2244 1236 scriptis
2275 1168 2375 1221 sub
2403 1167 2598 1237 Magno
2619 1166 2973 1221 Constantino
3001 1166 3279 1220 dicentes:
3305 1163 3533 1218 Aufera-

1943 1276 2063 1314 mus
2089 1260 2287 1314 dictum
2314 1261 2472 1314 unius
2503 1260 2838 1324 substantiae,
2863 1269 2917 1314 et
2942 1259 3168 1314 alterius
3197 1258 3533 1320 substantim,

1942 1361 1996 1406 et
2037 1353 2294 1405 uniantur
2333 1352 2610 1408 Ecclesiae.
2667 1353 2729 1405 Et
2761 1367 2864 1406 non
2899 1352 2949 1405 id
2981 1353 3314 1406 admiserunt
3345 1350 3534 1405 deiferi

1942 1451 2125 1512 patres
2164 1442 2331 1496 nostri
2363 1484 2378 1505 ,
2429 1443 2521 1496 sed
2573 1442 2850 1510 elegerunt
2891 1442 3066 1510 potius
3102 1441 3532 1510 persecutionem

1913 1533 2052 1602 pati
2103 1541 2156 1586 et
2207 1531 2381 1596 tnori,
2417 1547 2580 1602 quam
2631 1541 2810 1585 tacere
2861 1547 3045 1584 \‘ocem
3093 1531 3535 1601 comprobaniem

1942 1639 2105 1677 unam
2139 1622 2336 1686 Patris,
2369 1632 2424 1676 et
2472 1622 2618 1684 Filii,
2648 1632 2704 1675 et
2749 1620 2984 1690 Spiritus
3031 1620 3201 1674 sancti
3234 1621 3531 1689 supersub-

1945 1717 2248 1772 stantialcm
2281 1717 2537 1772 deitatem
2565 1732 2580 1782 ;
2624 1724 2673 1767 et
2719 1715 2832 1768 lucc
2863 1713 3148 1770 cohibente
3179 1712 3262 1768 his
3289 1713 3379 1781 qui
3419 1712 3532 1767 hzec

231 1813 316 1869 λου
343 1821 757 1881 εωνσταντίνου,
790 1821 949 1880 καθὼς
992 1819 1195 1879 πολλοῖς
1244 1820 1511 1895 ἱστόρηται
1554 1829 1659 1882 τοῖς
1701 1819 1830 1892 φιλο-

1940 1806 2347 1875 prmtendebant
2379 1805 2570 1876 Magno
2595 1804 2968 1866 Constantino,
3002 1803 3138 1858 sicut
3169 1819 3197 1857 a
3231 1803 3412 1858 multis
3442 1819 3534 1858 re-

233 1904 393 1966 πόνως
431 1910 501 1962 τὰ
532 1911 656 1963 τότε
677 1909 915 1981 γενόμενα
943 1911 1197 1986 γράψασι.
1236 1916 1324 1967 Καί
1356 1910 1520 1973 οὐδεὶς
1555 1919 1655 1969 τῶν
1675 1913 1835 1984 βασι·

232 1995 352 2052 λέων
401 1998 635 2060 ἠδυνήθη
691 2003 875 2070 μέσαις
916 2011 1100 2076 φωναῖς
1167 2012 1345 2061 πεῖσαι
1397 2007 1515 2065 τοὺς
1569 2005 1837 2081 θεοφόρους

234 2089 460 2158 πατέρας
503 2091 930 2163 σῦμϐιϐασθῆναι
989 2102 1097 2153 τοῖς
1141 2095 1227 2150 ίπί
1276 2096 1446 2149 αὐτῶν
1492 2095 1833 2169 αίρετίζουσι,

234 2173 354 2232 ἀλλὰ
405 2187 524 2239 ταῖς
587 2190 805 2254 τραναῐς
863 2186 947 2237 καί
994 2187 1214 2256 κυρίας,
1259 2190 1346 2241 καί
1394 2186 1712 2247 καταλλήλοις
1761 2193 1836 2256 τῷ

236 2271 523 2341 ζητουμένῳ
597 2271 816 2343 δόγματι
875 2276 1190 2349 ἐκέχρηντο,
1254 2277 1476 2348 λέγοντες
1542 2284 1830 2351 προφω-’ὦς’

233 2352 344 2414 Ὀτι
397 2361 583 2435 ἱερέων
633 2363 772 2417 έστὶν
822 2368 882 2418 τὸ
928 2369 1118 2428 ζητεῖν,
1169 2369 1250 2420 καί
1291 2368 1548 2439 ὁρίζεσθαι
1592 2371 1835 2439 περὶτῶν

238 2455 494 2526 σῶτηρίων
521 2450 804 2526 δογμάτων
825 2465 916 2516 τῆς
942 2457 1202 2518 meum;
1221 2455 1534 2518 ἐκκλησίαςι
1561 2462 1645 2512 ἰαί
1669 2454 1830 2518 εἶπας·

237 2543 292 2593 Τί
313 2535 433 2608 οὖν;
461 2545 573 2598 Οὐκ
595 2543 629 2598 ἰ
633 2567 720 2602 στι
754 2552 858 2606 πᾶς
883 2547 1124 2618 βασιλεὺς
1161 2553 1466 2626 χριστιανὸς
1502 2554 1584 2606 καί
1628 2552 1829 2625 ίερεύς;

241 2635 326 2686 lui.
354 2631 517 2690 εἷπον·
549 2639 656 2693 Οὐκ
685 2638 840 2694 ἔστιν.
875 2638 998 2694 Οὐδέ
1035 2644 1136 2715 γὰρ
1183 2646 1503 2716 παρίσταται
1549 2644 1832 2700 θυσιαστη-

240 2727 347 2794 ρίῳ.
386 2732 466 2780 καί
512 2731 651 2799 μετὰ
697 2733 784 2785 τὶν
836 2729 1088 2802 ἁγιασμόν
1126 2739 1216 2787 τοῦ
1267 2731 1425 2808 ὖρτου
1479 2733 1607 2806 ὑψοῐ
1658 2735 1831 2798 αὐτὸν,

239 2814 404 2886 λέγων.
427 2823 493 2874 τὰ
523 2821 594 2892 ἇγ
618 2845 651 2876 α
673 2831 780 2883 τοῖς
807 2824 989 2896 ἁγίοις.
1036 2822 1162 2880 Οὔτε
1215 2827 1475 2897 βαπτίζει,
1509 2823 1628 2882 οὔτε
1663 2827 1830 2899 μύρου

241 2907 430 2967 τελέτην
458 2908 708 2973 ἐπιτελεῖ.
742 2911 858 2968 οὔτε
882 2915 1196 2986 χειροθετεῖ,
1222 2918 1307 2970 καί
1328 2923 1465 2971 ποιεῖ
1497 2915 1829 2980 έπισκὸπους,

241 3003 320 3052 καὶ
364 3004 779 3074 πρεσϐυτέρους,
828 3010 911 3060 καί
965 3006 1238 3070 διακόνους,
1291 3005 1406 3064 οὔτε
1461 3010 1605 3082 χρίει
1651 3011 1825 3070 ναοὺς·

242 3089 368 3146 οὔτε
398 3095 462 3148 rei
489 3096 729 3168 σύμϐολα
756 3106 848 3156 τῆς
880 3098 1156 3170 ἱερωσύνης
1196 3100 1504 3172 ἐπιφέρεται,
1551 3097 1828 3173 ὠμοφόριον

244 3187 322 3236 καί
353 3185 410 3238 τό
442 3189 760 3261 εὐαγγέλιον.
791 3191 968 3264 ὥσπερ
997 3199 1087 3249 τῆς
1116 3189 1381 3260 βασιλείας
1403 3192 1486 3246 τόν
1539 3211 1595 3246 τε
1647 3193 1836 3263 στέφα-

245 3293 321 3327 νον
347 3279 425 3329 καί
468 3284 562 3338 τήν
610 3277 901 3354 ἁλουργίδα.
942 3284 1028 3334 Καὶ
1055 3288 1166 3341 πῶς
1203 3283 1233 3339 ἠ
1280 3287 1446 3356 γραφὴ
1477 3282 1695 3357 βασιλέα
1746 3284 1834 3338 καί

244 3363 375 3438 ἱερέα
406 3368 537 3441 λέγει
587 3367 715 3426 εἶναι
776 3372 860 3425 τόν
912 3371 1264 3442 Μελχισεδέκς
1319 3372 1462 3445 ἔφης.
1525 3377 1612 3428 Καὶ
1669 3372 1831 3438 εἷπον,

247 3453 346 3518 ένδς
375 3469 462 3515 τοῦ
496 3465 648 3534 φύσει
669 3465 920 3534 βασιλέως
945 3472 1075 3520 Θεοῦ
1102 3473 1202 3522 τῶν
1243 3464 1366 3520 ὅλων
1387 3469 1654 3539 γενομένου
1681 3467 1835 3539 φύσει

247 3546 325 3604 διὰ
357 3560 446 3610 τήν
477 3557 620 3623 ἡμῶν
649 3561 905 3628 σωτηρίαν
947 3559 1257 3631 ἀρχιερέως.
1300 3553 1368 3616 εἷς
1418 3557 1834 3631 ὑπῆρχίτύπος

250 3637 628 3714 όιιελχισεδέκ.
681 3658 766 3706 Ὠς
803 3645 855 3702 δέ
897 3667 954 3718 γε
1009 3652 1142 3704 arari
1190 3657 1280 3707 την
1335 3650 1472 3712 τάξιν
1521 3647 1834 3721 Μελχισεδέκ

251 3735 410 3811 ἕτερον
457 3737 583 3796 εἶναι
629 3743 789 3814 λέγεις
835 3742 1054 3812 βασιλέα
1097 3744 1181 3796 καί
1229 3743 1384 3818 ἱερέα,
1438 3746 1520 3796 καὶ
1571 3747 1636 3798 τὰ
1675 3743 1831 3797 λοιπὰ

253 3825 486 3898 τόλμησον
509 3835 688 3893 εἰπεῖν,
718 3829 794 3887 τό·
827 3852 844 3882 ι
865 3832 1120 3907 ’Δπάι-ωρ,
1148 3836 1380 3909 ἀμήτωρ,
1416 3835 1829 3908 ἁγενεαλόγητον,

249 3923 364 3989 μήτε
387 3924 563 3998 ἀρχὴν
589 3927 812 3999 ἡμερῶν,
837 3929 962 3995 μήτε
986 3926 1127 3986 τέλος
1153 3930 1283 3990 ζωῆς
1304 3925 1518 3997 ἔχοντα.
1548 3947 1564 3977 ι
1598 3932 1680 3981 Ιίαὶ
1710 3927 1833 3982 σκό-

251 4031 329 4066 πει
348 4013 430 4069 τίν
455 4020 507 4071 ἐκ
535 4019 725 4072 τούτου
757 4017 1092 4089 ἀναφυόμενον
1149 4019 1319 4072 κακόν.
1365 4015 1537 4078 ’Δλλος
1562 4021 1662 4093 γὰρ
1688 4020 1831 4091 εὐρε-

251 4103 442 4162 θὴσεται
465 4113 591 4170 Θεὸς
615 4110 640 4164 ὁ
660 4118 890 4174 τοιοῦτος
919 4113 1319 4187 ἀνανθρωπησας
1339 4154 1354 4174 .
1404 4115 1536 4168 κατὰ
1578 4120 1668 4174 τήν
1694 4116 1830 4178 τάξιν

252 4194 573 4265 Μελχισεδέκ,
604 4199 709 4254 ἀλλ’
753 4203 812 4256 οὐ
841 4205 972 4259 κατά
1017 4205 1107 4262 τήν
1155 4205 1295 4268 τάξιν
1317 4203 1508 4280 ’Δαρών
1553 4209 1643 4264 την
1690 4207 1830 4276 ἡμῶν

259 4286 438 4366 ἱερουρῃ
449 4300 516 4347 ὧν
547 4297 822 4372 σωτηρίαν.

315 4446 450 4512 Πλὴν,
478 4455 530 4506 τί
573 4451 771 4521 θέλομεν
821 4447 906 4506 διὰ
949 4450 1142 4507 πολλῶν
1190 4452 1369 4513 ἔλθέῖνς
1400 4453 1490 4512 Εἰς
1531 4457 1623 4513 τήν
1671 4451 1821 4526 ἁγίαν

1939 1897 2130 1962 fertur,
2162 1897 2251 1966 qui
2280 1911 2341 1950 ea
2373 1910 2494 1966 qua:
2525 1903 2650 1951 tunc
2677 1903 2828 1965 gesta
2876 1902 3002 1948 sunt
3030 1893 3268 1949 studiose
3297 1893 3532 1963 scripse-

1939 1995 2085 2042 runt.
2123 1987 2188 2041 Et
2229 1985 2406 2041 nullus
2453 1986 2844 2056 imperatorum
2881 1985 3056 2055 potuit
3086 1985 3278 2040 mediis
3308 1984 3531 2039 vocibus

1937 2077 2165 2134 suadere
2210 2069 2476 2147 deiquuis
2518 2075 2804 2138 Patribus,
2854 2085 2914 2130 ut
2955 2075 3312 2130 convenirent
3355 2074 3406 2129 in
3467 2088 3531 2129 ea

1937 2184 2058 2240 quae
2084 2169 2182 2239 ipsi
2216 2167 2567 2224 sectabantur
2592 2185 2606 2233 ;
2645 2168 2739 2223 sed
2771 2167 3042 2237 expressis
3071 2167 3294 2222 vocibus
3321 2180 3384 2221 ac
3408 2180 3535 2237 pro-

1921 2257 2092 2330 priis,
2117 2259 2421 2329 etdogmati
2443 2258 2584 2330 quod
2607 2258 2952 2327 quaerebatur
2972 2256 3244 2328 congruis,
3274 2255 3355 2310 usi
3381 2263 3528 2320 sunt,

1937 2350 2177 2403 dicentes
2223 2348 2456 2430 liquido,
2483 2350 2738 2418 quoniam
2786 2346 3126 2401 sacerdotum
3170 2355 3253 2400 est
3289 2361 3533 2416 quzerere

1937 2455 2003 2495 ac
2027 2438 2254 2493 ditiinire
2279 2440 2344 2493 de
2368 2439 2696 2493 salutaribus
2723 2437 2978 2493 Ecclesia:
3008 2437 3286 2512 catholicae
3312 2437 3533 2506 dogma-

1941 2533 2105 2586 tibus.
2160 2532 2223 2585 Et
2253 2531 2434 2586 dixisti
2471 2546 2485 2584 :
2518 2532 2657 2601 Ergo
2702 2545 2806 2584 non
2854 2537 2939 2584 est
2983 2529 3160 2582 omnis
3189 2527 3532 2584 Christianus

1938 2626 2234 2694 imperator
2259 2627 2422 2680 etiam
2453 2623 2745 2680 sacerdos?
2775 2623 2840 2678 Et
2867 2624 2976 2678 dixi
3009 2641 3024 2680 :
3060 2623 3174 2678 Non
3203 2631 3304 2678 est.
3345 2621 3530 2694 Neque

1939 2717 2082 2772 enim
2111 2725 2253 2770 astat
2292 2715 2471 2780 altari,
2504 2731 2678 2785 neque
2714 2723 2834 2787 post
2863 2715 3344 2770 sanctificationem
3374 2713 3531 2782 panis

1936 2806 2143 2862 exaltat
2172 2821 2320 2870 eum,
2353 2805 2538 2860 dicens
2573 2824 2585 2859 :
2618 2805 2817 2861 Sancta
2851 2805 3076 2861 sanctis.
3122 2803 3308 2874 Neque
3350 2803 3527 2873 bapti-

1937 2906 2056 2960 zat,
2103 2913 2280 2968 neque
2310 2896 2620 2952 chrismatis
2657 2897 3052 2952 confectionem
3099 2904 3310 2966 patrat,
3351 2908 3529 2965 neque

1936 2987 2065 3042 facit
2090 2988 2392 3056 episcopos,
2423 2987 2504 3043 vel
2534 2989 2900 3059 presbyteros,
2925 2995 3020 3042 aut
3047 2987 3320 3050 diaconos,
3355 3000 3530 3056 neque

1936 3078 2054 3132 linit
2079 3078 2360 3142 ecclesias,
2401 3094 2575 3149 neque
2619 3079 2819 3134 indicia
2867 3079 3153 3134 Sacerdotii
3186 3077 3311 3143 fert,
3339 3093 3529 3149 super-

1863 3158 1905 3217 ίῖ
1940 3171 2218 3226 lmmerale
2243 3172 2452 3228 scilicet
2476 3181 2529 3228 et
2557 3172 2926 3244 Evangelium,
2953 3171 3400 3241 quemadmodum
3428 3171 3529 3225 im-

1938 3262 2074 3331 perii
2099 3277 2357 3318 coronam
2387 3271 2440 3319 ei,
2466 3278 2780 3333 purpuram.
2810 3262 2878 3318 Et
2906 3261 3089 3318 dixisti
3121 3279 3134 3315 :
3163 3261 3228 3316 Et
3257 3260 3529 3331 quomodo

1939 3354 2220 3424 Scriptura
2252 3371 2434 3424 regem
2467 3365 2519 3410 et
2547 3357 2882 3412 sacerdotem
2928 3356 3061 3410 dicit
3084 3370 3205 3411 esse
3239 3353 3525 3410 Melchise-

1937 3445 2113 3499 dech?
2138 3445 2205 3500 Et
2233 3445 2344 3500 dixi
2378 3463 2393 3500 :
2432 3429 2600 3502 Unius
2647 3456 2839 3502 natura
2871 3447 3014 3518 regis
3057 3455 3373 3502 cunctorum
3407 3446 3522 3508 Dei,

1937 3544 2132 3590 natura
2162 3536 2328 3591 etiam
2375 3537 2444 3592 ob
2490 3538 2718 3594 salutem
2772 3548 3012 3594 nostram
3063 3539 3333 3610 pontificis
3372 3539 3521 3602 facti,

1935 3642 2074 3680 unus
2102 3636 2218 3682 erat
2259 3636 2417 3698 typus
2465 3627 2880 3686 Melchisedech.
2927 3630 3080 3699 Quod
3134 3631 3179 3686 si
3227 3629 3522 3685 secundum

1933 3714 2178 3770 ordinem
2229 3714 2663 3781 Melchisedech,
2712 3717 2876 3773 alium
2925 3719 3061 3774 dicis
3089 3733 3210 3774 esse
3239 3731 3422 3788 regem
3467 3725 3525 3773 et

1934 3805 2307 3872 sacerdotem;
2337 3819 2391 3862 et
2423 3805 2627 3878 reliqua
2656 3823 2922 3880 pncsume
2948 3809 3145 3874 dicere,
3177 3808 3227 3862 id
3252 3818 3371 3863 est:
3397 3806 3523 3862 Sine

1932 3913 2100 3971 patre,
2131 3904 2242 3959 sine
2268 3915 2456 3969 matre,
2485 3906 2596 3960 sine
2624 3905 2946 3976 genealogia,
2979 3922 3141 3977 neque
3169 3905 3376 3960 initium
3405 3883 3546 3958 die--~

1931 4011 2070 4060 rum,
2109 4013 2272 4067 neque
2305 3999 2462 4066 ﬁnem
2501 3999 2618 4052 vim:
2648 3997 2917 4052 Imbentem
2953 3997 3139 4066 (llebr.
3169 3996 3288 4067 vn).
3326 3996 3394 4051 Et
3421 3997 3520 4050 ad-

1938 4097 2087 4142 verte
2116 4089 2258 4158 quod
2291 4105 2353 4143 ex
2389 4089 2491 4143 hoc
2518 4089 2648 4144 oriri
2681 4089 2858 4144 valeat
2886 4089 3105 4144 malum.
3139 4087 3292 4144 Alius
3317 4087 3519 4158 quippe

1934 4178 2056 4232 talis
2099 4181 2399 4250 reperietur
2443 4182 2579 4236 Deus
2610 4181 2922 4236 incarnatus
2948 4181 3242 4236 secundum
3272 4181 3516 4235 ordinem

1932 4268 2321 4325 Melchisedech
2343 4311 2356 4335 ,
2395 4279 2448 4325 et
2480 4288 2586 4326 non
2618 4271 2910 4325 secundum
2941 4271 3184 4326 ordinem
3217 4270 3394 4324 Aaron
3422 4283 3515 4326 sa-

1932 4361 2095 4415 lutem
2124 4371 2360 4416 nostram
2391 4361 2698 4432 perficicus.

2005 4451 2413 4514 Verumtamen,
2440 4451 2568 4521 quid
2597 4450 2842 4505 volumus
2865 4467 2962 4520 per
2986 4450 3150 4506 multa
3185 4449 3516 4506 discurrere?

249 4547 472 4626 ἀναφορὰν
497 4555 581 4610 ίπί
608 4563 700 4615 τῆς
727 4554 880 4628 ἁγίας
909 4557 1185 4630 τραπέζης’,
1217 4551 1349 4626 μετᾶ
1387 4558 1508 4616 τούς
1533 4558 1820 4632 ἀρχιερέας

1932 4539 2071 4596 [nter
2094 4556 2279 4597 sacras
2307 4542 2610 4597 oblationes
2639 4557 2797 4612 supra
2830 4553 3074 4596 sanctam
3119 4557 3360 4598 mensam
3393 4551 3514 4614 post

250 4656 327 4706 καὶ
355 4656 517 4735 ἱερέας
545 4665 634 4716 καί
667 4661 949 4730 διακόνους,
983 4666 1066 4717 καί
1114 4665 1306 4722 παντὸς
1336 4664 1584 4740 ἱερατικοῦ
1622 4665 1817 4734 τάγμα-

249 4775 346 4824 τος,
371 4767 494 4834 μετά
522 4772 624 4821 τῶν
649 4765 835 4822 λαίκῶν
863 4767 908 4820 οἱ
953 4765 1186 4840 βασιλεῖς
1211 4762 1625 4835 μνημονεύονται,
1654 4765 1822 4836 λέγον-

251 4875 326 4918 τος
365 4870 451 4917 τοῦ
505 4863 772 4920 διακόνου⁶
830 4867 917 4919 Καὶ
966 4873 1068 4920 τῶν
1126 4865 1174 4918 ἐν
1224 4867 1403 4921 πίστει
1454 4864 1820 4935 κεκοιμημένων

250 4952 435 5031 larua»,
468 4972 877 5034 κωνσταντίνου,
910 4970 1257 5029 Κώνσταντος,
1300 4969 1383 5022 καί
1426 4968 1547 5026 τοὺς
1589 4965 1816 5026 λοιπούς.

254 5059 386 5118 οὕτω
430 5065 481 5124 δέ
518 5072 603 5125 καί
645 5077 747 5124 τῶν
793 5071 993 5134 ζώντων
1038 5071 1335 5141 μνημονεύει
1387 5068 1656 5140 βασιλέων,
1688 5071 1814 5137 μετά

254 5163 360 5224 τοὺς
405 5167 706 5241 ίερωμένους
754 5171 973 5230 πάντας.
1003 5175 1177 5225 Ταῦτα
1222 5171 1378 5224 αὐτοῦ
1413 5169 1662 5242 λέγοντος.
1695 5169 1818 5243 κρά-

257 5255 372 5316 ζειό
413 5267 586 5323 Μηνᾶς
606 5275 622 5292 ⁶
669 5257 852 5319 Ταῦτα
898 5262 1055 5334 λέγων
1103 5260 1332 5331 ἴσχισας
1376 5267 1466 5321 τήν
1494 5261 1813 5320 Ἐκκλησίαν.

258 5347 341 5400 Καὶ
363 5348 485 5426 λέγει
507 5354 638 5432 πρὸς
663 5354 819 5410 αὐτόν
835 5370 850 5386 ⁸
884 5358 941 5408 Εἰ
967 5352 993 5408 ὁ
1019 5354 1176 5427 λέγων
1198 5355 1262 5410 τὰ
1290 5360 1388 5408 τῶν
1413 5353 1566 5426 ἁγίων
1587 5361 1814 5427 γραφοῖν,

259 5439 404 5495 καὶτὰ
427 5451 524 5500 τῶν
552 5444 711 5516 ἁγίων
730 5445 958 5519 Πατέρων
982 5447 1160 5517 σχίζει
1182 5450 1272 5504 την
1291 5443 1605 5508 Ἐκκλησίον,
1630 5445 1654 5499 ὁ
1674 5446 1818 5500 ἀναι-

260 5530 346 5591 Ρῖυ
361 5532 422 5587 τὰ
440 5541 536 5589 τῶν
561 5533 719 5608 ἁγίων
747 5533 999 5607 δόγματα,
1022 5536 1074 5590 τί
1106 5532 1440 5606 δειχθήσεται
1466 5542 1528 5603 τῇ
1549 5534 1817 5610 Ἐκκλησία

263 5626 412 5686 ποιῶν,
441 5623 507 5681 ὧν
533 5628 720 5702 χωρίς,
747 5624 859 5681 οὐδέ
889 5627 1017 5682 αὐτό
1045 5631 1218 5690 τοῦτο,
1251 5622 1544 5683 Ἐκκλησίαν
1575 5620 1698 5679 εἶναι
1727 5624 1814 5678 δυ-

261 5709 414 5779 νατόν;
445 5721 544 5772 Καὶ
574 5720 817 5792 στραφεὶς
859 5717 886 5772 ὁ
933 5716 1281 5793 σακελλὰριος,
1311 5713 1419 5772 εἶπε
1464 5724 1574 5777 τοῖς
1617 5719 1813 5792 ἀνθρὼ-

267 5813 362 5864 πθιϐ
385 5815 464 5864 τοῦ
492 5811 720 5882 ίξάρχου
764 5811 894 5882 μετὰ
932 5817 1187 5884 κραυγῆς·
1229 5807 1406 5866 εἴπατε
1456 5815 1529 5879 τῷ
1581 5809 1810 5884 ἒξάρκῳι

1923 4631 2230 4700 pontifices,
2261 4640 2317 4685 ct
2343 4632 2672 4690 sacerdotes.
2705 4641 2759 4685 ct
2789 4631 3046 4685 diaconos
3069 4643 3391 4700 omnemque
3419 4645 3511 4686 sa-

1922 4731 2135 4777 oratum
2165 4723 2432 4788 ordinem,
2465 4738 2586 4777 cum
2621 4723 2770 4778 laicis
2815 4723 3169 4792 imperatores
3201 4737 3509 4777 memoran-

1883 4839 1902 4860 ς
1925 4823 2030 4877 tur,
2064 4815 2278 4869 dicente
2304 4814 2532 4868 diacono
2564 4834 2576 4868 :
2608 4814 2670 4868 Et
2702 4829 2910 4876 eorum,
2938 4814 3027 4882 qui
3062 4815 3114 4868 in
3145 4813 3247 4868 fide
3273 4811 3511 4868 dormie-

1923 4915 2067 4970 runt,
2089 4904 2371 4968 laicorum,
2387 4907 2747 4968 Constardini,
2764 4905 3077 4960 Constantis
3091 4914 3143 4960 et
3165 4915 3506 4959 ceterorum.

1921 4994 2013 5052 Sic
2044 5007 2220 5051 autem
2249 5007 2304 5051 et
2335 4998 2576 5054 vivorum
2610 4998 2924 5051 memoriam
2959 4995 3086 5051 facit
3116 4996 3506 5066 imperatorum

1921 5095 2040 5156 post
2053 5094 2296 5142 sacratos
2308 5102 2512 5142 omnes.
2538 5087 2679 5152 llaec,
2697 5104 2762 5142 eo
2785 5088 3020 5149 dicente,
3035 5088 3236 5142 clamat
3251 5086 3502 5140 Mennas:

1923 5175 2047 5230 lla-c
2072 5175 2258 5232 dicens
2285 5177 2488 5232 scidisti
2523 5177 2838 5232 Ecclesiam.
2883 5179 2945 5233 Et
2980 5179 3111 5232 dicit
3139 5177 3207 5232 ad
3235 5192 3357 5232 eum
3395 5191 3411 5228 :
3444 5173 3503 5230 Si

1923 5267 1966 5319 is
2005 5267 2096 5336 qui
2144 5267 2273 5322 dicit
2320 5283 2382 5320 ea
2435 5283 2555 5336 qua:
2585 5278 2892 5323 sanctarum
2926 5279 3051 5324 sunt
3098 5267 3503 5338 Scripturarum

1919 5364 2081 5424 atque
2126 5365 2434 5411 sanctorum
2487 5355 2731 5420 Patrum,
2769 5359 2969 5412 scindit
3019 5356 3315 5413 Ecclesium
3347 5395 3362 5419 ,
3409 5353 3502 5423 qui

1920 5445 2110 5500 adimit
2151 5455 2460 5522 sanctorum
2507 5445 2756 5516 dogmata
2777 5489 2792 5514 ,
2824 5449 2951 5518 quid
2983 5447 3375 5504 monstrabitur
3400 5444 3500 5499 Ec-

1917 5534 2097 5590 clesiae
2125 5533 2348 5598 faciens,
2381 5535 2498 5590 sine
2523 5535 2719 5604 quibus
2745 5552 2843 5591 nec
2871 5537 2975 5592 dici
3006 5537 3173 5608 ipsam
3201 5531 3500 5589 Ecclesiam

1917 5634 2000 5679 est
2032 5625 2320 5696 possibile?
2350 5626 2417 5681 Et
2443 5641 2738 5682 conversus
2767 5627 3080 5683 sacellarius
3105 5626 3244 5688 dixit
3267 5621 3503 5680 homini-

1919 5715 2019 5770 bus
2047 5715 2264 5770 exarcbi
2306 5731 2428 5770 cum
2459 5715 2697 5771 clamore
2735 5731 2750 5770 :
2785 5717 2954 5772 Dicite
2983 5717 3222 5772 exarcbo
3253 5735 3265 5770 :
3301 5711 3505 5783 Hujus-

1921 5807 2063 5863 modi
2104 5809 2374 5864 hominem
2407 5808 2640 5864 debebas
2669 5809 2942 5866 dimittere
2971 5810 3150 5865 vivere
3181 5808 3268 5864 ubi
3300 5822 3501 5880 prae"
