4016 6296
537 385 669 448 815

1679 383 1688 396 ’
1725 387 2088 444 ΑΝΑετΑειι
2103 384 2696 451 ’ἩΙΒΜΟΤΙΙΕΕΑΗΙΓ

3731 396 3824 460 616

560 525 660 567 mc
685 506 836 579 φύσεί
872 507 1188 583 ῖνωρὶζεται,
1223 502 1389 576 χωρίς
1434 501 1708 576 ἁμαρτίας,
1738 505 1876 561 ἔστιν
1920 499 1979 558 ἂν
2028 503 2145 561 ἐλλι-

2255 520 2395 563 Cem.
2437 506 2494 560 In
2538 505 2686 565 nullo
2723 504 2868 563 enim
2901 505 3324 577 eorum-quibus
3360 515 3422 562 ut
3466 506 3612 565 Dens
3653 511 3824 579 utitur,

559 602 681 658 πής.
719 601 778 651 Εἰ
815 595 870 651 δὲ
911 597 1095 656 τὶλειός
1126 597 1235 651 ἐστι
1275 595 1382 649 καθ’
1414 595 1670 666 ἑκάτερον,
1699 597 1767 656 ὡς
1797 593 1998 656 οὐδενὸς
2041 593 2152 652 κατ’

561 688 797 764 ἑκάτερον
831 687 1049 750 ἕλλιπής,
1094 683 1362 760 προφανῶς
1410 687 1468 741 τὸ
1499 684 1609 742 κατ’
1637 688 1789 742 αὐτὸν
1814 686 1921 743 ὅλον
1963 688 2153 743 νοθεύει

561 782 857 850 μυστήριον,
887 776 912 830 5
938 782 1008 847 μή
1039 775 1290 849 ὁμολογῶν
1334 778 1485 831 αὐτὸν
1512 772 1641 831 εἶναι
1677 774 1813 852 ,ὅπὲρ
1853 780 1990 843 ἔστι,
2021 779 2153 849 μετά

560 878 660 924 τῶν
685 870 983 944 προσόντων
1006 872 1143 940 αὐτῷ
1174 870 1284 925 καθ’
1320 870 1576 946 ἑκάτερον,
1607 871 1656 926 ἄν
1681 868 1754 932 οἷς
1779 893 1853 936 τε,
1889 875 1978 928 καὶ
2018 873 2152 948 ἄπὲρ

562 960 696 1027 ἔστι,
730 963 928 1016 πάντων
954 969 1175 1033 φυσικῶν
1201 960 1506 1033 ἰδιωμάτων.

633 1329 722 1382 Καὶ
775 1329 948 1405 μικρὸν
1009 1332 1408 1392 σιωπήσαντες,
1466 1327 1690 1389 ἀλλήλοις
1743 1329 2151 1401 προσνεύσειιτες

557 1417 805 1489 λέγουσι·
836 1421 979 1474 ῐιόθεν
1027 1418 1252 1475 δύνασαι
1299 1419 1478 1484 δεῖξαι,
1505 1422 1587 1476 ότι
1635 1422 1729 1480 τὰς
1778 1419 2026 1482 συνόδους
2075 1423 2153 1475 ἐκ·

562 1510 833 1566 ϐάλλουσιν
883 1511 929 1564 oi
977 1511 1157 1587 θρόνου
1210 1512 1824 1574 κωνσταντινουπόλιως;
1878 1507 1966 1565 κάξ
2017 1513 2150 1585 λέγει

557 1603 774 1661 αὐτοῖς’
801 1599 925 1661 Ἤδη
955 1601 1206 1658 δ.δεικται
1249 1611 1465 1678 μερικῶς
1492 1601 1574 1658 διὰ
1617 1611 1720 1659 τῶν
1767 1603 1817 1656 ἐν
1859 1607 2020 1680 Ῥώμῃ
2063 1605 2154 1660 λα·-

557 1694 806 1752 ληθὲντων
859 1694 986 1769 παρ’
1039 1696 1162 1766 ἕμοῦ
1208 1697 1341 1770 πρὸς
1385 1695 1468 1750 τόν
1514 1697 1682 1773 κύριον
1726 1697 2016 1772 Γρηγόριον,
2068 1697 2152 1751 τόν

558 1785 874 1858 ἀσηκρῆτιν·
905 1789 1006 1842 Καὶ
1045 1793 1156 1851 νῦν,
1185 1787 1230 1841 εἰ
1269 1789 1580 1859 παρίσταται
1618 1795 1691 1861 τῷ
1732 1786 1957 1857 δεσπότῃ
1996 1795 2151 1846 τοῦτο

2253 596 2337 652 vel
2371 611 2558 653 eorum
2602 598 2797 668 quibus
2835 609 2888 653 ut
2927 599 3099 659 homo
3121 608 3312 653 natura
3343 601 3716 673 cognoscitur,
3746 619 3828 658 ex-

2253 697 2408 757 cepto
2449 689 2708 743 duntaxat
2750 698 2994 759 peccato,
3037 697 3121 744 est
3157 689 3530 759 imperfectus.
3572 690 3631 745 Si
3663 702 3826 748 autem

2253 776 2528 846 perfectus
2572 787 2657 832 est
2701 787 2947 848 utroque,
2995 780 3139 834 sicut
3192 780 3244 834 in
3290 779 3438 834 nullo
3471 794 3540 836 ex
3581 781 3830 837 ambobus

2252 878 2338 926 est
2375 870 2696 936 minoratus,
2723 869 3010 926 manifeste
3049 879 3219 926 totum
3263 871 3431 941 ipsius
3461 871 3736 927 adulterat
3761 889 3830 927 sa-

2249 971 2614 1027 cramentum,
2646 961 2737 1030 qui
2781 977 2888 1016 non
2928 961 3218 1016 confitetur
3255 976 3378 1016 eum
3415 977 3539 1017 esse
3565 962 3710 1032 quod
3737 972 3827 1018 est.

2252 1069 2376 1110 cum
2431 1053 2788 1108 existentibus
2844 1053 2944 1108 sibi
3005 1053 3258 1108 omnibus
3313 1052 3658 1108 naturalibus
3708 1053 3829 1108 idio-

2253 1145 2529 1211 matibus,
2589 1159 2658 1200 ex
2715 1145 2950 1216 quibus,
3007 1154 3065 1200 et
3118 1145 3172 1200 in
3215 1144 3411 1215 quibus
3449 1153 3507 1200 et
3549 1159 3675 1214 quae
3725 1158 3831 1202 esse

2251 1235 2536 1304 probatur.
3783 1289 3786 1294 .

2323 1325 2537 1380 Etcum
2563 1324 2783 1396 paulum
2813 1325 3130 1393 tacuissent,
3169 1334 3227 1382 et
3265 1325 3332 1380 ad
3375 1324 3612 1382 invicem
3643 1325 3832 1382 innuis-

2251 1421 2397 1479 sent,
2440 1415 2591 1469 aiunt
2640 1432 2653 1468 :
2708 1413 2861 1472 Unde
2903 1425 3058 1486 potes
3100 1417 3391 1474 ostendere
3433 1417 3581 1488 quod
3632 1427 3833 1476 sanctas

2251 1506 2487 1577 synodos
2527 1504 2783 1574 abjiciant
2825 1507 2879 1562 hi
2923 1508 3014 1578 qui
3057 1516 3184 1564 sunt
3231 1508 3408 1564 throni
3457 1509 3833 1568 Constantino-

2251 1599 2472 1669 poleos?
2501 1599 2604 1666 Qui
2633 1599 2763 1654 dicit
2790 1599 2870 1656 eis
2897 1618 2910 1654 :
2945 1598 3067 1656 Jam
3108 1601 3301 1670 partim
3330 1608 3614 1656 ostensum
3638 1609 3721 1654 est
3750 1614 3835 1669 per

2250 1709 2314 1748 ea
2340 1709 2462 1764 qua:
2486 1695 2672 1750 Romae
2698 1695 2910 1751 locutus
2943 1711 3062 1750 sum
3106 1695 3178 1750 ad
3214 1695 3492 1752 dominum
3518 1693 3832 1765 Gregorium

2253 1802 2283 1840 a
2335 1787 2579 1844 secretis.
2629 1787 2695 1842 Et
2739 1803 2904 1853 nunc,
2957 1788 3001 1842 sl
3053 1787 3231 1858 placet
3275 1785 3605 1841 dominatori
3648 1795 3708 1839 nt
3745 1785 3834 1839 hoc

557 1856 952 1947 δειχθήσεσθαι,
981 1879 1207 1933 κελεύσει
1243 1856 1446 1939 δοθῆναι
1474 1876 1646 1934 ἄδειαν
1663 1856 1744 1953 ’τῷ
1789 1882 1976 1952 ἀναξίῳ
2008 1881 2145 1952 ὑμῶν

2253 1877 2606 1944 ostendatur,
2649 1876 2840 1946 jubeat
2900 1878 3016 1933 dari
3055 1856 3357 1952 ilicentiam
3408 1877 3639 1948 indigno
3691 1891 3834 1936 servo

555 1965 740 2038 δούλῳ,
770 1973 856 2024 καὶ
897 1977 1025 2025 ποιῶ
1063 1979 1250 2042 ’γνῶσιν
1284 1971 1509 2042 βιϐλίων,
1541 1969 1624 2026 ὅτε
1656 1973 1724 2028 τὰ
1772 1973 1868 2042 ἐμὰ
1908 1974 2030 2046 517?);
2043 1973 2152 2032 ton.

553 2079 674 2122 σαν,
728 2064 807 2114 καὶ
844 2067 977 2116 πᾶσι
1015 2063 1226 2135 φανερόν
1254 2057 1382 2117 ποιῶ
1423 2066 1594 2124 τοῦτο,
1639 2064 1806 2138 χωρίς
1843 2061 2146 2142 οτασδήποτε

553 2148 879 2210 σκολιότητος
923 2150 1087 2222 λόγων
1105 2189 1119 2204 .
1155 2153 1240 2204 Καὶ
1280 2150 1453 2205 λοιπὸν
1485 2147 1646 2204 ἄλλων
1692 2149 1886 2204 πολλῶν
1924 2150 2150 2210 λαληθέν-

553 2263 674 2305 των,
704 2244 774 2302 εἰς
815 2244 1062 2317 γραφικάς
1089 2245 1174 2296 καὶ
1213 2245 1426 2313 φυσικὰς
1470 2244 1554 2297 καὶ
1579 2242 1821 2313 τεχνικάς
1855 2243 2154 2317 ἐτράπησαν

551 2338 848 2408 γυμνασίας
884 2355 938 2390 τε
971 2339 1056 2390 καὶ
1096 2337 1305 2411 θεωρίας
1330 2374 1345 2397 ,
1378 2334 1453 2408 ὕφ’
1499 2331 1581 2395 αἷς
1625 2333 1937 2399 ἠδυνθέντες,
1969 2337 2149 2408 ἱλαρω-

551 2427 718 2500 τᾶρως
763 2424 1074 2487 διετέθησαν,
1103 2428 1189 2479 καὶ
1227 2425 1440 2499 ἤρξαντο
1469 2426 1629 2498 λέγειν
1652 2441 1667 2455 °
1701 2421 1847 2480 οἶδεν
1883 2426 1910 2482 5
1947 2425 2148 2498 Κύριος,

553 2516 889 2588 ὠφελήθημεν,
923 2519 1008 2570 καὶ
1041 2516 1260 2571 ἀπὸτοῦ
1300 2521 1386 2570 νῦν
1418 2517 1641 2588 ἐνοχλεῖν
1681 2517 1799 2589 ύμῖν
1827 2519 1912 2572 οὐκ
1937 2517 2147 2589 ἔχομεν.

622 2692 682 2748 Ὀ
710 2692 768 2750 86
793 2702 938 2772 κῦρις
977 2698 1178 2772 Σίρνιος
1221 2693 1358 2752 εἶπεν
1403 2697 1540 2766 αὐτῷ
1559 2713 1572 2728 ⁸
1601 2693 1717 2753 Ὀτι
1748 2698 1986 2761 πολὶὰκις
2010 2697 2150 2758 ἦλθον

555 2787 630 2847 εις
662 2789 718 2843 τὸ
761 2789 945 2844 κίλλιόν
989 2811 1085 2845 σου
1112 2791 1184 2850 εἰς
1211 2790 1427 2852 Βέθϐας,
1462 2792 1547 2843 καὶ
1574 2793 1910 2864 ἠκροασάμην
1950 2799 2039 2852 τῆς
2067 2789 2150 2847 διο

549 2878 833 2942 δασκαλέας
856 2903 973 2944 σου,
1015 2885 1102 2937 καὶ
1133 2881 1160 2938 5
1195 2884 1416 2958 Χριστός
1460 2881 1582 2953 ἔχει
1617 2881 1871 2954 βοηθῆσαί
1910 2904 1992 2939 σοι
2017 2924 2031 2945 ,
2063 2886 2151 2938 καὶ

556 2976 627 3042 μή
658 2973 962 3045 ἆγωνεὰσῇς.
993 2973 1083 3033 Εἰς
1112 2971 1162 3026 ἓν
1188 2969 1242 3028 δι
1268 2971 1414 3042 μόνον
1438 2972 1615 3032 λυπεῖς
1655 2973 1869 3035 πάντας,
1904 2971 1980 3027 ὅτι
2022 2973 2147 3027 πολι

553 3059 674 3122 λούς
701 3069 863 3121 ποιεῖς
897 3065 1213 3138 χωρισθῆναι
1249 3071 1342 3122 τῆς
1384 3063 1644 3124 κοινωνίας
1683 3072 1775 3122 τῆς
1804 3063 2014 3116 ἐνταῦθα
2045 3062 2150 3116 Ἐκ-

555 3152 789 3212 αλησίας.
837 3149 992 3209 Ἐστι
1021 3174 1100 3213 τις
1140 3152 1167 3208 5
1209 3153 1386 3226 λέγων,
1421 3148 1556 3208 εἶπεν
1587 3153 1612 3208 5
1640 3151 1812 3215 δοῦλος
1855 3160 1948 3210 τοῦ
1992 3162 2144 3220 Θεοῦ,

2249 1979 2466 2036 vestro,
2515 1978 2571 2026 et
2616 1967 2756 2024 facio
2795 1969 3043 2024 notitiam
3094 1968 3388 2032 librorum,
3431 1969 3694 2037 quoniam
3742 1966 3833 2019 mei

2253 2059 2418 2116 ablati
2459 2067 2627 2115 sunt:
2659 2068 2715 2114 et
2750 2061 2963 2114 cunctis
3003 2058 3106 2115 hoc
3145 2059 3493 2114 manifestum
3541 2057 3686 2112 facio
3730 2057 3834 2112 sine

2250 2150 2492 2221 qualibet
2535 2150 2804 2222 pravitate
2850 2151 3158 2206 verborum.
3213 2148 3280 2204 Et
3325 2147 3521 2203 deinde
3567 2162 3694 2202 cum
3741 2145 3834 2200 alia

2253 2243 2418 2297 multa
2456 2243 2599 2298 dicta
2636 2241 2888 2306 fuissent,
2939 2242 2993 2296 in
3035 2237 3408 2311 scripturales,
3455 2254 3519 2293 ac
3570 2236 3834 2292 naturales

2249 2342 2305 2388 et
2347 2333 2660 2388 artificiales
2700 2332 2945 2388 conversi
2989 2341 3117 2386 sunt
3152 2330 3573 2387 exercitationes
3609 2338 3664 2383 et
3695 2331 3834 2383 theo-

2253 2428 2384 2494 rias,
2423 2427 2619 2498 quibus
2646 2427 2893 2482 delectati
2927 2425 3212 2481 hilariores
3243 2423 3419 2480 effecti
3459 2432 3609 2488 sunt,
3645 2431 3703 2477 et
3733 2435 3834 2475 cc-

2234 2528 2446 2590 -perunt
2487 2519 2706 2574 dicere:
2748 2517 2908 2573 Novit
2952 2517 3234 2582 Dominus,
3276 2514 3632 2587 profecimus,
3677 2520 3732 2568 et
3773 2526 3833 2566 ex

2252 2611 2354 2666 hoc
2397 2610 2548 2667 vobis
2590 2608 2890 2665 molestiam
2935 2624 3043 2664 non
3085 2608 3411 2680 inseremus.
3633 2667 3640 2673 ,

2323 2698 2516 2764 Porro,
2551 2697 2782 2753 donmus
2813 2697 3038 2769 Sergius
3079 2697 3218 2754 dixit
3255 2697 3304 2753 ei
3347 2715 3360 2750 :
3408 2695 3567 2768 Sepe
3607 2697 3733 2752 veni
3773 2697 3834 2752 ad

2249 2789 2498 2846 cellulam
2528 2799 2672 2846 tuam
2705 2790 2758 2844 in
2789 2788 2988 2853 Bellas.
3017 2798 3075 2844 et
3103 2789 3285 2844 audivi
3323 2789 3632 2844 doctrinam
3670 2798 3832 2851 tuam,

2249 2892 2303 2936 et
2339 2881 2482 2936 Deus
2508 2879 2859 2936 auxiliabitur
2895 2881 3008 2946 tibi,
3063 2896 3131 2936 ne
3178 2880 3443 2936 sollicitus
3483 2881 3583 2936 sis.
3633 2880 3694 2935 In
3737 2897 3838 2934 uno

2250 2989 2380 3028 vero
2432 2973 2773 3030 solummodo
2816 2975 3110 3030 contristas
3151 2990 3380 3041 omnes,
3439 2975 3533 3046 qui
3587 2977 3841 3031 videlicet

2251 3065 2449 3121 inultos
2488 3065 2620 3122 facis
2660 3067 2902 3136 separari
2947 3083 2976 3120 a
3021 3067 3400 3122 communione
3451 3065 3616 3136 hujus
3661 3067 3841 3123 Eccle-

2253 3159 2364 3213 sim.
2397 3159 2492 3213 Est
2524 3158 2720 3227 aliquis
2757 3159 2850 3228 qui
2890 3167 3120 3225 asserat,
3167 3159 3258 3212 ait.
3298 3158 3390 3212 Dei
3433 3173 3654 3222 servus,
3703 3159 3844 3226 quod

553 3239 635 3297 ὅτι
657 3237 797 3298 εἷπον
816 3258 830 3273 ⁸
863 3249 941 3303 Μή
971 3249 1276 3319 κοινωνήσῃς
1300 3252 1363 3319 τῇ
1385 3243 1651 3319 Ἐκκλησία
1689 3253 1788 3302 τῶν
1829 3251 2144 3313 Βυζαντίωνς

2253 3206 2364 3213 --_.-
2397 3206 2492 3213 _--
2525 3206 2718 3227 _--.,----
2761 3206 2850 3228 Ἰ--
2891 3206 3120 3225 “nm,
3167 3206 3257 3212 _--.
3299 3206 3390 3212 __-
3433 3206 3511 3212 η-
3542 3206 3654 3222 .--_,
3708 3206 3844 3226 Ἰ----

2253 3249 2526 3303 dixerim:
2567 3249 2646 3304 Ne
2682 3251 3052 3306 communices
3093 3249 3353 3305 Ecclesia:
3373 3249 3844 3320 Byzantinorum?

552 3331 815 3410 ’Δπεκρίθη
857 3333 883 3390 5
925 3342 1070 3412 κῦρις
1111 3338 1313 3413 Σέργιος
1337 3353 1351 3365 ·
1381 3338 1510 3392 Δύτό
1535 3343 1710 3402 τοῦτο,
1741 3338 1798 3393 τό
1837 3339 1896 3391 σε
1938 3342 2007 3410 μή
2053 3359 2150 3396 xm-

551 3434 740 3490 νωνεῖν,
770 3426 962 3498 μεγάλη
1009 3429 1139 3502 πρὸς
1163 3426 1366 3490 πάντας
1389 3428 1502 3484 ἔστί
1549 3433 1700 3499 φωνή,
1728 3433 1798 3499 μὴ
1827 3437 2146 3488 κοινωνῆσαι.

555 3521 645 3572 Καὶ
672 3515 810 3574 εἶπεν
852 3519 878 3574 5
908 3527 999 3576 τοῦ
1027 3527 1154 3576 Θεοῦ
1185 3518 1394 3582 δοῦλος·
1443 3518 1606 3576 οῦδὲν
1651 3519 1936 3597 βιαιότερον
1979 3541 2149 3576 συνει-

550 3606 699 3669 δότος
736 3617 1154 3686 κατηγοροῦντος,
1195 3615 1282 3667 καὶ
1329 3610 1472 3668 οὐδόν
1506 3613 1696 3667 τούτου
1744 3619 2150 3686 συνηγοροῦντος

551 3699 1156 3774 παρρησιαστικώτερον.
1191 3699 1433 3765 ’Δκούσας
1467 3701 1522 3758 δὲ
1560 3702 1748 3777 όκῦρις
1790 3704 2030 3778 Τρὼῐλος,
2067 3703 2150 3760 ὅτι

555 3788 583 3841 5
603 3791 776 3854 Τύπος
805 3792 1215 3860 ἁναθεματίζεται
1251 3795 1318 3852 εἷς
1351 3799 1525 3848 πᾶσαν
1552 3799 1642 3852 τήν
1667 3791 1836 3858 δύσιν,
1864 3794 1996 3865 λέγει
2020 3795 2148 3870 πρός

553 3881 638 3934 τόν
687 3878 860 3934 δοῦλον
893 3886 986 3936 τοῦ
1039 3887 1201 3936 Θεοῦ⁶
1241 3880 1396 3936 Καλόν
1444 3880 1608 3947 ἔστιν,
1654 3881 1734 3938 ὅτι
1764 3889 1856 3939 τοῦ
1906 3883 2149 3946 εὐσεϐοῦς

555 3971 694 4040 ἡμῶν
727 3968 979 4026 δεσπότου
1010 3972 1041 4030 ri
1069 3970 1321 4043 ὑπόληψις
1361 3973 1659 4046 ὑϐρίζεταιῖ
1695 3976 1958 4050 ’Δπεκρίθη
1992 3973 2019 4030 5
2052 3981 2147 4030 τοῦ

551 4067 682 4116 Θεοῦ
737 4059 943 4123 δοῦλος⁶
992 4071 1048 4117 ‘0
1103 4064 1228 4124 Θεὸς
1261 4068 1626 4142 συγχωρήσας
1681 4074 1791 4127 τοῖς
1844 4067 2148 4125 ἐκϐιϐάσασι

553 4150 638 4203 τόν
669 4148 924 4209 δεσπότην
963 4159 1181 4211 ποιῆσαι
1224 4154 1311 4208 τόν
1355 4156 1536 4216 τύπον,
1591 4157 1676 4210 καὶ
1721 4165 1830 4219 τοῖς
1869 4165 2148 4234 συγχωρή-

553 4261 702 4296 σασι.
741 4243 840 4295 Καὶ
870 4243 1019 4315 λέγει,
1051 4247 1181 4303 τίνες
1213 4245 1340 4298 εἰσὶν
1383 4243 1430 4297 οἱ
1471 4244 1852 4310 ἐπιϐιϐάσαντες,
1896 4251 1978 4302 καὶ
2015 4251 2146 4311 τίνες

553 4334 602 4386 οἱ
653 4340 1134 4409 συγχωρήσαντας
1173 4334 1465 4410 ’Δπεκρίθη,
1510 4337 1557 4392 οἱ
1598 4346 1690 4399 τῆς
1719 4337 2011 4402 Ἐκκλησίας
2039 4343 2144 4407 ἕξε-

556 4422 793 4490 Cicutam,
828 4428 913 4479 καὶ
971 4427 1018 4480 οἶ
1069 4423 1326 4501 ἄρχοντες
1379 4430 1788 4502 συνεχώρησαν.
1843 4435 1934 4486 Καὶ
1979 4429 2086 4488 ἰδοὺ
2115 4433 2144 4492 5

550 4515 714 4591 ῥύπος
745 4517 797 4570 ἐκ
834 4525 934 4572 τῶν
959 4517 1254 4572 ὑπευθύνων
1279 4522 1349 4580 εἰς
1377 4523 1464 4576 τόν
1495 4523 1653 4576 ἀθῶον
1681 4525 1766 4578 καί
1797 4520 2012 4600 καθαρόν
2040 4524 2143 4582 πά-

553 4625 651 4664 σης
673 4606 921 4676 αἱρέσεως
945 4609 1259 4678 ἒξετινὰχθη-
1287 4607 1427 4665 ’Δλλά
1455 4613 1875 4683 συμϐουλεύσατε
1905 4625 2138 4686 ποιῆσαι,

553 4691 581 4747 5
611 4697 846 4752 ἐποίησεν
872 4697 898 4751 5
923 4699 1134 4760 εὐσεϐής
1164 4707 1227 4772 τῇ
1275 4706 1444 4775 μνήμῃ
1490 4706 1745 4776 γενομένος
1793 4711 1956 4762 αυτοῦ
2005 4711 2143 4766 πάπ-

550 4806 670 4848 πος.
719 4796 926 4849 Ἐκεῖνος
980 4791 1079 4864 γὰρ
1126 4794 1443 4865 αἰσθόμενος,
1483 4794 1562 4851 ὅτι
1609 4794 1762 4870 ψόγον
1809 4801 1964 4856 αὐτοῦ
2010 4823 2142 4864 τινες

552 4881 684 4934 γατά
718 4878 806 4938 τήν
839 4878 988 4935 δύσιν
1039 4886 1384 4957 καταχέουσι,
1426 4883 1511 4942 διὰ
1562 4887 1837 4950 κελεύσεως
1884 4891 2140 4968 ἐλεύθερον

551 4972 734 5028 ἑαυτὸν
762 4974 968 5032 ἐποίησε
997 4984 1089 5036 τῆς
1118 4978 1202 5029 ἰπὶ
1237 4985 1298 5053 τῇ
1327 4976 1591 5054 Ἐκκλησία
1618 4982 1879 5053 μέμψεως,
1909 4986 2135 5059 γράψας.

548 5059 666 5118 ὀτι
692 5060 924 5124 Ἐκθεσις
957 5067 1046 5120 οὐκ
1086 5063 1222 5121 ἔστιν
1248 5069 1339 5134 ἐμή
1390 5068 1502 5124 οὔτε
1528 5072 1625 5145 γὰρ
1655 5073 1750 5144 ἐεγὼ
1787 5075 2136 5151 ύπηγόρευσα,

549 5151 582 5212 ἦ
620 5153 856 5208 ἐκέλευσα
908 5157 1173 5226 γενέσθαι·
1206 5157 1330 5212 ἀλλά
1379 5161 1578 5234 Σέργιος
1623 5163 1774 5221 αὖτήν
1816 5164 1842 5218 5
1883 5169 2136 5242 πατριάρ-

552 5265 658 5314 χης
683 5247 935 5310 συντάξας
964 5250 1063 5322 πρὸ
1096 5251 1242 5302 πέντε
1283 5250 1407 5306 δτῶν
1444 5257 1536 5305 τοῦ
1579 5253 1788 5308 ἀνελθεῖν
1820 5277 1881 5326 με
1918 5258 2018 5312 ἀπὸ
2045 5267 2136 5321 τῆς

549 5341 812 5403 ἀνατολῆς,
868 5340 1038 5401 ἕδεήθη
1068 5363 1167 5416 μου
1216 5344 1328 5400 κατ’
1375 5347 1534 5406 αὐτὴν
1587 5351 1849 5420 γενομένου
1896 5357 1988 5410 τήν
2033 5375 2136 5408 πα-

548 5429 848 5500 νευδαίμονα
893 5433 1054 5497 πόλιν,
1094 5435 1303 5504 ὀνόματί
1339 5455 1439 5506 μου
1477 5439 1776 5513 προτεθῆναι
1832 5441 1984 5500 αὐτὴν
2025 5444 2136 5515 μεθ’

549 5527 880 5596 tinos/patir
929 5526 1014 5577 καὶ
1049 5523 1386 5596 νατεδεξὰμην
1423 5532 1517 5586 τήν
1562 5529 1752 5583 ἐκείνου
1797 5533 2130 5608 παράκλησιν.

546 5621 648 5670 Νῦν
691 5613 746 5670 δὲ
793 5621 934 5689 γνοῦ,
990 5614 1068 5671 ὅτι
1116 5619 1245 5677 τινὲς
1286 5617 1362 5674 ἐπ’
1388 5623 1542 5680 αὐτὴν
1587 5619 1953 5695 διαμάχονται,
2002 5631 2134 5684 πᾶσι

547 5697 694 5763 δῆλον
720 5714 868 5769 ποιῶ,
901 5706 978 5763 ὅτι
1012 5710 1098 5762 οὐκ
1141 5706 1279 5764 ἔστιν
1322 5711 1434 5781 ἐμή.
1471 5714 1672 5772 Ταύτην
1714 5716 1994 5776 ἐποιήσατο
2045 5727 2134 5782 τήν

550 5794 772 5850 κέλευσεν
802 5797 927 5872 πρὸς
961 5801 1048 5852 τόν
1086 5800 1328 5873 μακάριον
1367 5804 1585 5860 Ὶω.”ννην
1614 5806 1856 5870 πάππαν,
1890 5814 2131 5886 κατακρί-

2253 3338 2545 3409 Respondit
2589 3340 2817 3396 domnus
2866 3339 3133 3412 Sergius:
3171 3340 3285 3396 Hoc
3323 3341 3522 3412 ipsum,
3567 3342 3842 3413 inquiens,

2248 3444 2356 3499 quo
2384 3431 2498 3499 ipse
2527 3446 2632 3487 non
2662 3432 3052 3497 communicas,
3094 3448 3288 3504 magna
3336 3441 3422 3489 est
3464 3435 3608 3504 apud
3655 3449 3844 3490 omnes

2249 3519 2435 3590 procul
2473 3519 2636 3575 dubio
2672 3536 2772 3577 vox
2814 3537 2920 3578 non
2959 3525 3415 3592 communicandi.
3467 3524 3536 3578 Et
3585 3523 3685 3581 Dei
3733 3542 3844 3581 scr-

2248 3625 2347 3666 vus
2375 3629 2390 3666 :
2422 3611 2529 3677 Nil,
2557 3612 2652 3677 ait,
2682 3614 2887 3669 certius
2917 3623 3001 3670 est
3029 3631 3194 3687 quam
3226 3615 3564 3672 conscientia
3594 3633 3723 3686 qua:
3747 3633 3840 3673 ac-

2249 3710 2526 3755 cusat:et
2579 3702 2652 3756 nil
2701 3717 2788 3766 eo,
2838 3705 2922 3758 cui
2971 3704 3084 3759 lucc
3129 3706 3501 3761 testimonium
3551 3707 3838 3776 perhibet,

2248 3789 2508 3860 majorem
2558 3791 2717 3846 habet
2759 3793 3032 3847 filluciam.
3080 3793 3379 3862 Caeterum,
3426 3811 3550 3850 cum
3599 3797 3841 3853 audisset

2251 3881 2480 3936 domnus
2525 3881 2762 3948 Troilus,
2799 3887 2940 3953 quod
2969 3884 3152 3956 Typus
3178 3887 3748 3944 anathematizaretur
3787 3890 3838 3944 in

2247 3978 2364 4026 toto
2402 3970 2726 4038 Occidente,
2751 3973 2892 4029 'dicit
2933 3975 3001 4030 ad
3043 3990 3258 4032 servum
3297 3975 3393 4032 Dei
3425 3995 3437 4029 :
3466 3977 3684 4034 Bonum
3727 3989 3834 4043 est,

2246 4065 2371 4134 quia
2410 4065 2483 4134 pii
2533 4066 2888 4123 dominatoris
2936 4070 3108 4124 nostri
3139 4063 3332 4142 'opinio
3372 4071 3590 4143 injuriis
3632 4073 3834 4130 lacera-

2247 4157 2385 4210 tur?
2420 4156 2718 4226 Respondit
2754 4175 2943 4216 servus
2977 4157 3113 4216 Dei:
3149 4161 3292 4218 Deus
3335 4163 3581 4236 ignoscat
3621 4167 3712 4222 his
3747 4171 3832 4238 qui

2247 4249 2570 4305 dominatori
2601 4252 2776 4308 facere
2815 4253 3020 4325 Typum
3062 4267 3472 4325 persuaserunt,
3518 4262 3706 4316 ethis
3745 4263 3830 4332 qui

2244 4340 2631 4412 permiserunt.
2677 4344 2748 4397 At
2787 4343 2915 4400 ille:
2956 4344 3093 4412 Qui,
3141 4351 3249 4414 ait,
3296 4359 3426 4404 sunt
3467 4352 3562 4420 qui
3611 4369 3831 4423 persuao

2246 4440 2451 4494 serunt,
2499 4441 2555 4488 et
2595 4434 2686 4504 qui
2732 4446 2858 4491 sunt
2901 4438 2991 4507 qui
3041 4441 3444 4508 permiserunt?
3489 4443 3826 4516 Respondit:

2170 4555 2222 4616 υ
2247 4520 2317 4616 Hi
2347 4523 2438 4594 qui
2473 4533 2628 4616 erant
2662 4523 2916 4582 Ecclesiae
2953 4541 3259 4599 suaserunt,
3297 4543 3354 4588 et
3385 4535 3666 4606 principes
3711 4552 3829 4608 per-

2245 4612 2529 4668 miserunt.
2560 4613 2628 4668 Et
2652 4629 2783 4672 ecce
2811 4619 3001 4674 sordes
3029 4636 3058 4674 a
3094 4621 3342 4677 sontibus
3375 4623 3430 4677 in
3467 4623 3743 4682 insontem
3776 4635 3829 4682 et

2240 4709 2386 4764 omni
2415 4709 2606 4766 haeresi
2634 4725 2827 4781 purum
2849 4727 3076 4770 excussa
3099 4723 3201 4770 cst.
3230 4714 3337 4770 Sed
3366 4716 3658 4783 consilium
3707 4718 3828 4774 date

2241 4807 2298 4854 ut
2340 4798 2504 4854 faciat
2538 4803 2682 4871 quod
2729 4799 2858 4858 fecit
2904 4804 3006 4874 pia:
3052 4807 3331 4861 memoria:
3372 4810 3654 4877 quondam
3698 4822 3827 4864 avus

2238 4890 2374 4962 ejus.
2411 4891 2504 4947 llle
2547 4893 2744 4965 quippe
2783 4896 3024 4952 sentiens
3059 4897 3201 4967 quod
3247 4898 3299 4952 in
3338 4898 3672 4971 vitupe‘rium
3713 4901 3827 4971 ejns

2239 4979 2293 5034 in
2329 4979 2625 5038 Occidente
2661 4986 2877 5054 quidam
2914 4997 3358 5060 prorumperent,
3402 4967 3823 5062 pcr.epistolam

2236 5072 2466 5129 liberum
2493 5091 2552 5132 se
2586 5076 2714 5133 fecit
2748 5080 2817 5133 ab
2845 5079 3102 5136 Ecclesia:
3136 5082 3497 5151 querimonia,
3531 5083 3822 5140 scribens:

2241 5180 2264 5214 ι
2291 5163 2560 5232 Ecthesis,
2605 5168 2800 5239 inquit,
2845 5185 2952 5224 non
3000 5180 3084 5226 est
3125 5185 3266 5237 mea,
3311 5187 3490 5242 neque
3535 5175 3684 5228 enim
3727 5189 3824 5244 ego

2236 5256 2320 5311 vel
2355 5258 2578 5324 dictavi,
2608 5261 2691 5314 vel
2721 5260 2860 5330 jussi
2891 5273 2947 5316 ut
2975 5266 3146 5318 fleret.
3189 5263 3296 5320 Sed
3340 5278 3463 5319 cum
3513 5265 3660 5322 hanc
3701 5264 3824 5322 Ser-

2236 5347 2356 5417 gius
2381 5351 2688 5420 patriarcha
2714 5355 3108 5424 composuisset
3153 5364 3280 5410 ante
3319 5357 3564 5427 quinque
3609 5374 3819 5420 annos.

2233 5440 2384 5509 prius
2421 5457 2583 5510 quam
2625 5444 2694 5498 ab
2728 5443 2950 5501 Oriente
2988 5449 3348 5519 repedassem,
3383 5449 3712 5519 deprecatus
3743 5463 3821 5508 est

2235 5549 2352 5600 me,
2389 5551 2512 5591 cum
2550 5538 2616 5592 ad
2647 5539 2788 5596 hanc
2820 5541 3028 5597 felicem
3075 5545 3442 5614 pervenissem
3491 5547 3721 5612 urbem,
3765 5557 3822 5603 ut

2234 5626 2454 5682 nomine
2490 5644 2613 5683 meo
2661 5643 3056 5701 proponeretur
3100 5649 3222 5689 cum
3269 5635 3672 5707 subscriptione
3707 5657 3722 5694 :
3767 5648 3822 5694 et

2235 5723 2444 5792 suscepi
2475 5723 2912 5794 deprecationem
2948 5728 3103 5783 illius.
3133 5727 3286 5786 Nunc
3316 5745 3453 5786 vero
3479 5747 3819 5804 cognoscens

2227 5816 2376 5884 quod
2412 5816 2630 5886 quidam
2671 5834 2832 5890 super
2864 5836 2925 5875 ca
2964 5821 3376 5891 altercarcntur,
3421 5826 3638 5882 cunctis
3684 5823 3818 5886 facio
