4016 6296
210 308 301 366 617

816 289 1335 356 COLLECTANEA.
1374 320 1448 339 -
1480 284 1760 348 RELATK

1864 282 2141 347 .OTIONIS
2215 286 2285 346 IN
2326 286 2386 345 S.
2424 285 2777 345 MAXIMUM.

3328 286 3435 346 6l8

208 443 338 482 νοντα
355 439 437 480 την
461 418 671 482 εκθεσιν,
699 432 748 469 εν
786 420 900 474 τοῖς
937 412 1067 487 πρὸς
1109 408 1305 484 Πύρρον
1333 407 1452 465 τότε
1481 410 1746 483 γραφεῖσι,

1864 401 2225 471 manifestum,
2254 403 2382 474 quia
2420 417 2527 458 non
2567 411 2651 459 est
2683 417 2825 459 mea.
2855 418 2875 457 ι
2911 400 3060 460 lianc
3092 402 3219 461 fecit
3236 382 3439 475 jussio-

209 522 276 575 καὶ
305 517 455 575 ἔκτοτε
497 516 694 589 Σεργίου
727 509 1037 584 χρηματίζει
1066 510 1341 577 πανταχοῦ
1367 497 1495 559 εἶναι
1524 499 1744 559 ἴκθεσις.

206 622 341 670 Τοῦτο
370 614 561 670 ποιησει
604 609 684 663 καί
726 604 752 661 ό
784 610 872 660 νῦν
900 594 1120 663 εύσεϐῶς
1146 598 1434 672 βασιλεύων
1477 597 1636 666 ἡμῶν,
1663 595 1749 650 καί

203 714 327 781 μενεῖ
367 702 611 762 παντελῶς
655 697 921 773 ἄχραντος
966 697 1137 780 πάσης
1167 691 1411 765 μέμψεως
1438 691 1469 749 ἡ
1494 685 1748 763 πρόληψις

204 800 352 855 αὐτοῦ.
394 795 508 851 Τότε
534 794 796 849 σείσαντες
835 789 926 849 τάς
972 785 1209 861 κεφαλάς,
1244 784 1557 847 ἐσιώπησαν,
1595 783 1752 836 τοῦτο

201 891 324 964 μόνον
346 886 605 963 εἰρηκότες,
646 880 739 939 ὅλα
763 878 1000 956 δυσχερῆ
1031 880 1111 933 καὶ
1148 874 1418 933 άνέκϐατα.

258 1157 439 1220 τούτων
477 1154 557 1211 καί
599 1151 784 1229 έτέρων
832 1146 1079 1227 διαφόρων
1112 1143 1437 1206 λαληθέντων,
1465 1158 1750 1213 προσκυνη-

198 1254 338 1313 θέντες
363 1254 438 1305 καί
463 1249 928 1324 προσκυνήσαντες,
959 1242 1091 1313 μετά
1124 1240 1293 1298 πάσης
1321 1232 1613 1309 ἱλαρότητος
1638 1230 1752 1324 άνε·

200 1348 431 1422 χώρησαν.
458 1321 547 1396 καί
580 1339 729 1395 πάλιν
758 1344 833 1411 τῷ
876 1331 1008 1406 ἄλλῳ
1056 1330 1326 1401 σαϐϐάτῳ,
1372 1329 1622 1422 ἀνήγαγον
1661 1321 1751 1422 αύ-

198 1414 300 1497 τούς
325 1437 371 1491 έν
396 1441 466 1507 τῷ
494 1430 723 1501 παλατίῳ
740 1444 755 1459 “
810 1430 895 1481 καὶ
928 1425 1215 1500 εἰσφέρουσι
1259 1424 1457 1496 πρῶτον
1482 1416 1567 1471 τόν
1593 1414 1751 1487 pater

116 1592 117 1595 η
197 1533 272 1586 τὸν
289 1531 369 1581 τοῦ
390 1526 639 1599 γέροντος,
677 1516 1011 1574 συνελθόντων
1038 1516 1119 1569 καί
1146 1518 1244 1569 τῶν
1267 1508 1359 1565 δύο
1387 1509 1747 1599 πατριαρχῶν.

184 1606 273 1672 καὶ
298 1592 465 1687 ἄγουσι
491 1617 845 1667 εεινσταντῖνον
870 1608 957 1661 καὶ
983 1603 1159 1664 Μηνάν
1205 1598 1518 1674 κατηγόρους
1550 1601 1639 1650 τοῦ
1667 1592 1753 1666 γέ·-

195 1727 366 1783 ροντος,
414 1706 490 1760 καὶ
536 1705 871 1760 ἀπαιτοῦντες
925 1691 1010 1753 τόν
1064 1695 1289 1766 μαθητήν
1340 1686 1752 1760 συγκαταθέσθαε

1851 508 1976 548 nem
2022 494 2088 549 ad
2134 495 2351 551 beatum
2397 493 2659 551 Joannem
2701 488 2929 566 papam,
2984 496 3439 556 condemnantem

1851 585 2107 644 Ecthesin
2149 588 2204 644 in
2244 589 2327 645 his
2366 603 2487 660 qua:
2525 585 2821 660 scripserat
2864 598 2991 645 tunc
3033 592 3100 647 ad
3147 582 3436 663 Pyrrhum.

1849 677 1919 733 Et
1952 691 2019 733 ex
2045 693 2109 734 eo
2140 688 2380 751 tempore
2413 680 2614 751 ubique
2650 680 2827 751 Sergii
2864 695 2988 738 esse
3018 682 3214 739 dicitur
3241 683 3438 741 Ectheo

1850 771 1947 827 sis.
1987 769 2101 828 Hoc
2139 770 2306 827 faciat
2342 783 2399 829 et
2438 773 2486 829 is
2531 774 2624 844 qui
2669 774 2758 845 pie
2802 773 2857 830 in
2903 774 3058 831 nobis
3105 775 3354 845 imperat,
3384 785 3442 834 et

1848 864 2193 937 permanebit
2236 866 2456 921 omnino
2492 866 2812 922 intemerata
2856 866 2924 922 ab
2958 867 3105 922 omni
3148 868 3436 938 reprehen-

1851 959 2007 1016 sione
2039 959 2223 1030 opinio
2256 960 2391 1030 ejus.
2433 960 2585 1017 Tunc
2619 970 2900 1018 moventes
2935 962 3113 1034 capita
3150 962 3438 1033 siluerunt,

1851 1052 1961 1109 hoc
1991 1061 2200 1109 tantum
2224 1053 2467 1111 dicentes
2492 1071 2508 1110 :
2536 1053 2732 1112 Omnia
2757 1055 2990 1113 difﬁcilia
3019 1064 3073 1113 et
3097 1056 3375 1128 perplexa.

1924 1147 2022 1203 llis
2070 1148 2254 1218 itaque
2299 1156 2356 1205 et
2385 1147 2519 1204 'aliis
2561 1149 2790 1205 diversis
2842 1150 3075 1217 edictis,
3130 1150 3338 1207 adorati
3384 1158 3442 1207 et

1846 1237 2187 1306 adorantes,
2233 1254 2355 1296 cum
2401 1239 2571 1305 omni
2606 1241 2881 1298 hilaritate
2934 1243 3320 1299 discesserunt.
3372 1244 3443 1300 Et

1851 1346 2043 1390 rursus
2070 1332 2176 1389 alio
2217 1334 2445 1391 sabbato
2479 1334 2820 1391 adduxerunt
2850 1351 2945 1392 eos
2978 1336 3030 1393 in
3074 1336 3354 1407 palatium,
3385 1346 3445 1394 et

1851 1427 2203 1483 introducunt
2237 1427 2414 1497 primo
2443 1426 2763 1497 discipulum
2796 1429 2957 1493 senis,
2991 1430 3442 1488 convenientibus

1853 1517 2018 1585 etiam
2068 1528 2197 1573 tunc
2242 1516 2451 1574 duobus
2495 1518 2700 1589 pariter
2738 1520 3081 1591 patriarchis.
3131 1520 3197 1575 Et
3239 1521 3445 1578 ducunt

1853 1608 2274 1665 Constantinum
2319 1618 2375 1665 et
2420 1609 2671 1665 Mennam
2720 1610 2867 1666 senis
2915 1621 3279 1678 accusatores,
3318 1613 3446 1669 exi.

1854 1714 2045 1777 gentes
2086 1720 2118 1760 a
2161 1703 2451 1776 discipulo,
2493 1720 2602 1777 quo
2643 1705 3017 1776 acquiesceret
3049 1706 3134 1762 his
3162 1722 3283 1778 qua:
3313 1722 3344 1763 a
3382 1723 3442 1765 se

196 1811 285 1862 τοῖς
310 1801 411 1857 κατ’
434 1803 593 1857 αὐτῶν
621 1798 956 1869 λαλουμένοις.
995 1793 1135 1848 Μετά
1158 1788 1220 1846 δέ
1248 1790 1419 1850 πάσης
1451 1783 1751 1857 παρῤηίας

1864 1768 2184 1856 dicerentur.
2220 1768 2321 1855 Ast
2349 1768 2646 1870 discipulus
2670 1768 2794 1857 cum
2834 1801 3032 1858 fiducia
3069 1768 3216 1859 omni
3254 1804 3322 1859 ad
3357 1820 3445 1862 se-

198 1888 312 1949 εἶπεν
349 1892 619 1967 όμαθητης
668 1888 872 1964 ἀφόϐως
919 1885 1048 1958 πρὸς
1080 1888 1170 1943 τήν
1222 1878 1530 1954 σύγκλητον·
1585 1890 1752 1967 κωνσσ

197 1995 393 2042 ταντῐνον
415 1986 643 2058 εἰσάγετε
674 1982 721 2036 ἐν
752 1979 978 2056 σεκρέτῳ
998 1975 1280 2037 παλατίου;
1308 1967 1473 2030 Οὗτος
1494 1968 1587 2024 ούκ
1608 1964 1751 2054 ἔστιν

200 2077 295 2133 οἵτε
319 2077 686 2155 πρεσϐύτερος,
727 2071 845 2129 οὔτε
875 2070 1128 2144 μοναχός,
1176 2066 1300 2122 άλλά
1345 2064 1609 2143 τριϐοῦνος
1662 2061 1753 2114 θυ-

198 2171 342 2241 μῦ-ης⁸
369 2171 642 2246 ἐγνωρίσθη
687 2174 884 2244 ’Δφροῖς
915 2168 1000 2221 καί
1038 2161 1324 2233 Ῥωμαίοις,
1366 2163 1493 2213 ποῖα
1535 2156 1752 2230 γύναικα

197 2266 367 2337 βόσκων
408 2264 543 2326 ἦλθεν
581 2268 774 2321 έκεῐσε.
808 2259 997 2323 Πάντες
1050 2258 1232 2331 ἔμαθον
1282 2257 1379 2317 τάς
1435 2249 1752 2327 πανουργίας

196 2361 349 2426 αὐτοῦ,
375 2357 407 2415 ἃ
433 2358 639 2417 ἐποίησε
668 2357 797 2431 πρὸς
834 2356 892 2409 τό
934 2353 1132 2408 λαθεῖν·
1170 2350 1291 2405 ποτέ
1327 2348 1419 2417 μὲν
1451 2346 1626 2417 λέγων,
1671 2340 1753 2397 ὅτι

195 2450 370 2524 ἀδελφαί
395 2451 545 2506 αύτοῦ
579 2452 714 2514 εἰσι,
746 2448 870 2505 ποτὲ
896 2443 970 2510 δέ,
1002 2443 1085 2501 ὅτι
1129 2440 1212 2499 διά
1250 2439 1309 2495 τό
1344 2444 1413 2511 μή
1453 2442 1752 2493 κοινωνῆσαι

193 2553 246 2618 τῇ
267 2544 510 2621 Ἐκκλησία
533 2536 1107 2599 Κωνσταντινουπολεως
1148 2536 1304 2610 έπῇρε
1350 2533 1528 2594 αὑτάς,
1557 2531 1642 2585 ἶνα
1683 2532 1752 2601 μὴ

197 2639 428 2712 χρανθῶσι
459 2644 520 2712 τῇ
570 2636 799 2714 αἱρετικῇ
851 2633 1101 2707 κοινωνίᾳ.
1153 2628 1293 2687 Ἀλλά
1337 2628 1418 2681 καί
1468 2622 1616 2681 πάλιν
1664 2622 1752 2676 έάν

191 2728 318 2805 λήψῃ
344 2732 477 2804 αύτῷ
503 2728 886 2792 σπατάλη,,καί
924 2723 1047 2804 εὕρῃ
1093 2731 1275 2799 χῶραν
1308 2726 1377 2793 μη
1406 2720 1753 2793 γνωρίζουσαν

194 2823 341 2890 αὐτόν,
366 2826 429 2880 τά
454 2822 585 2878 αύτά
613 2826 784 2884 ποιεῖ,
813 2819 1040 2894 αἰσχροῦ
1083 2812 1294 2890 κέρδους
1331 2816 1511 2886 χάριν,
1552 2809 1634 2862 καί
1660 2805 1754 2891 ρυῗ·

192 2923 345 2993 ﬁeri:
370 2916 567 2980 ἡδονῆς·
592 2918 685 2972 Καὶ
712 2913 899 2988 μεγάλη
925 2910 1156 2981 αἰσχύνη
1185 2908 1297 2962 ίστί
1330 2906 1389 2960 τό
1418 2898 1511 2993 κᾷν
1534 2919 1756 2993 συντυγῗ

193 3014 347 3079 χάνειν
368 3011 520 3079 αύτῷ,
546 3014 665 3067 τοῖς
693 3010 891 3076 σεμνῶς
933 3001 1114 3076 βιῶναι
1160 2996 1407 3052 θέλουσιν.
1452 2986 1576 3047 Εἶτα
1623 2989 1756 3061 μετὰ

191 3106 352 3167 ταῦτα,
406 3103 675 3179 ἐρωτηθείς
715 3101 760 3155 εί
819 3098 904 3153 τόν
972 3096 1132 3152 τύπον
1184 3090 1571 3159 άνεθεμάτισεν;
1612 3083 1756 3159 ’Λφό-

194 3191 280 3251 εως
314 3176 480 3249 εἶπεν·
515 3195 591 3248 οὐ
640 3193 787 3265 μόνον
843 3187 1198 3256 άνεθεμάτισα,
1230 3182 1354 3238 ἀλλὰ
1403 3184 1485 3235 καί
1530 3176 1750 3233 λίϐελλον

191 3283 399 3342 ἐποίησα.
424 3288 484 3340 Τί
525 3279 636 3351 οὖν,
666 3283 773 3354 ούχ
796 3278 1051 3353 ὁμολογεῖς
1074 3274 1399 3333 πεποιηκέναι
1428 3275 1625 3334 κακῶς;
1660 3268 1754 3322 Λέ-

190 3392 346 3442 γουσιν
373 3377 502 3445 αὐτῷ
544 3373 609 3429 οἶ·
629 3369 903 3451 ἄρχοντες.
936 3371 1026 3423 Καὶ
1044 3367 1199 3439 λέγει,
1226 3368 1296 3437 μὴ
1332 3361 1403 3434 δῷ
1432 3360 1458 3417 ὃ
1488 3361 1631 3424 Θεὸς,
1656 3359 1755 3451 ’ξένα

190 3463 299 3541 ὅπερ
323 3468 532 3525 ἐποίησα
571 3463 734 3524 καλῶς
762 3463 895 3517 κατά
934 3459 1120 3528 θεσμόν
1170 3453 1600 3517 ἐκκλησιαστικὸν,
1631 3445 1756 3503 εἴπω

188 3559 391 3629 γενέσθαι
421 3563 606 3619 κακῶς.
625 3539 729 3610 ’Καὶ
756 3552 915 3610 πολλὰ
942 3548 1065 3606 ἄλλα
1105 3546 1389 3620 ίρωτηθεὶς,
1424 3544 1506 3597 καί
1542 3540 1758 3612 ἀποκρι-

189 3650 278 3710 θεὶς
303 3653 455 3711 καθὼς
494 3649 522 3705 ὁ
574 3646 698 3708 Θεὸς
726 3646 1063 3720 έχωρὴγησεν
1091 3640 1252 3710 αὐτῷ,
1285 3636 1521 3709 ἐξάγεται
1548 3637 1640 3688 τοῦ
1673 3650 1761 3687 σε·

189 3742 374 3816 κρίτου.

252 3841 332 3891 Καὶ
375 3836 648 3910 εἰσάγουσι
692 3852 779 3887 τον
850 3848 1083 3903 γεροντα,
1128 3829 1212 3882 καί
1260 3824 1393 3897 λέγει
1437 3818 1566 3896 πρός
1614 3816 1766 3875 αὐτόν

191 3933 316 4005 κῦρις
340 3928 580 4007 Τρὼἰλος⁹
618 3925 745 3989 εἰπέ,
788 3921 948 3977 άεϐᾶ.
1002 3919 1186 3992 βλέπε,
1224 3918 1331 4007 εἰπέ
1376 3919 1466 3974 τὴν
1510 3912 1762 4007 ἀληθειαν,

192 4004 266 4071 καί
312 4004 432 4073 ἐλεεῖ
494 4038 554 4074 σε
609 4012 970 4081 όιδεσπὸτης’
1020 4010 1102 4064 ἐπὶ
1152 4009 1235 4064 ἐάν
1279 4005 1363 4062 διά
1408 4013 1500 4067 τῆς
1552 4004 1764 4074 νομίμου

192 4106 451 4181 διηγήσεως
477 4108 724 4181 ἔλθωμεν,
755 4108 839 4162 καί
868 4102 989 4180 εὕρῃ
1011 4097 1102 4175 κᾷν
1121 4100 1172 4156 έν
1192 4107 1291 4156 τῶν
1332 4097 1768 4175 κατηγορηθέντων

193 4220 278 4257 σου
312 4202 503 4271 ἀληθές,
554 4199 583 4256 ό
627 4201 776 4273 νόμος
828 4193 1063 4273 φονεύσει
1110 4213 1189 4249 σε.
1241 4194 1333 4247 Καί
1369 4187 1510 4245 εἴπεο
1559 4193 1638 4244 ναί
1672 4185 1767 4247 ἤδη

193 4289 334 4363 εἶπον,
390 4299 476 4351 καί
518 4291 673 4349 πάλιν
712 4291 862 4364 λέγω,
918 4286 1000 4345 ὅτι
1037 4286 1125 4341 ἐάν
1150 4283 1301 4357 μόνον
1328 4281 1378 4337 ἓν
1399 4282 1606 4355 λέγηται
1643 4275 1769 4335 εἶναι

197 4392 372 4458 ἀληθές,
396 4396 483 4449 καὶ
508 4391 535 4448 ό
562 4394 778 4451 Σατανᾶς
819 4390 942 4447 Θεὸς
966 4383 1129 4442 ἔστιν’
1173 4386 1216 4437 εἰ
1251 4379 1305 4438 δέ
1352 4382 1441 4437 οὐκ
1482 4379 1593 4437 ἔστι
1621 4381 1767 4448 Θεὸς,

1852 1900 2042 1949 natum
2093 1891 2359 1964 intrepide
2408 1893 2592 1948 dixit:
2633 1891 3052 1950 Constantinum
3100 1894 3444 1954 introducitis

1853 1981 1910 2037 in
1933 1981 2289 2038 secretarium
2316 1980 2541 2053 palatii?
2575 1981 2674 2039 llic
2699 1998 2874 2054 neque
2903 1984 3189 2057 presbyter
3214 1995 3321 2054 est,
3351 2002 3445 2043 ne-

1852 2089 1957 2146 que
1994 2075 2318 2141 monachus,
2367 2074 2464 2131 sed
2503 2075 2753 2131 tribunus
2792 2077 3114 2149 thymelicus
3150 2096 3167 2135 :
3208 2078 3449 2139 innotuit

1851 2165 1999 2221 Afris
2041 2174 2205 2237 atque
2246 2165 2541 2233 Romanis,
2588 2166 2780 2238 quales
2825 2167 3171 2226 mulierculas
3214 2184 3445 2241 pascens

1852 2260 2000 2318 illinc
2038 2262 2268 2319 venerit.
2315 2260 2451 2317 Nam
2501 2270 2557 2318 et
2598 2276 2788 2319 omnes
2828 2263 3136 2322 didicerunt
3175 2266 3446 2322 versutias

1852 2352 1988 2422 ejus,
2018 2368 2152 2425 quas
2182 2354 2428 2409 exercuit
2452 2361 2512 2408 ut
2547 2352 2745 2410 lateret
2781 2372 2794 2409 :
2840 2354 3001 2411 modo
3042 2355 3184 2426 quod
3227 2371 3445 2413 sorores

1853 2460 1965 2501 suae
1997 2444 2197 2500 fuerint
2233 2444 2439 2511 dicens,
2478 2446 2640 2501 modo
2677 2445 2844 2516 quod,
2880 2462 2949 2503 ne
2978 2447 3449 2504 communicarent

1852 2538 2111 2594 Ecclesia:
2143 2538 2773 2609 Constantinopolitanae,
2807 2537 2991 2595 tulerit
3027 2555 3120 2596 eas
3146 2536 3442 2607 aﬂirmans,

1855 2646 1923 2685 ne
1949 2630 2196 2687 videlicet
2223 2630 2593 2701 polluerentur
2621 2630 2880 2687 haeretica
2908 2630 3305 2687 communione.
3335 2630 3444 2687 Ve-

1855 2736 1974 2776 rum
2012 2721 2114 2777 etsi
2155 2735 2347 2777 rursus
2387 2721 2491 2777 sibi
2525 2721 2824 2778 defecerint
2857 2721 3051 2793 epulae,
3088 2731 3143 2778 et
3179 2722 3449 2779 invenerit

1856 2816 2033 2872 locum
2061 2830 2121 2871 se
2148 2830 2256 2872 non
2284 2824 2687 2885 agnoscentem,
2716 2816 2905 2872 eadem
2938 2816 3069 2873 facit
3103 2818 3275 2888 turpis
3308 2817 3449 2873 lucri

1857 2908 2030 2979 gratia
2062 2918 2119 2963 et
2156 2908 2388 2965 sordida:
2420 2908 2733 2979 voluptatis.
2768 2908 3070 2982 Ingensque
3088 2909 3343 2991 confusio
3363 2921 3451 2968 est

1858 2999 2051 3057 saltem
2089 3000 2235 3071 loqui
2262 3015 2387 3057 cum
2415 3014 2483 3056 eo
2508 3000 2593 3057 his
2616 3001 2708 3071 qui
2744 3000 2995 3072 religiose
3026 3002 3208 3058 vivere
3239 3002 3446 3058 volunt.

1859 3091 2064 3148 Deinde
2113 3092 2479 3165 interrogatus
2522 3093 2569 3150 si
2628 3091 2836 3167 Typum
2894 3096 3448 3163 anathematizasset,

1859 3183 2125 3256 intrepide
2164 3184 2343 3240 dixit:
2373 3184 2491 3241 Non
2531 3185 2706 3243 solum
2750 3187 3229 3255 anathematizavi,
3265 3190 3359 3245 sed
3394 3195 3453 3245 et

1857 3276 2097 3333 libellum
2123 3276 2249 3333 feci.
2280 3276 2517 3349 Ergone,
2562 3278 2713 3334 aiunt
2742 3278 2793 3335 ei
2833 3280 3127 3352 principes,
3175 3280 3452 3337 confiteris

1860 3376 1912 3424 te
1949 3368 2091 3424 male
2124 3367 2353 3425 fecisse?
2381 3370 2450 3425 At
2486 3369 2575 3425 ille
2606 3388 2618 3425 :
2650 3369 2767 3427 Non
2804 3372 3009 3428 tribuat
3032 3371 3195 3439 Deus,
3224 3382 3285 3427 ut
3305 3375 3451 3445 quod

1858 3461 1998 3516 bene
2040 3468 2096 3515 et
2138 3460 2431 3516 secundum
2478 3462 2641 3516 ritum
2688 3461 2947 3519 Ecclesia:
2996 3461 3121 3529 feci,
3153 3462 3329 3520 dicam
3366 3464 3450 3523 fa-

1861 3557 2008 3605 ctum
2039 3547 2207 3605 fuisse
2234 3565 2340 3605 non
2366 3551 2523 3607 bene.
2558 3550 2623 3605 Et
2656 3565 2820 3624 super
2844 3552 3031 3608 multis
3060 3552 3446 3622 interrogatus,

1862 3657 1985 3699 cum
2023 3643 2393 3713 respondisset
2427 3647 2726 3702 secundum
2768 3646 2913 3718 quod
2949 3645 3055 3703 sibi
3099 3646 3329 3719 largitus
3366 3655 3457 3705 est

1863 3736 2026 3804 Deus,
2066 3737 2317 3793 educitur
2355 3737 2422 3793 de
2459 3738 2795 3795 secretaria.

1935 3832 2005 3888 Et
2042 3832 2397 3889 introducunt
2432 3846 2652 3899 senem,
2699 3840 2756 3889 et
2790 3830 2921 3891 dicit
2961 3833 3031 3891 ad
3058 3847 3182 3889 eum
3221 3833 3457 3891 domnus

1864 3925 2081 3981 Troilus
2112 3943 2124 3980 :
2158 3924 2274 3992 Dic,
2306 3922 2467 3991 abba,
2494 3924 2640 3991 vide,
2665 3922 2776 3991 die,
2808 3924 3114 3992 veritatem,
3148 3934 3206 3981 et
3228 3925 3455 3982 misere-

1865 4020 2016 4079 bitur
2048 4019 2123 4075 tui
2151 4017 2480 4075 dominator.
2520 4015 2657 4072 Nam
2701 4016 2748 4073 si
2784 4016 2854 4072 ad
2891 4016 3120 4089 legalem
3151 4016 3459 4089 inquisitio~

1869 4128 1994 4171 nem
2024 4112 2357 4179 venerimus,
2385 4120 2441 4169 et
2464 4111 2735 4169 invenerit
2765 4112 2960 4169 saltem
2986 4128 3151 4168 unum
3173 4128 3363 4169 verum
3385 4129 3455 4169 ex

1870 4206 1956 4263 his
1990 4207 2059 4262 de
2103 4205 2303 4277 quibus
2329 4206 2628 4272 accusaris,
2678 4203 2767 4261 lex
2813 4205 3026 4261 occidet
3055 4213 3124 4260 te.
3160 4203 3227 4258 Et
3270 4205 3409 4260 dixit
3440 4221 3458 4259 :

1870 4297 1992 4354 Jam
2019 4296 2152 4363 dixi,
2184 4307 2239 4353 et
2266 4296 2461 4352 iterum
2497 4296 2619 4352 dico
2653 4312 2667 4349 :
2701 4294 2748 4350 si
2775 4309 2943 4350 unum
2982 4295 3353 4350 tantummodo
3390 4309 3461 4350 ex

1874 4391 1959 4445 his
1987 4406 2109 4461 qum
2150 4388 2331 4445 dicitis
2358 4397 2442 4445 est
2470 4403 2681 4453 verum,
2721 4393 2778 4441 et
2808 4385 3039 4441 Satanas
3066 4386 3209 4441 Deus
3243 4394 3322 4442 est
3365 4400 3380 4441 :
3414 4386 3463 4443 si

195 4483 285 4537 ἀλλ’
319 4488 633 4550 ἀποστάτης,
664 4485 749 4539 καί
781 4482 845 4538 τά
890 4478 1291 4553 κατηγορηθέντα
1328 4498 1427 4547 μου
1455 4474 1642 4548 ψευδῆ,
1683 4477 1760 4531 καὶ

1874 4497 2002 4537 vero
2028 4497 2136 4537 non
2164 4489 2249 4538 est
2280 4481 2444 4546 Deus,
2472 4480 2565 4535 sed
2592 4485 2838 4551 apostata
2860 4516 2876 4545 ,
2907 4487 2962 4533 et
2984 4492 3049 4532 ea
3077 4491 3240 4548 super
3265 4478 3464 4550 quibus

196 4575 532 4635 ἀνυπόστατα.
560 4577 687 4635 Πλὴν
732 4572 863 4629 εἴτι
901 4569 1154 4632 κελεύεςτε
1200 4578 1430 4632 ποιῆσαι,
1475 4571 1725 4627 ποιήσατε
1749 4582 1766 4600 ⁸

196 4669 304 4724 Θεὸν
331 4670 518 4735 σέϐων,
557 4669 643 4723 οὐκ
664 4664 953 4735 ἀδικοῦμαι.
995 4665 1084 4716 1ίαί
1115 4662 1247 4735 λέγει
1299 4661 1468 4729 αύτῷο
1511 4659 1617 4712 Ούκ
1659 4658 1771 4712 άνε-

200 4759 459 4834 θεμάτισας
510 4754 598 4817 τόν
632 4755 823 4822 τύπον;
861 4754 1151 4832 ’Δπεκρίθη⁹
1202 4752 1435 4811 Πολλάκις
1486 4746 1645 4817 εἷπον,
1691 4747 1771 4807 ὅτι

197 4850 543 4925 ἆνεθεμοίτισα.
590 4853 737 4925 Λέγει
782 4849 955 4923 αὐτῷ’
1010 4844 1103 4900 Τόν
1153 4844 1315 4902 τύπον
1363 4844 1768 4917 άνεθεμάτισαςς

112 4944 116 4953 ’
199 4945 272 4999 τόν
306 4945 520 5018 βασιλᾶ
559 4943 944 5013 άνεθεμάτισας.
986 4938 1251 5013 ’Δπεκρίθη
1298 4935 1325 4992 ό
1362 4941 1451 4992 τοῦ
1491 4930 1622 4991 Θεοῦ
1654 4932 1774 4991 δοῦ-

198 5035 302 5100 λος⁶
331 5037 455 5113 Ἐγὼ
481 5037 697 5111 βασιλέα
715 5037 807 5091 οὐκ
834 5033 1190 5104 άνεθεμάτισα,
1221 5029 1345 5086 άλλά
1392 5030 1591 5104 χάρτην
1631 5026 1775 5083 ἀλλό-

198 5150 325 5205 τριον
348 5140 440 5193 τῆς
482 5128 742 5205 όρθοδόξου
793 5131 874 5183 καὶ
929 5125 1340 5183 έκκλησιαστικῆς
1391 5125 1634 5183 πίστεως.
1685 5123 1774 5177 Καὶ

201 5220 319 5294 λέγει
353 5226 528 5297 αὐτῷ.
579 5216 679 5279 Ποῦ
736 5218 1096 5294 ἀνεθεματίσθη
1126 5214 1229 5272 ὐπό
1280 5224 1373 5277 τῆς·
1401 5215 1612 5273 συνόδου
1658 5218 1774 5270 ⁸Ρώ-

202 5334 319 5382 μης;
340 5317 620 5397 ’Δπεκρίθη·
654 5319 737 5379 Εἰς
764 5319 854 5374 τήν
877 5312 1166 5371 Ἐγαλησίαν
1192 5315 1285 5366 τοῦ
1315 5319 1547 5386 Σοτῆοιος,
1582 5314 1665 5367 καὶ
1704 5312 1775 5373 εἰς

204 5413 282 5466 τήν
306 5409 563 5465 θεοτόκου.
594 5408 717 5464 Τότε
746 5407 878 5479 λέγει
907 5406 1037 5481 πρὸς
1081 5405 1229 5461 αὐτόν
1257 5403 1283 5460 ὁ
1309 5403 1547 5479 ἔπαρχος
1565 5421 1576 5435 ⁸
1619 5421 1779 5461 Κοινο-

203 5512 292 5565 νεῖς
325 5505 672 5581 τῇἘκκλησίᾳ
700 5513 799 5561 τῶν
841 5502 960 5571 ὧδε,
993 5503 1022 5562 ἦ
1062 5505 1121 5571 ού
1172 5510 1451 5569 κοινωνεῖς;
1492 5500 1776 5577 Ἀπεκρίθη,

207 5604 281 5651 καί
304 5596 458 5656 εἶπεν
494 5603 829 5655 Ούνκοινωνῶ.
862 5601 1009 5671 Λέγει
1052 5601 1211 5673 αύτῷ,
1241 5597 1326 5656 διά
1366 5602 1447 5662 τί’;
1492 5598 1776 5674 ’Δπικρὶθψ

205 5684 309 5745 νΟτι
350 5692 449 5755 ἔξω
478 5691 621 5747 ἔϐαλε
652 5692 742 5751 τὰς
775 5689 1040 5751 συνόδους.
1088 5694 1175 5747 Καὶ
1204 5686 1362 5757 εἶπεν,
1391 5692 1476 5745 ἐὰν
1501 5689 1602 5755 ἔξω
1623 5688 1777 5760 ἔβαλε

209 5786 291 5844 τάς
324 5783 583 5862 συνόδους,
634 5792 742 5845 πῶς
787 5788 855 5841 εἰς
893 5784 957 5837 τά
992 5782 1232 5859 δίπτυχα
1279 5786 1638 5862 ἀναφέρονταεζ
1688 5789 1777 5844 Καὶ

451 5859 746 5941 Ῥηιιοι.
791 5877 1083 5944 ΟΧΧΙΧ.

1874 4589 2105 4630 accusor
2146 4572 2281 4629 falsa
2318 4580 2445 4629 sunt
2469 4579 2527 4627 et
2559 4570 2785 4627 minime
2815 4568 3189 4626 subsistentia.
3230 4568 3461 4625 Verum-

1874 4676 2053 4723 tamen
2084 4664 2343 4738 quidquid
2365 4663 2567 4735 jubetis
2588 4662 2790 4729 facere,
2838 4662 3001 4718 facite
3033 4681 3047 4717 :
3084 4663 3251 4718 Deum
3278 4661 3464 4718 colens

1875 4777 1982 4819 non
2031 4759 2282 4831 injuriam
2326 4758 2521 4830 patior.
2563 4757 2632 4812 Et
2682 4756 2814 4812 dicit
2841 4756 2892 4812 ei
2927 4773 2939 4811 :
2974 4754 3091 4811 Non
3139 4757 3462 4813 anathema-

1876 4856 2054 4913 tizasti
2102 4853 2349 4926 Typum?
2401 4843 3108 4922 ResponditME'Multoties
3155 4838 3466 4923 (Ιίὶἷζιιυῆι

1877 4943 2355 5004 anathematizavi.
2414 4942 2482 4999 Et
2529 4942 2663 4999 dicit
2713 4942 2764 4999 ei
2821 4958 2838 4999 :
2887 4941 3096 5014 Typum
3149 4942 3467 4997 anathema-

1880 5040 2095 5106 tizasti,
2156 5038 2540 5109 imperatorem
2605 5035 3097 5093 anathematizasti.
3170 5033 3468 5106 Respondit

1880 5132 1974 5189 Dei
2007 5146 2197 5188 servus
2226 5151 2238 5186 :
2272 5129 2408 5202 Ego,
2450 5130 2721 5203 inquiens,
2769 5129 3151 5200 imperatorem
3180 5144 3285 5183 non
3333 5143 3467 5185 ana-

1880 5226 2254 5291 thematizavi,
2307 5227 2401 5282 sed
2454 5226 2701 5281 chartam
2743 5222 2972 5280 alienam
3002 5222 3071 5278 ab
3100 5220 3471 5279 ecclesiastica

1883 5322 2007 5378 fide.
2046 5322 2111 5376 Et
2132 5319 2263 5376 dicit
2284 5319 2333 5376 ei
2363 5336 2376 5373 :
2411 5317 2511 5375 Ubi
2545 5316 3034 5378 anathematizatus
3058 5323 3142 5371 est
3167 5330 3198 5370 a
3222 5313 3469 5370 Romana

1882 5419 2122 5492 synodo?
2152 5416 2449 5487 Respondit
2473 5431 2487 5469 :
2513 5416 2571 5471 ln
2607 5416 2836 5483 ecclesia
2865 5413 3183 5481 Salvatoris,
3208 5423 3263 5470 et
3295 5414 3347 5469 in
3374 5411 3470 5467 Dei

1882 5510 2194 5567 Genilricis.
2232 5507 2383 5564 Tunc
2409 5508 2537 5563 dicit
2576 5506 2643 5564 ad
2686 5521 2809 5563 eum
2845 5507 3175 5577 praefectus:
3213 5503 3474 5559 Commu-

1883 5604 2037 5658 nieas
2078 5600 2332 5658 Ecclesiae
2363 5600 2509 5664 huic,
2546 5615 2611 5655 an
2644 5614 2750 5654 non
2789 5596 3197 5655 communicas?
3227 5594 3473 5662 Respon-

1871 5696 1959 5752 'dit
1988 5736 2002 5762 ,
2048 5704 2103 5751 et
2138 5694 2275 5749 dixit
2316 5710 2330 5748 :
2364 5691 2480 5748 Non
2515 5692 2877 5748 communico.
2935 5689 3078 5745 Dicit
3114 5688 3162 5742 ei
3208 5706 3221 5741 :
3255 5685 3472 5753 Quare?

1884 5788 2182 5861 Respondit
2212 5804 2223 5842 :
2257 5786 2526 5853 Quoniam
2547 5783 2706 5843 foras
2753 5782 2915 5853 eiecit
2940 5780 3196 5931 syngos.
3228 5777 3297 5834 At
3337 5776 3427 5833 ille
3455 5792 3470 5835 '.
