4016 6296
628 363 735 424 625
1727 364 2090 426 ΑΝΑετΑειι
2129 363 2681 427 BIBLIOTHECARII
2899 367 2904 372 ’
3802 381 3898 440 εει

626 503 714 547 κα,
744 481 1052 547 παρακαλῶν
1079 488 1153 556 τῷ
1181 485 1340 559 κυρίῳ
1364 491 1515 554 esto),
1546 482 1757 544 καὶτοῖς
1785 484 1894 538 εκεῖ
1927 485 2024 539 σὺν
2066 477 2208 552 αὐτῷ

2314 482 2414 538 sibi
2448 485 2676 556 gloriam
2704 494 2830 542 ante
2855 501 3015 545 omne
3046 489 3303 547 secutum
3353 491 3575 558 seitam,
3605 493 3719 550 illis
3743 537 3756 558 ,
3785 512 3897 555 cum

625 581 886 659 ιΙᾳτρᾲσεν
914 579 1052 650 ἡμῶν
1073 577 1236 651 ἁγίοις
1263 581 1492 653 γνώριμα
1531 587 1854 639 καταστῆσαι
1887 585 2078 648 ταῦτα,
2121 587 2211 642 τῆς

2319 579 2435 635 haec
2460 577 2726 645 audirem,
2756 581 3166 650 respondebam.
3196 583 3264 638 Et
3287 593 3346 638 ut
3371 599 3671 656 cognoscas
3689 595 3746 641 et
3764 589 3899 645 addi-

621 671 785 732 αὒτῆς
804 670 1166 746 χάριν-αἰτίας.

2321 681 2618 728 tamentum
2647 673 2910 730 orationis
2933 683 2988 730 et
3013 675 3410 746 deprecationis
3435 675 3604 733 facias
3631 679 3770 744 Deo,
3793 695 3894 734 nta-

2317 764 2516 821 nifesta
2532 764 2624 820 tibi
2649 781 2769 836 quae
2790 765 3105 822 denuntiata
3130 775 3258 823 sunt
3281 765 3412 822 mihi
3435 768 3691 824 exhibui:
3716 784 3896 840 rogans

2315 867 2585 930 quatenus
2612 857 2727 914 hate
2761 857 2962 915 domno
2990 859 3149 926 Thio,
3177 868 3234 916 et
3274 861 3479 917 sanctis
3515 859 3776 916 Patribus
3813 863 3892 934 qui

2312 951 2425 1009 illic
2471 951 2634 1008 simul
2675 966 2799 1009 cum
2837 967 2904 1009 eo
2951 961 3099 1020 sunt,
3139 960 3270 1008 nota
3312 952 3616 1010 constituas
3668 951 3892 1023 ejusdem

2313 1048 2389 1104 rei
2419 1048 2615 1120 gratia.

630 1226 3877 1270 ——-——————-—————-—————-——-——-——-————-——-‘

1933 1375 2624 1490 Anastasius

683 1587 809 1647 Haec
829 1588 994 1660 jussit
1019 1583 1154 1644 mihi
1189 1586 1552 1645 transcribere
1595 1594 1652 1641 et
1686 1593 1814 1641 nota
1863 1583 2044 1639 tacere
2074 1598 2197 1638 san-
2301 1585 2656 1642 orthodoxam
2715 1585 2896 1642 tidem.
2948 1585 3174 1659 Magnus
3225 1583 3369 1642 enim
3424 1587 3480 1642 in
3527 1575 3654 1644 toto
3704 1587 3884 1646 mundo

609 1680 870 1740 ctissimis
899 1681 1087 1737 vobis:
1137 1695 1246 1751 quo
1271 1689 1326 1736 et
1366 1695 1434 1735 ex
1479 1678 1565 1734 his
1607 1677 1844 1756 motione
1888 1686 2199 1748 comperta,
2304 1678 2468 1733 timor
2491 1679 2740 1745 habetur,
2775 1695 2897 1734 cum
2927 1679 3042 1735 haec
3069 1680 3506 1750 persecutionem
3539 1688 3883 1736 consonanter

609 1792 954 1834 communem
984 1791 1173 1830 omnes
1208 1790 1308 1846 pro
1351 1773 1624 1831 communi
1655 1782 1828 1829 matre
1867 1782 2074 1839 nostra,
2108 1787 2201 1828 ca-
2236 1845 2253 1846 ί
2303 1771 2372 1826 ab
2398 1773 2648 1828 omnibus
2679 1773 2952 1844 patiatur,
2985 1773 3090 1829 nisi
3123 1788 3218 1829 sua
3264 1773 3435 1844 gratia
3472 1780 3740 1829 consuete
3765 1787 3880 1844 pra-

608 1867 811 1923 tholica
857 1866 1107 1922 videlicet
1149 1845 1416 1932 Ecclesia,
1460 1873 1515 1921 et
1559 1865 1714 1921 nobis
1751 1864 1986 1935 indignis
2028 1863 2200 1920 servis
2231 1845 2276 1905 Β
2303 1871 2411 1919 stet
2445 1847 2702 1918 auxilium
2735 1865 2780 1919 is
2819 1864 2912 1935 qui
2943 1879 3160 1935 semper
3193 1863 3527 1931 auxiliatur,
3573 1878 3760 1919 semen
3785 1863 3878 1934 pie-

605 1957 808 2012 vcstris
851 1955 1090 2013 offeratis
1133 1957 1361 2012 Domino
1414 1970 1630 2028 precem
1659 1995 1674 2021 ,
1721 1955 1789 2009 ad
1836 1953 2198 2011 roborandam
2301 1953 2429 2008 tatis
2476 1953 2668 2009 saltem
2713 1953 2914 2009 seniori
2957 1953 3142 2010 Roma
3193 1954 3530 2025 relinquens,
3589 1954 3748 2010 nobis
3788 1969 3876 2009 non

607 2062 798 2104 onmes
818 2057 873 2102 et
904 2065 1003 2104 nos
1029 2063 1242 2118 quoque
1269 2047 1323 2102 in
1349 2046 1438 2102 illa
1461 2047 1740 2103 vobiscum
1761 2054 2197 2118 perseverantes,
2301 2047 2650 2104 mentientem
2697 2047 2765 2102 ad
2805 2049 3173 2119 apostolorum
3199 2049 3438 2108 habitam
3481 2048 3784 2122 principem
3805 2062 3877 2104 re-

607 2140 904 2196 sccundum
941 2141 1028 2215 pic
1057 2141 1110 2197 in
1141 2140 1254 2214 ipsa
1281 2139 1626 2212 [medicatam
1657 2155 1688 2194 a
1719 2139 1921 2196 sanctis
1946 2137 2198 2194 Patribus
2298 2137 2712 2211 promissionem
2742 2153 2896 2195 suam
2921 2139 3272 2196 conﬁrmans.

1283 2421 1290 2430 _
1367 2334 1834 2416 EJUSDEM
1911 2336 1994 2418 S.
2053 2331 2599 2416 ANASTASII
2660 2333 3134 2415 MONACHI

605 2516 624 2551 ς
889 2427 901 2437 .
1283 2427 1290 2430 ﬁ
1739 2469 2059 2551 Discipuli
2089 2470 2152 2532 S.
2182 2466 2429 2532 abbatis
2457 2465 2724 2530 Maximi

1081 2591 1180 2654 Ad
1212 2609 1528 2656 commune
1555 2591 2000 2654 monachorum
2027 2587 2199 2671 apud
2220 2586 2496 2651 Caralim
2521 2588 3016 2650 constitutorum
3043 2588 3399 2670 collegium.

671 2718 836 2775 Multa
853 2695 1124 2774 scribere
1151 2732 1250 2772 nos
1288 2717 1451 2772 etiam
1489 2724 1688 2788 praeter
1732 2717 1916 2771 votum
1967 2721 2180 2783 tempus
2287 2716 2653 2782 cognoscatur
2687 2709 3011 2775 existentiae,
3044 2718 3101 2766 et
3139 2710 3212 2765 sit
3245 2709 3388 2768 idem
3416 2709 3637 2769 duabus
3676 2727 3795 2780 una,
3817 2712 3862 2768 id

595 2815 894 2888 prohibuit.
944 2813 1136 2870 Omnia
1179 2828 1309 2868 vero
1340 2811 1394 2866 in
1435 2827 1542 2866 uno
1585 2819 1712 2868 nota
1760 2808 1990 2865 facimus
2019 2806 2183 2862 verbo
2289 2808 2372 2856 est
2429 2800 2703 2857 alterutris
2751 2811 2883 2868 tres,
2941 2802 3064 2858 sive.
3105 2804 3419 2870 naturales,
3472 2805 3596 2862 sive
3643 2807 3862 2864 substan-

596 2904 962 2963 sanctissimis
991 2904 1163 2960 vobis.
1206 2902 1270 2958 lli
1309 2903 1400 2974 qui
1444 2903 1666 2958 alterius
1693 2911 1820 2958 sunt
1847 2901 2037 2973 partis,
2075 2897 2180 2953 dif-
2287 2889 2467 2946 liales.

505 3042 512 3044 .
595 2997 846 3052 ﬁnitione
883 2995 1165 3059 immobili,
1193 3004 1252 3049 ut
1281 3004 1384 3060 est,
1427 3004 1482 3051 et
1520 2996 1752 3066 propria:
1785 2994 2018 3050 maxime
2051 3008 2181 3063 pro-
2363 2981 2583 3050 verum.
2640 2983 2919 3040 naturales
2966 2984 3185 3056 quidem
3228 3001 3359 3053 ηοην
3406 2987 3525 3052 sed,
3590 2988 3855 3045 secundum

595 3090 851 3146 fessionis
875 3088 1136 3144 constitui
1171 3097 1458 3158 paternam
1489 3103 1594 3143 non
1623 3087 1832 3142 malunt
1853 3085 2178 3149 doctrinam,
2218 3144 2236 3168 ἓ
2289 3075 2434 3142 illos,
2459 3077 2907 3144 subsistantiales,
2939 3087 3340 3149 aggregentque
3368 3079 3438 3135 ob
3486 3081 3598 3138 hoc
3627 3084 3855 3138 adversus

594 3180 691 3238 sed
734 3179 959 3234 alterius
996 3177 1345 3248 impelluntur
1384 3177 1729 3247 opinionibus
1763 3192 1898 3246 quas
1936 3185 1991 3230 et
2027 3169 2255 3275 dinu-‘é
2289 3185 2411 3227 eum
2434 3169 2548 3240 jam
2573 3181 2666 3226 aut
2689 3182 2797 3228 tres
2827 3173 3182 3239 substantias,
3205 3183 3298 3229 aut
3327 3175 3560 3231 totidem
3586 3177 3854 3232 subsisten-

591 3283 809 3328 merare
860 3283 1145 3340 operosum
1197 3269 1263 3323 de
1311 3277 1508 3323 caetero
1529 3267 1686 3322 duco.
1733 3265 1888 3321 Modo
1936 3282 2064 3338 ergo
2115 3267 2182 3321 ab
2214 3263 2255 3275 “
2287 3263 2410 3329 tias,
2448 3272 2502 3318 et
2530 3266 2825 3320 secundum
2863 3265 3038 3337 ipsum
3076 3266 3214 3335 aequi
3251 3267 3462 3321 numeri
3494 3269 3848 3339 preprietates,

591 3361 937 3417 inexistcntia
979 3358 1046 3413 ad
1091 3357 1582 3413 inconvenientiam
1630 3355 1872 3410 translati
1916 3365 2091 3410 sunt:
2131 3355 2183 3409 id
2287 3358 2589 3414 increatam
2630 3359 2879 3414 videlicet
2914 3369 2970 3415 et
2995 3369 3264 3426 creatam,
3302 3369 3358 3415 et
3382 3370 3668 3428 neutram,
3717 3361 3853 3416 idest

590 3462 708 3518 est,
745 3467 811 3507 ex
834 3467 900 3508 eo
928 3451 1070 3522 quod
1099 3464 1274 3521 neque
1301 3464 1486 3516 unam,
1522 3464 1697 3518 neque
1718 3448 1850 3503 duas
1877 3448 2082 3513 dicunt,
2116 3448 2183 3502 ad
2286 3448 2688 3505 ittexistcntem.
2717 3450 3024 3508 lnexistens
3049 3453 3192 3507 enim
3222 3461 3307 3507 est
3337 3452 3479 3524 quod
3508 3454 3750 3510 neutrius
3773 3467 3850 3523 per

587 3545 1006 3616 praedicandmn'
1048 3544 1182 3598 duas
1235 3552 1290 3598 et
1335 3557 1522 3608 unam,
1581 3542 1634 3596 id
1673 3550 1756 3596 est
1810 3550 1918 3596 tres
1977 3542 2030 3595 in
2076 3556 2183 3596 uno
2285 3553 2532 3598 naturam
2565 3544 2942 3615 participatur,
2975 3546 3047 3600 ita
3080 3553 3138 3600 ut
3165 3546 3328 3601 etiam
3359 3547 3651 3602 identitate
3673 3561 3778 3616 qum
3795 3545 3848 3599 ad

588 3638 892 3706 eodemque
913 3635 1130 3692 Christo
1159 3635 1462 3692 voluntates
1479 3644 1535 3691 et
1563 3636 1906 3706 operationes
1929 3636 2179 3700 traducti,
2283 3649 2424 3699 eam,
2457 3635 2506 3688 id
2537 3645 2616 3690 est
2644 3636 2879 3698 tertiam,
2912 3645 3012 3700 est,
3042 3637 3339 3692 secundum
3370 3635 3489 3691 illos
3527 3637 3848 3693 inexistentes

589 3728 735 3799 quod
763 3741 938 3797 neque
967 3727 1196 3798 patrius,
1229 3741 1403 3796 neque
1439 3725 1752 3798 synodicus,
1786 3741 1960 3796 neque
1991 3725 2181 3796 physi-
2283 3723 2391 3777 sint
2411 3732 2465 3778 et
2497 3724 2615 3780 dua:
2649 3736 2875 3788 naturae,
2909 3735 2965 3780 et
2985 3726 3266 3782 naturales
3295 3727 3464 3798 ipsius
3491 3728 3788 3784 voluntates
3803 3731 3848 3779 et

590 3836 688 3878 cus
718 3834 900 3877 sermo
934 3820 1176 3875 decrevit
1208 3837 1222 3874 :
1255 3820 1348 3875 sed
1381 3834 1556 3888 neque
1585 3819 1889 3890 priscorum
1931 3828 1986 3872 et
2025 3818 2177 3873 dein-
2282 3816 2640 3885 operationes.
2666 3817 2737 3873 At
2762 3833 2891 3874 vero
2912 3818 2956 3873 si
2987 3834 3094 3874 non
3120 3820 3334 3887 eadem,
3363 3821 3459 3877 sed
3479 3821 3615 3894 alia,
3641 3818 3847 3894 exceptis

585 3928 717 3985 ceps
768 3914 1145 3969 haereticorum
1200 3911 1350 3967 furor
1391 3921 1616 3968 eatenus
1661 3913 1954 3977 adinvenit,
2004 3912 2180 3968 sciens
2283 3907 2368 3962 his
2418 3923 2482 3962 ex
2535 3908 2733 3978 quibus
2775 3918 2860 3965 est
2908 3910 3248 3978 credendus,
3305 3912 3360 3973 in
3405 3928 3472 3973 eo
3528 3931 3630 3989 per
3661 3914 3842 3971 tertiam

589 4005 809 4060 inanem
843 4013 1096 4075 tanquam
1139 4004 1268 4059 vitio
1303 4004 1524 4074 proprio
1570 4005 2177 4075 corruptam-catndmn
2281 4003 2451 4066 aiunt,
2497 4003 2746 4058 eumdem
2783 4003 3114 4076 secundum,
3155 4009 3437 4076 eamdem,
3469 4024 3664 4066 rursus
3695 4003 3841 4079 profe-

563 4095 918 4166 'opini0nem.
949 4094 1005 4150 Si
1031 4096 1174 4150 enim
1203 4095 1430 4150 diversa:
1457 4112 1522 4150 ex
1550 4096 1777 4150 diversis
1821 4095 2178 4166 compositum
2281 4103 2408 4149 runt
2432 4094 2860 4169 inexistentiant,
2880 4096 3029 4157 velut
3048 4100 3096 4156 is
3117 4101 3210 4172 qui
3234 4102 3441 4158 medius
3459 4101 3610 4158 inter
3629 4110 3837 4157 neutram

565 4181 907 4258 substantiis
943 4187 1374 4241 characterizant
1419 4185 1741 4242 naturaliter
1778 4187 2174 4258 proprietates,
2279 4181 2471 4239 harum
2518 4186 2750 4256 existat,
2793 4191 3090 4248 inci-catam
3143 4193 3353 4249 scilicet
3399 4204 3598 4249 natura
3636 4209 3754 4257 sua,
3794 4197 3872 4270 et,
3951 4197 3955 4270 ς

559 4291 774 4353 ’utpote
825 4281 1132 4336 nullatenus
1181 4280 1432 4352 adempta
1496 4289 1812 4336 naturarum
1865 4281 2177 4335 diversitate
2279 4285 2521 4337 creatam
2577 4281 2941 4338 substantiam
2987 4292 3151 4354 atque
3207 4285 3464 4340 virtutem
3518 4304 3533 4340 :
3585 4294 3674 4339 aut
3717 4283 3833 4338 enim

582 4382 813 4445 propter
871 4374 1170 4428 unitionem
1199 4413 1214 4438 ,
1269 4373 1363 4428 sed
1417 4372 1564 4428 salva
1617 4372 1796 4442 potius
1845 4370 2177 4441 proprietate
2267 4369 2737 4430 .subsistentialem
2772 4373 2961 4429 volunt
2999 4375 3142 4430 hanc
3171 4391 3323 4440 esse,
3362 4384 3456 4430 aut
3489 4375 3830 4446 compositam,

577 4466 867 4534 utriusque
889 4474 1095 4519 natura:
1117 4472 1174 4518 et
1199 4463 1252 4518 in
1277 4478 1439 4519 unam
1462 4478 1750 4534 personam
1775 4470 1830 4517 et
1859 4477 2020 4520 unam
2049 4461 2172 4522 sub’o
2277 4474 2371 4520 aut
2397 4464 2719 4532 dcivirilcm,
2766 4475 2857 4520 aut
2885 4466 3174 4520 unitoriam
3211 4476 3434 4537 propter
3462 4468 3828 4521 adunattooem.

505 4587 520 4612 .-.
579 4558 885 4614 sistentiam
917 4566 1296 4623 concurrente,
1328 4557 1780 4628 quemadmodum
1806 4571 1992 4616 sancta
2016 4559 2172 4616 Chal-
2198 4568 2251 4630 ι)
2276 4554 2409 4609 Nam
2437 4571 2542 4610 non
2573 4555 2768 4620 solum,
2802 4563 2859 4609 ut
2888 4555 3088 4611 dictum
3114 4565 3217 4615 est.
3251 4557 3388 4610 hanc
3418 4572 3528 4611 non
3549 4557 3828 4612 existentetn

581 4647 904 4708 cedeneusis
929 4647 1166 4723 synodus
1191 4647 1266 4706 ait
1295 4668 1309 4707 :
1339 4663 1390 4706 et
1419 4648 1465 4707 is
1501 4649 1639 4708 Deus
1669 4668 1733 4706 ex
1767 4653 1874 4708 Deo
1904 4653 2082 4716 Patre,
2121 4662 2174 4707 et
2279 4647 2644 4711 introducunt,
2675 4648 2818 4716 quod
2847 4647 3139 4702 secundmn
3188 4646 3323 4702 nihil
3351 4662 3543 4702 eorum
3572 4663 3636 4703 ex
3667 4643 3828 4714 quibus

578 4735 744 4800 homo
781 4759 847 4799 ex
873 4743 1090 4798 homine
1127 4758 1340 4813 semper
1378 4744 1587 4814 virgine
1639 4753 1834 4808 matre,
1884 4744 2024 4798 idem
2060 4745 2175 4813 ipse
2274 4751 2357 4798 est
2387 4750 2636 4795 naturam
2665 4742 2808 4796 hunc
2834 4742 3230 4798 characterizet
3261 4761 3274 4797 ε
3307 4757 3494 4798 verum
3527 4744 3682 4798 etiam
3703 4756 3729 4794 a
3750 4752 3824 4792 na-

578 4836 822 4890 existcns
868 4833 1212 4904 cognoscitur
1254 4832 1408 4902 juxta
1455 4843 1701 4886 naturam
1749 4842 1906 4888 nattts
1934 4875 1949 4898 ,
1997 4849 2171 4903 quan-
2276 4835 2436 4889 turali
2471 4835 2815 4906 cognatione,
2857 4851 3020 4905 quam
3073 4836 3236 4892 habet
3272 4853 3394 4892 cum
3431 4837 3542 4893 Deo
3585 4847 3637 4891 ct
3672 4836 3820 4894 Patre.

577 4943 743 4997 quam
801 4925 1215 4994 iucorporalitcr
1273 4931 1326 4977 et
1379 4923 1496 4978 sine
1542 4939 1748 4989 causa;
1819 4925 2172 4993 corporaliter
2272 4929 2834 4985 redduntexlcrnum.
2862 4930 3036 4985 Minus
3065 4931 3210 4984 enim
3250 4931 3558 4996 dicendum,
3585 4929 3698 5002 quia
3723 4940 3820 4997 per-

581 5027 761 5072 augcm
807 5032 872 5072 ex
925 5017 1027 5071 hac
1073 5024 1295 5085 propter
1337 5030 1594 5080 causam,
1648 5015 1874 5070 salutem
1920 5016 2170 5073 videlicet
2271 5018 2459 5074 ltihent
2506 5037 2654 5088 eum,
2707 5022 2868 5076 ctiam
2919 5037 2946 5075 a
2993 5022 3274 5090 congenila
3324 5023 3648 5092 proprietate
3685 5027 3817 5088 quam

579 5119 821 5164 nostram
857 5126 870 5163 :
899 5108 1170 5178 quomodo
1209 5106 1465 5176 possibile
1500 5116 1582 5161 est
1621 5123 1780 5160 unam
1815 5111 2169 5180 eamdemque
2270 5107 2432 5165 habet
2453 5111 2516 5164 ad
2542 5111 2920 5164 intctneralam
2947 5121 3172 5166 matrem
3200 5120 3257 5165 et
3281 5110 3812 5180 virginem,alienum:

579 5216 887 5271 personam,
919 5200 970 5254 id
1000 5209 1083 5254 est
1111 5214 1273 5252 unum
1299 5198 1654 5267 cutndetnque
1682 5199 1957 5254 Christum
1988 5199 2168 5255 Domi-
2268 5203 2421 5272 quasi
2451 5203 2743 5258 secundum
2768 5213 3014 5258 neutrum
3042 5204 3234 5258 horum
3265 5205 3461 5260 habeat
3483 5201 3809 5274 Compositam,

499 5290 506 5322 ῖ
578 5308 707 5348 num
734 5301 978 5346 nostrum
1006 5301 1060 5344 et
1086 5291 1280 5355 Deum,
1309 5305 1472 5359 super
1493 5290 1624 5344 duas
1649 5291 1810 5344 etiam
1840 5292 1944 5346 alia
1975 5308 2167 5348 secun-
2269 5305 2363 5351 aut
2403 5297 2884 5363 subsistentialem,
2916 5308 3012 5352 aut
3057 5297 3358 5353 dcivirilem
3383 5340 3398 5364 ,
3435 5309 3530 5352 aut
3561 5294 3806 5351 unitoriam

578 5384 705 5440 dum
735 5382 879 5453 ipsos
914 5381 1241 5452 proprietate
1269 5379 1588 5434 naturaliter
1629 5381 1868 5454 ﬁgurari,
1901 5384 1967 5439 ad
1997 5387 2163 5441 certi-
2265 5393 2539 5462 propriam
2577 5392 2905 5448 voluntatem
2933 5402 2988 5448 et
3028 5394 3417 5462 operationem.
3453 5393 3640 5449 Verum
3665 5386 3807 5444 Patris

576 5476 819 5531 tudinem
851 5488 1042 5526 eorum
1071 5487 1135 5526 ex
1169 5472 1382 5543 quibus,
1411 5482 1467 5527 et
1497 5473 1547 5526 in
1580 5473 1776 5543 quibus
1808 5485 1863 5530 et
1891 5492 2013 5545 quae
2047 5479 2166 5532 est?
2266 5484 2480 5553 quidem
2513 5485 2923 5556 incompositam
2968 5485 3084 5540 sine
3115 5487 3382 5557 principio
3409 5487 3586 5550 habet,
3622 5492 3670 5537 et
3705 5478 3805 5534 sub-

577 5568 635 5623 Si
663 5567 808 5621 enim
853 5563 1053 5620 exilem
1094 5562 1387 5617 creduntur
1430 5563 1591 5619 etiam
1633 5579 1730 5636 per
1759 5564 1940 5633 aliam,
1988 5567 2039 5622 id
2080 5578 2164 5624 est
2265 5572 2570 5628 stantialem
2598 5582 2758 5644 atque
2798 5575 3066 5640 divinam;
3104 5576 3291 5631 matris
3328 5591 3456 5631 vero
3484 5582 3702 5630 creatam
3730 5580 3802 5621 ηα-

572 5675 674 5731 per
717 5657 952 5719 tertiam,
997 5669 1116 5724 qua:
1159 5661 1215 5710 et
1261 5668 1359 5724 per
1406 5654 1719 5710 dualitatem
1757 5655 2063 5714 voluntates
2107 5669 2164 5716 et
2265 5671 2387 5718 tttra
2418 5672 2473 5720 et
2498 5664 2811 5720 humanam.

576 5749 917 5821 operationes
975 5743 1091 5816 ejus
1149 5760 1270 5814 qua:
1321 5745 1616 5800 secundum
1671 5756 1918 5803 naturam
1969 5760 2096 5807 sunt
2143 5771 2156 5806 :
2219 5737 2227 5747 ’
2334 5755 2538 5811 Deinde
2563 5757 2728 5811 etiam
2771 5757 2972 5814 divisas
3011 5767 3230 5816 naturas
3273 5775 3338 5816 ex
3387 5759 3578 5831 quibus
3615 5757 3711 5827 ipse
3733 5755 3798 5805 esi

576 5855 801 5902 necesse.
835 5847 920 5896 est
960 5845 1020 5894 ut
1049 5835 1330 5894 identitlte
1369 5836 1717 5893 exhibitionis
1769 5838 2160 5901 indissimilitas
2263 5847 2520 5915 inferunt,
2574 5849 2727 5921 quasi
2770 5865 2866 5924 per
2910 5853 3303 5925 operationem,
3354 5861 3408 5909 et
3435 5868 3538 5909 non
3582 5864 3670 5921 per
3693 5843 3794 5901 sttit-
