3926 5528
119 391 191 451 625

700 382 1225 441 COLLECTANEA.
1261 412 1329 426 ι·-
1366 383 1634 442 DISPUT.
1675 384 1882 443 INTER
1920 388 1978 446 S.
2021 389 2262 446 MAXIM.
2298 387 2388 446 ΕΤ
2426 387 2676 447 THEOD.

3217 380 3324 448 616

118 511 354 564 sistenttam
378 502 479 559 sibi
505 485 686 558 unitas
710 501 1030 565 innotescat,
1059 500 1102 554 si
1125 509 1346 572 prepter
1372 508 1632 554 unitatem
1661 503 1712 565 Α
1737 504 2190 572 quemadmodum
2229 513 2284 561 et
2314 506 2402 561 isti
2438 505 2597 561 iidem
2628 519 2693 559 ex
2726 505 2867 563 bono
2893 513 2945 562 et
2971 504 3114 561 malo
3143 505 3325 576 profe«

118 616 236 657 unam
257 596 612 669 Operationem
637 596 999 666 dogmatizeut
1035 613 1046 648 :
1079 595 1221 665 quod
1253 594 1308 649 hi
1337 594 1427 664 qui
1456 595 1509 649 in
1549 593 1634 650 di-

116 695 270 749 visione
291 692 521 761 corrupti
559 701 684 746 sunt
717 691 920 755 dicunt,
962 689 1308 746 aliectuosam
1336 689 1478 746 hanc
1512 705 1635 747 esse

117 784 421 855 operationem
466 781 708 838 fabulose
747 782 1032 853 tingentes.
1076 782 1168 838 Sic
1197 791 1377 837 autem
1403 790 1461 836 et
1501 799 1633 840 con-

115 875 261 930 iusioni
314 873 485 929 locum
538 875 832 930 tribuentes
879 884 933 930 et
990 875 1288 933 deivirilem
1339 879 1634 936 secundum

115 967 314 1022 Severum
341 965 481 1022 male
525 967 972 1036 interpretantur,
1013 984 1174 1024 uuam
1206 969 1364 1036 hanc,
1404 970 1497 1025 sed
1527 985 1634 1026 non

113 1065 213 1117 duas
230 1060 504 1116 secundum
533 1062 831 1117 unitionem
861 1061 1098 1118 divinam
1129 1073 1317 1118 natura
1344 1073 1394 1120 et
1423 1063 1636 1120 virilem

113 1153 360 1225 signiﬁcare
395 1153 810 1220 contendentes,
841 1166 896 1209 et
935 1154 1075 1210 hanc
1112 1155 1310 1210 Deiviri
1348 1155 1636 1226 quamdam

113 1255 326 1308 naturam,
357 1244 453 1300 sed
490 1260 596 1299 non
630 1246 805 1300 virum
833 1244 1035 1302 factum
1064 1247 1231 1302 Deum
1264 1248 1479 1304 sibimet
1512 1249 1638 1304 sub-

112 1337 320 1402 indieunl,
343 1337 644 1406 praesertim
682 1353 804 1392 cum
841 1339 944 1394 hoc
975 1339 1280 1409 prrevidcns
1313 1341 1478 1396 etiam
1511 1355 1641 1397 vere

112 1428 372 1498 deiphantor
396 1428 688 1500 Dionysius
713 1441 762 1495 ι,
814 1446 919 1486 non
963 1447 1124 1486 unam
1157 1434 1437 1488 vocaverit
1473 1434 1635 1498 hanc,

109 1521 176 1574 scil
202 1535 318 1575 nova
343 1521 578 1590 quadam
611 1521 837 1576 dcivirili
879 1523 1035 1578 nobis
1065 1540 1188 1578 eum
1219 1524 1419 1580 dixerit
1445 1539 1640 1596 Opera-

110 1611 218 1666 tione
245 1620 630 1666 conversatum.
662 1610 968 1668 Ostendcns
995 1630 1100 1669 non
1125 1614 1352 1670 alteram
1377 1618 1444 1672 ab
1472 1617 1640 1672 altera

107 1701 390 1771 disjunctam,
425 1703 520 1756 sed
548 1703 736 1757 ambas
779 1719 876 1773 per
897 1692 1645 1764 alterutras'connaluralitet

107 1793 331 1858 adornatas,
371 1796 424 1850 in
470 1811 657 1852 eorum
699 1814 766 1854 ex
795 1801 1014 1870 quibus,
1057 1803 1192 1857 etin
1223 1802 1418 1873 quibus
1443 1812 1641 1874 etquae

1736 607 1862 653 runt
1900 597 2296 654 aiIectantibus.
2335 597 2488 654 Unde
2518 607 2574 651 et
2604 599 2800 654 talibus
2837 598 3326 654 circumvenientes

1736 698 1932 754 litteris
1961 698 2008 752 ei
2041 698 2130 768 qui
2168 699 2392 754 miserat
2435 698 2672 752 mittunt.
2721 696 2856 764 Quia
2887 712 3017 768 ergo
3045 696 3095 750 iu
3131 709 3328 765 magno

1735 793 1958 866 propter
1984 793 2098 849 haec
2124 793 2364 864 periculo
2399 801 2526 848 sunt
2569 809 2658 849 res
2684 807 2822 864 pene
2854 791 3020 848 totius
3047 788 3328 844 catholica!

1735 895 1790 942 et
1816 886 2126 958 apostolica:
2160 887 2254 942 Dei
2279 886 2534 944 Ecclesia:
2556 886 2887 952 constitutae,
2920 901 3020 956 pro
3039 897 3104 939 ea
3132 883 3326 953 deprea

1737 997 1926 1038 eamur
1965 993 2020 1038 et
2065 980 2413 1038 obsecramus
2462 981 2836 1038 sanctissimos
2873 980 3039 1045 viros,
3083 992 3150 1032 ne
3186 977 3332 1034 hanc

1739 1075 2055 1146 despiciatis
2083 1074 2502 1146 periclitantem,
2553 1074 2648 1130 sed
2685 1073 2958 1144 adiuvetis
2991 1068 3333 1142 tempestati-

1740 1165 1840 1221 bus
1887 1165 2252 1227 lahorautem.
2284 1166 2517 1222 scientes
2569 1166 2624 1221 in
2676 1174 2923 1236 tempore
2964 1161 3335 1219 tribulationis

1741 1255 2105 1322 dilectionem,
2131 1271 2251 1327 qua:
2286 1257 2339 1311 in
2377 1255 2583 1326 Spiritu
2616 1266 2803 1312 sancto
2834 1266 2940 1321 est,
2965 1255 3113 1310 nasci
3150 1271 3162 1308 :
3192 1263 3244 1308 et
3285 1252 3332 1310 si

1742 1347 1998 1416 possibile
2021 1356 2106 1404 est
2135 1364 2231 1403 vos
2252 1348 2486 1404 transire
2510 1349 2688 1411 citius,
2714 1349 2869 1420 quasi
2895 1348 3000 1403 alia
3023 1363 3122 1418 pro
3143 1361 3334 1414 causa,

1743 1440 1811 1493 ad
1855 1439 2085 1494 senioris
2112 1439 2297 1495 Roma:
2322 1440 2440 1511 pios
2484 1449 2538 1495 et
2574 1440 2758 1496 firmos
2795 1449 2852 1494 ut
2883 1449 3094 1512 petram
3127 1440 3275 1493 viros
3316 1454 3332 1493 :

1744 1532 1834 1601 qui
1871 1530 2122 1587 videlicet
2150 1532 2428 1588 vobiscum
2462 1540 2668 1586 tutores
2713 1532 2883 1586 nostri
2932 1541 3060 1587 sunt
3099 1544 3334 1599 semper,

1747 1628 1798 1674 et
1830 1630 2258 1691 propugnatores
2299 1621 2689 1677 ferventissimi
2732 1622 3011 1687 veritatis,
3045 1621 3338 1676 obsecrare

1749 1711 1847 1766 hos
1885 1711 2284 1782 supplicatoriis
2313 1713 2534 1768 vocibus
2569 1721 2626 1768 et
2659 1713 2917 1786 lacrymis
2959 1727 3056 1783 pro
3085 1711 3338 1767 omnibus

1747 1800 2096 1869 Christianis,
2132 1813 2400 1873 quatenus
2439 1805 2743 1860 mercedem
2772 1820 2802 1858 a
2848 1804 3077 1859 Domino
3104 1803 3340 1859 sortian-

105 1893 210 1949 erat,
235 1888 602 1943 certitudinem
640 1890 1013 1959 proferendas,
1043 1903 1116 1958 et,
1149 1902 1208 1948 ut
1244 1893 1271 1934 ι)
1310 1903 1534 1966 paterne
1565 1897 1646 1952 di-
1675 1905 1721 1966 Β
1751 1906 1878 1952 tur:
1906 1898 2158 1954 omnibus
2210 1898 2460 1955 similiter
2501 1907 2556 1953 et
2598 1898 2816 1952 sibimet
2860 1898 3065 1968 absque
3097 1897 3339 1952 novitate

104 1990 247 2032 camus
264 1988 307 2043 ο,
329 1994 452 2034 cum
475 1981 698 2038 alterius
712 1984 1093 2041 communione
1114 1987 1307 2041 horum
1333 1996 1642 2058 utrumque.

103 2071 158 2125 Ita
194 2083 245 2128 ut
287 2075 560 2132 mirabiles
601 2078 816 2148 quidem
869 2081 1148 2152 passiones
1173 2123 1186 2148 ,
1241 2084 1644 2155 compassibilia

102 2176 217 2229 vero,
251 2166 428 2235 procul
462 2167 623 2223 dubio
665 2169 924 2225 miracula
963 2184 1366 2245 cognoscantur
1401 2192 1498 2248 per
1525 2194 1640 2234 om-

101 2256 320 2312 nimodam
338 2262 735 2330 coaptationem
757 2280 966 2331 eorum,
991 2283 1110 2337 quae
1134 2269 1200 2322 ah
1227 2284 1292 2324 eo
1319 2270 1642 2327 naturaliter

100 2359 214 2420 gesta
251 2361 382 2408 sunt.
424 2354 596 2425 anla
651 2357 792 2412 cnim
836 2359 1040 2422 omnia,
1089 2368 1144 2414 ct
1168 2375 1296 2416 vera
1342 2361 1547 2428 omnia,
1591 2372 1645 2418 et

101 2443 215 2497 unita
237 2448 402 2502 omnia
434 2449 735 2518 prastlicaut
778 2451 830 2505 in
863 2466 928 2506 eo
959 2452 1047 2522 qui
1081 2452 1280 2521 duplici
1315 2461 1400 2509 est
1426 2463 1640 2521 natura,

97 2549 142 2588 ea
168 2552 270 2605 quae
288 2541 584 2596 secundum
613 2549 864 2598 naturam
891 2553 1016 2598 sunt
1040 2546 1134 2600 Dei
1168 2560 1442 2616 prmcones
1461 2555 1515 2599 et
1545 2544 1644 2600 Pa-

101 2633 184 2682 tres
208 2632 384 2685 uostri.
425 2631 661 2699 Quibus,
700 2647 756 2688 ttt
801 2635 1004 2690 dictum
1036 2647 1135 2700 est,
1175 2651 1331 2692 suum
1370 2637 1645 2708 corrigere

100 2719 304 2775 nolentes
325 2737 662 2790 sermonem,
679 2727 855 2784 adhuc
876 2737 931 2783 et
951 2729 1184 2784 senioris
1209 2731 1393 2785 Romae
1414 2729 1649 2800 propriae

96 2807 355 2863 consentire
380 2821 548 2866 secta:
575 2823 869 2884 coegerunt
911 2815 1315 2885 apocrisiarios,
1344 2832 1510 2872 uuam
1552 2832 1648 2872 su-

94 2907 170 2961 per
192 2897 342 2964 duas,
401 2903 458 2955 id
499 2912 584 2959 est
625 2913 734 2959 tres
760 2921 944 2960 secum
991 2905 1320 2976 praedicandi
1364 2906 1420 2962 in
1457 2906 1647 2962 eodem

93 2980 282 3045 Domino
333 3001 528 3048 nostro
574 2992 706 3050 Jesu
750 2993 970 3052 Christo
1009 2996 1317 3052 voluntates
1363 3007 1417 3052 et
1455 3011 1652 3069 opera-

95 3076 255 3148 tiones,
275 3083 506 3140 similem
536 3086 780 3143 scientia:
801 3087 947 3160 ligno
968 3097 1184 3161 gustum
1211 3089 1651 3155 commiscentes,

146 3203 166 3231 ι
201 3193 358 3254 Epist.
399 3198 464 3254 ad
495 3197 711 3254 Caium.

148 3262 172 3301 δ
206 3262 444 3323 Paterne.
478 3271 702 3326 Patrum
735 3288 884 3329 more
911 3274 1025 3330 sive
1055 3277 1255 3332 verbis.

1756 2005 1944 2046 recens
1964 2007 2127 2063 super
2153 2008 2215 2047 ea
2242 1993 2424 2048 minus
2444 1991 2630 2062 plusve
2658 1990 3013 2061 suscipientes
3035 1988 3117 2045 vel
3146 2002 3340 2058 appro-

1750 2082 1962 2150 bantes,
1993 2094 2193 2154 praeter
2220 2101 2341 2153 quae
2370 2083 2594 2139 dillinita
2629 2092 2756 2139 sunt
2784 2099 2811 2136 a
2847 2082 3053 2138 sanctis
3085 2078 3339 2134 Patribus

1750 2187 1815 2227 ac
1841 2173 2080 2243 synodis,
2116 2183 2171 2228 ut
2196 2174 2317 2228 honi
2347 2173 2507 2229 studii
2540 2173 2621 2228 sui
2648 2171 2993 2228 aemulatione
3027 2170 3131 2226 hoc
3161 2167 3340 2224 maxi-

1750 2282 1896 2321 mum
1927 2283 2050 2321 cum
2101 2268 2214 2322 Deo
2251 2267 2454 2322 auxilio
2498 2266 2705 2322 directe
2744 2273 3134 2335 prosequentes
3183 2275 3340 2331 opus,

1749 2376 1870 2416 cum
1905 2361 2010 2415 illis
2064 2361 2178 2415 sive
2221 2375 2382 2425 nunc,
2418 2361 2532 2415 sive
2563 2360 2615 2414 iu
2649 2359 2736 2414 die
2780 2357 2993 2426 judicii,
3048 2356 3341 2410 Dominum

1750 2452 1986 2506 habeant
2037 2451 2375 2516 debitorem,
2418 2466 2578 2521 quem
2631 2449 2887 2504 nimirum
2936 2433 3237 2502 habuerunt
3287 2444 3344 2499 in

1749 2540 1945 2596 talibus
1993 2541 2341 2607 creditorem,
2386 2557 2490 2596 nou
2539 2540 2684 2595 aliud
2731 2540 2856 2608 quid
2893 2545 3087 2609 praeter
3131 2552 3208 2602 se,
3247 2533 3346 2590 sed

1750 2631 1925 2702 ipsum
1959 2642 2150 2698 totum,
2183 2634 2307 2687 lotis
2339 2633 2490 2687 Vobis
2520 2643 2684 2700 atque
2718 2631 2820 2685 illis
2852 2632 2904 2685 iu
2933 2638 3164 2684 aeternas
3206 2626 3343 2682 deli-

1751 2725 1866 2780 cias
1897 2734 1952 2779 et
1987 2725 2334 2779 refectionem
2363 2725 2652 2779 donautcm
2683 2741 2697 2778 :
2729 2737 2888 2793 quem
2919 2729 2974 2775 et
3000 2735 3098 2774 nos
3137 2717 3341 2772 habere

1754 2817 2013 2870 adversus
2055 2814 2283 2870 Ariauos
2324 2814 2414 2884 qui
2455 2814 2840 2869 continuantur
2879 2811 3004 2880 hie,
3046 2807 3345 2880 supplicate

1755 2907 1888 2974 Deo,
1921 2905 2063 2962 beati
2099 2916 2153 2962 ct
2187 2917 2386 2961 nostra!
2432 2905 2497 2959 ad
2536 2904 2704 2960 Deum
2747 2900 3084 2956 dcductiouis
3134 2897 3342 2970 praevii,

1754 3015 1877 3056 cum
1907 2999 2076 3054 simus
2103 2997 2278 3067 egeni,
2313 3011 2611 3069 pauperes,
2650 3003 2705 3051 et
2734 2991 2939 3064 indigni
2973 2989 3114 3047 servi
3150 2987 3345 3072 vestri.

1833 3212 1853 3239 ο
1897 3200 2006 3258 Leo
2033 3215 2168 3272 papa
2193 3200 2353 3271 epist.
2385 3198 2452 3253 ad
2480 3196 2814 3259 Flavianum.

96 3400 3342 3443 W

87 3516 293 3570 TOMOE
349 3525 410 3572 Β.
469 3527 608 3575 'ror
672 3529 762 3576 EN
825 3529 1060 3578 mor:
1117 3531 1387 3578 narro}:
1440 3519 1723 3582 HMQNC
1756 3513 2039 3576 TOMUS
2071 3532 2097 3561 α
2147 3511 2469 3574 continens
2528 3506 2893 3569 relationem
2944 3504 3016 3565 de
3091 3502 3350 3582 dogma-

151 3597 224 3648 ναὶ
252 3596 588 3670 ὁμολογητοῦ
623 3604 898 3676 Μαξίμου,
936 3605 1058 3678 περὶ
1085 3610 1187 3658 τῶν
1217 3606 1552 3678 πρακθέντων
1604 3606 1656 3657 εν

154 3683 208 3746 τῇ
253 3679 436 3758 πρώτῃ
507 3680 672 3758 αὐτοῦ
737 3684 940 3757 ἑξοριᾳ,
1007 3683 1130 3740 ἤτοι
1191 3684 1242 3736 ἐν
1305 3685 1500 3758 Βιζύῃ·
1588 3684 1658 3737 τὰ

151 3757 280 3828 παρὰ
325 3765 426 3811 τοῦ
468 3755 762 3838 Graiae-iw
801 3755 1098 3817 summu
1137 3755 1452 3838 Καισαριίαέ
1488 3764 1658 3816 Βιθυ-

146 3849 266 3904 νιας,
301 3840 392 3892 καὶ
422 3839 596 3894 αὐτοῦ
629 3837 998 3915 δεαλιχθέντα.

138 3973 204 4027 τὰ
247 3979 548 4048 κεκινημένα
589 3981 710 4049 περὶ
755 3987 849 4042 τῆς
899 3981 1181 4052 ἆμῶμήτου
1232 3982 1374 4052 ἡμῶν
1399 3989 1500 4038 τῶν
1534 3991 1657 4055 Χρι-

84 4073 271 4120 στιανῶν
294 4070 552 4133 πίστεως,
599 4073 686 4124 καὶ
738 4078 831 4132 τῆς
864 4079 965 4126 τῶν
1024 4070 1091 4128 δι’
1155 4074 1386 4133 ἐναντίας
1438 4093 1660 4145 παρεισ-

82 4153 209 4210 int-rw
260 4163 632 4232 καινοτομίας,
700 4166 889 4232 μεταξὺ
934 4170 1024 4219 τοῦ
1076 4164 1217 4220 ἀϐϐᾶ
1251 4165 1476 4236 Μαξίμου
1501 4203 1516 4230 ,
1570 4167 1658 4220 καὶ

82 4245 330 4306 Θεοδοσίου
384 4251 679 4309 ἔπιτκᾶπου
732 4259 1043 4332 Καισαρείας
1076 4256 1348 4328 ἀναγκαῖον
1389 4258 1660 4331 ἡγησάμην

82 4340 334 4400 κατάδηλον
384 4353 607 4404 ποιῆσαι
637 4351 798 4402 πᾶσιν
836 4349 955 4420 ὑμῖν
983 4355 1092 4410 τοῖς
1152 4348 1202 4402 ἐν
1237 4347 1500 4423 ὀρθοδοζίᾳ
1543 4347 1660 4404 δια·

1841 3611 2032 3684 tibus,
2082 3629 2214 3691 qua:
2260 3615 2430 3669 mota
2474 3612 2620 3668 sunt
2677 3605 2842 3665 inter
2877 3604 2948 3664 S.
2999 3603 3353 3663 Maximum

1841 3718 1897 3772 et
1936 3708 2348 3772 Theodosium
2401 3707 2763 3788 episcopum
2799 3704 3087 3767 Caesarea!
3131 3703 3356 3781 Bithy-

1841 3811 1986 3886 πίω,
2019 3829 2124 3872 seu
2158 3807 2439 3872 consules
2473 3807 2585 3889 qui
2615 3825 2754 3868 cum
2789 3823 2854 3866 eo
2889 3811 3088 3867 erant.

1832 3980 1965 4048 Qua:
1989 3987 2132 4034 mota
2158 3984 2285 4034 sttnt
2313 3975 2380 4032 de
2411 3972 2757 4030 immaculata
2799 3980 2987 4027 nostra
3009 3969 3356 4027 Christiano-

1762 4088 1882 4128 rum
1907 4071 2032 4136 title,
2059 4079 2223 4140 atque
2246 4066 2654 4125 subintroducta
2695 4063 3093 4120 contrariorum
3115 4061 3361 4117 novitate

1763 4167 1906 4222 inter
1949 4164 2200 4219 abbatem
2231 4160 2523 4216 Maximum
2551 4168 2606 4216 et
2635 4156 3001 4214 Theodosium
3039 4157 3354 4227 episcopum

1762 4256 2023 4313 Caesarem
2089 4253 2353 4325 Bithyniae
2381 4295 2396 4318 ,
2464 4251 2830 4308 necessarium
2883 4249 3008 4304 duxi
3069 4246 3356 4301 manifesta

1761 4347 1944 4405 facere
1964 4347 2216 4403 omnibus
2242 4344 2393 4401 vobis
2423 4343 2514 4414 qui
2565 4343 2617 4397 in
2660 4341 2984 4396 orthodoxia
3015 4336 3312 4393 consistitis
3339 4352 3356 4389 :

1763 4447 1841 4505 ut,
1875 4452 1996 4493 cum
2026 4435 2229 4491 certius
2255 4433 2430 4490 dehis
2459 4433 2600 4486 scire
2629 4431 2732 4485 visi
2771 4429 3004 4492 fueritis,
3038 4424 3355 4497 glorilicetis

1763 4528 1936 4598 magis
1962 4540 2026 4581 ac
2060 4525 2232 4595 magis
2273 4533 2572 4578 amatorem
2620 4520 2900 4576 hominum
2950 4519 3117 4573 Deum
3146 4515 3238 4587 qui
3265 4509 3384 4570 dat'

1763 4620 1986 4676 verbum
2025 4619 2076 4672 in
2129 4616 2406 4687 apertionc
2446 4615 2560 4670 oris
2609 4612 2913 4668 timentium
2962 4626 3059 4666 se:
3095 4625 3161 4664 ne
3195 4609 3359 4683 forte,

82 4711 229 4766 αὑτὸν.
261 4721 465 4780 Mirich
492 4721 718 4779 συνήθως
741 4717 788 4772 οἱ
809 4720 990 4789 ἐχθροὶ
1016 4728 1107 4780 τῆς
1136 4719 1391 4782 ἀληθείας,
1415 4718 1647 4772 τάναντία

1765 4729 1916 4769 more
1946 4712 2107 4767 solito
2133 4709 2377 4765 veritatis
2399 4706 2602 4763 inimici
2623 4706 2751 4763 huic
2769 4703 3042 4760 contraria
3079 4702 3364 4758 dilfaman-

79 4803 248 4866 ταῦτης
278 4806 698 4880 διαφηῴζοντις,
731 4810 1075 4886 ἐκταρὰξωσιν
1104 4808 1250 4879 ὑμῶν
1284 4811 1378 4870 τὰς
1401 4804 1636 4884 καρδίας.

1769 4817 1871 4871 tes,
1903 4803 2068 4859 corda
2093 4811 2272 4860 vestra
2297 4798 2641 4856 conturbent.

113 4909 420 4977 -'l'oqazpoﬁv
501 4911 564 4979 τῇ
640 4899 867 4977 εἰκοστῇ
917 4911 1140 4977 τιταρτῇ
1205 4908 1300 4959 τοῦ
1362 4901 1647 4974 Αὐγούστου

1834 4900 2002 4970 igitur
2026 4914 2170 4954 nono
2199 4895 2316 4952 Kal.
2348 4895 2739 4966 Septembrias,
2773 4904 2892 4960 quae
2922 4905 3068 4946 nunc
3092 4893 3390 4945 transacta

1768 5004 1853 5049 est
1901 5001 2109 5062 quartae
2157 4990 2380 5047 decima:
2422 4986 2756 5049 indietionis,
2811 4982 2985 5037 exivit
3020 4983 3084 5038 ad
3137 4993 3261 5034 eum
3317 4976 3396 5031 iu‘

1769 5083 2038 5147 exsilium,
2089 5085 2141 5140 in
2175 5097 2284 5152 quo
2313 5079 2523 5150 positus
2566 5077 2905 5136 servabatur,
2949 5072 3002 5126 id
3050 5083 3134 5128 est
3185 5067 3254 5123 ad
3284 5080 3380 5119 ca-

1771 5185 1942 5230 strum
1985 5172 2184 5247 Bizyae,
2234 5171 2524 5243 pnedictus
2564 5171 2850 5242 episcopus
2891 5159 3261 5223 Theodosius,
3310 5171 3382 5210 ex

1767 5281 1997 5308 nni-anim
2067 5263 2278 5310 "(dicit
2337 5262 2480 5304 potri
2510 5255 3107 5306 Cntvclnnlinnnnlil'ani
3133 5247 3382 5298 m‘mcll“?

52 4431 317 4536 Ρἰδοῦσιν,
375 4440 463 4495 ἵνα
521 4441 884 4516 ἀκριϐέστερον
943 4442 1009 4498 τὰ
1055 4445 1176 4516 περὶ
1229 4444 1424 4498 τούτων
1471 4441 1658 4499 εἰδέναι

53 4519 300 4595 ili/ﬁrme,
361 4530 613 4596 δοξάζητε
643 4533 830 4604 μᾶλλον
872 4533 954 4589 τὸν
1007 4534 1345 4608 φιλάνθρωπον
1375 4535 1525 4600 Θεὸν,
1572 4535 1659 4590 τὸν

82 4611 257 4676 διδόντα
281 4619 438 4697 λόγου
481 4625 532 4678 ἓν
580 4626 766 4689 ἀνοίξει
795 4632 892 4682 τοῦ
922 4626 1181 4696 στόματος
1207 4632 1307 4682 τῶν
1337 4625 1660 4697 φοϐουμένων

83 4997 209 5062 μηνὸς
250 5005 344 5058 τῆς
389 4998 511 5051 νυνὶ
559 4995 913 5070 παρεὶ.θον5σης
946 4994 1510 5071 τεσσαρισκαιδεκὰτης
1550 4996 1661 5053 ἐπι-

82 5093 348 5159 νεμήσεως.
423 5088 594 5153 ἐξῆλθε
654 5091 786 5164 πρὸς
855 5089 1004 5143 αὐτὸν
1056 5091 1107 5142 ἓν
1251 5087 1659 5161 παρεφυλὰττετο

85 5180 257 5256 ξορίᾳ,
331 5181 614 5237 τουτέστιν
651 5181 698 5235 ἔν
754 5181 966 5254 κὰστρῳ
1017 5180 1226 5245 Βιζύης,
1305 5180 1332 5234 ὁ
1393 5180 1662 5256 προρηθεὶς

82 5272 333 5334 ἐπίσκοπος
372 5270 680 5339 Θεοδόσιος,
735 5276 806 5332 ὡς
856 5268 1020 5340 εἶπεν,
1071 5275 1119 5328 ἐν
1151 5277 1431 5329 tandem"
1473 5276 1657 5314 "54W"-

83 5372 155 5420 τοῦ
178 5367 436 5443 προέδρου
494 5380 732 5420 Eme-ww

79 5457 169 5514 λα,
