4016 6296
515 348 614 406 631

1696 342 2058 404 ΑΝΑετΑειι
2091 334 2637 432 ιιιιιιιιιιτιιεαιιιιι

3689 333 3794 395 632

513 465 544 526 ἦ
574 465 632 521 τὸ
669 465 1003 539 ἀληθέστερον
1033 465 1214 532 εἰπεῖν,
1257 461 1490 543 ἄναρχον
1531 473 1593 540 τῇ
1632 466 1846 532 θελήσει,
1893 467 2100 539 ίπείπερ

2213 479 2336 518 vero
2361 471 2621 527 creatam,
2647 461 2752 529 vel,
2777 469 2837 517 ut
2863 460 3049 518 verius
3075 459 3336 527 dicamus,
3365 478 3475 518 non
3501 462 3796 519 habentem

514 558 546 614 ἡ
574 556 683 612 θεία
710 556 910 617 θέλησις
940 552 1169 630 ἄναρχὸς
1199 557 1356 620 ἔστιν,
1390 557 1459 617 ὡς
1487 557 1717 629 ἀνάρχου
1759 555 2009 620 θεότητος,

513 649 569 705 δί
591 652 746 724 φύσει
766 651 1063 728 πρόσφατον
1087 664 1102 680 ⁶
1146 647 1271 726 ὅπερ
1320 654 1496 705 πᾶσαν
1540 650 1628 704 ούκ
1657 647 1826 705 ἄνοιαν
1852 648 2105 722 ὑπερϐαίη

512 764 587 799 νει
632 745 802 818 μόνον,
851 743 975 800 ἀλλά
1029 746 1111 798 καί
1156 741 1417 798 ἀσέϐειαν.
1447 742 1521 796 ού
1568 744 1669 817 γὰρ
1714 741 1881 816 λέγετε
1928 740 2104 800 ἀπλῶς

512 833 661 905 μόνον
686 833 738 888 ἰν
764 834 954 905 θέλημα
972 874 988 899 ,
1015 834 1140 890 ἀλλά
1179 836 1263 888 καί
1300 839 1455 890 τοῦτο
1491 833 1669 897 θεῑκὸν,
1698 833 1832 894 θείας
1875 828 1929 888 δί
1956 829 2102 890 θελή-

515 946 652 986 σεως
668 923 830 986 οὐδεὶς
854 924 1069 982 δύναται.
1097 926 1272 1002 ἀρχὴν
1300 925 1558 984 ίπινοῆσαι
1591 927 1854 1001 χρονικήν,
1879 921 1908 980 ἢ
1936 921 2100 984 τέλος,

511 1013 687 1076 ἔπειδή
711 1016 839 1088 μηδὲ
868 1023 961 1079 τῆς
1005 1019 1144 1080 θείας
1183 1019 1403 1090 φύσεως,
1428 1015 1488 1080 ἧς
1518 1016 1656 1074 ἔστιν
1680 1013 1929 1077 ούσιὼδης
1957 1017 1988 1074 ἦ
2013 1014 2102 1071 θί-

511 1105 680 1169 λησις.

583 1287 733 1344 Πάλιν
773 1287 829 1346 δί
875 1290 1052 1364 (ripas
1092 1292 1384 1364 εἰσάγοντες
1425 1290 1776 1360 καινοτομίαν,
1813 1291 2101 1370 ἀφαιρεῖσθε

511 1378 814 1436 παντάπασι
861 1384 1030 1438 πάντα
1079 1385 1146 1438 τά
1189 1386 1503 1459 γνωριστικά
1543 1386 1630 1439 καί
1671 1384 1959 1446 συστατικὰ
2009 1390 2104 1444 τῆς

510 1473 749 1536 θεότητος
800 1477 884 1531 καί
932 1484 1024 1536 τῆς
1069 1476 1462 1552 ἀνθρωπότητος
1501 1482 1598 1532 τοῦ
1638 1482 1884 1552 Χριστοῦ,
1926 1475 2104 1546 νόμοις

511 1569 595 1622 καί
640 1568 826 1629 τύποις
857 1569 1176 1633 θεσπίζοντες
1218 1573 1340 1640 μήτε
1373 1573 1513 1641 μίαν,
1541 1574 1669 1641 μήτε
1705 1567 1795 1626 δύο
1836 1568 1917 1624 ἐπ’
1941 1569 2102 1625 αὐτοῦ

508 1658 731 1720 θελιίσεις
769 1659 800 1719 ἦ
845 1663 1100 1736 ἐνεργείας
1140 1661 1410 1734 λίγεσθαιο
1472 1659 1598 1736 ὅπερ
1644 1662 1753 1718 ἔστι
1793 1660 2104 1736 πράγματος

507 1750 858 1824 ανυπᾶρκτου.
889 1747 1050 1806 Ούδίν
1079 1751 1179 1826 γὰρ
1208 1759 1308 1807 τῶν
1348 1749 1525 1817 ὄντων,
1572 1749 1671 1809 εἴτε
1711 1751 1881 1827 νοερόν
1933 1750 2095 1816 ἔστιν,

2206 555 2417 610 initium
2443 554 2738 620 voluntate,
2770 553 2816 608 si
2855 553 3036 609 divina
3081 554 3330 611 voluntas
3358 555 3477 610 sine
3502 555 3662 611 initio
3692 566 3792 622 est,

2204 653 2395 717 utpote
2423 660 2542 716 qua:
2565 645 2638 701 sit
2656 644 2874 700 deitatis
2911 644 3032 700 sine
3057 644 3213 702 initio
3247 646 3533 703 existentis
3551 688 3568 713 ,
3599 655 3797 703 natura

2205 753 2337 793 vero
2364 753 2574 794 recens.
2603 737 2757 806 Quod
2780 751 2884 792 non
2923 736 3094 793 solum
3123 752 3340 794 omnem
3366 753 3590 794 sensum
3638 754 3802 795 exce-

2205 829 2306 895 dit,
2330 829 2424 886 sed
2440 838 2718 886 etomnem
2735 828 3087 900 impietatem.
3103 828 3220 887 Non
3253 831 3397 886 enim
3425 829 3610 886 dicitis
3633 831 3800 886 abso-

2205 922 2317 979 lute
2343 931 2549 978 tantum
2577 939 2736 979 unam
2759 923 3112 991 voluntatem,
3142 924 3240 982 sed
3259 932 3316 979 et
3339 924 3501 980 istam
3529 924 3796 980 divinam.

2205 1016 2414 1072 Divina:
2449 1031 2576 1071 vero
2603 1015 2896 1072 voluntatis
2927 1030 3088 1072 nemo
3128 1024 3306 1088 potest
3331 1015 3549 1072 initium
3579 1017 3801 1088 excogi-

2208 1116 2324 1163 tare
2352 1106 2666 1178 temporale,
2708 1105 2792 1162 vel
2823 1105 3016 1174 ﬁnem;
3048 1121 3173 1162 nam
3211 1121 3313 1164 nec
3337 1106 3535 1163 divinae
3565 1116 3798 1174 naturae,

2205 1198 2358 1268 cujus
2381 1208 2464 1255 est
2485 1197 2856 1256 substantialis
2883 1198 3151 1255 voluntas.

2275 1289 2485 1346 Rursus
2512 1298 2691 1346 autem
2714 1290 2877 1346 aliam
2901 1291 3309 1348 introducentes
3339 1291 3640 1348 novitatem
3678 1292 3794 1348 adi-

2205 1381 2356 1438 mitis
2379 1382 2704 1439 omnimodis
2729 1382 2912 1439 omnia
2947 1382 3306 1455 signiﬁcantia
3329 1390 3385 1439 et
3409 1373 3795 1440 commendan-

2208 1477 2284 1532 tia
2313 1476 2649 1532 divinitatem
2687 1486 2741 1533 et
2780 1477 3171 1535 humanitatem
3219 1476 3441 1542 Christi,
3500 1477 3716 1549 legibus
3741 1485 3794 1533 et

2207 1569 2350 1639 typis
2389 1568 2696 1624 sancientes
2725 1583 2899 1640 neque
2928 1583 3090 1624 unam
3111 1583 3286 1639 neque
3314 1568 3452 1624 duas
3492 1569 3550 1623 in
3597 1585 3668 1624 eo
3689 1584 3784 1624 vo-

2207 1660 2442 1717 luntates
2469 1669 2563 1715 aut
2601 1660 2946 1731 operationes
2971 1659 3228 1716 dicendas
3264 1675 3278 1713 :
3309 1658 3453 1730 quod
3495 1659 3578 1714 rei
3605 1669 3692 1715 est
3713 1674 3796 1714 es-

2205 1753 2437 1809 sentiam
2466 1768 2570 1807 nou
2599 1752 2865 1808 habentis.
2892 1751 3033 1807 Nihil
3081 1750 3228 1806 enim
3266 1765 3455 1807 eorum
3496 1765 3622 1820 qua:
3650 1760 3794 1817 sunt,

507 1841 761 1914 ἀφήρηταε
794 1839 1052 1904 θελητικῆς
1079 1839 1341 1915 δυνάμεως
1365 1845 1452 1900 καί
1490 1844 1757 1919 ἐνεργείας,
1788 1841 1888 1899 εἴτε
1923 1844 2102 1902 αἰσθη-

2213 1846 2252 1903 si
2307 1844 2670 1901 iutellectuale
2723 1854 2831 1911 cst,
2884 1844 3129 1916 privatur
3183 1842 3518 1919 voluntatem
3567 1842 3796 1898 habente

506 1934 644 1988 τικόν
676 1933 980 1994 αἰσθητικὴ
1007 1936 1284 2007 ἰνεργείας,
1316 1934 1415 1992 εἴτε
1463 1939 1686 2010 φυτικὸν,
1720 1938 1985 2002 αὐξητικῆς
2013 1939 2102 1993 καί

508 2023 780 2098 θρεπτικῆς
825 2026 1108 2103 ἐνεργείαςο
1151 2025 1251 2084 εἴτε
1281 2028 1539 2090 παντελῶς·
1564 2025 1795 2099 ἄψυχον,
1819 2032 1903 2084 καί
1929 2031 2102 2092 πάσης

513 2113 728 2193 ἄμοιρον
772 2121 927 2185 ζωῆς,
956 2127 1050 2180 τῆς
1097 2120 1207 2176 καθ’
1255 2122 1355 2187 ίξιν
1397 2122 1666 2194 λεγομένης
1710 2123 1958 2199 ίνεργεὶας
2014 2125 2101 2178 καί

511 2207 940 2272 ἕπιτηδειότητος.
974 2214 1061 2268 καὶ
1089 2210 1302 2271 δηλοῦσι
1343 2215 1509 2270 πάντα
1543 2215 1610 2270 τά
1645 2213 1809 2276 οὕτως
1843 2211 1986 2280 ὄντα,
2015 2215 2102 2268 ἀν-

507 2298 727 2359 τιληπτά
768 2303 1103 2374 τυγχάνοντα
1145 2312 1260 2365 ταῖς
1287 2311 1388 2360 τῶν
1430 2308 1731 2366 αἰσθητικῶν
1781 2307 2097 2365 αἰσθήσεσιν.

505 2385 756 2466 Ἐνίργεια
784 2394 882 2470 γὰρ
912 2399 1011 2449 τῶν
1039 2395 1295 2461 τοιούτων,
1334 2397 1394 2452 τὸ
1416 2396 1722 2452 ὑποπίπτειν
1747 2397 1952 2459 πάντως
1981 2395 2103 2472 ὁρά-

509 2501 634 2540 σεσι
677 2481 764 2539 διὰ
793 2492 884 2544 τῆς
915 2482 1050 2548 ἰδίας
1077 2487 1368 2560 ἰπιφανείας
1391 2500 1406 2519 ⁸
1441 2488 1586 2559 ἀκοῇ,
1623 2486 1706 2544 διὰ
1732 2490 1931 2544 κτύπου
1952 2505 1966 2520 '
2008 2486 2104 2545 ὃσ-

507 2576 711 2648 φρήσει,
740 2571 806 2629 δι’
846 2575 1011 2646 ἀτμοῦ
1048 2596 1188 2640 τινος
1230 2583 1530 2654 προσφυῶς
1554 2594 1568 2609 ⁸
1606 2580 1806 2651 Ἱεύστιν
1839 2581 1948 2636 τισί
1995 2599 2101 2650 κν·

508 2673 624 2735 μοῖς
647 2681 664 2698 ⁹
703 2670 786 2723 καί
813 2669 936 2742 ἀφῇ,
965 2666 1050 2724 διά
1091 2679 1182 2730 τῆς
1217 2671 1540 2732 ἀντιτυπίας.
1563 2667 1770 2745 Ὠσπερ
1822 2674 1924 2748 γάρ
1963 2673 2101 2745 ἰνίρο

507 2778 650 2830 γειαν
703 2758 908 2832 λέγομεν
956 2768 1048 2820 τῆς
1101 2758 1326 2837 ὁράσεως
1359 2762 1418 2817 τὸ
1470 2761 1591 2836 ὁρᾷν
1615 2802 1629 2827 ,
1669 2761 1834 2823 οὕτως
1871 2764 1954 2817 καί
1999 2767 2103 2817 τῶν

509 2849 774 2925 ὁρωμένων
820 2853 880 2908 τὸ
910 2849 1147 2924 ὅρᾶσθαϋ
1194 2857 1280 2909 καί
1324 2855 1392 2910 τά
1434 2853 1587 2910 λοιπά
1629 2857 1800 2911 πάντα
1843 2857 1973 2910 κατά
2013 2857 2102 2910 τὸν

514 2940 664 2995 αὐτὸν
694 2940 980 3014 θεωροῦμεν
1005 2939 1252 3016 γενόμενα
1287 2941 1498 3018 τρόπον.
1539 2947 1598 2998 Εἰ
1630 2947 1795 3000 τοίνυν
1835 2943 1976 3000 οὐδὲν
2001 2951 2104 3000 τῶν

512 3024 670 3084 ὄντων
699 3031 814 3086 ἰστί
848 3032 1016 3091 πάσης
1055 3030 1239 3110 ἴρημον
1275 3035 1536 3096 παντελῶς
1565 3045 1780 3108 φυσικῆς
1827 3035 2098 3108 ἐνεργείας,

512 3119 538 3172 ὁ
575 3117 631 3174 δί
659 3121 833 3198 κύριος
857 3123 996 3194 ἡμῶν
1043 3126 1130 3180 καί
1167 3123 1312 3188 Θεὸς,
1363 3124 1600 3186 ἰλάσθητι
1647 3130 1816 3202 κύριε,
1866 3125 2105 3198 οὐδεμίαν

2206 1939 2407 1994 virtute
2443 1953 2508 1993 ac
2555 1938 2906 2009 operatione;
2945 1937 2989 1992 si
3020 1935 3289 2001 scnsuale,
3314 1935 3587 1991 sentiente
3611 1951 3798 2006 opera-

2209 2034 2374 2098 tione,
2406 2033 2453 2089 si
2481 2031 2794 2105 germiuale,
2832 2040 3112 2088 crescente
3137 2046 3204 2087 ac
3241 2030 3418 2087 alente
3448 2032 3792 2102 operatione;

2207 2126 2254 2182 si
2285 2126 2498 2197 penitus
2538 2125 2830 2180 inanimale
2855 2134 2958 2191 est,
2995 2134 3051 2181 et
3079 2140 3141 2180 ea
3171 2141 3290 2196 qua:
3309 2141 3373 2181 ex
3417 2141 3578 2181 more
3603 2125 3796 2180 dicitur

2207 2217 2320 2272 vita
2349 2225 2499 2273 caret
2520 2258 2534 2282 ,
2564 2218 2881 2288 operatione
2910 2235 2975 2275 ac
3003 2220 3426 2291 opportunitate.
3457 2219 3526 2273 Et
3560 2219 3796 2275 indicant

2208 2308 2390 2363 omnia
2423 2324 2541 2377 qua:
2562 2309 2642 2364 sic
2662 2316 2786 2364 sunt
2806 2308 3122 2380 opitulativa
3151 2309 3400 2366 sensibus
3426 2309 3791 2365 sensualium:

2207 2400 2454 2470 operatio
2482 2400 2626 2456 enim
2661 2401 2846 2455 talium
2871 2410 2976 2468 est,
2995 2401 3185 2472 subjici
3210 2403 3394 2472 utique
3424 2403 3568 2458 visui
3594 2419 3691 2474 per
3710 2419 3796 2473 apo

2206 2489 2531 2560 paritioncm
2585 2505 2771 2557 suam;
2810 2491 3041 2557 auditui,
3100 2508 3199 2564 per
3247 2508 3478 2556 sonum;
3529 2491 3795 2555 odoratui,

2206 2599 2306 2655 per
2366 2583 2738 2639 odorationem
2787 2584 3076 2654 quamdam
3123 2582 3556 2653 amplexibilem;
3598 2582 3798 2653 gustui,

2205 2690 2308 2745 per
2331 2677 2592 2746 quosdam
2642 2676 2930 2742 humores;
2981 2684 3038 2730 et
3067 2677 3256 2741 tactui,
3285 2689 3381 2746 per
3418 2675 3800 2746 reciproquam

2210 2765 2640 2838 impressionem.
2689 2765 3429 2838 Sicutenimoperationem
3474 2766 3633 2822 visus
3675 2765 3804 2820 dici-

2208 2873 2332 2913 mus
2354 2857 2558 2923 videre,
2604 2857 2677 2912 ita
2702 2868 2758 2910 et
2803 2856 3040 2914 visorum
3079 2855 3274 2919 videri.
3303 2865 3358 2911 et
3380 2865 3580 2912 caetera
3620 2855 3801 2911 omnia

2209 2947 2504 3004 secundum
2527 2947 2778 3004 eumdem
2807 2947 3098 3018 aspicimus
3127 2945 3244 3002 ﬁeri
3267 2947 3510 3002 modum.
3549 2945 3610 3001 Si
3636 2946 3804 3017 igitur

2209 3040 2344 3095 nihil
2378 3054 2568 3095 eorum
2599 3053 2718 3108 quae
2747 3045 2892 3104 sunt,
2930 3047 3012 3094 est
3039 3037 3189 3094 omni
3224 3037 3438 3109 penitus
3483 3037 3808 3108 operatione

2209 3131 2554 3193 destitutum,
2609 3129 2976 3200 Dominusque
3020 3137 3209 3185 noster
3240 3138 3295 3184 et
3336 3127 3481 3183 Deus
3515 3126 3806 3198 (propitius

515 3208 549 3266 ἕ
550 3231 642 3282 χει
669 3218 881 3284 φυσικήν
921 3213 1120 3272 θέλησιν
1155 3213 1186 3274 ἦ
1217 3217 1468 3291 ἰνίργειαν
1509 3217 1619 3272 καθ’
1648 3217 1884 3294 ἰκὰτερον
1924 3225 2024 3274 τῶν
2053 3218 2105 3283 ἰξ

2213 3230 2351 3287 esto,
2393 3221 2677 3292 Domine!)
2717 3220 2919 3276 nullam
2948 3222 3114 3277 habet
3139 3220 3441 3276 naturalem
3467 3219 3806 3274 voluntatem

519 3299 610 3366 ὧν,
641 3302 690 3356 8's
719 3299 794 3364 οἷς
817 3323 895 3368 τε,
923 3306 1002 3359 καί
1031 3302 1164 3381 ἄπίρ
1206 3307 1335 3373 ἐστι,
1366 3315 1477 3369 πῶς
1501 3307 1715 3364 δύνασθε
1737 3308 1768 3368 ἦ
1797 3305 1922 3365 εἶναι
1957 3309 1987 3370 ἦ
2014 3331 2107 3364 καο

513 3394 709 3452 λεῖσθαι
732 3397 1013 3462 θεοσεϐεῖς,
1041 3399 1153 3456 κατ’
1183 3398 1355 3456 οὐδένα
1392 3401 1582 3476 τρόπον
1625 3403 1936 3478 ὑπάρχοντα
1967 3402 2111 3462 θελη-

512 3487 650 3542 τικόν
669 3485 702 3546 ἦ
718 3486 1048 3561 ίνεργητικὸν,
1073 3489 1200 3564 παρ’
1225 3491 1369 3562 ὑμῶν
1389 3495 1825 3567 προσκυνούμενον
1849 3493 2109 3566 λὲγοντεςς

515 3585 726 3650 Τρανῶς
756 3579 858 3652 γὰρ
889 3578 992 3633 ύπὸ
1036 3587 1137 3636 τῶν
1162 3579 1319 3654 ἀγίων
1362 3585 1596 3658 Πατέρων
1638 3581 2002 3652 διδασκόμεθα,
2033 3583 2111 3636 λίς

515 3665 708 3740 γόντων
731 3683 745 3698 ⁶
793 3669 852 3723 τὸ
879 3671 980 3743 γὰρ
1020 3669 1270 3744 μηδεμίαν
1323 3671 1534 3745 δύναμιν
1574 3673 1606 3729 r"
1609 3696 1727 3746 χον,
1778 3671 1899 3730 οῧτί
1947 3675 2110 3741 ἔστιν,

516 3760 632 3817 ούτί
657 3759 709 3815 τί
729 3757 1014 3824 inania-8'
1040 3763 1156 3820 ἐστί
1175 3784 1256 3825 τις
1285 3766 1440 3821 αὐτοῦ
1469 3766 1730 3828 παντελῶς
1763 3768 1923 3828 θίσις.

589 4045 772 4096 οΒοΔ.
813 4041 883 4098 Τὸ
909 4039 975 4099 δι’
1005 4043 1282 4115 οἰκονομίαν
1309 4043 1596 4117 γενόμενον,
1619 4049 1690 4116 μὴ
1731 4045 1888 4123 λάϐῃς
1925 4047 1994 4110 ὡς
2021 4048 2113 4102 κύ-

519 4146 626 4199 ριον
876 4139 1016 4190 MAI.
1050 4135 1108 4188 εἰ
1152 4138 1222 4207 μή
1267 4135 1379 4190 ίστι
1423 4135 1596 4211 κύριον
1640 4133 1804 4207 δόγμα
1829 4146 1930 4194 τῶν
1957 4136 2115 4210 δεχοο

515 4226 699 4298 μίνων,
745 4225 771 4281 ὁ
811 4229 1066 4293 θεσπίζων
1089 4229 1252 4290 τύπος
1279 4231 1363 4283 καί
1389 4230 1545 4300 νόμος
1582 4229 1835 4304 μηδεμίαν
1878 4233 2113 4308 λέγεσθαι

515 4322 608 4371 τοῦ
634 4320 810 4395 κυρίου
834 4319 1033 4380 θέλησιν
1049 4320 1082 4381 ἢ
1105 4323 1376 4393 ὶνὲργειαν,
1402 4320 1468 4376 ὧν
1512 4324 1543 4382 ἦ
1588 4325 1857 4399 ἀφαίρεσις
1875 4331 1967 4385 τὴν
1995 4328 2115 4382 ἀνυ·

517 4413 741 4481 παρξίαν
769 4411 914 4472 δηλοί
936 4420 1025 4470 τοῦ
1064 4417 1263 4478 ταύτας
1289 4415 1635 4491 ἀνημμένου,
1663 4415 1748 4472 διὰ
1775 4421 1924 4474 ποίαν
1947 4421 2114 4476 αἰτίαν

517 4503 801 4579 βαρϐάροις
833 4504 1002 4566 ἶθνεσι
1053 4511 1140 4564 καί
1181 4509 1347 4570 ἀθίοις
1378 4509 1626 4567 ἀπίδοσθί
1655 4531 1716 4584 με
1754 4509 1872 4568 ἄνευ
1920 4521 2108 4587 «pic;

523 4597 613 4651 Διά
672 4601 820 4655 ποίαν
868 4602 1038 4657 αἰτίαν
1084 4603 1383 4677 κατεκρίθην
1435 4604 1641 4662 οἰκῆσαι
1684 4601 1897 4668 Βιζύην,
1939 4607 2023 4662 καί
2068 4606 2114 4663 οἰ

523 4684 793 4744 συνδοῡλοί
842 4710 967 4763 μου,
1012 4689 1040 4746 ὃ
1093 4693 1184 4764 μίν
1229 4692 1502 4768 ηίρϐεριν,
1555 4693 1582 4746 c'
1625 4690 1682 4746 δί
1742 4694 2112 4769 Μεσεμϐριανς

518 4785 698 4832 ΘΕΟΔ.
729 4780 808 4833 Ma‘.
839 4781 926 4836 τὸν
967 4783 1092 4836 Θεὸν
1130 4783 1367 4853 μέλλοντά
1393 4804 1457 4854 με
1487 4781 1673 4839 ἰτοίσαι
1691 4800 1704 4814 ⁸
1737 4787 1828 4840 Καί
1865 4783 1953 4842 ὅτε
1981 4787 2120 4860 γεγο-

517 4889 621 4932 νεν.
652 4865 812 4931 εἶπον,
843 4874 926 4925 καί
968 4877 1056 4926 νῦν
1094 4873 1154 4927 τὸ
1193 4873 1320 4928 αὐτὸ
1366 4873 1517 4947 λέγω,
1549 4871 1628 4929 ὅτι
1662 4881 1829 4936 κακῶς
1864 4877 2060 4949 γέγονεν
2089 4875 2118 4934 ὃ

521 4959 710 5026 τύπος,
743 4966 828 5017 καί
857 4964 940 5019 ἐπὶ
971 4964 1138 5039 βλάϐη
1167 4965 1385 5021 πολλῶν.
1438 4967 1692 5042 Πρόφασις
1739 4965 1794 5022 δί
1839 4969 2007 5041 γίγονε
2055 4971 2116 5026 τὸ

521 5051 780 5111 ἐκτεθῆναι
822 5056 997 5120 αὐτὸν,
1041 5059 1072 5116 ἡ
1101 5061 1232 5132 πρὸς
1267 5058 1509 5119 ἀλλήλους
1557 5067 1657 5117 τῶν
1697 5059 1970 5135 ὀρθοδὸξων
2001 5065 2118 5139 περί

524 5143 813 5216 adfati-itm
847 5151 936 5203 καί
989 5150 1248 5223 ἆνεργειῶν
1293 5155 1608 5226 ζυγομαχία.
1659 5157 1748 5208 Ιαί
1778 5153 1861 5211 διὰ
1893 5156 1952 5212 τὸ
1984 5157 2117 5230 πρὸς

522 5235 763 5300 ἀλλήλους
807 5243 1098 5312 εἰρηνεῦσαι
1125 5246 1345 5309 πάντας,
1378 5245 1610 5302 συνεῖόὁν
1655 5267 1788 5308 τινες
1815 5249 1911 5309 τάς
1939 5251 2118 5305 τοιαύ-

520 5350 620 5390 τας
649 5335 1084 5405 κατασιγασθῆναι
1121 5339 1305 5410 φωνάς.
1335 5344 1490 5392 ΜΔΞ.
1520 5340 1609 5394 1ιαί
1636 5346 1779 5402 ποῖος
1812 5342 1997 5402 πιστὸς
2031 5339 2118 5397 δί-

525 5444 688 5496 χεταε
711 5427 994 5497 οἰκονομίαν
1034 5432 1482 5503 κατασιγάζουσαν
1531 5431 1726 5502 φωνὰς,
1766 5430 1898 5506 ἅπερ
1954 5432 2122 5488 λαλεῖ-

525 5520 648 5574 σθαι
677 5517 746 5575 δι’
775 5522 1073 5577 ἀποστόλων
1095 5525 1181 5579 καί
1206 5532 1478 5598 προφητῶν
1505 5527 1590 5579 καί
1619 5523 1935 5580 διδασκάλων
1963 5525 1989 5581 ὁ
2021 5533 2122 5582 τῶν

525 5610 653 5667 ὅλων
678 5615 800 5677 Θεὸς
839 5616 1166 5689 ᾠκονόμησες
1217 5621 1304 5674 καί
1343 5624 1702 5689 σκοπήσωμεν,
1733 5625 1846 5693 κῦρι
1877 5618 1903 5675 ὁ
1939 5621 2119 5692 μέγας.

528 5706 603 5761 είς
654 5712 800 5760 ποῖον
849 5705 997 5762 κακὸν
1041 5713 1268 5778 καταντᾷ
1315 5707 1692 5782 ψηλαφούμενον
1742 5710 1802 5766 τὸ
1864 5709 2122 5786 κεφάλαιον

596 5827 625 5857 ι
650 5815 872 5890 Dionys.
893 5819 960 5876 de
987 5821 1096 5876 div.
1135 5819 1292 5875 Nom.

1507 5908 1596 5920 ’λοι--
1612 5903 1628 5923 φ
1674 5910 1719 5922 ινδ
1733 5915 1798 5924 σι...

986 5995 1060 6015 ἡ
1083 5982 1086 5984 Ἴ
1149 6001 1184 6014 ιιι

2020 5927 2054 5941 ,η
2065 5908 2212 5941 ,ρον-*-
2326 5903 2356 5929 ⁴ῒ
2365 5909 2383 5944 ς.
2447 5915 2482 5926 ιν
2491 5907 2648 5944 vni—n24-

2029 5951 2078 5986 φά
2135 5967 2146 5976 ”

2214 3314 2300 3370 vel
2326 3314 2695 3385 operationem
2730 3313 2784 3368 in
2823 3312 3088 3384 utrisque,
3129 3328 3198 3368 ex
3238 3312 3456 3382 quibus,
3489 3321 3548 3366 et
3598 3312 3656 3365 in
3687 3309 3805 3381 qui-

2212 3407 2316 3462 bus
2339 3415 2393 3461 et
2423 3419 2541 3474 qua:
2566 3413 2670 3471 est,
2696 3403 2967 3474 quomodo
2998 3402 3296 3474 poterimus
3324 3408 3418 3456 aut
3445 3415 3571 3457 esse
3595 3408 3698 3454 aut
3719 3414 3809 3452 vo-

2215 3496 2328 3553 cari
2357 3495 2453 3550 Dei
2479 3494 2737 3560 cultores,
2770 3491 3068 3550 secundum
3093 3491 3296 3548 nullum
3321 3491 3542 3548 modum
3572 3491 3808 3546 existere

2215 3603 2338 3646 cum
2377 3588 2651 3643 voluntate
2673 3586 2758 3641 vel
2787 3586 3104 3657 operatione
3132 3583 3399 3651 dicentes,
3426 3583 3520 3654 qui
3543 3582 3806 3638 adoratur

2216 3695 2246 3733 a
2277 3678 2448 3741 vobis,
2483 3676 2690 3732 Deum?
2709 3675 2978 3746 Expresse
3004 3689 3236 3746 namque
3264 3688 3296 3728 a
3317 3672 3526 3728 sanctis
3555 3669 3808 3725 Patribus

2215 3771 2530 3833 edocemur,
2566 3783 2692 3824 cum
2728 3767 2914 3822 dicunt
2945 3781 2962 3820 :
2992 3778 3019 3807 α
3043 3765 3198 3834 Quod
3219 3764 3363 3820 enim
3392 3762 3600 3819 nullam
3635 3761 3807 3815 virtu-

2216 3869 2327 3916 tem
2357 3860 2536 3925 habet,
2565 3874 2740 3930 neque
2785 3866 2890 3923 est,
2938 3872 3114 3929 neque
3152 3856 3352 3928 aliquid
3380 3865 3485 3922 εει,
3525 3867 3710 3924 neque
3730 3859 3808 3907 est

2217 3956 2421 4028 quasvis
2451 3953 2568 4025 ejus
2595 3952 2816 4009 omnino
2855 3951 3071 4022 positio.

2291 4049 2497 4105 Tnson.
2525 4049 2677 4118 Quod
2723 4047 2925 4105 factum
2965 4055 3052 4104 est
3094 4061 3190 4118 per
3219 4042 3688 4116 dispensationem
3745 4054 3807 4096 ne

2218 4142 2458 4214 accipias
2511 4150 2571 4196 ιιι
2615 4133 2792 4196 ratum
2833 4141 3048 4213 dogma.
3105 4138 3250 4200 Max.
3281 4136 3338 4192 Si
3370 4152 3474 4191 non
3518 4143 3608 4190 est
3633 4142 3805 4189 ratum

2217 4250 2408 4293 eorum
2440 4234 2633 4306 dogma
2661 4233 2751 4303 qui
2777 4231 2921 4288 hunc
2947 4229 3234 4302 recipiunt,
3276 4227 3461 4298 Typus
3501 4225 3597 4296 qui
3638 4222 3810 4280 sancit

2216 4339 2275 4387 et
2293 4329 2377 4384 lex
2415 4327 2617 4382 nullam
2656 4325 2940 4382 dicendam
2964 4324 3179 4381 Domini
3206 4322 3542 4378 voluntatem
3568 4319 3657 4377 vel
3679 4333 3805 4391 ope-

2219 4421 2510 4485 rationem,
2543 4433 2773 4489 quarum
2821 4415 3168 4472 dctruncatio
3217 4412 3570 4472 existentiam
3611 4410 3809 4466 indicat

2221 4515 2360 4584 eius,
2391 4513 2483 4585 qui
2515 4511 2676 4568 fuerit
2711 4511 2798 4566 his
2821 4511 3102 4582 privatus;
3127 4523 3234 4580 qua
3257 4522 3355 4579 pro
3390 4520 3554 4562 causa
3611 4503 3809 4559 barba-

2142 4587 2193 4648 D
2221 4607 2350 4662 ricis
2367 4614 2423 4662 et
2447 4605 2564 4660 sine
2586 4603 2695 4658 Deo
2722 4602 2974 4674 gentibus
3009 4616 3096 4657 me
3117 4601 3323 4671 absque
3346 4599 3556 4654 honore
3583 4594 3807 4654 tradidi-

2217 4699 2352 4755 stis?
2398 4697 2516 4766 Qua
2555 4710 2654 4768 pro
2677 4710 2842 4751 causa
2873 4695 3164 4751 damnatus
3188 4707 3311 4750 sum
3341 4691 3410 4747 ad
3454 4687 3809 4745 habitandum

2215 4788 2406 4855 Bizeu,
2439 4796 2494 4843 et
2546 4800 2934 4842 conservorum
2975 4800 3220 4841 meorum
3259 4782 3397 4838 alter
3428 4779 3656 4852 quidem
3684 4777 3808 4833 Per-

2216 4881 2416 4948 berim,
2445 4880 2583 4936 alter
2623 4893 2754 4934 vero
2800 4875 3220 4934 Mesembriam?
3248 4875 3454 4930 Tnson.
3485 4870 3592 4926 Per
3645 4869 3807 4924 Dequ

2219 4979 2310 5050 qui
2347 4993 2432 5034 me
2475 4976 2820 5048 iudicaturus
2858 4975 2968 5032 est!
2998 4985 3054 5032 et
3087 4972 3310 5046 quando
3347 4971 3526 5027 factus
3554 4977 3666 5034 est,
3706 4965 3809 5022 dixi

2221 5080 2277 5128 et
2300 5087 2444 5127 nunc
2478 5070 2711 5140 idipsum
2763 5067 2907 5133 dico,
2967 5067 3092 5139 quia
3145 5065 3287 5122 male
3327 5074 3384 5120 et
3419 5063 3486 5118 ad
3536 5061 3808 5116 hesionem

2222 5162 2516 5218 multorum
2541 5161 2715 5216 factus
2741 5169 2826 5215 est
2851 5159 3054 5230 Typus.
3088 5157 3290 5213 Verum
3319 5153 3536 5211 occasio
3566 5151 3712 5208 facta
3732 5155 3810 5205 est

2222 5261 2283 5306 ιιι
2304 5259 2670 5323 exponeretur
2698 5249 2908 5305 alterna
2941 5249 3008 5305 lis
3031 5248 3462 5304 orthodoxorum
3495 5259 3666 5315 super
3685 5254 3808 5311 ope-

2224 5343 2527 5399 rationibus
2542 5350 2597 5398 et
2619 5340 2987 5397 voluntatibus
3009 5338 3388 5396 altercantium
3414 5354 3429 5392 :
3453 5343 3531 5402 et,
3548 5343 3613 5390 ut
3628 5344 3810 5388 omnes

2225 5450 2360 5504 pace
2385 5442 2568 5488 mutua
2589 5431 2920 5498 fruerentur,
2946 5429 3434 5486 consideraverunt
3461 5425 3688 5497 quidam
3717 5423 3810 5478 bu-

2219 5523 2456 5592 jusmodi
2483 5538 2644 5579 voces
2665 5523 2884 5579 silentio
2910 5520 3371 5593 comprimendas.
3407 5517 3551 5574 Mn.
3590 5516 3661 5572 Et
3696 5513 3810 5584 quis

2230 5619 2403 5674 ﬁdelis
2443 5619 2667 5690 suscipit
2697 5619 3156 5689 diSpensationem
3206 5615 3372 5673 taceri
3401 5614 3690 5670 iacientem
3717 5624 3806 5665 vo-

2229 5728 2342 5782 ces,
2382 5729 2519 5785 quas
2571 5713 2676 5770 dici
2719 5728 2817 5786 per
2843 5711 3136 5783 apostolos,
3187 5719 3242 5768 et
3269 5708 3567 5783 prophetas
3600 5746 3616 5776 ,
3655 5713 3809 5776 atque

3054 5879 3188 5923 ἐρα

2559 5989 2678 6002 ς.-.
2838 5975 2908 5990 ’δ’
