4016 6296
203 327 301 388 653

863 335 1293 394 COLLECTEA.
1319 369 1388 379 -—
1426 333 1694 394 DlSPUT.
1737 333 1950 396 lNTEB
1991 339 2046 397 S.
2093 339 2340 398 MAXIM.
2381 344 2469 400 ET
2511 344 2756 404 'I’HEOD.

3355 343 3460 402 634
3505 371 3512 376 ν

202 450 355 500 τοῦτο.
386 445 443 498 Εἰ
482 444 579 516 γάρ
609 445 730 507 Θεμὶς
778 443 918 504 ἔθετο
967 452 1013 503 ίν
1054 459 1116 524 τῇ
1141 449 1428 528 Ἐκκλησίᾳ,
1457 459 1656 526 πρῶτον
1684 455 1799 524 μένλ

1902 455 2126 513 loctores
2151 458 2294 514 Deus
2331 460 2570 515 omnium
2599 460 2962 532 dispensavit?
2986 460 3052 516 Et
3089 457 3458 531 inspiciamus,

203 536 531 626 ἄποστὲλους,
585 535 822 614 δεύτερον
864 546 1149 617 προφήτας,
1209 548 1376 619 τρίτον
1438 543 1774 608 διδασκάλους

203 631 322 703 πρὸς
349 631 433 684 τόν
459 632 810 708 καταρτισμὸν
834 641 934 688 τῶν
966 634 1155 707 ἀγίωνέ
1188 639 1413 714 Εἰρηκώς
1438 639 1488 692 ίν
1512 646 1584 712 τῷ
1613 640 1772 713 Εὐαγ-

202 722 338 794 γελὶῳ
367 731 476 783 τοῖς
511 725 834 792 ἀποστόλοις,
868 731 952 783 καί
993 725 1059 784 δι’
1099 730 1287 794 αὐτῶν,
1316 735 1518 792 καὶτοῖς
1544 730 1658 804 μετ’
1682 728 1777 786 αὓ-

201 816 328 876 τοῦς·
351 835 367 865 ι
395 812 552 886 ὃύμῖν
567 816 716 892 λέγω,
733 823 866 874 πᾶσι
878 819 1028 892 λέγω.
1057 839 1072 872 ι
1096 825 1185 878 ιίαί
1206 822 1355 877 πάλιν
1372 839 1386 852 ·
1411 840 1429 872 ε
1459 821 1776 895 ὁδεχὸμενος

202 908 346 980 ὖμᾶς,
395 911 482 980 ἕμὲ
513 909 748 984 δέχεται,
781 917 863 970 καί
911 914 938 970 ὁ
985 917 1174 973 ἀθετῶν
1205 917 1360 987 ὑμᾶς,
1391 919 1476 988 ἐμὲ
1523 919 1712 974 ἀθετεῖ.
1751 935 1770 969 ι

201 1001 342 1059 Δῆλον
375 1000 451 1058 ὅτι
497 1008 580 1060 καί
610 1010 884 1080 προφανὲς,
913 1005 966 1069 ὃς
996 1009 1022 1064 ό
1060 1014 1130 1070 μή
1177 1008 1458 1081 δεχόμενος
1496 1014 1618 1072 τοὺς
1647 1013 1778 1067 ἀπο·

200 1093 402 1157 στόλους
432 1101 511 1153 καί
537 1107 800 1175 προφήτας
835 1105 920 1157 καί
950 1101 1288 1162 διδασκάλους
1340 1101 1445 1159 ἀλλ’
1473 1107 1657 1162 ἀθετῶν
1685 1105 1778 1160 αὗ-

201 1193 291 1242 τῶν
312 1189 403 1250 τάς
430 1193 614 1264 φωνὰς,
646 1195 796 1250 αὐτόν
825 1197 993 1252 ἀθετεῖ
1020 1198 1106 1253 τὸν
1126 1197 1362 1272 Χριστόν.

453 1425 482 1448 ν

242 1567 349 1640 ,Καί
389 1565 505 1622 ἄλλο
547 1563 602 1624 δέ
653 1591 1006 1644 σκοπνισωμεν.
1041 1583 1095 1626 ‘0
1141 1572 1266 1632 Θεὸς
1310 1569 1629 1642 ἐκλεξάμενος
1674 1569 1784 1636 ἐξήα

202 1680 350 1734 γειρεν
379 1661 701 1725 ἀποστόλους
747 1667 834 1720 καί
864 1668 1125 1741 προφήτας
1154 1669 1236 1720 καὶ
1266 1661 1625 1728 διδασκάλους,
1649 1663 1783 1737 πρὸς

203 1752 277 1826 τόν
304 1759 652 1828 καταρτισμὸν
697 1766 798 1813 τῶν
847 1757 1029 1830 ἁγίων.
1056 1757 1114 1813 ⁸0
1159 1757 1212 1812 δὲ
1242 1757 1492 1819 διάϐολος.
1520 1755 1785 1828 ψευδαπο·

204 1847 401 1922 σῖόλους
436 1851 514 1904 καί
545 1848 980 1927 ψευδοπροφήτας
1008 1856 1089 1908 καί
1121 1850 1617 1923 ψευδοδιδασκάλους
1654 1851 1787 1906 κατά

203 1946 284 1997 τὶς
315 1941 576 2004 εὐσεϐείας
603 1943 923 2014 ἐκλεξάμενος
967 1945 1233 2020 ἐξήγειρεν,
1265 1947 1398 2000 ὥστε
1444 1947 1527 1998 καί
1563 1945 1648 1999 τόν
1678 1963 1783 1997 πα-

203 2028 325 2105 λαιόν
370 2033 716 2104 πολεμηθῆναι
762 2037 932 2106 νόμον,
970 2038 1166 2092 καὶτὸν
1215 2035 1550 2110 εὐαγγελικόν.
1580 2033 1788 2091 Ψευδα-

205 2127 473 2187 ποστόλους
514 2126 570 2183 δὲ
602 2133 686 2184 καί
715 2129 1137 2208 ψευδοπροφήτας
1181 2135 1267 2186 καί
1293 2127 1789 2202 ψευδοδιδασκάλους

206 2215 374 2281 μόνους
407 2226 502 2272 νοῶ
530 2223 654 2280 τοὺς
684 2221 988 2294 αἴρετικοῦς,
1022 2219 1088 2276 ὧν
1119 2223 1165 2278 oi
1206 2223 1344 2296 λόγοι
1372 2225 1454 2276 καί
1478 2222 1524 2276 oi
1559 2222 1791 2294 λογισμοί

205 2303 574 2382 διεστραμμένα
609 2317 757 2368 ιισίν.
807 2310 1009 2389 ’Ὥσπερ
1057 2309 1143 2370 οὖν
1190 2313 1217 2371 ὃ
1264 2318 1385 2376 τοὺς
1424 2315 1620 2375 ἀληθεῖς
1660 2316 1790 2370 ἀπο’

208 2402 406 2461 στόλους
438 2409 522 2459 καί
552 2410 816 2480 προφήτας
857 2410 942 2462 καί
982 2405 1316 2468 διδασκάλους
1339 2406 1637 2481 δεχόμενος,
1669 2406 1791 2462 Θεὸν

211 2490 426 2561 δέχεται.
467 2494 648 2557 Οὕτως
691 2499 777 2550 καί
812 2497 837 2551 ό
887 2500 1009 2557 τοὺς
1057 2496 1506 2568 ψευδαποστόλους
1535 2501 1618 2552 καί
1665 2495 1792 2567 ψευ-

208 2581 509 2661 δοπροφήτας
556 2592 642 2644 καὶ
685 2589 1184 2662 ψευδοδιδασκάλους
1221 2589 1522 2662 δεχόμενος,
1564 2591 1652 2645 τόν
1681 2587 1792 2644 διά·

211 2679 338 2734 ϐολον
382 2681 623 2754 δέχεται.
654 2695 710 2739 ⁸0
751 2688 916 2741 τοίνυν
959 2685 1280 2741 συνεκϐαλὼν
1317 2687 1440 2746 τοὺς
1471 2669 1645 2757 ἁγίους
1683 2689 1793 2743 τοῖς

211 2770 391 2845 ἔναγέσι
444 2778 528 2829 καὶ
577 2777 884 2850 ἀκαθάρθοις
941 2777 1205 2851 αἰρετικοῖς
1237 2792 1250 2807 ⁸
1317 2775 1520 2841 δέξασθε
1581 2775 1792 2848 λέγοντα

210 2869 288 2924 την
325 2867 548 2926 ἀλήθειαν
576 2885 588 2899 ·
620 2877 694 2943 τῷ
729 2867 948 2941 διαϐόλῳ
991 2878 1262 2947 προφανῶς
1306 2870 1391 2924 τόν
1431 2869 1554 2925 Θεὸν
1589 2888 1791 2939 συγκα-

211 2977 434 3033 τεκρινεν.

275 3055 326 3106 Εἰ
351 3057 514 3109 τοίνυν
539 3057 883 3130 γυμνάζοντες
929 3056 1021 3117 τάς
1059 3057 1328 3129 γενομένας
1369 3057 1694 3124 καινοτομίας
1738 3053 1791 3108 ἐν

213 3157 309 3210 τοῖς
343 3152 606 3227 ἡμετέροις
657 3151 886 3224 χρόνοις,
929 3153 1001 3212 εἰς
1031 3157 1185 3206 τοῦτο
1234 3151 1583 3209 κατωτούσας
1634 3147 1790 3207 αὐτάς

217 3242 495 3317 εὖρίσκομεν
544 3242 606 3298 τὸ
647 3240 928 3316 ἀκρότατον
975 3243 1150 3306 κακῖν,
1189 3241 1338 3316 ἐρᾶτε
1379 3243 1559 3313 μήπως
1595 3241 1790 3314 εἰρήνην

217 3336 649 3409 προφασιζόμενοι,
677 3340 767 3394 τήν
806 3335 1128 3392 ἀποστασίαν
1156 3334 1437 3406 εὐρεθῶμεν
1464 3336 1793 3396 νοσήσαντες,

218 3433 292 3484 καί
337 3435 690 3506 κηρύττοντες,
721 3432 779 3490 ἣν
829 3428 1116 3508 πρόδρομον
1163 3426 1301 3484 εἶπεν
1329 3427 1535 3485 ἔσεσθαι
1579 3436 1670 3489 τῆς
1706 3423 1797 3484 τοῦ

216 3529 566 3598 ’Δντεχρίστου
585 3527 875 3598 παρουσίας
903 3523 928 3580 ό
955 3525 1086 3586 θεῖος
1107 3524 1407 3585 ἀπόστολος.
1435 3527 1610 3578 Ταῦτα
1635 3523 1800 3598 χωρίς

218 3617 486 3680 ὑποστολῆς
525 3613 668 3673 εἷπον
707 3618 853 3686 ὑμῖν,
881 3614 1128 3672 δεσπόται
1165 3638 1285 3686 μου,
1315 3618 1396 3671 ’ίνα
1424 3615 1658 3691 φείσησθε
1690 3614 1803 3670 ἔαυ-

220 3712 308 3760 τῶν
359 3728 412 3764 τε
460 3711 553 3763 καί
606 3710 768 3777 ἡμῶν.
817 3707 1046 3763 κελεύετε
1105 3709 1189 3763 ἵνα
1258 3712 1428 3762 ταῦτα
1479 3706 1802 3782 γεγραμμένα

223 3799 356 3874 ἒχων
387 3807 433 3859 ἓν
471 3828 536 3877 τῃ
567 3805 727 3877 βίϐλῳ
752 3814 844 3866 τῆς
873 3804 1108 3878 καρδίας,
1156 3803 1286 3859 ἔλθω
1330 3803 1646 3860 κοινωνήσων
1688 3799 1740 3854 ἐν
1771 3795 1802 3872 ᾖ

224 3904 379 3954 ταῦτα
407 3898 713 3978 κηρύττεται
739 3898 1024 3974 Ἐκκλησία,
1061 3900 1144 3953 καί
1169 3897 1391 3971 γένωμαι
1437 3893 1664 3954 κοινωνός
1705 3897 1804 3946 τῶν

225 3985 402 4050 ἀληθῶς
429 3991 521 4060 μέν
555 3989 641 4045 τὸν
692 3989 833 4056 Θεὸν,
885 3985 1028 4047 δῆθεν
1072 3985 1126 4042 δέ
1177 3987 1266 4042 τόν
1305 3983 1538 4040 διάϐολον
1589 3989 1661 4052 τῷ
1695 3987 1804 4050 Θεῷ

228 4080 680 4146 συνεκϐαλλόντωνς
722 4086 799 4140 Μή
829 4079 1023 4153 γενοιτό
1071 4098 1159 4149 μοι
1204 4079 1348 4153 παρά
1393 4083 1485 4133 τοῦ
1525 4080 1675 4139 Θεοῦ,
1712 4079 1806 4129 τοῦ

226 4168 284 4226 δι’
308 4174 390 4243 ίμὶ
425 4176 695 4246 γενομένου
744 4175 913 4248 χωρίς
960 4171 1236 4246 ἁμαρτίας.
1291 4173 1379 4225 Καί
1414 4168 1612 4241 βαλλών
1650 4168 1808 4238 μετά·

225 4281 350 4318 νοιαν
387 4260 561 4320 εἶπεν·
610 4263 756 4338 Ἐγὼ,
781 4263 902 4319 εἴτι
939 4263 1160 4318 κελεύετε
1209 4265 1282 4322 εἰς
1325 4261 1414 4316 τόν
1461 4257 1634 4315 δοῦλον
1663 4258 1807 4329 ὑμῶν

228 4361 449 4420 ποιῆσαι,
505 4358 761 4414 ποιήσατε
786 4370 800 4386 ‘
859 4351 963 4425 ὅτιξ
991 4344 1160 4432 ταῦξῖοί
1206 4351 1523 4424 δεχομένοις,
1565 4347 1806 4405 οὐδέποτε

230 4446 412 4517 γίνομαι
442 4447 800 4522 συγκοινωνὸς.

1875 551 2090 608 domine
2113 568 2328 624 magne,
2367 553 2418 608 in
2465 554 2607 624 quod
2644 555 2844 610 malum
2886 553 3135 609 deveniat
3170 561 3458 608 tractatum

1876 642 2172 713 capitulum
2235 645 2397 699 istud.
2454 644 2512 699 Si
2554 646 2698 700 enim
2751 645 2892 700 Deus
2918 645 3098 715 posuit
3123 644 3176 700 in
3214 642 3461 700 Ecclesia

1877 735 2052 806 primo
2081 737 2374 806 apostolos,
2410 739 2648 794 secundo
2681 739 2994 810 prophetas,
3026 737 3186 792 tertio
3212 737 3464 792 doctores

1877 828 1945 882 ad
1997 827 2385 896 perfectionem
2443 839 2776 896 sanctorum,
2827 831 3014 886 dicens
3065 830 3118 884 ln
3171 827 3466 898 Evangelio

1878 923 2172 993 apostolis,
2231 935 2284 982 et
2325 941 2419 996 per
2466 941 2560 980 eos
2613 924 2699 979 his
2748 924 2842 995 qui
2898 931 3018 994 post
3065 923 3210 993 ipsos
3267 930 3394 976 sunt
3445 937 3460 976 :

1879 1019 2033 1085 Quod
2083 1019 2222 1074 vobis
2279 1020 2425 1086 dico,
2475 1018 2711 1074 omnibus
2752 1017 2868 1071 dico
2919 1015 3113 1088 (Marc.
3154 1031 3276 1080 xm,
3330 1013 3458 1084 37);

1878 1119 1934 1165 ct
1977 1111 2207 1166 iterum:
2241 1109 2345 1176 Qui
2379 1111 2556 1179 recipit
2596 1125 2706 1174 vos,
2751 1124 2832 1162 me
2881 1107 3061 1176 recipit
3102 1120 3121 1158 :
3159 1114 3207 1159 et
3238 1106 3328 1175 qui
3375 1119 3463 1158 vos

1880 1203 2096 1272 spernit,
2137 1219 2216 1256 me
2247 1201 2443 1272 spernit
2475 1199 2692 1272 (Matth.
2717 1215 2772 1264 Χ,
2796 1197 2898 1264 40;
2927 1195 3055 1252 Luc.
3093 1213 3148 1262 κ,
3185 1196 3308 1268 16);
3353 1210 3469 1250 ma-

1881 1293 2138 1350 nifestum
2186 1303 2270 1348 est
2318 1308 2382 1348 ac
2427 1291 2798 1363 perspicuum,
2847 1290 2989 1360 quod
3024 1288 3117 1359 qui
3145 1285 3472 1358 nonrccipit

1882 1385 2178 1459 apostolos,
2209 1394 2273 1441 et
2292 1385 2585 1455 prophetas
2616 1393 2670 1438 et
2698 1385 2965 1448 doctores,
2998 1380 3093 1438 sed
3141 1378 3349 1445 spernit
3375 1391 3470 1435 vo-

1883 1493 2005 1534 cem
2028 1491 2238 1543 eorum,
2265 1476 2440 1548 ipsum
2481 1474 2756 1530 Christum
2785 1474 3015 1545 spernit.

1957 1567 2311 1638 Inspiciamus
2361 1574 2542 1620 autem
2589 1575 2644 1620 et
2672 1563 2837 1619 aliud.
2870 1564 3010 1619 Deus
3037 1563 3242 1634 eligens
3265 1562 3471 1618 excita-

1884 1661 1964 1716 vit
1995 1661 2269 1732 apostolos
2324 1670 2382 1716 et
2434 1661 2726 1731 prophetas
2761 1668 2923 1728 atque
2953 1659 3201 1714 doctores
3239 1659 3306 1714 ad
3341 1673 3469 1729 per.-

1890 1751 2175 1808 lectionem
2230 1760 2565 1807 sanctorum.
2598 1751 2668 1806 At
2713 1765 2842 1805 vero
2877 1749 3118 1804 diabolus
3146 1748 3312 1806 falsos
3339 1765 3472 1819 apo-

1891 1845 2081 1910 stolos,
2111 1844 2349 1900 etlalsos
2389 1845 2704 1916 prophetas,
2733 1853 2789 1900 et
2819 1842 2986 1899 falsos
3008 1843 3259 1899 doctores
3285 1852 3472 1899 contra

1891 1939 2144 2009 pietatem
2169 1937 2374 2008 eligens
2393 1937 2682 2003 excitavit;
2708 1951 2815 2008 quo
2837 1943 3066 1992 etvetus
3093 1934 3178 1990 lex
3198 1936 3476 2007 impugne-

1894 2040 1980 2085 tur
2007 2037 2060 2084 et
2107 2028 2438 2099 evangelica.
2480 2027 2670 2083 Falsos
2699 2037 2878 2084 autem
2903 2026 3195 2098 apostolos,
3227 2033 3282 2082 et
3311 2025 3477 2082 falsos

1892 2123 2182 2194 prophetas
2227 2131 2282 2176 et
2312 2121 2476 2176 falsos
2525 2121 2776 2177 doctores
2815 2120 2958 2177 solos
2999 2119 3290 2176 haereticos
3321 2118 3480 2176 intel-

1893 2213 2001 2284 ligo
2031 2253 2047 2277 ,
2082 2227 2312 2282 quorum
2364 2226 2644 2268 sermones
2697 2219 2752 2266 et
2800 2211 3158 2280 cogitationes
3207 2223 3478 2282 perversae

1893 2304 2216 2358 consistunt.
2268 2300 2584 2373 Sicutergo
2628 2303 2697 2366 is,
2737 2301 2829 2372 qui
2863 2315 3022 2357 veros
3076 2299 3386 2372 apostolos,
3423 2307 3483 2354 et

1893 2395 2184 2466 prophetas
2213 2402 2269 2448 et
2295 2393 2548 2448 doctores
2591 2391 2802 2461 recipit,
2843 2391 3011 2447 Deum
3041 2390 3234 2462 recipit
3259 2405 3273 2443 :
3305 2391 3402 2454 ita,
3426 2395 3483 2443 et

1894 2488 1984 2556 qui
2020 2486 2186 2541 falsos
2237 2485 2536 2555 apostolos,
2587 2493 2642 2540 et
2674 2483 2838 2539 falsos
2883 2483 3177 2554 prophetas
3216 2492 3270 2537 et
3315 2481 3480 2536 falsos

1895 2579 2146 2635 doctores
2178 2577 2395 2647 recipit,
2431 2576 2704 2632 diabolum
2729 2574 2944 2644 recipit.
2972 2573 3140 2646 Igitur
3165 2570 3484 2644 quipariter

1895 2687 2014 2726 eum
2047 2671 2293 2727 scelestis
2323 2679 2378 2725 et
2420 2669 2711 2725 immundis
2749 2667 3020 2724 haereticis
3045 2675 3262 2722 sanctos
3297 2662 3480 2732 ejecit,

1873 2764 2178 2835 (suscipite
2195 2778 2282 2818 me
2305 2763 2571 2818 dicentem
2597 2760 2922 2833 veritatem),
2941 2758 3108 2816 Deum
3131 2757 3336 2829 liquido
3357 2769 3483 2812 cum

1896 2859 2111 2918 diabolo
2137 2859 2344 2930 pariter
2372 2856 2773 2914 condemnavit.

1963 3049 2149 3120 Itaque
2177 3048 2222 3104 si
2269 3045 2648 3103 examinantes
2687 3042 2961 3099 novitates
2991 3055 3112 3112 quae
3143 3035 3479 3108 temporibus

1895 3143 2102 3200 nostris
2124 3139 2330 3196 ellech
2356 3148 2503 3202 sunt,
2548 3152 2644 3193 eas
2671 3135 2882 3192 adhoc
2915 3133 3196 3190 devenisse
3218 3126 3487 3186 inveneri-

1899 3254 2021 3294 mus
2045 3250 2316 3292 summum
2367 3232 2596 3298 malum,
2625 3230 2806 3286 videte
2835 3244 2904 3284 ne
2933 3226 3076 3283 forte
3120 3238 3306 3296 pacem
3351 3233 3489 3290 prmo

1901 3330 2206 3394 tendentes,
2235 3326 2507 3398 apostasia
2539 3323 2874 3394 reperiantur
2909 3319 3167 3388 languere
3206 3325 3262 3371 et
3286 3313 3484 3384 praedi-

1901 3437 2060 3487 care;
2086 3437 2248 3492 quam
2281 3430 2678 3490 praecursuram
2703 3413 2818 3470 l‘ore
2839 3409 3162 3466 Antichristi
3194 3406 3486 3461 adventum

1903 3515 2307 3572 sacratissimus
2353 3512 2488 3567 dixit
2529 3506 2837 3580 Apostolus.
2875 3503 3001 3558 Haec
3036 3501 3242 3570 absque
3272 3495 3491 3552 subtra-

1901 3611 2082 3666 ctione
2102 3608 2212 3664 dixi
2243 3605 2418 3671 vobis,
2461 3600 2666 3659 domini
2695 3599 2823 3663 mei,
2847 3605 2906 3652 ut
2935 3593 3170 3667 parcatis
3199 3590 3489 3646 vobismet‘

1904 3703 2037 3774 ipsis
2065 3709 2120 3757 et
2148 3699 2324 3754 nobis.
2364 3696 2575 3752 Jubetis
2597 3702 2657 3750 ut
2684 3693 2801 3748 lucc
2825 3689 3025 3759 scripta
3055 3687 3108 3742 in
3139 3684 3278 3740 libro
3305 3679 3490 3774 cordis

1905 3771 2010 3851 mei
2033 3793 2240 3850 habens
2277 3788 2554 3861 ingrediar
2573 3796 2630 3843 et
2650 3782 3044 3842 communicem
3086 3777 3140 3833 in
3172 3773 3414 3831 Ecclesia
3435 3771 3490 3828 in

1906 3903 2010 3958 qua
2043 3888 2158 3942 lucc
2183 3883 2566 3956 prardicantur,
2613 3887 2668 3938 et
2694 3877 2818 3933 liam
2845 3871 3277 3932 communicator
3298 3880 3489 3924 eorum

1907 3979 1996 4048 qui
2022 3975 2291 4033 veraciter
2313 3974 2529 4045 quidem
2554 3971 2744 4036 Deum,
2772 3967 2906 4024 falso
2928 3979 3060 4021 vero
3075 3961 3344 4019 diabolum
3369 3971 3494 4014 cum

1908 4070 2020 4126 Deo
2059 4067 2315 4137 ejiciunt?
2364 4063 2442 4120 Ne
2482 4065 2577 4119 ﬁat
2609 4061 2739 4118 mihi
2786 4076 2815 4116 a
2867 4058 2979 4114 Deo
3024 4055 3115 4126 qui
3146 4059 3368 4126 propter
3407 4062 3494 4104 me

1908 4161 2205 4217 secundum
2256 4173 2342 4213 me
2383 4155 2562 4211 factus
2587 4160 2674 4209 est
2726 4152 2930 4220 absque
2975 4152 3219 4218 peccato.
3257 4141 3324 4196 Et
3355 4152 3496 4212 genu

1908 4257 2048 4312 ﬂexo
2070 4253 2246 4309 dixit:
2274 4247 2546 4320 Quidquid
2589 4242 2864 4316 iusseritis
2897 4241 2951 4296 in
3003 4250 3218 4293 servum
3253 4241 3497 4288 vestrum

1910 4351 2114 4415 facere,
2145 4347 2326 4402 facite.
2357 4343 2470 4415 Ego
2497 4341 2600 4404 his,
2633 4339 2724 4409 qui
2754 4337 2879 4392 haec
2918 4332 3184 4404 recipiunt
3219 4336 3497 4396 nunquam

1910 4460 2030 4500 com
2040 4441 2347 4496 municabo.

294 4543 377 4594 Bai
401 4543 766 4614 ἀποπαγίντεί
796 4541 882 4596 ἐπί
920 4547 1030 4603 τοῖς
1066 4540 1346 4602 λαληθεῖσι,
1403 4539 1542 4594 κάτω
1569 4537 1799 4608 βαλόντες

1929 4557 1941 4571 ·
1984 4535 2052 4590 Et
2101 4549 2199 4588 ceu
2255 4527 2417 4602 gelidi
2457 4522 2584 4580 facti
2612 4535 2776 4592 super
2805 4519 2891 4574 his
2917 4531 3038 4588 qua:
3091 4514 3233 4572 dicta
3263 4507 3499 4618 fuerant,

234 4633 316 4692 τὰς
351 4634 564 4706 κεφαλὰς
591 4635 836 4705 ἐσίγησαν
861 4635 946 4688 ἐπὶ
972 4635 1109 4710 ὥραν
1144 4633 1318 4692 ἱκανήν
1343 4668 1359 4685 .
1404 4635 1490 4687 καί
1529 4631 1811 4702 ἀνακύψας,

236 4725 309 4776 καί
348 4732 420 4798 τῷ
461 4725 606 4796 λάϐϐᾁ
652 4725 864 4796 Μαξίμῳ
909 4725 1150 4786 ἀτενίσας
1204 4733 1381 4780 ΘΕΟΔ.
1440 4721 1467 4776 ὁ
1509 4724 1814 4788 ὶπίσκοπος,

237 4809 360 4870 εἶπεν
383 4833 394 4846 °
429 4826 598 4890 Ἡμεῖς
618 4817 990 4890 ἀπιφωνοῦμᾶν
1020 4838 1122 4881 σοι,
1154 4819 1242 4874 τόν
1273 4810 1530 4874 δεσπότην
1564 4817 1703 4886 ἡμῶν
1729 4816 1817 4872 τόν

239 4907 460 4977 βασιλέα,
520 4909 621 4974 ὅτι,
673 4917 768 4966 σοῦ
823 4919 1188 4977 κοινωνοῦντος,
1232 4911 1456 4983 κουφίζει
1503 4910 1588 4964 τόν
1631 4911 1813 4965 τύπον.

241 5004 382 5054 HAS.
419 5001 545 5056 Πολύ
576 5002 880 5074 ἀπεχόμεθα
909 5001 998 5056 ἀπ’
1023 5001 1242 5060 ἀλλήλων
1270 5003 1451 5072 ἀκμήν·
1496 5003 1548 5055 τί
1574 5005 1819 5071 ποιοῦμεν

241 5097 352 5167 περί
379 5103 469 5158 τῆς
498 5080 775 5158 συνοδιεῖῶς
817 5096 1185 5168 βεϐαιωθείσης
1227 5103 1412 5167 eavea
1442 5090 1534 5151 τοῦ
1553 5095 1658 5156 ἑνός
1679 5095 1821 5155 θελιῇ⁸

243 5205 411 5251 ματος,
442 5187 522 5242 ἔπ’
547 5188 720 5262 ίκὸολῇ
744 5188 917 5247 πάσης
944 5188 1193 5262 ὶνεργείας
1220 5186 1322 5241 ὑπὸ
1345 5186 1552 5262 Σεργίου
1578 5188 1662 5240 καί
1685 5187 1822 5256 11ύρ-

246 5277 368 5349 ficu;
409 5291 586 5338 ΘΕΟΔ.
635 5289 850 5342 Ἐκεῖνος
895 5279 922 5337 ὃ
964 5278 1171 5356 χάρτης
1223 5279 1512 5350 κατηνέχθη
1565 5281 1649 5334 καί
1701 5280 1825 5334 ἀπε·

251 5371 409 5432 ϐλῆθτν.
438 5383 581 5432 MAI-3.
612 5374 904 5446 ιίοιτηνὲχθη
932 5375 988 5428 ἑκ
1028 5379 1128 5428 τῶν
1157 5372 1348 5427 λιθίνων
1375 5373 1594 5442 τοίχων,
1623 5371 1682 5424 οὗ
1727 5376 1825 5442 μήν

251 5461 300 5519 ίκ
326 5473 422 5522 τῶν
447 5476 626 5544 νοερῶν
649 5468 870 5540 ψυχῶνε
903 5466 1130 5531 Δίξονται
1167 5470 1257 5524 τήν
1285 5466 1585 5540 κατάκρισιν
1609 5465 1818 5526 τούτων,

252 5562 334 5618 τὴν
377 5560 424 5613 ἕν
473 5564 632 5644 Teium
678 5557 957 5620 συνοδικῶς
989 5558 1274 5613 ἃκτεθεῖσαν
1299 5555 1366 5612 δι’
1391 5556 1618 5611 εὐσεϐῶν
1645 5553 1830 5626 δογμά-

253 5669 343 5704 των
391 5674 444 5709 τε
493 5658 574 5709 καί
622 5655 856 5714 κανόνων,
890 5653 978 5708 καί
1021 5651 1224 5705 λέλυται
1267 5651 1325 5704 τό
1375 5649 1702 5719 μεσότοιχον,
1741 5649 1828 5700 καί

254 5756 535 5821 προτροπῆς
562 5750 620 5804 οὐ
659 5745 890 5818 δεόμεθα.
931 5753 1106 5800 ΘΕΟΔ.
1147 5743 1247 5797 Οὐκ
1291 5739 1499 5813 ἕρροται
1534 5742 1562 5797 ἦ
1616 5736 1828 5799 σννόδος

257 5835 286 5891 ἦ
311 5833 358 5891 ἰν
402 5840 582 5915 Ῥώμῃ,
614 5835 784 5905 ἐπειδή
831 5839 1000 5912 χωρίς
1026 5835 1302 5898 κελεύσεως
1342 5834 1511 5908 γέγονε
1554 5830 1824 5902 βασιλίως.

1917 4627 2169 4682 deorsum
2199 4599 2378 4691 capita
2430 4614 2812 4672 submittentes
2858 4608 3125 4665 siluerunt
3155 4618 3249 4674 per
3276 4599 3502 4655 multam

1916 4718 2127 4774 horam.
2191 4713 2260 4768 Et
2329 4722 2590 4769 annuens,
2668 4717 2829 4774 atque
2885 4699 3135 4754 abbatem
3208 4691 3504 4748 Maximum

1917 4812 2123 4866 'l'nrzon.
2155 4806 2403 4868 intuitus,
2446 4802 2583 4858 dixit
2615 4819 2628 4854 :
2659 4798 2768 4854 Nos
2799 4795 2904 4854 (ide
2934 4793 3162 4850 dicimus
3204 4788 3299 4844 tibi
3332 4783 3505 4842 domi-

1918 4918 2047 4958 num
2077 4909 2320 4955 nostrmn
2367 4897 2772 4967 imperatorem,
2819 4887 2960 4960 quod
2985 4894 3037 4941 te
3071 4877 3507 4967 comtnnnicaute

1883 5021 1890 5027 -
1920 4993 2076 5049 tollat
2104 4989 2334 5062 Typum.
2372 4963 2516 5041 Max.
2559 4982 2781 5038 Multum
2812 4978 2988 5033 adhuc
3029 4973 3294 5062 distamus
3325 4964 3394 5020 ab
3421 4963 3506 5018 in-

1919 5087 2116 5140 vicem.
2150 5060 2288 5149 Quid
2321 5079 2582 5134 faciemus
2629 5073 2694 5128 de
2739 5068 3060 5126 conﬁrmata
3093 5060 3349 5135 synodice
3370 5067 3506 5112 voce

1923 5181 2082 5235 unius
2111 5174 2404 5233 voluntatis
2439 5173 2493 5227 in
2537 5167 2854 5238 eiectionem
2885 5162 3064 5218 omnis
3101 5151 3433 5228 operationis
3474 5163 3508 5204 a

1925 5273 2132 5343 Sergio,
2160 5269 2392 5341 Pyrrho,
2419 5281 2484 5320 ac
2508 5261 2709 5318 Paulo?
2751 5258 2954 5313 Tneon.
2987 5252 3080 5308 llla
3123 5250 3309 5306 charta
3343 5245 3509 5343 depo-

1925 5337 2055 5420 sita-
2068 5372 2170 5428 est,
2203 5337 2269 5416 vet
2308 5358 2568 5432 proiecta.
2603 5354 2746 5409 Max.
2778 5349 3030 5421 Deposita
3060 5353 3144 5402 est
3171 5359 3238 5400 ex
3285 5337 3510 5411 lapideis

1924 5455 2240 5528 parietibus,
2268 5467 2374 5506 non
2424 5459 2604 5502 tamen
2631 5460 2697 5500 ex
2725 5438 3177 5498 intellectualibus
3204 5433 3508 5489 animabus.

1928 5547 2240 5619 Suscipiant
2291 5541 2693 5608 damnationem
2725 5537 2944 5602 horum,
2976 5548 3095 5605 qua:
3123 5531 3308 5586 Romae
3351 5537 3514 5596 syno-

1929 5645 2046 5698 dico
2087 5640 2290 5711 prolata
2324 5648 2407 5691 est
2452 5650 2546 5705 per
2595 5633 2682 5704 pia
2728 5632 3002 5702 dogmata,
3049 5641 3144 5681 seu
3193 5619 3430 5692 regulas,
3457 5623 3514 5671 et

1928 5734 2156 5790 solvitur
2235 5728 2446 5784 medius
2508 5725 2729 5796 paries,
2805 5731 2966 5792 atque
3037 5713 3345 5772 hortatione
3403 5722 3513 5764 non

1929 5824 2310 5900 indigebituus.
2365 5819 2431 5876 Et
2487 5817 2565 5874 ait
2636 5816 2840 5875 Tuon.
2895 5809 3179 5884 episcopus
3211 5818 3228 5862 ε
3261 5800 3378 5860 Non
3430 5803 3521 5859 eu
3585 5809 3590 5812 '
