4016 6296
420 224 529 294 639

1597 224 1957 291 ANAS'I‘ASll
1993 225 2541 296 BIBLIOTHECABII

3590 240 3689 297 ϐω

457 337 652 408 ⁸ἰὀὖτο
680 348 734 407 δὲ
763 349 989 413 ἀκούσας
1015 358 1190 406 ΘΕΟΔ.
1234 344 1397 404 εἶπεν·
1446 348 1581 404 Μίαν
1624 348 1874 422 ἐνέργειαν
1917 352 2010 403 τοῦ

2183 349 2254 404 At
2283 366 2412 408 vero
2451 352 2656 410 Tuaen.
2697 352 2803 411 hoc
2841 350 3044 419 audito,
3072 351 3191 409 ait:
3219 349 3397 412 Unam
3424 354 3690 428 operatio-

417 453 644 525 Χριστοῦ
671 450 1022 504 υποστατικὴν
1051 445 1306 519 ἐφείλομεν
1344 444 1520 519 λέγειν.
1560 449 1703 500 MAE-
1739 446 2007 502 Σκοπήσωο·

422 564 515 614 μεν
557 545 618 602 τὸ
667 541 951 615 τικτόμενον
999 540 1053 595 ἔκ
1107 540 1292 596 τούτου
1341 541 1509 604 κακὸν,
1548 539 1885 612 καίφύγωμεν
1918 540 2009 597 τήν

420 636 561 701 ξένην
586 634 778 693 ταύτην
799 635 982 706 φωνάν.
1011 630 1185 685 Μόνων
1206 632 1309 706 γὰρ
1345 629 1606 705 ατρετικῶν
1631 627 2009 682 πολυθεοὺντων

422 724 590 781 ieris.
634 725 690 779 Ei
716 725 815 796 γὰρ
861 723 1210 780 ὐποττατικήν
1255 720 1458 794 λέγομεν
1498 725 1591 777 τοῦ
1642 723 1867 796 Χριστοῦ
1918 723 2009 776 τήν

420 820 542 891 μίαν
564 816 826 889 ἐνέργειαν,
855 815 917 869 οὐ
937 814 1208 885 συμϐαίνει
1236 810 1290 868 δὲ
1320 814 1449 869 κατά
1483 817 1574 872 τήν
1605 811 1899 867 ὑπόστασιν
1935 803 2010 881 τῷ

422 911 583 984 Πατρὶ
629 908 716 963 καί
753 909 1010 978 Πνιύματι
1049 910 1076 963 ὁ
1103 907 1243 972 Υἱὸς,
1273 903 1420 966 δῆλον
1464 903 1547 963 ὅτι
1586 903 1703 962 οἵτε
1749 909 1881 962 κατά
1920 909 2012 965 τὴν

422 1000 766 1059 ὖποστατικὴν
818 1000 1096 1077 ἐνέργειαν·
1144 994 1536 1072 ἀναγκαζόμεθα
1587 996 1642 1055 δὲ
1706 999 1882 1074 ὥσπερ
1936 1004 2010 1069 τῷ

422 1092 544 1166 Υίῷ,
585 1089 720 1148 οὕτω
747 1096 929 1167 καὶτῷ
949 1095 1109 1170 Πατρί
1139 1095 1226 1149 καί
1259 1101 1333 1163 τῷ
1379 1093 1633 1164 ῐινεύματι
1661 1093 2012 1155 ὑποστατικᾶς

421 1186 680 1261 ἐνεργείας
708 1188 996 1258 ἀπονεῖμαι·
1023 1189 1106 1244 καί
1125 1185 1236 1242 καθ’
1274 1191 1427 1257 ὑμᾶς,
1456 1187 1722 1263 τέσσαρας
1756 1188 2011 1262 ίιιεργείας

423 1276 522 1342 ἕξει
542 1279 771 1354 μακαρία
797 1278 1003 1339 θεότης⁰
1035 1286 1174 1355 τρεῖς
1195 1279 1522 1351 ἀφορωτικάς
1560 1286 1660 1335 τῶν
1698 1281 1749 1334 ἐν
1788 1275 1861 1341 οἷς
1898 1281 2010 1336 ἐστι

422 1372 739 1444 προσώπων,
766 1372 856 1427 καὶ
875 1372 996 1440 μίαν
1017 1376 1183 1431 κοινήν
1213 1375 1526 1444 σημαντικῶν
1560 1379 1654 1432 τῆς
1690 1366 1823 1428 κατά
1862 1368 2011 1446 φύσιν

421 1469 524 1518 τῶν
551 1470 704 1539 τριῶν
728 1463 1066 1520 ὑποστάσεων
1092 1463 1377 1527 κοινότητος
1396 1480 1410 1494 ·
1440 1467 1532 1520 Καὶ
1547 1465 1678 1521 κοιτὰ
1709 1466 1832 1526 τοὺς
1855 1466 2014 1522 [lati-

424 1573 539 1631 ρας,
579 1551 720 1628 εἴπερ
759 1554 921 1610 αὐτῶν
946 1554 1207 1628 δεχόμεθα
1228 1560 1317 1616 τήν
1337 1554 1688 1621 διδασκαλίαν,
1724 1557 2014 1634 τετραθεΐαν

430 1651 730 1718 δοσὴσομεν.
761 1653 980 1708 «ιυσικῆν
1004 1650 1122 1726 γὰρ,
1152 1649 1258 1706 ἀλλ’
1300 1651 1401 1721 οὐχ
1443 1650 1793 1712 ὗποστατικήν
1836 1656 2014 1708 πᾶσαν

425 1730 551 1791 εἶναι
580 1735 784 1814 διαγορε
795 1739 968 1794 ύουσιν
995 1740 1265 1814 ἐνέργειαν.
1286 1743 1379 1796 Καὶ
1399 1743 1444 1796 εί
1462 1748 1610 1799 τοῦτο
1629 1740 1772 1799 ἔστιν
1795 1743 2011 1811 ἀληθῶς,

426 1830 495 1892 ὡς
544 1825 635 1885 οὖν
675 1834 757 1885 καί
797 1830 930 1896 ἔστι,
986 1834 1244 1908 τέσσαρας
1292 1836 1488 1910 φύσεις,
1536 1838 1799 1913 τέσσαρας
1846 1839 2012 1903 θεοὺς,

425 1917 753 1998 διαγίροντας
782 1922 1001 1983 ἀλλήλων
1028 1927 1318 1982 ὑποστάσει
1346 1948 1399 1983 τε
1431 1931 1515 1984 καί
1552 1931 1702 2001 φύσει
1745 1928 2017 2002 δειχθησό·

428 2012 556 2084 pro“
578 2012 823 2085 λέγοντες.
850 2015 995 2080 Πλὴν,
1043 2016 1122 2077 τίς
1164 2012 1291 2072 εἶδεν
1334 2015 1366 2077 ἦ
1411 2018 1687 2093 ἐθεώρησεν
1721 2018 2016 2086 ἰδιάζουσαν

428 2104 679 2180 ἐνέργειαν
710 2103 1006 2165 οίουδήποτε
1026 2146 1042 2171 ,
1093 2112 1193 2164 τῶν
1217 2108 1322 2165 ὑπὸ
1369 2108 1427 2165 τό
1467 2105 1598 2171 εἶδος
1634 2112 1912 2185 ἀγομένων,
1935 2115 2019 2168 καί

430 2197 535 2253 ὑπὸ
557 2200 641 2253 τόν
664 2200 828 2254 κοινόν
867 2199 1080 2277 ὁρισμόν
1130 2208 1224 2259 τοῦ
1267 2201 1434 2267 εἴδους
1472 2206 1624 2277 φύσει
1663 2209 2012 2278 vat-rapiatur;

432 2289 684 2348 οὐδέποτε
708 2294 805 2368 γὰρ
850 2297 1038 2368 γίνεται
1082 2296 1141 2352 τό
1185 2297 1530 2370 ᾳύσεικοινόν,
1578 2299 1685 2362 ἑνός
1731 2303 1815 2356 καί
1862 2288 2017 2372 μόνον

431 2385 564 2446 τινός
587 2381 734 2453 ἴδιον,
773 2387 839 2442 τὰ
855 2389 953 2464 γὰρ
983 2388 1304 2445 ὑποστατικὰ
1329 2393 1625 2468 σήμαντρα,
1659 2388 1762 2447 οἷον
1780 2432 1794 2455 ,
1824 2393 2020 2470 γρυπό-

430 2498 546 2543 της,
589 2477 619 2538 ἦ
667 2480 904 2552 σιμότης,
952 2481 987 2541 ἦ
1035 2483 1338 2557 γλαυκότης,
1378 2483 1410 2545 ἦ
1454 2483 1722 2557 ψεδνότης,
1768 2489 1852 2542 καί
1916 2484 2019 2543 ὅσα

432 2574 645 2625 τοιαῦτα
667 2610 684 2635 ,
734 2573 1036 2646 ἀφοριστικά
1081 2577 1184 2630 εἰσι
1232 2576 1596 2647 συμϐεϐηκότα
1642 2584 1741 2633 τῶν
1793 2579 2020 2654 ἀριθμῶν

430 2658 651 2718 ἀλλήλων
697 2658 1053 2735 διαφερόντων.
1103 2671 1205 2728 Πᾶς
1245 2676 1344 2740 γάρ
1400 2663 1669 2744 ἅνθρωπος·
1716 2670 1786 2731 ὧς
1833 2692 1885 2725 τι
1928 2676 2019 2731 τήν

431 2750 582 2823 φύσιν
628 2749 710 2815 ὧν,
757 2753 860 2810 ἀλλ’
909 2757 1012 2828 οὐχ
1058 2758 1127 2818 ὥς
1175 2780 1255 2822 τις
1304 2763 1395 2819 την
1431 2752 1747 2826 ὑπόστασιν,
1800 2764 2022 2837 ἐνεργεῖν

436 2843 646 2914 πεφυκε,
673 2848 800 2901 κατὰ
833 2867 888 2902 τε
917 2848 998 2905 τὸν
1028 2846 1273 2906 ἰδιώτατα
1317 2855 1402 2907 καί
1437 2860 1610 2913 κοινῶς
1654 2852 1914 2926 νοούμενόν
1964 2874 2019 2910 τε

435 2935 523 2991 καί
540 2934 801 3008 λεγόμενον
824 2943 1153 3017 κατηγορικὸν
1171 2941 1332 3017 λόγον.
1358 2940 1471 2999 οἷον
1495 2947 1554 3000 τό
1598 2949 1724 3010 ζῶον
1739 2986 1754 3007 .
1794 2948 1852 3003 τὸ
1888 2947 2023 3021 λογι-

2110 459 2232 500 nem
2264 446 2463 504 Christi
2508 448 2966 505 subsistentialem
3007 448 3271 506 debemus
3302 450 3510 521 dicere.
3550 445 3692 507 Si“.

2109 534 2463 609 inspiciamus
2477 540 2675 596 malum
2697 540 2841 612 quod
2863 556 2933 597 ex
2952 542 3056 598 hoc
3070 543 3340 614 gignetur,
3358 552 3417 600 et
3429 542 3693 616 fugiam.

2110 640 2388 687 externam
2421 634 2560 691 hanc
2584 650 2772 691 vocem
2810 648 2827 690 :
2869 635 3253 692 hzeretlcorum
3281 638 3430 695 enim
3458 646 3547 695 est
3577 648 3691 694 tau—

2111 737 2224 786 tum
2253 732 2344 802 qui
2369 731 2592 788 deorum
2628 731 3027 789 multitudinem
3066 731 3277 790 colunt.
3309 732 3368 790 Si
3400 734 3553 790 enim
3575 730 3696 793 sub-

2111 823 2464 880 sistentialcm
2497 824 2698 884 Christi
2742 826 3042 885 dixerimus
3078 842 3242 889 unam
3281 829 3691 901 operationem.

2111 930 2233 971 cum
2260 932 2365 973 non
2393 927 2608 989 aptetur
2637 919 2929 991 aliquando
2962 920 3260 978 secundum
3287 919 3696 977 subsistentiam

2111 1011 2258 1066 Patri
2282 1024 2339 1067 et
2360 1010 2585 1083 Spiritui
2610 1010 2799 1079 Filius,
2818 1014 2964 1069 haud
2987 1013 3208 1070 dubium
3221 1012 3352 1085 quin
3376 1028 3481 1070 nec
3508 1029 3697 1070 secun-

2112 1100 2238 1156 dum
2288 1102 2749 1159 subsistentialem
2773 1104 3143 1176 operationem
3178 1122 3191 1159 :
3221 1120 3484 1178 cogemur
3509 1118 3697 1175 quem-

2113 1190 2401 1247 admodum
2443 1191 2601 1258 Filio,
2660 1192 2733 1249 ita
2790 1205 2846 1250 et
2871 1192 3023 1249 Patri
3058 1202 3116 1250 et
3143 1192 3372 1268 Spiritui
3397 1193 3697 1253 subsisteuo

2115 1282 2270 1340 tiales
2291 1286 2636 1355 operationes
2663 1286 2903 1342 tribuere
2934 1302 2949 1342 :
2980 1294 3068 1352 et,
3095 1286 3392 1342 secundum
3423 1299 3544 1352 vos,
3571 1300 3703 1357 qua-

2117 1385 2238 1433 tuor
2256 1379 2603 1450 operationes
2625 1378 2848 1434 habebit
2887 1378 3048 1435 beata
3071 1377 3347 1442 divinitas,
3381 1385 3497 1433 tres
3526 1392 3701 1450 aegre

2117 1469 2324 1539 gativas
2336 1483 2568 1540 persona
2577 1484 2693 1525 rum
2710 1470 2763 1524 in
2779 1469 2974 1541 quibus
2992 1476 3098 1533 εει,
3113 1476 3166 1524 et
3184 1483 3345 1524 tutam
3361 1481 3707 1524 communem

2119 1561 2533 1632 signiﬁcativam
2564 1562 2844 1617 societatis
2866 1575 2987 1632 qua:
3013 1569 3097 1617 est
3133 1560 3431 1617 secundum
3462 1567 3707 1615 naturam

2121 1652 2283 1709 trium
2301 1654 2773 1710 suhsistentiarum
2792 1671 2806 1707 :
2823 1661 2897 1715 et,
2915 1652 3212 1709 secundum
3226 1652 3442 1717 Patres,
3457 1651 3504 1707 si
3519 1650 3708 1706 dunta-

2118 1753 2213 1801 xat
2231 1761 2417 1802 eorum
2441 1745 2745 1802 doctrinam
2766 1744 3078 1815 recipimus,
3096 1743 3493 1814 quadripertita
3506 1742 3711 1798 erimus

2118 1837 2318 1893 deitate
2338 1835 2675 1907 languentes.
2700 1835 3012 1892 Naturalem
3037 1835 3251 1905 quippe,
3284 1848 3391 1889 non
3413 1831 3712 1888 subsisten-

2119 1927 2324 1994 tialem,
2347 1944 2562 1986 omnem
2576 1944 2696 1985 esse
2709 1930 3004 1984 decernunt
3019 1927 3415 1997 operationem.
3433 1923 3527 1991 Et,
3540 1923 3585 1980 si
3609 1924 3715 1980 hoc

2117 2036 2307 2076 verum
2348 2028 2460 2088 est,
2499 2021 2637 2077 sicut
2682 2035 2740 2075 re
2780 2035 2906 2076 vera
2947 2028 3061 2084 est,
3105 2026 3341 2090 quatuor
3372 2025 3632 2081 naturas,
3659 2020 3717 2073 et

2117 2123 2350 2185 quatuor
2382 2123 2577 2170 natura
2620 2112 2751 2169 deos
2790 2110 3102 2167 ditl'erentes
3146 2111 3215 2165 ab
3255 2109 3491 2165 invicem
3533 2106 3715 2164 subsi-

2121 2206 2316 2261 stentia
2343 2216 2400 2260 et
2431 2212 2621 2259 natura
2657 2204 2837 2259 dicere
2884 2201 3283 2274 apparehimur.
3329 2197 3715 2254 Verumtamen

2119 2298 2242 2367 quis
2274 2297 2439 2360 dixit,
2480 2304 2574 2351 aut
2617 2293 3012 2365 contemplatus
3049 2299 3131 2348 est
3176 2306 3426 2347 seorsum
3475 2290 3716 2348 habitam

2119 2386 2489 2457 operationem
2516 2383 2813 2456 cujttspiam
2841 2398 3029 2438 eorum
3049 2423 3065 2449 ,
3095 2396 3214 2451 qua:
3246 2383 3347 2437 sub
3374 2381 3556 2451 aliqua
3587 2395 3715 2452 spe-

2122 2481 2205 2537 cie
2234 2481 2580 2553 rediguntur,
2621 2488 2676 2534 et
2709 2480 2811 2534 sub
2848 2477 3121 2535 communi
3160 2472 3479 2529 diﬂinitione
3510 2471 3716 2545 speciei

2123 2585 2317 2632 natura
2366 2572 2660 2630 taxantur?
2703 2570 2986 2642 Nunquam
3024 2570 3169 2627 enim
3215 2567 3509 2639 aliquando
3554 2566 3617 2621 tit
3664 2564 3717 2620 id

2122 2667 2264 2738 quod
2290 2673 2483 2723 natura
2509 2679 2796 2722 commune
2823 2670 2927 2729 est,
2957 2662 3119 2718 unius
3142 2670 3199 2716 ct
3225 2659 3392 2716 solius
3428 2656 3719 2729 cujuslibet

2121 2760 2420 2830 proprium.
2477 2756 2909 2815 Subsistentialia
2949 2740 3183 2826 namque
3241 2753 3477 2817 indicia,
3524 2759 3720 2823 utputa

2125 2852 2241 2908 nasi
2283 2850 2567 2922 prolixitas
2596 2864 2692 2906 seu
2734 2848 3007 2913 brevitas,
3046 2856 3139 2903 aut
3181 2845 3463 2904 oculorum
3501 2842 3718 2910 albedo,

2125 2953 2218 3001 aut
2243 2943 2521 3001 calvitium
2541 2982 2559 3009 ,
2594 2950 2651 3000 et
2682 2956 3015 3013 quaecunque
3047 2947 3176 2996 sunt
3213 2937 3338 2993 talia
3359 2977 3376 3003 ,
3406 2935 3720 3008 deputativa

441 3026 552 3094 κόν,
580 3026 640 3083 τό
675 3030 868 3092 θνητόν,
902 3028 1030 3109 ὅπὲρ
1075 3032 1189 3089 ἔστι
1226 3029 1323 3090 τοῦ
1366 3034 1477 3091 καθ’
1529 3038 1664 3107 ἡμᾶς
1711 3043 1908 3110 γενικοῡ
1936 3038 2020 3092 λό·

2130 3037 2431 3095 aecidentia
2473 3046 2602 3093 sunt
2647 3033 2890 3091 numeris
2929 3034 2998 3088 ah
3048 3031 3278 3087 invicem
3323 3026 3718 3085 diﬂemutibus.

2140 3130 2287 3137 -.
2419 3130 2433 3137 _
2533 3120 2635 3137 -.
2802 3124 3177 3137 ...
3332 3115 3718 3137 μ,

437 3138 552 3203 γου.
579 3120 758 3183 Πάντες
786 3124 885 3195 γὰο
910 3132 1002 3184 τῆς
1021 3126 1176 3188 αὐτῆς
1201 3128 1488 3199 μετέχομεν
1530 3132 1682 3193 ζωῆς,
1726 3138 1819 3190 τῆς
1867 3131 2027 3191 αὑτῆς

416 3207 788 3289 λογικότητος,
824 3217 909 3269 καί
935 3223 1026 3277 τῆς
1049 3220 1207 3278 αὗτῆς
1225 3219 1348 3293 ῥοῆς
1386 3223 1472 3275 καί
1513 3220 1794 3294 ἁποῤῥοῆς·
1826 3225 1913 3276 καί
1939 3229 2030 3278 τοῦ

438 3301 752 3369 καθέζεσθαι,
812 3309 898 3364 καί
939 3308 1208 3376 ἵστασθαι,
1257 3312 1343 3366 καί
1382 3311 1571 3377 λαλεῖν,
1613 3316 1701 3366 καί
1746 3317 1919 3387 σιγᾷν,
1944 3312 2032 3369 καί

442 3389 589 3466 ὁρᾷν,
627 3397 710 3450 καί
732 3396 954 3464 ἀκούειν,
986 3403 1073 3456 καί
1100 3400 1383 3458 ἅπτεσθαι·
1435 3403 1569 3479 ἅπερ
1606 3404 1706 3459 είσι
1734 3410 1827 3458 τοῦ
1864 3410 2030 3471 κοινοῦ

442 3484 515 3558 ἐφ’
535 3488 675 3558 ἡμῶν
698 3493 968 3563 νοουμένου
999 3492 1166 3566 λόγου.
1195 3498 1269 3550 Οὐ
1297 3493 1378 3551 δεῖ
1394 3490 1481 3552 οὖν
1516 3505 1824 3571 καινοτομεῖν
1863 3497 2032 3571 φωνὰς

447 3583 516 3650 μὴ
546 3578 775 3650 ἐχούσας
823 3586 984 3656 ἰσχὺν
1031 3585 1062 3645 ἦ
1099 3593 1344 3664 γραφικήν
1394 3588 1426 3649 ἢ
1468 3595 1716 3667 πατρικὴν
1737 3588 1769 3649 ἦ
1794 3595 2031 3662 φυσικήν,

444 3667 568 3724 ἀλλὰ
598 3670 735 3758 ξένην
754 3712 772 3737 ,
820 3679 909 3731 καί
956 3674 1289 3754 διαστροφάς
1341 3679 1619 3753 ἀνθρώπων
1665 3682 1997 3758 ίξηυρημίνην
2016 3717 2031 3734 ο

444 3758 573 3818 ῐὶλὴν
602 3757 767 3825 δεῖξόν
815 3786 903 3836 μοι
928 3769 1123 3827 ταύτην
1174 3771 1398 3842 κειμένην
1449 3773 1501 3826 ἦν
1547 3757 1826 3843 οἱῳδήποτι
1849 3776 2029 3849 Πατρί,

446 3853 531 3905 καί
574 3851 722 3909 πάλιν
765 3858 851 3912 τὸν
898 3864 1012 3913 νοῦν
1068 3865 1162 3917 τοῦ
1213 3863 1405 3922 ταύτην
1463 3863 1720 3940 εἰρηκότος
1762 3865 2033 3931 ίπιζητοῦ·

445 3961 557 4014 μεν.

524 4519 700 4568 ΘΕΟΔ.
737 4512 799 4567 Τί
828 4506 947 4579 οῧν;
980 4514 1040 4568 οὐ
1084 4510 1167 4569 δεῖ
1199 4513 1459 4575 παντελῶς
1499 4512 1584 4569 ἐπὶ
1614 4517 1848 4586 Χριστοῦ
1877 4511 2039 4586 λέγειν

452 4601 572 4673 μίαν
618 4604 903 4678 ἐνεργείανς
962 4611 1103 4661 MAI-Ei.
1154 4607 1295 4662 κατὰ
1335 4611 1426 4666 τὴν
1465 4605 1614 4677 ἁγίαν
1660 4611 1892 4682 γραφήν,
1953 4607 2040 4660 καί

453 4695 576 4754 τοὺς
612 4693 791 4767 ἁγίους
842 4697 1088 4771 Πατίρας,
1140 4694 1283 4752 οὐδίν
1335 4702 1567 4753 τοιοῦτον
1604 4696 1762 4768 λίγειν
1811 4696 2041 4772 παρελάσ-

458 4782 611 4857 6ομεν
632 4801 648 4818 ’
705 4784 811 4840 ἀλλ’
842 4787 1020 4861 ὥσπερ
1048 4784 1140 4842 δὺο
1164 4787 1341 4861 φύσεις
1367 4787 1451 4841 τόν
1475 4787 1700 4863 Χριστόν
1747 4789 1842 4849 τὰς
1892 4788 1943 4851 ἐξ
1973 4784 2042 4842 ὦν

459 4878 600 4935 ἐστιν
623 4919 639 4944 ,
687 4880 853 4941 οὕτως
908 4882 990 4934 καί
1027 4881 1124 4941 τὰς
1171 4882 1393 4953 φυσικάς
1440 4882 1602 4936 αὐτοῦ
1664 4880 1896 4941 Θελήσεις
1959 4883 2043 4936 καί

460 4968 711 5047 ἐνεργείας
745 4971 1061 5033 καταλλήλως
1089 4973 1254 5045 αὐτῷ,
1311 4965 1442 5042 όμοῦ
1496 4992 1553 5027 τε
1599 4969 1752 5045 φύσει
1799 4956 1917 5046 Θεῷ*
1960 4977 2044 5028 καί

457 5064 708 5140 ἀνθρώπῳ
735 5063 842 5122 ὄντι
867 5073 943 5123 τῶ
966 5067 1127 5140 αὐτῷ.
1180 5065 1441 5121 πιστεύειν
1492 5067 1578 5121 καί
1626 5064 1889 5139 ὁμολογεῖν
1920 5067 2042 5119 ἕπεο

460 5158 749 5234 τράπημεν.
790 5167 965 5215 ΘΒΟΔ.
998 5155 1216 5225 Ὀντως,
1270 5157 1520 5227 δέσποτα,
1566 5162 1655 5213 καὶ
1686 5161 1831 5234 ἡμεῖς
1859 5157 2040 5228 όμολο·

459 5258 646 5326 γοῦμεν
680 5253 766 5307 καί
798 5253 890 5313 τὰς
922 5257 1098 5325 φύσεις
1138 5257 1226 5309 καί
1257 5251 1528 5330 διαφόρους
1576 5254 1862 5326 ἐνεργείας,
1918 5272 2042 5310 του-

465 5348 635 5411 τέστι,
663 5347 798 5401 θείαν
841 5365 896 5400 τε
926 5350 1007 5401 καὶ
1057 5347 1366 5424 ἀνθρωπίνην
1391 5363 1403 5378 ’
1450 5349 1536 5401 καί
1585 5346 1841 5405 θελητικήν
1881 5346 2042 5401 αὐτοῦ

466 5443 557 5500 τὴν
607 5439 862 5504 θεότητα,
919 5441 1002 5494 καί
1043 5439 1297 5500 θελητικήν
1329 5436 1488 5497 αὐτοῦ
1533 5445 1624 5501 τήν
1654 5436 2045 5516 ἁνθρωπότητα’

467 5532 642 5594 ἐπειδὴ
678 5535 766 5589 οὐκ
813 5530 933 5590 ἄνευ
963 5533 1212 5597 θελήσεως
1250 5533 1308 5596 ἦν
1336 5537 1366 5593 ἡ
1411 5534 1565 5607 ψυχή
1606 5537 1790 5590 αὐτοῦ.
1843 5534 1941 5587 Δύο
1993 5530 2047 5588 δὲ

462 5629 519 5682 οὐ
551 5627 777 5699 λέγομεν,
802 5626 886 5683 ἵνα
911 5632 980 5700 μή
1004 5626 1298 5702 μαχόμενον
1330 5628 1477 5684 αὐτὸν
1507 5632 1652 5700 αὐτῷ
1675 5627 2044 5700 εἰσαγάγωμεν.

465 5726 610 5775 ΝΛΞ.
640 5721 706 5773 Τί
729 5713 846 5787 οὖν;
893 5716 986 5775 δύο
1019 5720 1197 5791 φύσεις
1226 5719 1457 5791 λέγοντες
1475 5758 1491 5790 ,
1535 5721 1836 5791 μαχομένας
1883 5715 2048 5793 αὒτᾷς

2131 3130 2322 3187 Omnis
2346 3130 2491 3186 enim
2533 3120 2728 3190 homo,
2757 3135 2816 3182 ut
2858 3124 3062 3196 aliquid
3089 3131 3285 3178 natura
3320 3120 3591 3182 existens,
3627 3115 3725 3173 sed

2131 3241 2239 3283 non
2264 3234 2325 3281 ut
2360 3224 2503 3297 quis,
2541 3220 2890 3279 subsistentia
2917 3217 3254 3291 dignoscitur
3280 3214 3495 3287 operari
3526 3226 3725 3269 secun-

2132 3321 2258 3377 dum
2307 3316 2666 3391 categorieam
2721 3314 3007 3378 rationem,
3059 3324 3181 3382 quae
3236 3319 3345 3364 tant
3374 3303 3728 3378 singulariter

2132 3426 2297 3483 quam
2341 3407 2702 3466 communiter
2749 3403 3092 3476 intelligitur,
3142 3414 3350 3458 necnon
3399 3406 3454 3454 et
3500 3395 3725 3454 dicitur.

2137 3504 2366 3576 Utputa,
2406 3501 2606 3559 animal
2647 3499 2913 3557 rationale
2944 3496 3090 3570 quod
3118 3505 3205 3552 est
3236 3492 3509 3567 generalis
3533 3503 3733 3547 secun-

2133 3597 2259 3655 dum
2290 3613 2389 3653 nos
2414 3595 2660 3652 rationis.
2700 3593 2901 3650 Omnes
2929 3592 3074 3647 enim
3113 3589 3356 3646 eamdem
3394 3584 3730 3658 percipimus

2134 3691 2323 3755 vitam,
2354 3697 2410 3746 et
2436 3688 2682 3746 eamdem
2710 3683 3212 3746 rationabilitatem,
3238 3687 3294 3735 et
3317 3677 3538 3739 ﬂexum.
3560 3683 3621 3733 et
3639 3674 3734 3731 de-

2132 3780 2353 3848 ﬂexum,
2376 3789 2432 3838 et
2460 3780 2671 3845 sedere,
2701 3785 2757 3835 et
2780 3785 2949 3842 stare,
2970 3784 3027 3832 et
3053 3773 3225 3845 loqui,
3248 3779 3305 3828 et
3338 3780 3543 3834 tacere,
3569 3775 3630 3823 et
3652 3766 3735 3822 vi-

2133 3872 2287 3938 dere,
2312 3879 2368 3929 et
2388 3871 2596 3937 audire,
2626 3877 2683 3926 et
2713 3877 2968 3940 tangere,
3000 3880 3121 3936 quae
3157 3870 3284 3920 sunt
3321 3858 3581 3923 rationis,
3613 3868 3733 3928 qua

2134 3964 2496 4025 communiter
2524 3963 2578 4019 in
2609 3960 2765 4019 nobis
2794 3959 3186 4029 intelliguntur.
3207 3953 3326 4011 Non
3350 3955 3537 4023 itaque
3564 3964 3733 4021 opor-

2137 4066 2214 4115 tet
2242 4058 2503 4114 innovare
2531 4069 2691 4111 voces
2710 4069 2816 4110 non
2847 4052 3108 4109 habentes
3128 4050 3261 4114 vim,
3280 4046 3366 4104 vel
3389 4059 3565 4103 sacrm
3585 4043 3736 4101 Sui.

2134 4162 2307 4224 pturae
2327 4192 2344 4217 ,
2386 4148 2471 4204 vel
2515 4146 2769 4212 Patrum,
2800 4155 2895 4201 aut
2919 4142 3255 4208 naturalem,
3288 4138 3382 4197 sed
3410 4146 3657 4193 exteram
3680 4142 3737 4192 et

2138 4243 2393 4301 versutiis
2419 4241 2699 4299 hominum
2727 4237 3095 4295 adinveutam.
3135 4235 3523 4290 Verumtamen
3549 4237 3736 4285 osten-

2138 4336 2207 4393 de
2251 4335 2384 4392 mihi
2430 4334 2571 4390 hanc.
2605 4332 2838 4405 positam
2866 4330 2941 4386 'in
2989 4327 3182 4400 quovis
3219 4325 3407 4389 Patre,
3448 4330 3506 4379 ct
3535 4321 3737 4377 iterum

2062 4431 2117 4494 D
2142 4445 2360 4489 sensum
2388 4426 2506 4498 ejus
2532 4427 2625 4500 qui
2653 4426 2796 4482 hanc
2825 4423 2961 4481 dixit
2990 4420 3345 4493 inquiremus.

2215 4522 2420 4579 Tusoo.
2472 4517 2613 4588 Quid
2654 4517 2822 4589 ergo?
2862 4531 2969 4572 non
3023 4521 3232 4586 Oportet
3287 4508 3623 4566 omnimodis
3681 4506 3735 4564 itt

2143 4615 2360 4672 Christo
2398 4613 2581 4669 dicere
2610 4624 2774 4665 unam
2808 4604 3218 4679 operationem?
3243 4601 3387 4657 Max.
3421 4597 3735 4658 Secundum

2143 4715 2388 4762 sanetam
2443 4700 2780 4773 Seripturam
2831 4706 3157 4767 sanctosque
3209 4695 3440 4760 Patres,
3496 4691 3574 4747 nil
3634 4689 3739 4747 tale

2145 4798 2430 4854 dicendum
2457 4794 2811 4865 suscepimus.
2844 4791 2953 4848 Sed
2980 4787 3434 4862 quemadmodum
3468 4786 3609 4840 duas
3637 4802 3739 4840 na-

2144 4897 2293 4945 turas
2320 4887 2595 4944 Christum
2622 4900 2689 4941 ex
2720 4881 2916 4954 quibus
2936 4890 3116 4946 etest,
3139 4880 3213 4934 ita
3236 4886 3292 4935 et
3318 4876 3598 4932 naturales
3618 4874 3738 4945 ejus

2146 4982 2448 5038 voluntates
2475 4990 2532 5035 et
2557 4978 2904 5049 operationes
2930 4974 3314 5033 convenientes
3338 4972 3480 5037 sibi,
3514 4986 3642 5026 cum
3668 4969 3741 5025 sit

2146 5082 2337 5130 natura
2365 5071 2507 5128 Deus
2537 5070 2676 5126 idem
2712 5070 2826 5140 ipse
2859 5066 3017 5124 simul
3045 5076 3101 5123 et
3125 5067 3312 5131 homo,
3347 5064 3575 5120 credere
3597 5060 3739 5133 iussi

2148 5177 2336 5218 sumus
2378 5168 2435 5216 et
2476 5158 2742 5215 conﬁteri.
2795 5155 3000 5214 Tal-:00.
3058 5154 3213 5220 Vere,
3256 5154 3496 5219 domine,
3545 5162 3599 5208 et
3642 5166 3740 5209 nos

2147 5253 2469 5309 conﬁtemur
2496 5261 2552 5307 et
2583 5259 2806 5307 naturas
2829 5259 2886 5305 et
2909 5249 3255 5320 operatioues
3279 5247 3544 5311 diversas,
3579 5245 3632 5299 id
3658 5251 3743 5299 est

2147 5345 2387 5400 divinam
2415 5354 2472 5401 et
2499 5344 2826 5409 humanam,
2869 5351 3033 5414 atque
3074 5341 3243 5413 ipsius
3286 5356 3411 5395 cum
3463 5337 3741 5392 voluntate

2149 5440 2433 5503 deitatem,
2463 5438 2557 5494 sed
2584 5447 2638 5493 et
2675 5452 2796 5492 cum
2822 5435 3096 5492 voluntate
3124 5433 3518 5490 humanitatem
3551 5449 3566 5485 :
3602 5444 3738 5501 quo.

2151 5531 2296 5587 niam
2325 5532 2442 5586 sine
2462 5529 2737 5585 voluntate
2761 5528 3064 5584 nullatenus
3088 5536 3203 5581 erat
3228 5525 3407 5580 anima
3430 5521 3571 5592 eius.
3601 5523 3743 5579 Duas

2151 5631 2330 5676 autem
2370 5637 2476 5675 non
2517 5619 2781 5683 dicimus,
2822 5633 2889 5673 ne
2924 5616 3068 5672 hunc
3096 5614 3311 5670 sibimet
3339 5627 3573 5685 pugnam
3606 5607 3743 5664 infe-

2150 5723 2358 5771 rentem
2390 5712 2815 5769 introducamus.
2844 5708 2986 5767 Max.
3015 5708 3225 5783 Ergone
3246 5705 3381 5763 duas
3408 5711 3634 5761 naturas
3662 5699 3740 5759 di-
