4016 6296
300 332 398 392 σει

922 332 1444 393 COLLECTANEA.
1492 365 1556 380 -
1598 335 1868 396 DlSPUT.
1912 338 2120 396 INTER
2157 341 2215 399 S.
2256 341 2498 400 MAXIM.
2543 343 2629 400 ET
2671 345 2920 404 THEOD.

3469 341 3578 408 διε

297 456 534 526 ε’σάγετε
603 450 688 509 διά
742 450 825 507 τὶν
875 450 1119 530 ἀριθμόν;
1161 461 1340 509 ΘΕΟΔ.
1372 451 1464 508 Οῧ.
1495 461 1640 509 ΜΑΞ.
1666 457 1726 509 Τί
1751 449 1838 509 οῦν

1987 465 2191 522 centes,
2223 468 2588 530 repugnantes
2625 475 2718 516 eas
2753 460 2965 517 infertis
2999 467 3220 533 propter
3248 470 3579 524 numerum?

298 550 514 618 φύσεσιν
543 541 962 618 ἐπιφημιζόμενος
1011 543 1036 598 6
1073 545 1285 619 ἀριθμὸς
1321 546 1377 599 οὐ
1433 543 1647 619 διαιρεῖ,
1676 545 1780 599 ἀλλ’
1804 545 1888 600 ἐπὶ

290 637 542 696 οελγζσεων
589 640 676 692 καί
733 637 990 712 ἐνεργειῶν
1033 635 1341 710 λεγόμενος,
1405 637 1704 714 διαιρέσεως
1763 637 1888 712 ἔχει

289 727 541 795 δυνάιαη
568 737 746 785 ΘΕΟΔ.
790 727 1015 791 Πάντως’
1047 732 1136 785 καί
1167 731 1213 784 oi
1244 731 1458 807 Πατὲρες
1511 731 1595 786 ίπί
1641 731 1886 792 θελήσεων

287 825 376 878 καί
411 826 669 899 ἐνεργειῶν
698 825 784 879 οὐκ
819 821 959 879 εἶπον
982 863 999 892 ,
1031 827 1300 898 φεύγοντες
1323 831 1413 886 τήν
1446 825 1695 903 διαίρεσιν
1723 867 1739 891 ,
1779 827 1886 882 ἀλλ’

282 907 447 975 ἄλλη)
473 920 560 970 καί
591 913 762 982 ἄλλην,
794 919 880 972 καί
909 919 1044 973 θείαν
1088 920 1173 973 καί
1210 918 1539 992 ἀνθρωπίνην,
1587 922 1667 975 καί
1705 918 1884 980 διπλῆν

283 1008 377 1062 καὶ
407 1009 603 1070 διττόν
627 1011 710 1066 καί
735 1012 804 1072 ὦς
831 1005 975 1068 εἶπαν
1001 1011 1150 1084 λέγω,
1192 1015 1275 1068 καί
1305 1014 1374 1076 ὡς
1413 1014 1650 1090 εἰρήκασι
1676 1014 1822 1086 λέγω.

355 1289 505 1341 HAS.
560 1287 652 1344 Διά
710 1288 797 1344 τὸν
843 1289 1048 1363 Χῦριον.
1106 1289 1227 1347 Ἐάν
1271 1289 1353 1352 τίς
1401 1303 1482 1348 σοι
1541 1289 1676 1366 εἴπῃ,
1729 1289 1879 1351 ἄλλην

277 1376 367 1432 καί
410 1372 590 1443 ὅλλην,
633 1379 806 1440 πόσας
855 1387 1024 1446 vorte;
1071 1379 1127 1437 Ἣ
1152 1424 1165 1444 ,
1206 1383 1344 1436 θείαν
1399 1385 1486 1437 καί
1534 1383 1835 1458 ἀνθροπίνην
1860 1427 1874 1452 ,

275 1473 451 1532 ποσάς
471 1479 634 1538 νοεῖς,
667 1470 728 1529 ἰι
749 1474 927 1536 διπλῆν
956 1481 1038 1532 καί
1066 1477 1259 1545 διττὴν,
1303 1477 1470 1540 πόσας
1501 1488 1667 1542 νοεῖςξ
1697 1489 1873 1536 ΘΕΟΔ.

276 1557 413 1618 οἶδα
453 1570 565 1624 πῶς
593 1572 709 1630 νοῶ,
758 1564 855 1622 δύο
898 1567 952 1624 δὲ
987 1571 1044 1623 οὐ
1069 1569 1217 1644 λέγω.
1261 1570 1382 1626 Τότε
1425 1573 1665 1646 στραφεὶς
1711 1571 1738 1628 6
1783 1573 1876 1627 ἀϐ-

277 1651 378 1714 ϐἄς
414 1661 683 1712 ΜΛΞΙΜΟΣ
735 1661 869 1731 πρὸς
936 1663 1055 1723 τοὺς
1097 1659 1400 1735 ἄρχοντας,
1451 1660 1601 1720 εἴπεο
1649 1667 1740 1720 Διά
1792 1667 1877 1720 τὸν

273 1747 484 1822 κύριον
550 1747 635 1804 ἐάν
711 1751 963 1811 ἀκούσητε
1038 1757 1161 1825 μίαν
1234 1757 1323 1811 καί
1393 1760 1515 1828 μίαν
1541 1797 1555 1819 ,
1640 1757 1668 1816 ἦ
1728 1753 1876 1817 ἄλλην

1991 549 2194 606 Tuaen.
2233 551 2348 606 Non
2396 552 2538 607 Max.
2576 553 2785 626 Ergone
2817 555 3024 610 naturis
3046 557 3357 628 designatus
3386 576 3572 617 nutne«

1988 659 2080 699 rus
2113 661 2219 700 non
2250 646 2468 712 dividit,
2509 647 2634 712 sed,
2661 664 2782 702 cum
2816 649 2870 703 in
2902 649 3267 706 voluntatibus
3304 660 3357 706 et
3382 669 3571 724 opera-

1988 737 2222 794 tionibus
2245 739 2477 806 dicitur,
2523 741 2809 798 divisionis
2841 742 3006 798 habet
3046 743 3338 800 virtutem?
3368 745 3569 803 Tarson.

1988 830 2184 903 Utique
2216 833 2268 888 in
2305 834 2388 890 his
2419 833 2738 892 divisionem
2763 835 2947 902 habet,
2980 845 3034 892 et
3065 836 3258 894 Patres
3288 855 3574 896 numerum

1984 923 2038 978 in
2059 923 2430 982 voluntatibus
2449 936 2504 981 et
2524 927 2928 998 operationibus
2950 943 3057 984 non
3079 929 3285 993 dixere,
3310 929 3579 1001 fugientes

1983 1013 2342 1082 divisionem;
2383 1016 2475 1072 sed
2493 1016 2723 1073 alteram
2767 1025 2821 1072 et
2845 1017 3108 1084 alteram,
3147 1028 3309 1090 atque
3335 1019 3576 1078 divinam

1981 1113 2035 1159 et
2057 1105 2370 1173 humanam,
2393 1107 2631 1178 duplam,
2657 1107 2943 1179 duplicem,
2967 1117 3043 1175 et,
3063 1116 3121 1164 ut
3140 1109 3394 1165 dixerunt
3422 1109 3567 1178 dico,

1981 1203 2056 1262 et,
2087 1205 2144 1251 ut
2167 1196 2297 1253 fassi
2321 1207 2448 1253 sunt
2475 1198 2666 1255 fateor.

2051 1289 2194 1345 Max.
2240 1290 2468 1362 Propter
2497 1292 2782 1347 Dominum
2809 1293 2822 1348 Ξ
2853 1293 2898 1348 si
2929 1293 3214 1366 quisquam
3247 1293 3343 1350 tibi
3376 1293 3549 1350 dixeri

1979 1385 2204 1440 alteram
2235 1395 2290 1442 et
2325 1386 2585 1452 alteram,
2617 1396 2749 1456 quot
2787 1386 3078 1458 intelligis?
3117 1385 3202 1442 vel
3227 1387 3446 1459 duplam
3477 1393 3574 1444 aut

1979 1475 2276 1546 duplicem,
2320 1485 2452 1547 quot
2491 1476 2782 1548 intelligis?
2809 1476 3012 1534 'l‘nzou.
3052 1476 3183 1534 Novi
3223 1479 3456 1548 qualiter
3486 1479 3570 1534 in-

1981 1568 2213 1640 telligam
2241 1586 2254 1623 :
2285 1570 2420 1624 duas
2440 1577 2622 1624 autem
2647 1585 2752 1626 non
2778 1569 2917 1625 dico.
2943 1569 3092 1626 Tunc
3112 1586 3410 1628 conversus
3431 1570 3570 1626 abba

1976 1658 2119 1715 Max.
2149 1661 2216 1713 ad
2245 1659 2537 1731 principes,
2569 1660 2702 1715 dixit
2732 1674 2760 1714 ευ
2774 1659 3002 1730 Propter
3032 1660 3351 1717 Dominum!
3381 1662 3435 1718 Si
3467 1678 3566 1717 au-

1976 1753 2185 1808 dieritis
2211 1767 2374 1807 unam
2409 1761 2465 1807 et
2493 1767 2680 1817 unam,
2712 1763 2768 1808 et
2807 1751 2967 1806 aliam
3007 1767 3070 1806 ac
3113 1751 3312 1818 aliam,
3359 1761 3453 1808 aut
3481 1753 3569 1809 bis

269 1839 358 1891 καί
411 1835 584 1903 ἄλλην,
630 1839 659 1899 ἢ
715 1840 793 1902 δίς
837 1840 950 1910 δύο,
990 1843 1020 1904 ἢ
1057 1843 1132 1906 δίς
1190 1847 1360 1908 πίντε,
1419 1849 1470 1902 τί
1515 1852 1713 1907 νοοῦτες
1757 1855 1851 1909 τοί,

1976 1843 2132 1908 duas,
2163 1851 2255 1896 aut
2289 1841 2373 1896 bis
2406 1841 2660 1912 quinque,
2691 1842 2818 1913 quid
2847 1841 3206 1914 intelligentes
3230 1843 3315 1897 his
3342 1843 3434 1913 qui
3462 1842 3566 1900 hoc

268 1927 513 2001 λέγουσιν
539 1934 869 2010 ἀποκρίνεσθε
889 1952 904 2003 ;
928 1939 1019 1993 καί
1047 1933 1216 1993 εἶπαν*
1237 1937 1440 1999 Ἐπειδὴ
1463 1941 1687 2015 ὥρκισας
1713 1942 1867 2012 ἡμᾶς,

268 2023 334 2078 τὸ
363 2026 509 2094 μίαν,
540 2023 635 2082 δύο
668 2035 910 2100 νοοῦμεν·
955 2033 1038 2084 καί
1087 2027 1240 2090 ἄλλην
1285 2035 1366 2086 καί
1401 2030 1574 2101 ἄλλην,
1605 2031 1698 2088 δύο
1726 2041 1869 2089 νοοῦ-

267 2132 404 2188 μεν·
450 2121 534 2173 καί
572 2117 650 2180 δίς
685 2117 806 2187 δὺο,
857 2123 1092 2200 τίσσαρα
1141 2131 1386 2195 νοοῦμεν·
1435 2125 1620 2196 ὁμοίως
1658 2130 1743 2182 καί
1790 2124 1868 2189 δὶς

268 2205 444 2276 πέντε,
478 2206 598 2264 δέκα
634 2218 869 2283 νοοῦμεν.
917 2217 1006 2268 Καὶ
1041 2215 1219 2288 ὥσπερ
1252 2213 1501 2278 αἰδεσθεὶς
1535 2225 1865 2273 ΘΕΟΔΟΣΙΟΣ

266 2302 364 2356 τήν
412 2299 681 2379 ἀπόκρισιν
733 2303 971 2370 ἐκείνων,
1020 2302 1165 2361 εἶπε⁶
1213 2307 1283 2361 τὸ
1331 2312 1402 2378 μή
1446 2310 1705 2382 εἰρημένον
1757 2317 1865 2371 τοῖς

265 2392 546 2466 ιατράσιν,
577 2394 636 2448 οὐ
663 2393 814 2468 λέγω.
842 2399 933 2451 Καί
957 2397 1127 2452 λαϐὼν
1161 2399 1344 2461 εὐθέως
1384 2398 1410 2454 6
1460 2399 1629 2460 ἀϐϐἆς
1676 2405 1864 2454 ΜΔΞΙ·

264 2491 391 2536 ΜΟΣ
431 2487 523 2542 τὴν
569 2484 739 2555 βίϐλον
782 2495 882 2544 τῶν
923 2491 1289 2568 πεπραγμένων
1331 2500 1420 2554 τῆς
1461 2491 1610 2564 ἀγίας
1639 2494 1863 2549 ἀποστο-

262 2571 411 2637 λεκῆς
459 2576 700 2645 συνόδου,
732 2578 887 2646 ἔδειξε
933 2585 1054 2644 τοὺς
1107 2582 1285 2658 ἀγίους
1337 2587 1566 2656 Πατέρας
1616 2587 1708 2646 τὰς
1763 2585 1859 2641 δύο

258 2669 499 2734 θελήσεες
555 2676 635 2728 καί
689 2675 941 2750 ἐνεργείας
989 2685 1079 2734 τοῦ
1128 2688 1355 2757 Σωτῆρος
1409 2682 1550 2752 ἡμῶν
1599 2682 1683 2734 καὶ
1729 2689 1858 2736 Θεοῦ

257 2769 431 2822 Ἰησοῦ
485 2772 709 2841 Χριστοῦ
757 2765 1028 2847 διαῤῥηδην
1085 2769 1449 2842 λέγοντας.Ἠν
1481 2771 1649 2826 λαϐὼν
1684 2771 1857 2843 βίϐλον

256 2861 368 2908 τῶν
393 2860 763 2930 πεπραγμένων
782 2859 834 2925 ίξ
859 2863 1014 2916 αὐτοῦ
1047 2861 1320 2925 Θεοδόσιος
1359 2861 1385 2918 6
1416 2862 1634 2928 ὕπατος,
1669 2863 1856 2934 ἀνέγνω

256 2947 354 3000 καί
390 2947 545 3009 αὐτὸς
575 2952 748 3012 πάσας
771 2953 863 3014 τάς
892 2958 1115 3028 χρήσεις
1138 2961 1238 3009 τῶν
1284 2956 1536 3029 Πατίρων.
1597 2957 1685 3009 δαί
1738 2956 1854 3010 τότε

255 3037 556 3115 ἀπεκριθείς
595 3050 772 3099 ΘΕΟΔ.
805 3046 1078 3106 ἐπίσκοπος
1128 3043 1266 3102 εἶπεν
1293 3062 1307 3078 ⁶
1356 3044 1413 3097 ’0
1449 3047 1570 3108 Θεὸς
1626 3044 1778 3113 οἶδεν,
1812 3051 1855 3102 εἰ

251 3138 332 3204 μὴ
361 3145 710 3210 προσωπικῶς
759 3139 823 3194 τά
858 3141 1146 3212 ἀναθίματα
1183 3137 1345 3195 ἒθεκεν
1391 3142 1422 3198 ἡ
1458 3138 1663 3201 σύνοδος
1694 3139 1847 3206 αὕτη,

1973 1936 2220 1991 dicereut
2265 1935 2702 2005 responderetis?
2741 1935 2808 1990 Et
2848 1935 3100 1990 dixerunt
3131 1951 3144 1988 :
3175 1934 3440 2002 Quoniam
3475 1935 3566 1992 ad-

1966 2026 2164 2098 juvain
2192 2042 2311 2093 nos,
2341 2041 2503 2081 unam
2534 2035 2589 2083 et
2618 2042 2804 2092 unam,
2835 2027 2968 2084 duas
3003 2025 3372 2099 intelligimus,
3404 2036 3459 2085 et
3486 2028 3564 2083 al-

1973 2130 2142 2177 teram
2174 2128 2229 2176 et
2255 2119 2501 2184 alteram,
2519 2119 3037 2192 duasintelligimus,
3063 2129 3115 2176 et
3139 2119 3223 2175 bis
3247 2119 3405 2186 duas,
3428 2136 3564 2192 qua-

1970 2221 2095 2269 tuor
2119 2211 2466 2283 intelligimus
2495 2228 2509 2265 :
2541 2210 2962 2266 sirniliter'etbis
2987 2209 3470 2281 quinque,decem.
3495 2212 3564 2268 Et

1968 2305 2367 2376 quodammodo
2394 2303 2658 2360 reveritus
2683 2303 2888 2360 Tusco.
2917 2303 3323 2374 responsionem
3349 2319 3560 2372 eorum,

1967 2397 2042 2451 ait
2075 2413 2088 2451 :
2120 2393 2273 2464 Quod
2303 2410 2410 2450 non
2441 2403 2523 2450 est
2551 2411 2580 2450 a
2612 2394 2863 2450 Patribus
2891 2394 3094 2450 dictum
3115 2435 3130 2461 ,
3175 2411 3282 2451 non
3322 2396 3464 2452 dico.
3494 2396 3562 2452 Et

1966 2498 2186 2559 accepto
2214 2489 2465 2558 protinus
2507 2487 2645 2542 abba
2673 2485 2815 2541 Max.
2861 2484 3000 2541 libro
3037 2494 3313 2556 gestorum
3355 2496 3559 2542 sanctae

1965 2598 2030 2638 ac
2056 2582 2366 2652 apostolicae
2409 2581 2600 2651 synodi
2644 2579 2937 2645 Romanas,
2978 2581 3300 2636 monstravit
3339 2590 3556 2637 sanctos

1963 2674 2152 2730 Patres
2177 2675 2310 2730 duas
2348 2675 2654 2729 voluntates
2678 2683 2734 2730 et
2761 2673 3106 2745 operationes
3134 2673 3434 2729 Salvatoris
3459 2689 3556 2729 no-

1961 2771 2059 2828 stri
2088 2780 2142 2827 et
2173 2771 2266 2826 Dei
2300 2769 2428 2826 Jesu
2455 2769 2654 2825 Christi
2686 2778 2872 2840 aperte
2902 2769 3160 2824 dicentes.
3194 2768 3362 2835 Quem
3393 2783 3554 2824 acce-

1958 2872 2110 2934 ptum
2148 2863 2215 2918 ab
2255 2878 2319 2918 eo
2360 2862 2695 2918 Theodosius
2738 2860 2926 2917 consul
2970 2859 3120 2931 legit,
3159 2861 3252 2916 sed
3289 2868 3344 2916 ct
3370 2862 3554 2916 omnia

1959 2962 2269 3009 sanctorum
2311 2953 2618 3008 testimonia
2659 2952 2903 3007 Patrum.
2935 2951 3193 3022 Tuncque
3221 2951 3554 3022 respondens

1959 3043 2162 3099 Τηίου.
2194 3043 2479 3114 episcopus
2507 3042 2644 3097 dixit
2688 3059 2700 3096 :
2735 3042 2878 3098 Deus
2914 3041 3036 3107 scit,
3069 3041 3172 3096 nisi
3211 3041 3338 3112 quia
3366 3056 3555 3111 perso-

1957 3137 2152 3192 naliter
2190 3137 2535 3191 anathemata
2567 3135 2745 3206 posuit
2778 3134 3018 3205 synodus
3049 3134 3192 3199 lucc,
3224 3132 3343 3204 plus
3385 3149 3550 3202 quam

251 3228 434 3286 πὶεῖον
467 3233 656 3293 παντὸς
695 3235 964 3310 ἀνθρώπου
999 3233 1254 3306 ἐδεχόμην
1290 3236 1468 3293 αὐτήν.
1504 3233 1630 3288 Ἀλλ’
1665 3234 1747 3288 ἶνα
1779 3240 1848 3305 μὴ

1959 3230 2134 3285 omnis
2176 3230 2338 3284 homo
2380 3227 2708 3298 recepissem
2755 3226 2922 3280 illam.
2973 3225 3080 3281 Sed
3126 3241 3196 3281 ne
3239 3240 3422 3280 moras
3461 3224 3551 3280 hic

252 3323 681 3398 χρονοτριϐὧμεν
719 3323 953 3388 ἐνταῦθα,
1008 3327 1057 3381 εἴ
1075 3348 1125 3382 τι
1155 3322 1301 3381 εἶπαν
1341 3327 1387 3379 οί
1431 3325 1668 3400 Πατέρες,
1699 3325 1848 3400 λέγω,

251 3417 338 3466 καί
371 3415 634 3492 ἐπράῑρως
661 3420 849 3482 εῦθίως
891 3429 1044 3486 ποιῶ,
1092 3419 1182 3475 δύο
1217 3423 1414 3494 φύσεις,
1443 3425 1524 3475 καί
1576 3419 1666 3476 δύο
1711 3421 1851 3481 60.13-

250 3525 397 3574 ματα
431 3511 516 3562 καί
550 3505 642 3564 δύο
673 3511 948 3585 ἐνεργείας·
986 3516 1067 3568 καὶ
1101 3511 1285 3568 εἴσελθε
1310 3511 1416 3584 μεθ’
1445 3515 1586 3584 ἡμῶν
1621 3517 1852 3574 κοινωνή-

252 3615 384 3661 σων,
419 3602 505 3653 καί
533 3601 752 3671 γενέσθω
791 3604 994 3665 ἵνωσις.

328 3696 474 3745 ΜΔΞ.
506 3694 764 3760 Δέσποτα,
792 3699 889 3769 ἐγώ
919 3702 976 3752 οὐ
1000 3699 1170 3769 τολμῶ
1199 3698 1443 3765 δέξασθαι
1472 3703 1848 3772 συγκατάθεσιν

249 3779 381 3851 παρ’
412 3781 556 3852 ὑμῶν
584 3783 839 3859 ἔγγραφον
867 3794 986 3865 περὶ
1030 3793 1268 3846 τοιοῦτον
1322 3794 1647 3866 πράγματος,
1702 3794 1848 3866 ψιλὸς

249 3871 516 3946 ὑπάρχων
544 3879 802 3948 μοναχός⁹
843 3880 948 3936 ἀλλ’
978 3883 1067 3936 ἐὰν
1114 3884 1374 3948 κατίνυξεν
1417 3887 1551 3956 ὑμᾶς
1607 3884 1632 3939 ὁ
1681 3888 1844 3952 Θεὸς,

249 3964 350 4022 τάς
380 3971 481 4020 τῶν
509 3965 663 4039 ἀγίων
691 3971 923 4046 Ηατέρων
953 3971 1188 4038 δέξασθαι
1217 3978 1402 4045 φωνάς,
1431 3978 1595 4036 καθὼς
1639 3977 1852 4033 ἀπαιτεῖ

253 4051 283 4108 6
311 4060 498 4122 κανὼν,
525 4061 656 4131 πρὸς
689 4064 776 4118 τὸν
807 4067 997 4135 Ῥώμης
1028 4070 1147 4142 περὶ
1179 4069 1366 4123 τούτου
1419 4069 1681 4144 ἐγγράφως
1714 4071 1842 4125 ἀπο·

248 4148 516 4206 στείλατε’
546 4152 701 4225 ἤγουν
734 4155 759 4210 6
811 4156 1077 4229 βασιλεὺς.
1110 4162 1193 4215 καί
1245 4157 1271 4214 6
1319 4162 1653 4236 πατριάρχης
1698 4165 1781 4216 καί
1809 4163 1841 4220 ἦ

248 4240 366 4297 κατ’
395 4243 550 4298 αὐτὸν
582 4247 814 4310 σύνοδος.
847 4249 975 4324 ἐγὼ
1003 4247 1101 4330 γάρ
1160 4252 1274 4308 οὐδὲ
1322 4255 1516 4310 τούτων
1569 4257 1840 4326 γινομένων

249 4343 492 4402 κοινωνῶ,
533 4340 904 4418 ἀναφερομένων
931 4352 1032 4400 τῶν
1071 4347 1569 4417 ἀναθεματισθὲντων
1621 4347 1706 4401 ἐπί
1747 4355 1838 4408 τῆς

248 4425 398 4500 ἀγίας
420 4432 698 4510 ἀναφορᾶς.
731 4437 983 4507 Φοϐοῦμαι
1025 4441 1124 4513 γάρ
1167 4439 1225 4494 τὸ
1255 4441 1544 4515 κατάκριμα
1589 4446 1680 4494 τοῦ
1714 4441 1833 4495 ἀνα-

1955 3320 2238 3376 faciamus.
2270 3319 2543 3391 Quidquid
2569 3319 2824 3373 dixerunt
2851 3316 3043 3373 Patres
3082 3316 3224 3382 dico,
3250 3324 3306 3370 et
3339 3316 3392 3370 in
3419 3317 3549 3371 scri-

1954 3412 2060 3483 ptis
2096 3411 2352 3467 coutiuuo
2384 3410 2526 3466 facio
2557 3408 2690 3464 duas
2714 3391 2956 3471 naturas,
2983 3415 3038 3463 et
3061 3407 3197 3463 duas
3219 3407 3543 3473 voluntates,

1952 3515 2006 3557 et
2035 3505 2168 3560 duas
2207 3504 2550 3574 operationes
2585 3519 2597 3556 :
2629 3511 2683 3556 et
2723 3501 3040 3572 ingredere,
3067 3500 3348 3556 nobiscum
3388 3515 3540 3556 com-

1952 3599 2187 3664 munica,
2215 3608 2270 3652 et
2293 3597 2383 3652 fiat
2409 3597 2606 3652 unitas.

2023 3689 2166 3743 Mu.
2207 3689 2460 3754 Domine,
2497 3703 2603 3742 non
2643 3686 2816 3742 audeo
2855 3701 2956 3758 ego
3005 3686 3280 3758 suscipere
3314 3702 3543 3744 consen-

1949 3799 2068 3841 sum
2098 3800 2127 3838 a
2169 3784 2323 3838 vobis
2354 3784 2408 3838 in
2452 3783 2671 3854 scriptis
2707 3797 2872 3854 super
2908 3781 3278 3853 hujuscemodi
3306 3799 3384 3849 re,
3416 3799 3538 3839 cum

1947 3878 2048 3936 sim
2082 3877 2379 3932 monachus
2405 3891 2591 3945 purus.
2634 3873 2740 3931 Sed
2782 3882 3068 3945 postquam
3107 3875 3249 3930 Deus
3288 3877 3356 3930 ad
3391 3891 3536 3931 com—
3607 3905 3612 3909 -

1945 3973 2294 4042 punctionem
2317 3986 2416 4025 vos
2445 3969 2719 4033 excitavit,
2755 3980 2782 4009 ι
2813 3968 2866 4022 in
2897 3967 3114 4038 scriptis
3145 3967 3533 4034 transmittite;

1945 4063 1996 4118 id
2021 4072 2102 4118 est
2130 4063 2444 4132 imperator,
2490 4069 2544 4115 et
2566 4059 2877 4130 patriarcha
2903 4059 3246 4128 synodusque
3275 4059 3534 4130 ipsorum.

1943 4155 2054 4226 Ego
2084 4156 2228 4210 enim
2260 4169 2360 4208 nec
2390 4153 2474 4208 his
2503 4152 2739 4223 peractis
2764 4151 3126 4218 communico,
3149 4152 3276 4206 dum
3298 4153 3535 4208 recitan-

1942 4257 2030 4304 tur
2058 4245 2501 4302 auathematizati
2528 4245 2668 4299 inter
2693 4253 2937 4298 sanctam
2961 4243 3283 4298 oblationem
3318 4262 3331 4298 :
3368 4244 3532 4300 timeo

1937 4337 2083 4394 enim
2133 4335 2636 4392 condemnationem
2691 4333 3070 4388 anathematis.
3128 4333 3334 4389 Tusou.
3386 4333 3530 4390 Deus

1936 4429 2103 4492 novit,
2133 4443 2238 4483 non
2271 4424 2606 4496 reprehendo
2635 4433 2684 4477 te
2731 4423 2856 4492 quia
2882 4423 3059 4487 times,
3089 4437 3190 4476 nec
3217 4422 3355 4478 alius
3383 4425 3531 4494 quis-

247 4523 489 4593 θέματος.
524 4535 699 4582 ΘΕΟΔ.
747 4540 803 4586 ‘0
839 4533 963 4592 Θεὸς
995 4529 1154 4597 οἶδεν,
1211 4534 1268 4587 οὐ
1319 4513 1678 4604 καταγινώσκω
1735 4554 1831 4588 σου

1959 4537 2121 4591 lnam.
2150 4519 2256 4574 Sed
2293 4519 2357 4572 da
2390 4517 2544 4572 nobis
2573 4513 2856 4571 consilium
2884 4522 3102 4585 propter
3137 4515 3446 4582 Dominum,
3478 4517 3525 4572 si

247 4615 563 4689 φοϐουμένου
585 4635 598 4648 ⁸
632 4619 738 4675 ἀλλ’
783 4621 897 4678 οὔτε
935 4621 1080 4686 ἄλλός
1131 4646 1229 4686 τις.
1269 4625 1412 4678 ’Δλ”ά
1437 4624 1520 4686 δὸς
1551 4628 1672 4698 ἡμῖν
1700 4627 1827 4696 βων

243 4706 336 4768 lin
363 4707 450 4767 διά
477 4714 564 4767 τὸν
610 4717 808 4791 κύριον,
853 4720 939 4773 ἐάν
983 4718 1097 4774 ἔστι
1147 4724 1298 4774 τοῦτο
1324 4717 1535 4774 δυνατὸν
1573 4721 1827 4792 γενέσθαι.

243 4807 390 4855 ΝΛΞ.
445 4807 594 4860 Ποίαν
641 4807 825 4880 βουλήν
878 4808 991 4881 ἔχω
1043 4811 1164 4880 ὑμῖν
1226 4812 1346 4884 περί
1397 4809 1579 4864 τούτου
1630 4808 1826 4876 δοῦναις

244 4889 514 4965 Ὑπάγετε,
542 4896 870 4970 ψηλαφήσατε
897 4902 980 4956 ἐάν
1003 4924 1052 4958 τι
1079 4909 1306 4958 τοιοῦτον
1351 4905 1521 4978 γέγονέ
1550 4925 1671 4958 ποτε
1700 4943 1714 4969 ,
1748 4909 1829 4959 καὶ

240 4985 377 5052 μετά
418 4985 628 5044 θάνατον
665 4992 886 5050 ἀπελύθη
929 4996 1006 5053 τίς
1044 5001 1137 5049 τοῦ
1185 4998 1305 5070 περὶ
1341 5001 1428 5055 τήν
1457 4997 1632 5051 πίστιν
1657 4995 1828 5068 ἐγκλή-

237 5094 426 5143 ματος,
467 5083 549 5133 καί
582 5088 671 5136 τοῦ
703 5085 1047 5156 ἐξενεχθέντος
1090 5090 1202 5144 κατ’
1243 5092 1400 5143 αὑτοῦ
1427 5093 1820 5164 κατακρέματος.

240 5169 330 5218 Ιῖαί
377 5167 765 5236 καταδέξηταιό
791 5175 1034 5245 βασιλεὺς
1083 5181 1168 5232 καί
1215 5178 1240 5232 6
1293 5182 1628 5256 πατριάρχης
1667 5186 1821 5252 μιμή-

240 5260 433 5315 σασθαι
480 5270 573 5316 τοῦ
618 5272 748 5320 Θεοῦ
783 5273 870 5326 τήν
919 5272 1331 5343 συγκατάϐασιν.
1382 5276 1469 5326 Καί
1514 5277 1818 5336 ποιήσωσιν,

237 5345 266 5402 6
310 5351 401 5418 μὲν
431 5353 656 5411 κέλευσιν
703 5359 1101 5433 παρακλητικήν,
1153 5361 1178 5416 6
1227 5361 1280 5418 δὲ
1335 5363 1597 5424 συνοδικην
1645 5364 1820 5425 δέησιν

234 5439 368 5512 πρὸς
401 5444 484 5498 τὸν
537 5448 716 5504 πάπαν
744 5454 972 5523 Ῥὡμης’
1029 5456 1116 5508 Καί
1168 5455 1370 5516 πάντως
1416 5453 1554 5534 εἴπερ
1601 5457 1820 5533 εὑρεθείη

235 5553 428 5608 τροπος
464 5540 907 5611 ἕκκλησιαστικός,
943 5554 1096 5604 τοῦτο
1125 5549 1408 5626 ἔπιτρίπων
1437 5549 1520 5607 διά
1553 5558 1643 5612 τήν
1671 5554 1820 5629 ὀρθὴν

238 5626 508 5702 ὁμολογίαν
537 5644 626 5698 τῆς
646 5641 888 5707 πίστεως,
912 5643 1292 5716 συμϐιϐάζεται
1321 5647 1443 5720 ὑμῖν
1466 5650 1585 5724 περί
1607 5650 1814 5704 τούτου.

1939 4623 2020 4670 est
2057 4615 2156 4668 hoc
2194 4611 2447 4683 possibile
2487 4610 2625 4663 fieri.
2659 4607 2800 4662 Marx.
2835 4607 2988 4674 Quod
3034 4608 3316 4664 consilium
3352 4610 3526 4667 habeo

1937 4724 2099 4779 super
2123 4709 2227 4762 hoc
2248 4708 2377 4761 dare
2403 4701 2588 4758 vobis?
2614 4701 2711 4766 lte,
2736 4700 3171 4772 perscrutamini,
3196 4701 3240 4756 si
3266 4701 3370 4757 tale
3396 4704 3525 4772 quid

1937 4800 2224 4872 aliquando
2273 4797 2474 4852 factum
2524 4794 2616 4860 sit,
2659 4802 2714 4848 et
2760 4801 2880 4864 post
2931 4801 3160 4848 mortem
3205 4793 3412 4850 solutus
3453 4795 3526 4850 sit

1935 4895 2200 4968 quispiam
2225 4909 2254 4946 a
2285 4890 2513 4947 crimine
2537 4888 2681 4959 quod
2706 4887 2760 4942 in
2787 4885 2908 4941 fidei
2937 4901 3095 4942 causa
3124 4887 3416 4953 contraxit,
3445 4896 3525 4944 at-

1935 5003 2040 5058 que
2067 4985 2134 5039 ab
2164 4984 2309 5039 illata
2347 4991 2535 5038 contra
2570 4991 2631 5035 se
2669 4977 2889 5050 querela
2928 4994 3021 5033 seu
3055 4978 3434 5046 damnatione;
3465 4989 3522 5034 et

1933 5078 2272 5134 consentiant
2298 5076 2590 5145 imperator
2615 5087 2678 5127 ac
2706 5070 3011 5141 patriarcha
3037 5068 3236 5124 imitari
3268 5070 3365 5124 Dei
3391 5085 3521 5126 cou-

1932 5172 2355 5230 descensionem,
2381 5167 2648 5235 faciatque
2673 5164 2966 5233 imperator
2987 5161 3201 5230 quidem
3217 5161 3518 5232 jussionem

1932 5265 2292 5338 rogatoriam,
2325 5258 2634 5332 patriarcha
2669 5269 2802 5311 vero
2828 5253 3137 5324 synodicam
3175 5254 3515 5324 deprecatio-

1932 5376 2052 5414 nem
2096 5356 2161 5412 ad
2199 5369 2391 5426 papam
2429 5351 2732 5405 Romanum
2768 5365 2780 5400 :
2821 5354 2875 5400 et
2913 5343 3154 5414 profecto
3192 5343 3236 5398 si
3271 5352 3518 5413 repertus

1929 5451 2094 5506 fuerit
2143 5461 2260 5502 mos
2300 5441 2488 5514 procul
2529 5438 2691 5494 dubio
2728 5435 3128 5494 ecclesiasticus
3172 5434 3275 5489 hoc
3320 5433 3512 5504 piami-

1928 5545 2114 5616 pieus,
2157 5540 2225 5594 oh
2255 5546 2460 5593 rectam
2487 5531 2882 5590 confessionem
2923 5526 3208 5585 conveniet
3236 5525 3512 5581 vobiscum

1928 5650 2098 5706 super:
2114 5633 2236 5688 hoc.

367 5745 548 5801 lusere
578 5765 659 5830 ἐκ
706 5751 915 5830 Graeco,
956 5765 1011 5830 ιιι
1042 5767 1342 5830 sanctorum
1390 5756 1612 5812 Patrum
1665 5776 1808 5815 race:
1850 5797 1851 5802 η

1959 5752 2186 5830 προνοίίδ,
2227 5748 2359 5808 sicut
2387 5745 2550 5818 poscit
2589 5740 2772 5816 regula
2798 5731 3089 5804 Ertiesiaf,’
3117 5733 3186 5789 ad
3212 5732 3509 5791 Romanum

238 5813 532 5890 ερίεεοριιιη
555 5818 618 5877 de
640 5837 700 5877 ca
726 5839 779 5879 re
807 5813 1110 5900 inscriptis,
1141 5813 1438 5885 etc.SStlut.
