4016 6296
504 313 611 375 σιτ
1681 307 2047 383 ΑΝΑετΑδιι
2080 308 2091 367 1

2196 307 2626 367 LlOTHECARll
3683 321 3784 383 ας

504 433 648 507 ἡμῖν,
679 429 756 488 ὅτι
798 426 960 493 οὐδεὶς
1002 428 1073 493 ὥς
1109 450 1190 491 τις
1214 432 1305 490 τήν
1336 426 1655 495 ὑπόστασιν,
1683 426 1786 483 ἀλλ’
1817 430 1887 487 ὥς
1924 449 1975 485 τι
2006 430 2091 486 τὴν

2196 422 2339 497 quod
2367 424 2550 482 dixisti
2573 423 2747 492 nobis,
2772 425 2898 498 quia
2921 426 3100 486 nullus
3126 438 3190 486 ut
3211 430 3336 504 quis
3358 432 3782 507 subslsteutiam,

506 523 656 604 φύσιν
691 522 891 599 ἔνεργεῖ
907 540 921 592 ;
952 524 1187 598 προΐεται
1224 524 1322 599 γάρ
1366 544 1453 593 μοι
1491 526 1732 582 νοήσαντι
1774 523 1835 578 τό
1889 519 2093 592 λεχθέν.

502 622 647 674 HAS-1.
678 614 852 678 Οὐδεὶς
892 617 960 678 ὦς
988 637 1066 677 τις
1109 620 1201 675 τήν
1234 612 1526 670 ὑπόστασιν
1553 616 1766 689 ἓνεργεῖ,
1801 611 1905 668 ἀλλ’
1934 615 2002 674 ὥς
2045 635 2096 668 τι

505 716 596 773 τήν
623 713 773 786 φύσιν
799 727 812 740 ⁶
851 707 982 776 οἷον,
1018 709 1202 786 Πέτρος
1230 710 1314 764 καί
1348 706 1539 769 Παῦλος
1566 707 1873 783 ἐνεργοῦσιν,
1904 705 2009 760 ἁλλ’
2034 706 2092 760 οὐ

504 812 752 879 Πετριιιῶς
785 805 871 860 καὶ
908 802 1183 867 Παυλικώς,
1230 799 1337 858 ἀλλ’
1392 800 1742 876 ἀνθρωπικῶς.
1771 795 1950 871 ’Δμφω
1994 798 2093 870 γάρ

504 895 759 973 ἅνθρωποι
779 891 1004 970 φυσικῶς
1040 889 1168 952 κατᾶ
1196 896 1284 950 τόν
1315 892 1473 957 κοινόν
1496 895 1581 949 καῖ
1611 891 1860 969 όριστικόν
1887 899 1981 954 τῆς
2003 893 2096 964 φύ-

503 1011 638 1052 σεως
683 989 825 1063 λόγον
848 1004 863 1020 ⁶
923 986 1028 1045 ἀλλ’
1085 989 1188 1059 οὐχ
1242 982 1603 1048 ὖποστατικῶς
1655 987 1786 1043 κατὰ
1833 984 1918 1040 τόν
1953 983 2096 1047 ἰδίως

503 1090 665 1139 ποῖον.
696 1078 970 1141 Ὡσαύτως
1009 1079 1215 1152 Μιχαὴλ
1270 1082 1355 1134 καὶ
1393 1086 1430 1132 Γ
1435 1077 1620 1155 αϐριήλ
1653 1080 1956 1156 ένεργοῦσιν,
1992 1077 2096 1133 ἀλλ’

503 1175 633 1248 οὖχί
688 1173 1020 1246 Μιχαηλικῶς
1067 1174 1154 1226 καὶ
1218 1171 1589 1249 Γαϐριηλινῶς,
1639 1169 1745 1226 ἀλλ’
1791 1170 2090 1245 ἀγγελικῶς.

505 1263 656 1341 ἄμφω
702 1267 804 1343 γάρ
845 1262 1067 1338 ἄγγελοι.
1113 1266 1201 1320 Καὶ
1229 1263 1393 1324 οὕτως
1422 1264 1507 1318 ἐπὶ
1533 1265 1708 1324 πάσης
1732 1263 1955 1337 φύσεως,
1985 1262 2096 1317 πολ·

501 1357 599 1414 λῶν
627 1365 701 1434 τῷ
726 1358 922 1430 ἀριθμῷ
950 1357 1404 1433 κατηγορουμένης,
1442 1357 1633 1422 κοινήν,
1664 1352 1765 1409 ἀλλ’
1791 1355 1916 1426 οὐχὶ
1942 1352 2095 1424 μόνην

502 1456 593 1514 τὴν
624 1452 872 1527 ἐνέργειαν
898 1451 1206 1529 θεωροῦμεν.
1239 1451 1434 1504 Οὓκοῦν
1474 1447 1501 1503 6
1538 1447 1694 1520 λέγων
1742 1447 2094 1507 ὑποστατικην

504 1544 772 1619 ένέργειαν,
821 1545 979 1605 αὐτὴν
1023 1548 1114 1604 τήν
1161 1543 1315 1615 φύσιν
1357 1544 1478 1614 μίαν
1521 1535 1697 1605 οὖσαν,
1728 1537 1938 1613 ἄπειρον
1978 1546 2095 1601 ταῖς

503 1638 777 1714 ένεργείαις
820 1639 1021 1710 εἰσάγει
1069 1637 1435 1712 γεγενημένην
1492 1637 1577 1701 καὶ
1626 1635 1754 1690 κατὰ
1802 1635 1862 1691 τὸ
1910 1632 2095 1695 πλῆθος

508 1736 605 1787 τῶν
641 1729 731 1786 ὑπ’
773 1718 934 1791 αὐτην
959 1729 1213 1802 ἀγομένων
1238 1728 1459 1801 ἀτόμων,
1489 1727 1675 1788 έαυτῆς
1710 1724 2045 1806 διαφέρουσαν
2076 1738 2093 1756 ⁸

2200 515 2294 570 sed
2322 524 2381 569 ut
2402 516 2535 587 quid
2566 526 2815 573 naturam
2848 522 3152 592 operatur?
3179 532 3323 580 astat
3348 526 3496 582 enim
3521 528 3660 585 mihi
3685 546 3786 588 non

2199 605 2516 678 intelligenti
2556 609 2702 679 quod
2737 609 2941 666 dictum
2976 621 3081 670 est.
3133 612 3279 670 Max.
3327 615 3518 674 Nullus
3566 629 3631 674 ut
3672 621 3789 692 quis

2197 696 2599 755 subsistentiam
2626 709 2900 770 operatur,
2928 703 3024 759 sed
3051 705 3267 776 utquid
3287 712 3537 764 neutram
3564 727 3582 764 :
3606 720 3788 782 utputa
3820 705 3834 739 ⁵

2197 789 2390 847 Petrus
2439 800 2496 847 et
2540 791 2741 849 Paulus
2787 803 3103 867 operantur,
3159 797 3256 854 sed
3301 813 3408 855 non
3454 799 3693 870 Petrioe,
3740 814 3791 861 et

2197 881 2433 950 Paulice,
2475 884 2570 941 sed
2599 885 2853 953 humane,
2882 887 3044 944 ambo
3068 889 3268 962 quippe
3296 891 3547 950 homines
3568 903 3791 953 natura-

2196 971 2324 1029 liter
2361 974 2515 1047 juxta
2564 977 3002 1035 communionem
3069 988 3128 1037 et
3186 979 3523 1041 diﬁnitivam
3586 994 3792 1044 natura

2196 1070 2484 1138 rationem,
2510 1073 2605 1129 sed
2632 1087 2739 1130 non
2761 1073 3558 1147 subsistentialitersecundum
3578 1079 3637 1136 id
3654 1081 3793 1151 quod

2196 1161 2413 1233 proprie
2430 1161 2578 1219 facit.
2619 1163 2882 1222 Similiter
2907 1164 3137 1246 Michael
3157 1175 3215 1225 et
3228 1167 3451 1227 Gabriel
3472 1179 3789 1242 operantur,

2197 1270 2386 1313 verum
2427 1273 2532 1313 non
2564 1256 2880 1317 Michaelice
2906 1259 2990 1317 vel
3018 1258 3342 1330 Gabrielice,
3390 1263 3491 1319 sed
3528 1264 3789 1337 angelice,

2198 1351 2357 1407 ambo
2387 1351 2586 1423 quippe
2624 1351 2822 1424 angeli.
2864 1351 2933 1408 Et
2972 1353 3050 1409 ita
3092 1355 3146 1410 in
3192 1356 3341 1411 omni
3378 1365 3579 1414 natura
3625 1357 3791 1415 multa

2197 1458 2423 1501 numero
2448 1444 2794 1515 praedicante,
2820 1459 3188 1514 communem,
3235 1447 3331 1503 sed
3371 1464 3480 1506 non
3518 1449 3789 1506 annihila-

2197 1542 2332 1601 tam,
2362 1534 2736 1606 operationem
2771 1536 3085 1608 aspicimus.
3126 1536 3267 1609 Ergo
3309 1538 3402 1609 qui
3445 1539 3583 1596 dicit
3614 1540 3790 1596 subsi-

2196 1628 2504 1686 stentialem
2541 1628 2934 1700 operationem,
2978 1630 3152 1700 ipsam
3194 1637 3466 1698 naturam,
3514 1646 3647 1689 cum
3688 1648 3790 1689 una

2198 1724 2290 1789 sit,
2314 1722 2582 1780 inﬁnitam
2608 1722 3017 1794 operationibus
3051 1723 3256 1780 inducit
3280 1722 3554 1792 ell‘eclam,
3594 1739 3790 1781 secun-

504 1818 631 1895 ὅπερ
694 1824 739 1877 εἰ
782 1818 1029 1891 δοξόμεθα
1077 1818 1238 1883 καλῶς
1286 1817 1452 1892 ἔχειν,
1504 1820 1649 1893 πάσῃ
1689 1819 1837 1893 φύσει
1881 1819 1967 1875 τὸν
2013 1814 2091 1874 ἐπ’

2196 1813 2321 1870 dum
2362 1812 2760 1869 multitudinem
2800 1821 3107 1871 atomorum
3136 1828 3259 1885 qua:
3300 1815 3401 1871 sub
3440 1812 3619 1884 ipsam
3650 1814 3792 1871 redi-

504 1915 629 1991 αὗτῇ
654 1920 747 1971 τοῦ
777 1909 889 1979 πῶς
917 1909 1044 1971 εἶναι
1073 1914 1221 1989 λόγον
1251 1912 1721 1991 συνδιαφθιίρομεν.

573 2191 664 2247 καὶ
706 2190 902 2248 τούτων
929 2192 1218 2264 εἰρημένων,
1268 2191 1320 2248 ἐν
1364 2196 1438 2262 τῷ
1475 2190 1800 2257 ἀσπάζεσθαι
1827 2190 2092 2261 ἀλλήλους,

505 2280 613 2341 εἷπε
639 2283 873 2342 ΘΕΟΔ.ό
906 2283 1103 2347 ὕπατος
1128 2300 1142 2315 ⁸
1195 2281 1326 2341 Ἰδοὺ
1371 2285 1545 2360 γέγονε
1589 2285 1655 2341 τά
1689 2287 1861 2343 πάντα
1889 2287 2054 2348 καλῶς
2075 2302 2090 2318 ⁸

503 2372 608 2452 ἄρα
635 2374 972 2449 καταδέχεται
1025 2375 1052 2432 6
1082 2375 1325 2448 βασιλεὺς
1359 2376 1737 2453 παρακλητικήν
1772 2384 1984 2436 ποιῆσαι
2013 2377 2097 2432 κέ-

501 2470 673 2526 λευσιν
699 2486 714 2537 ;
750 2476 893 2526 ΜΔΞ.
930 2470 1129 2532 Πάντως
1153 2478 1308 2535 ποιεῖ,
1334 2470 1418 2526 ἐὰν
1442 2470 1553 2546 θέλῃ
1577 2475 1798 2543 μιμητὴς
1838 2464 1966 2526 εἶναι
2003 2477 2091 2527 τοῦ

503 2572 656 2633 Θεοῦ,
686 2568 771 2622 καὶ
792 2566 1254 2627 συνταπεινωθῆναι
1292 2566 1453 2639 αὐτῷ,
1482 2562 1564 2621 διὰ
1588 2570 1678 2626 τήν
1704 2569 1869 2625 κοινήν
1888 2567 2093 2621 πάντων

502 2659 641 2730 ἡμῶν
670 2661 948 2734 σωτηρίαν,
1003 2652 1315 2730 λογιζόμενος
1365 2657 1434 2716 ὥς
1479 2653 1621 2732 εἴπερ
1659 2653 1685 2710 6
1721 2653 1869 2727 φύσει
1914 2657 2095 2721 σώζων

500 2750 648 2815 Θεὸς,
678 2751 767 2805 οὐκ
812 2748 1010 2806 ἔσωσεν
1059 2749 1157 2810 ἕως
1203 2750 1509 2810 ἐταπεινώθη
1555 2750 1728 2816 θέλων,
1754 2756 1865 2810 πῶς
1891 2748 1918 2805 6
1944 2747 2095 2823 φΰσει

501 2841 781 2914 σωζόμενος
815 2838 1079 2915 ἄνθρωπος
1114 2840 1147 2901 ἦ
1190 2843 1497 2903 σωθήσεται,
1530 2841 1562 2900 ἡ
1601 2843 1762 2898 σώσει
1805 2845 1876 2912 μή
1918 2861 2095 2897 ταπει-

499 2931 776 3005 νούμενος;
807 2936 896 2989 παὶ
938 2929 1047 2989 εἶπε
1089 2942 1265 2991 ΘΕΟΔ.
1317 2938 1344 2990 ὀ
1384 2933 1596 2995 ὕπατος’
1619 2928 1734 2990 ’ότι
1768 2933 1952 2999 ἐλπίζω
1999 2939 2093 2990 τοῦ

501 3029 631 3080 Θεοῦ
652 3024 909 3090 σώζοντός
934 3044 1022 3096 μοι
1047 3028 1139 3084 τήν
1184 3027 1402 3097 μνήμην,
1432 3030 1611 3081 τοῦτον
1640 3022 1780 3099 αὐτῷ
1828 3027 1917 3081 τὸν
1948 3024 2091 3097 λόγον

501 3113 653 3189 λέγω,
674 3115 1026 3189 καὶ,πείθεται.
1061 3119 1152 3170 καὶ
1180 3117 1541 3187 ἀσπασάμενοι
1581 3115 1820 3177 ἀλλήλους
1855 3118 1942 3171 επὶ
1968 3115 2090 3171 τού-

500 3224 628 3270 τοις,
678 3206 903 3264 ἀπῆλθον
931 3205 1043 3277 μετ’
1085 3207 1301 3281 εἰρήνης,
1329 3203 1609 3268 δεδωκότος
1657 3212 1750 3262 τοῦ
1798 3204 2083 3285 ἐπισκόπου

500 3294 575 3371 τῷ
605 3297 744 3369 ἀϐϐᾷ
774 3296 994 3370 Μαξίμῳ
1022 3298 1242 3371 πεμφθὲν
1269 3297 1411 3368 αὐτῷ
1432 3297 1591 3352 ποσόν
1631 3299 1828 3375 μικρὸν,
1857 3300 1943 3351 καὶ
1983 3317 2086 3353 στι·

499 3391 663 3467 χάριν
690 3394 775 3447 καὶ
801 3393 1022 3465 καμάσιν
1043 3409 1058 3421 ⁶
1098 3395 1186 3447 καὶ
1237 3392 1295 3449 τὸ
1338 3395 1429 3463 μέν
1457 3392 1705 3466 στιχάριν
1754 3392 1931 3451 ευθέως
1975 3390 2086 3447 κατ’

499 3485 659 3543 αὐτὴν
685 3488 775 3544 τήν
803 3484 938 3558 ὥραν
976 3485 1154 3550 Βιζύης
1200 3483 1226 3539 6
1271 3484 1548 3546 έπίσκοπος
1571 3499 1586 3515 ⁶
1626 3486 1677 3538 ἐν
1713 3491 1787 3538 τῶ
1815 3486 1986 3557 Ῥηγίῳ
2031 3481 2086 3539 δέ

499 3576 557 3630 οὐ
580 3574 638 3629 τό
667 3573 805 3630 δοθέν
849 3578 987 3647 αὐτῷ
1022 3576 1187 3633 ποσόν
1209 3576 1382 3648 μόνον,
1415 3575 1540 3631 ἀλλά
1581 3577 1665 3631 καὶ
1702 3571 1818 3630 ἄλλο
1842 3571 1893 3629 εἴ
1912 3594 1964 3631 τι
1990 3571 2085 3634 δύο

500 3685 623 3722 ποτε
651 3666 701 3731 ἐξ
728 3667 956 3728 timorist:
992 3662 1128 3739 εἶχε,
1167 3669 1299 3740 μετὰ
1344 3675 1444 3725 τῶν
1476 3667 1659 3723 λοιπῶν
1687 3669 1895 3741 οἰκτρῶν
1923 3665 2084 3721 αὐτοῦ

499 3760 818 3835 πραγμάτων
845 3762 930 3817 καὶ
949 3759 1268 3831 ἐσθημάτων,
1308 3763 1590 3835 ἀφείλαντο.

572 4053 708 4109 Μετὰ
732 4051 789 4110 δέ
815 4054 875 4111 τό
901 4054 1138 4111 ἀπελθεῖν
1168 4057 1289 4119 τοὺς
1332 4058 1622 4134 εἰρημένους
1659 4054 1844 4136 ἄνδρας
1886 4067 1949 4130 τῇ
1997 4058 2088 4133 ὄγ-

503 4142 592 4219 δόῃ
618 4153 712 4200 τοῦ
749 4148 1092 4224 Σεπτεμϐρίου
1129 4151 1285 4224 μηνός
1327 4160 1417 4213 τῆς
1462 4153 1728 4228 παρούσης
1773 4150 2091 4209 πεντεκαιδε-

503 4237 660 4299 κάτης
698 4236 1024 4306 ῖνόικτιῶνος,
1078 4240 1274 4306 έξῆλθεν
1313 4237 1457 4304 αὖθις
1498 4244 1690 4306 Παῦλος
1728 4243 1754 4300 6
1798 4245 1992 4307 ὕπατος
2035 4246 2087 4301 έν

501 4323 655 4402 Βιζύῃ
690 4329 823 4403 πρὸς
858 4329 947 4385 τόν
984 4329 1153 4387 άϐϐᾶν
1190 4331 1430 4404 Μάξιμον,
1473 4333 1697 4389 κέλευσιν
1742 4334 2089 4407 ἐπιφερόμενος

501 4420 852 4491 περιέχουσαν
880 4420 1044 4484 οὕτως
1067 4435 1084 4453 '
1117 4439 1136 4472 ε
1164 4421 1433 4493 κελεύομεν
1458 4433 1520 4501 τῇ
1541 4431 1608 4500 σῇ
1627 4422 1902 4490 ὶνδοξότητι
1929 4424 2087 4480 ἀπελ-

2113 3169 2161 3235 C

2196 1916 2398 1979 guntur
2440 1922 2472 1963 a
2519 1916 2693 1964 semet
2739 1905 3075 1965 diﬂ'erentem
3106 1907 3289 1980 :qnod
3326 1908 3375 1963 si
3410 1906 3791 1965 admiserim»

2193 1998 2412 2055 benese
2435 1999 2659 2066 habere,
2692 2000 2745 2055 in
2790 1999 2904 2072 ipsa
2942 2000 3091 2056 omni
3134 2009 3329 2057 natura
3357 2001 3637 2072 quomodo
3678 2002 3792 2058 eai-

2194 2089 2372 2146 stendi
2407 2089 2674 2147 rationem
2707 2092 3128 2164 corrumpimus.

2266 2180 2336 2236 Et
2379 2181 2466 2238 his
2505 2181 2685 2248 dictis,
2724 2182 2853 2238 dum
2883 2182 3114 2240 invicem
3144 2183 3549 2254 oscularentur,
3580 2185 3784 2242 Tum.

2194 2269 2382 2327 consul
2421 2270 2559 2326 dixit
2605 2290 2621 2326 :
2658 2271 2735 2328 En
2779 2270 2923 2330 facta
2967 2281 3095 2331 sunt
3129 2275 3312 2331 omnia
3342 2276 3483 2333 bene
3515 2293 3534 2332 :
3562 2285 3792 2349 putasne

2195 2376 2559 2419 consensuros
2581 2373 2668 2421 est
2694 2363 2993 2437 imperator
3017 2366 3348 2440 rogatoriam
3380 2366 3569 2426 facere
3599 2369 3793 2441 iussio-

2194 2452 2364 2509 nem?
2402 2452 2473 2508 Et
2508 2453 2640 2510 dicit
2667 2455 2808 2512 abba
2842 2455 2987 2512 Mn.
3028 2456 3226 2529 Utique
3269 2458 3419 2526 facit,
3466 2459 3517 2515 si
3560 2459 3793 2518 voluerit

2195 2542 2437 2599 imitator
2461 2558 2583 2601 esse
2615 2543 2713 2601 Dei
2736 2554 2794 2602 et
2816 2545 3092 2604 humiliari
3121 2564 3247 2606 cum
3280 2564 3348 2606 eo
3386 2557 3614 2623 propter
3646 2566 3792 2609 com.

2192 2650 2411 2693 munem
2433 2637 2676 2694 muniam
2720 2646 2964 2694 nostrum
2991 2639 3219 2698 salutem
3252 2658 3267 2696 :
3294 2643 3643 2711 perpendens
3660 2644 3791 2714 quia

2192 2727 2238 2784 si
2264 2727 2428 2795 Deus,
2455 2728 2549 2800 qui
2572 2737 2765 2785 natura
2789 2729 2981 2798 salvat,
3014 2746 3123 2788 non
3145 2731 3374 2790 salvavit
3400 2732 3583 2790 donec
3610 2734 3794 2791 volens

2191 2816 2590 2886 humiliaretur,
2622 2820 2892 2892 quomodo
2923 2822 2972 2878 is
3008 2825 3100 2895 qui
3142 2832 3336 2879 natura
3374 2824 3675 2882 salvandus
3715 2834 3795 2883 est

2194 2911 2377 2978 homo,
2407 2921 2500 2967 aut
2531 2911 2831 2970 salvabitur
2873 2923 2969 2972 aut
3016 2916 3248 2974 salvabit
3282 2933 3391 2975 non
3431 2919 3794 2976 humiliatus?

2194 3000 2261 3057 Et
2287 3003 2427 3059 dixit
2463 3002 2671 3060 TllEOD.
2708 3007 2897 3063 consul
2927 3024 2941 3063 :
2967 3006 3161 3081 Spero,
3213 3010 3340 3082 quia
3383 3010 3499 3067 Deo
3545 3011 3794 3068 salvante

2193 3097 2326 3153 mihi
2356 3098 2697 3166 memoriam,
2727 3100 2871 3156 hunc
2900 3100 3150 3159 eumdem
3174 3102 3225 3160 ei
3251 3103 3427 3159 dicam
3453 3118 3790 3172 sermonem,

2191 3200 2248 3248 et
2268 3191 2599 3263 acquiescet.
2638 3192 2856 3250 Etcum
2883 3193 2939 3250 in
2980 3195 3068 3252 bis
3106 3211 3166 3252 se
3200 3206 3391 3253 mutuo
3432 3197 3789 3267 salutassent,

2190 3283 2441 3340 abierunt
2464 3300 2587 3340 cum
2614 3301 2769 3357 pace,
2802 3287 2925 3342 data
2947 3286 3017 3345 ab
3050 3288 3306 3361 episcopo
3337 3289 3522 3347 abbati
3551 3290 3791 3349 Maximo

2189 3380 2422 3450 quadam
2462 3381 2706 3451 pecunia:
2753 3382 3077 3453 quantitate,
3121 3391 3179 3440 et
3226 3391 3431 3452 tunica,
3476 3394 3537 3440 et
3579 3384 3787 3454 casula,

2189 3487 2310 3543 quae
2354 3471 2570 3529 fuerant
2611 3473 2713 3530 sibi
2768 3476 3106 3534 transmissa.
3161 3476 3229 3533 Et
3278 3478 3516 3534 tunicam
3567 3479 3815 3550 quidenr

2190 3564 2373 3619 statim
2402 3564 2699 3637 eademque
2723 3566 2857 3624 hora
2885 3568 3005 3624 tulit
3025 3568 3305 3639 Bizyensis
3342 3570 3655 3641 episcOpus.
3693 3571 3792 3627 Ast

2190 3657 2245 3713 in
2272 3657 2438 3729 Regio
2464 3671 2571 3713 non
2599 3654 2776 3713 solum
2797 3661 3155 3731 quantitatem
3192 3660 3295 3718 sibi
3336 3661 3583 3733 pecunia:
3625 3662 3789 3729 datze,

2190 3764 2381 3807 verum
2422 3751 2587 3806 etiam
2630 3759 2687 3806 et
2728 3750 2872 3808 aliud
2912 3754 3272 3826 quodcunque
3315 3769 3382 3811 ex
3426 3753 3791 3811 beneﬁcentia

2191 3840 2553 3913 quorumdam
2581 3841 2785 3900 habere
2806 3843 3108 3913 videbatur,
3136 3858 3243 3901 una
3272 3860 3397 3902 cum
3418 3845 3653 3919 reliquis
3674 3847 3791 3918 ejus

2193 3935 2387 3993 vilibus
2412 3938 2575 3995 rebus
2600 3951 2665 3992 ac
2689 3938 2930 3995 vestibus
2955 3938 3313 3997 abstulerunt.

2265 4047 2555 4118 Postquam
2583 4063 2714 4106 vero
2746 4049 2996 4107 abierunt
3029 4053 3271 4124 praedicti
3314 4052 3417 4110 viri
3458 4063 3624 4112 sexto
3664 4056 3789 4114 ldus

2191 4140 2548 4212 septembrias
2587 4145 2871 4213 praesentis
2916 4144 3121 4216 quinta:
3162 4144 3387 4202 decima:
3436 4147 3789 4215 indictionis,

2192 4231 2361 4288 exivit
2404 4248 2593 4289 rursus
2630 4234 2833 4291 Paulus
2875 4235 3065 4292 consul
3094 4236 3148 4292 in
3182 4237 3402 4310 Bizyen,
3436 4239 3505 4295 ad
3533 4240 3787 4297 abbatem

2192 4321 2486 4380 Maximum
2512 4325 2811 4397 jussionem
2850 4327 3030 4384 ferens
3069 4330 3439 4387 continentem
3486 4332 3787 4389 secundum

2192 4418 2335 4474 hanc
2362 4419 2591 4476 formam
2622 4435 2637 4475 :
2674 4440 2693 4474 ι
2720 4420 2978 4481 iubemus
3000 4422 3184 4497 gloriae
3211 4433 3315 4482 tua:
3354 4424 3434 4482 ire
3473 4423 3703 4500 Biayen,
3733 4437 3788 4484 et

502 4506 605 4564 θεῖν
633 4507 685 4564 έν
712 4512 883 4583 nicas,
930 4515 1013 4568 καὶ
1054 4514 1258 4588 ἀγαγεῖν
1288 4516 1518 4587 Μάξιμον
1561 4516 1648 4571 τὸν
1691 4517 1923 4588 μοναχὸν
1959 4516 2090 4587 μιτά

2196 4511 2461 4568 adducere
2492 4511 2786 4571 Maximum
2831 4517 3154 4574 monachum
3196 4533 3318 4574 cum
3361 4517 3570 4576 honore
3614 4521 3788 4577 ιιιιιιξο

502 4600 690 4663 πολλῆς
709 4610 862 4674 τιμῆς
888 4606 973 4660 καὶ
995 4604 1276 4672 κολακείας,
1292 4603 1376 4662 διά
1400 4626 1456 4662 τε
1479 4607 1539 4662 τό
1559 4615 1721 4683 γῆρας
1746 4610 1826 4663 καὶ
1864 4613 1955 4667 τὴν
1985 4609 2087 4664 ἁσ-

503 4691 725 4749 θένεεαν*
760 4696 848 4751 καὶ
882 4697 943 4752 τό
989 4691 1117 4754 εἶναι
1152 4699 1306 4754 αὐτὸν
1338 4700 1631 4774 προγονικὸν
1656 4702 1817 4773 ἡμῶν,
1846 4703 1928 4756 καί
1953 4700 2091 4775 γενό·

503 4803 651 4856 μενον
682 4787 864 4849 αὐτοῖς
905 4790 1089 4862 τίμιον
1136 4794 1219 4846 καὶ
1262 4792 1442 4847 θέσθαι
1476 4799 1658 4850 τοῦτον
1706 4793 1756 4847 έν
1795 4800 1870 4867 τῷ
1919 4796 2096 4871 εὐαγεῖ

502 4883 821 4954 μοναστερίῳ
848 4886 937 4938 τοῦ
957 4880 1105 4955 ἁγίου
1130 4881 1415 4957 Θεοδώρου,
1439 4882 1513 4961 τῷ
1548 4884 1840 4960 διακειμένῳ
1873 4889 2091 4950 πλησίον

502 4975 599 5025 τοῦ
622 4968 820 5044 Ῥηγίου
844 4988 859 5006 ·
891 4977 977 5029 καὶ
1005 4975 1182 5043 έλθεῖν,
1211 4979 1296 5032 καὶ
1332 4979 1555 5051 μηνύσαι
1581 4979 1725 5052 ὑμῖν.
1756 4984 1847 5037 Καὶ
1884 4983 2087 5053 πέμπο-

505 5081 597 5132 μεν
647 5062 700 5117 in
754 5073 1041 5139 προσῶπου
1089 5070 1230 5143 ἡμῶν
1277 5068 1370 5126 δύο
1431 5076 1749 5149 πατρικίους,
1807 5076 2090 5149 ὀφείλοντας

505 5150 831 5225 διαλεχθῆναι
867 5158 935 5213 τά
975 5159 1319 5236 παραστάντα
1359 5164 1499 5234 ἡμῖν,
1530 5165 1792 5237 φιλοῦντας
1827 5170 1960 5241 ἡμᾶς
1989 5169 2090 5243 ψυ-

508 5247 695 5319 χέκῶς,
755 5252 839 5304 καὶ
881 5250 1200 5324 ψιλουμένους
1244 5255 1372 5333 παρ’
1418 5259 1591 5330 ἡμῶν·
1634 5264 1721 5316 καὶ
1767 5263 1948 5329 ἄλθεῖν,
2003 5267 2089 5322 καὶ

506 5341 795 5416 ἀναγγεῖλαι
820 5345 941 5417 ἡμῖν
977 5350 1067 5406 τήν
1094 5350 1385 5421 παρουσίαν
1430 5352 1610 5407 αὐτοῦ.
1643 5370 1660 5402 ι
1691 5351 1918 5428 ’Δγαγῶν
1942 5348 2035 5410 οὖν
2061 5355 2088 5412 6

508 5436 664 5499 αὐτὸς
688 5436 900 5501 ὐπατος,
939 5438 1023 5492 καὶ
1067 5441 1166 5502 θεὶς
1202 5442 1251 5496 ἐν
1276 5451 1351 5517 τῷ
1376 5443 1717 5521 προειρημένῳ
1745 5448 2088 5520 μοναστηρέῳ,

509 5535 697 5595 ἀπῆλθε
732 5534 1043 5610 ἀναγγεῖλαι.

492 5646 501 5679 l
580 5631 671 5684 καὶ
698 5636 760 5704 τῇ
789 5629 953 5704 ἡμέρα
976 5629 1087 5694 ἑξῆς
1114 5629 1417 5708 ηξέρχονται
1452 5651 1584 5707 προς
1629 5631 1780 5689 αὐτόν
1807 5630 2090 5708 Ἐπιφάνιος

512 5724 835 5798 καίΤρῶἰ).ος
862 5722 1199 5799 οῖ’πατρίκιοι
1217 5726 1346 5796 μετά
1372 5723 1557 5787 πολλῆς
1574 5726 1845 5803 περιϐολῆς
1871 5730 1953 5784 καὶ
1971 5727 2092 5800 φαν-

515 5818 731 5885 τασέας,
782 5820 866 5874 καὶ
909 5816 1174 5880 Θεοδόσιος
1216 5814 1243 5872 6
1290 5816 1598 5887 ἐπίσκοπος,
1653 5824 1742 5877 καὶ
1782 5821 2091 5894 ἁνέοχονται

2192 4615 2358 4678 atque
2385 4606 2666 4675 blanditie,
2704 4616 2814 4664 tam
2836 4619 3059 4682 propter
3085 4620 3357 4671 senectam
3402 4622 3458 4670 et
3495 4613 3785 4670 inllrm‘ta~

2191 4707 2318 4767 tem,
2350 4715 2512 4771 quam
2550 4717 2618 4758 eo
2656 4704 2799 4773 quod
2824 4704 2897 4759 sit
2930 4720 2962 4760 a
2989 4706 3423 4778 progenitoribus
3450 4717 3644 4766 noster
3668 4708 3789 4766 fne-

2190 4794 2368 4864 ritque
2396 4793 2500 4851 illis
2526 4795 2879 4853 honorabilis.
2916 4798 2986 4854 Et
3011 4798 3195 4872 ponite
3222 4799 3367 4858 hunc
3394 4801 3449 4857 in
3477 4803 3782 4861 venerabili

2189 4886 2516 4941 manaslerio
2543 4885 2719 4943 sancti
2747 4887 3040 4957 Theodori,
3071 4891 3217 4962 quod
3252 4893 3456 4964 rejacet
3484 4892 3643 4963 juxta
3672 4896 3781 4952 Re-

2189 4979 2333 5052 gium
2360 4997 2373 5034 :
2404 4988 2459 5035 et
2489 4980 2693 5049 venire,
2725 4990 2781 5039 et
2810 4983 3063 5039 nuntiare
3092 4984 3249 5041 nobis
3279 5002 3294 5040 :
3327 4995 3384 5042 et
3408 4986 3693 5045 mittemus
3715 4989 3781 5049 ad

2188 5086 2311 5128 eum
2339 5089 2407 5129 ex
2441 5089 2671 5145 persona
2703 5083 2889 5132 nostra
2918 5075 3177 5147 patricios
3221 5079 3355 5136 duos
3401 5080 3494 5151 qui
3548 5081 3783 5139 debeant

2189 5162 2264 5221 illi
2301 5164 2579 5222 declarare
2620 5182 2742 5239 quae
2785 5166 2941 5224 nobis
2982 5167 3305 5238 placuerint,
3352 5183 3453 5226 nos
3489 5184 3556 5227 ex
3600 5173 3782 5229 animo

2190 5267 2456 5326 amantes,
2506 5269 2559 5315 et
2596 5274 2625 5315 a
2676 5259 2832 5317 nobis
2875 5270 3121 5318 amatos:
3148 5271 3205 5318 et
3242 5261 3427 5319 venire
3473 5266 3779 5321 nuntiaturi

2188 5351 2346 5407 nobis
2378 5351 2669 5408 adventum
2698 5351 2834 5425 ejus.
2866 5372 2884 5405 ι
2926 5352 3110 5425 Igitur,
3149 5369 3273 5410 cum
3301 5354 3445 5412 idem
3469 5346 3664 5414 consul
3686 5357 3779 5413 ad-

2189 5443 2433 5500 duxisset
2451 5459 2577 5500 eum
2598 5454 2652 5500 et
2679 5446 2950 5517 posuisset
2978 5446 3033 5502 in
3052 5446 3163 5520 jam
3188 5448 3465 5506 nominato
3500 5460 3773 5508 monaste-

2188 5536 2291 5604 rio,
2323 5553 2605 5609 regressus
2630 5548 2712 5595 est
2739 5540 3008 5597 nuntiare.

2260 5631 2327 5687 Et
2362 5633 2415 5688 in
2456 5634 2750 5691 crastinum
2780 5632 3004 5688 veniunt
3052 5643 3119 5689 ad
3165 5647 3291 5689 eum
3334 5632 3675 5705 Epiphanius
3722 5648 3778 5691 et

2191 5725 2405 5782 Troilus
2451 5728 2694 5798 patricii,
2746 5744 2871 5784 cum
2913 5728 3080 5785 multo
3124 5728 3326 5784 amictu
3374 5736 3430 5784 et
3466 5728 3771 5799 phantasia,

2190 5835 2399 5877 necnon
2446 5830 2501 5880 ct
2538 5820 2872 5880 Theodosius
2915 5821 3195 5895 episcopus
3227 5838 3240 5874 :
3273 5827 3330 5876 et
3369 5819 3671 5875 ascendunt
3706 5819 3774 5874 ad
