4016 6296
203 305 306 364 διο

803 296 1315 362 COLLECTANEA.
1358 332 1428 343 —
1465 293 1732 356 DISPUT.
1774 289 1981 352 INTER
2019 295 2076 353 S.
2120 293 2368 355 MAXIM.
2407 297 2496 356 ET
2537 296 2785 359 THEOD.

3357 299 3464 364 630

201 424 326 497 πρὸς
353 417 509 476 αὐτόν
535 417 582 473 ἓν
608 425 680 486 τῷ
707 417 1098 490 κατηχουμενίῳ
1147 422 1239 476 τῆς
1292 417 1554 478 ὶκκλησὶας
1583 423 1672 476 τῆς
1697 415 1791 468 αὖ·

1908 427 2017 468 :um
2060 413 2116 468 in
2155 415 2626 480 catechumenium
2664 414 2908 474 ecclesiae
2935 417 3102 488 Ipsius
3130 428 3464 498 monasterii,

197 523 291 574 τῆς
333 519 521 582 μονῆς·
574 513 659 565 καί
721 515 812 566 τοῦ
854 508 1104 567 συνήθους
1155 507 1443 578 ἀσπασμοῦ
1493 507 1784 578 γενομένου,

203 611 474 671 ἓκᾶθισαν,
523 606 818 678 βιασάμενοι
847 607 928 658 καὶ
969 601 1116 656 αὐτόν
1141 603 1348 676 καθίσαι
1371 619 1385 634 ⁶
1427 606 1510 658 καὶ
1553 603 1788 677 ἂπαρξὰ·

202 721 352 771 μενος
376 706 470 754 τοῦ
497 700 630 774 πρός
653 683 804 753 αὐτόν
827 699 979 771 λόγου
1005 704 1268 753 ΤΡΩΙΛΟΣ
1285 735 1301 760 ,
1334 698 1499 750 εἶπεν
1531 693 1586 748 Ὀ
1610 692 1793 748 δεσπό-

201 813 292 853 της
318 793 464 862 ἡμῶν
477 791 736 870 ἐκέλευσεν
760 791 895 863 ἡμὰς
912 792 1040 863 πρὸς
1069 791 1129 845 σὶ
1153 787 1383 872 γενέσθαι
1401 827 1414 851 ,
1446 787 1530 838 καί
1579 783 1793 840 λαλῆσαι

202 885 321 953 ὑμῖν
347 885 432 938 ’τά
474 865 683 946 δόξαντα
729 889 801 951 τῷ
847 881 999 935 αὐτοῦ
1039 869 1374 952 θεοστηρίκτῳ
1420 876 1622 960 πρᾲτει.
1687 873 1795 928 Δλλ⁹

203 977 311 1030 εἰπὲ
340 977 457 1046 ἡμῖν
480 981 712 1045 πρῶτον,
745 979 912 1032 ποιεῖς
937 975 1026 1032 τήν
1054 971 1276 1024 κίλευσιν
1301 972 1393 1024 τοῦ
1423 961 1712 1036 βασιλέως,
1759 962 1791 1022 ἢ

201 1069 257 1120 οὐ
285 1073 451 1126 ποιεῖς
475 1081 490 1128 ;
547 1070 815 1119 ΜΛΞΙΜΟΣ
844 1058 953 1118 εἷπε
979 1079 993 1094 ·
1048 1063 1278 1117 Δέσποτα
1300 1098 1318 1124 ,
1367 1055 1574 1114 ἀκούσω
1611 1056 1664 1110 τί
1689 1053 1786 1108 ἰκέ-

200 1137 350 1210 λετῖσε
381 1157 439 1210 τό
469 1155 672 1215 εὐσεϐὲς
704 1156 856 1209 αὐτοῦ
905 1152 1121 1228 κράτος,
1183 1154 1268 1206 καί
1294 1148 1504 1209 δεόντως
1530 1145 1792 1219 ἀποκρίνο-

201 1265 326 1317 μαι·
372 1250 484 1302 ἐπεὶ
533 1247 664 1320 πρὸς
704 1248 764 1301 τό
803 1247 1108 1316 ἀγνούμενον
1134 1286 1146 1306 ,
1195 1243 1348 1299 ποίαν
1367 1239 1487 1312 (xw
1517 1238 1790 1312 ἀπόκρισιν

200 1337 418 1403 δοῦναι;
473 1343 676 1391 ΤΡΩΙΔ.
723 1337 928 1406 ίπίμιενε
995 1335 1152 1406 λέγων
1177 1347 1194 1365 ⁸
1236 1333 1339 1387 Οὐκ
1383 1329 1651 1400 ἐνδέχεται
1709 1325 1791 1383 ὅτι

201 1432 404 1504 λέγομεν
427 1431 483 1484 τί
506 1450 628 1486 ποτε
645 1469 662 1494 ,
721 1429 804 1483 ἐὰν
831 1433 900 1500 μή
931 1433 1130 1504 πρῶτον
1159 1423 1306 1499 εἴπῃς
1343 1429 1388 1480 εἰ
1429 1429 1588 1483 ποιεῖς
1618 1463 1633 1488 ,
1679 1421 1710 1480 ἣ
1734 1420 1790 1475 ού

201 1532 367 1584 ποιεῖς
404 1522 744 1588 τήναὲλενσιν
783 1515 879 1576 τοῦ
911 1519 1182 1590 βασιλέως.
1230 1519 1330 1572 Καὶ
1351 1519 1418 1575 ὡς
1447 1511 1578 1570 οἶδεν
1600 1514 1791 1575 αύτούς

200 1615 556 1687 ξιισταμίνους
572 1653 588 1677 ,
617 1615 701 1682 καί
735 1613 820 1666 ἐπὶ
840 1619 902 1684 τῇ
927 1609 1148 1685 ἀναϐολῇ
1178 1610 1331 1664 αὐτοῦ
1357 1608 1652 1682 πικρότερον
1677 1603 1789 1672 βλέ-

199 1724 432 1766 ποντας,
477 1706 560 1757 καὶ
588 1702 916 1776 τραχύτερον
957 1699 1388 1775 ἀποκριναμένους
1414 1698 1544 1768 μετὰ
1588 1698 1789 1750 πάντων

199 1802 300 1848 τῶν
376 1793 630 1850 συνόντων
676 1794 855 1854 αὐτοῖς
879 1831 896 1855 ,
957 1792 1045 1844 καὶ
1091 1797 1190 1845 τῶν
1241 1790 1538 1858 ἀξιωμάτων
1583 1786 1788 1856 κόσμοις

187 1885 497 1959 ,ἐπηρμένων
517 1863 548 1950 ,’
580 1863 865 1958 ἆποκριθείς
892 1881 1112 1952 όθὰϐϐἄς
1136 1886 1278 1936 ΜΔΞ.
1306 1876 1462 1950 εἶπεν
1505 1879 1668 1950 Ἐπάν
1696 1877 1790 1932 οὐκ

199 1975 454 2044 ἀνέχεσθε
481 1974 637 2028 εἰπεῖν
691 1979 766 2044 τῷ
789 1967 792 1970 ’
812 1969 974 2044 δούλῳ
1030 1971 1173 2041 ὑμῶν
1212 1971 1280 2026 τά
1327 1967 1669 2044 παραστάντα
1719 1972 1792 2038 τῷ

199 2061 432 2134 δισπότῃ
478 2066 618 2134 ἡμῶν
660 2064 744 2116 καὶ
765 2061 1002 2134 βασιλεῖ,
1057 2059 1214 2136 ἰδού,
1251 2060 1376 2134 λέγω
1404 2058 1677 2118 ἀκούοντος
1703 2063 1792 2112 τοῦ

199 2162 326 2215 Θεοῦ
357 2158 445 2209 καί
471 2160 568 2210 τῶν
593 2152 749 2226 ἁγίων
775 2153 1026 2226 ἀγγέλων,
1057 2157 1142 2208 καί
1168 2151 1376 2212 πάντων
1399 2153 1540 2222 ὑμῶν
1558 2188 1574 2214 ,
1606 2149 1792 2224 ὅτιπερ

199 2247 322 2302 εἴτι
357 2245 545 2314 δήποτε
573 2245 764 2302 κελεύει
791 2266 874 2316 μοι
913 2248 1036 2321 περὶ
1059 2242 1352 2304 οἱανδήποτε
1375 2244 1684 2318 πράγματος
1722 2248 1796 2310 τῷ

200 2344 352 2396 αἰῶνι
381 2336 548 2410 τούτῳ
576 2337 1024 2410 συγκαταλυμένου
1049 2339 1138 2392 καί
1165 2335 1596 2411 συμφθειρομένου
1615 2372 1630 2396 ,
1668 2353 1797 2387 ποο-

201 2429 384 2498 θύμως
421 2434 570 2484 ποιῶ.
626 2429 728 2483 Καὶ
754 2428 935 2488 εὐθέως
962 2429 1189 2490 ἀναστὰς
1213 2433 1418 2481 ΤΡΩΙΛ.
1448 2421 1606 2481 εἶπεν·
1636 2422 1802 2490 Efﬁci-

201 2520 284 2572 σθέ
317 2539 408 2588 μοι
427 2557 444 2586 ,
497 2518 597 2588 ἐγὼ
641 2517 844 2590 ὑπάγω.
874 2512 1038 2579 οὗτος
1066 2519 1166 2594 γὰρ
1197 2515 1336 2573 οὐδέν
1364 2522 1516 2574 ποιεῖ.
1553 2518 1655 2586 Καὶ
1677 2514 1802 2570 πολ-

201 2615 290 2668 λοῦ
324 2611 462 2666 πάνυ
503 2609 772 2681 γενόμενον
800 2608 1056 2680 θορύϐου,
1104 2610 1190 2663 καὶ
1215 2607 1401 2667 πολλῆς
1445 2611 1689 2683 ταραχῆς
1715 2605 1802 2658 καὶ

205 2700 566 2772 συγχύσεως,
597 2695 734 2754 εἶπεν
760 2699 930 2760 αὐτοῖς
958 2705 1138 2754 ΘΕΟΔ.
1189 2697 1217 2754 ό
1255 2698 1564 2756 ίπίσκοπος⁶
1616 2693 1802 2750 Εἴπατε

202 2793 356 2858 αὐτῷ
393 2796 485 2849 τὴν
521 2790 825 2860 ἀπόκρισιν,
869 2791 952 2845 καὶ
975 2797 1134 2862 γνῶτε
1162 2791 1214 2846 τί
1240 2789 1374 2861 λέγει
1397 2803 1411 2818 ⁶
1469 2789 1581 2842 ἐπεὶ
1615 2786 1676 2842 τό
1718 2786 1804 2840 οῦ·

201 2903 307 2942 τως
334 2882 539 2952 ἐξελθεῖν
566 2879 718 2954 μηδὲν
753 2882 1012 2956 εἰρηκότας
1035 2884 1115 2937 καί
1137 2879 1291 2953 μηδὲν
1317 2881 1644 2940 ἀκούσαντας
1665 2917 1683 2945 ,
1720 2879 1806 2933 οὐκ

201 2974 354 3030 ἔστιν
377 2972 599 3044 εὔλογον.
632 2972 753 3030 Τότε
781 2983 934 3028 nunc.
981 2972 1008 3028 ό
1063 2976 1328 3046 πατρίκιος
1355 2968 1463 3028 εἶπε
1489 2988 1502 3004 ·
1540 2970 1702 3028 Τοῦτό
1723 2991 1806 3028 σοι

204 3062 360 3122 δηλοῖ
379 3061 431 3120 δί
455 3066 593 3136 ἡμῶν
619 3063 646 3118 ό
664 3063 938 3135 βασιλεὺς,
965 3064 1122 3136 λέγων
1138 3079 1152 3094 ⁹
1177 3062 1381 3122 Ἐπειδή
1403 3067 1552 3118 πᾶσα
1573 3063 1605 3121 ἦ
1629 3060 1802 3124 δύσις,

203 3157 294 3210 καὶ
320 3155 372 3220 οἱ
398 3157 450 3208 ἑν
482 3163 544 3215 τῆ
573 3155 785 3228 ἀνατολῇ
813 3154 1198 3230 διαστρέφοντες
1225 3159 1300 3216 εἰς
1327 3156 1387 3210 ai
1417 3155 1690 3227 θεωροῦσι,
1721 3155 1806 3207 καί

205 3248 440 3309 ἅπαντες
467 3247 550 3304 διά
573 3250 632 3304 ai
653 3245 1102 3322 στασιάζουσι,μῆ
1127 3251 1351 3308 θίλοντες
1393 3247 1809 3318 ωμϐιϐασθῆναι

204 3341 340 3410 ἡμῖν
377 3337 468 3395 διὰ
520 3345 611 3400 τὴν
654 3343 862 3396 πίστιν⁰
903 3342 1176 3406 ,κατανύξοι
1203 3360 1262 3396 σε
1311 3337 1490 3402 όΘεός
1519 3345 1809 3397 κοινωνῆσαι

206 3431 334 3500 ἡμῖν
357 3431 444 3484 ‘mi
471 3436 543 3500 τῷ
568 3429 690 3507 παρ’
717 3433 832 3504 ἡμῖν
875 3432 1120 3487 ἒκτεθὲντι
1148 3431 1294 3500 τύπῳ
1315 3469 1331 3494 ,
1381 3433 1466 3485 καί
1495 3428 1811 3503 ἐξερχόμεθα

207 3521 362 3590 ἡμεῖς
391 3517 458 3574 δι’
501 3519 690 3575 ἑαυτῶν
740 3521 810 3580 είς
841 3524 928 3580 τήν
969 3520 1164 3578 Χαλκήν
1187 3558 1202 3585 ,
1243 3523 1327 3574 καὶ
1353 3519 1686 3606 ἀσπαζόμεθά
1710 3537 1768 3572 σε
1791 3556 1805 3578 .
1848 3561 1852 3564 ‹

211 3617 300 3666 καί
335 3613 677 3684 ὑποτιθέμεθα
698 3615 822 3686 ὑμῖν
865 3621 954 3674 τήν
981 3622 1138 3690 χεῖρα
1165 3617 1303 3686 ἡμῶν
1321 3655 1335 3679 ,
1373 3618 1454 3668 καί
1480 3617 1609 3686 μετά
1640 3614 1811 3673 πάσης

209 3712 373 3774 τιμὴς
402 3706 480 3758 καί
501 3702 646 3768 δόξης
675 3703 944 3777 εἰσάγομεν
971 3707 1108 3776 ὑμᾶς
1132 3706 1204 3766 εἰς
1241 3711 1332 3764 τήν
1377 3705 1594 3776 μεγάλην
1617 3701 1814 3760 Ἐκκλη-

211 3800 367 3860 σίαν,
423 3799 505 3850 καί
528 3796 635 3868 μεθ’
667 3796 860 3854 ίαυτῶν
887 3798 1112 3870 ἱστῶμεν
1143 3797 1192 3850 ἐν
1307 3799 1438 3850 κατά
1465 3796 1732 3854 συνήθειαν
1761 3795 1807 3848 οἱ

215 3889 460 3958 βασιλεῖς
503 3889 763 3951 ἵστανται,
793 3891 876 3942 καί
902 3895 1146 3962 ποιοῦμεν
1174 3887 1284 3960 ἅμα
1325 3893 1415 3947 τήν
1448 3889 1650 3952 σύναζιν
1672 3929 1686 3952 ,
1735 3889 1816 3942 καί

216 3981 556 4049 κονωνοῦμιιό
585 3978 693 4050 ἅμα
730 3985 827 4034 τῶν
869 3979 1146 4052 ἁχράντων
1174 3983 1258 4034 καὶ
1304 3983 1568 4043 ζωοποῖων
1613 3999 1815 4050 pum-

217 4073 345 4142 ρίων
373 4075 465 4124 τοῦ
494 4074 740 4133 ζωοποιοῦ
772 4073 1012 4142 σώματος
1036 4073 1119 4124 καί
1148 4070 1361 4138 αἵματος
1411 4075 1502 4124 τοῦ
1552 4073 1778 4140 Χριστοῦ
1799 4107 1814 4122 .

219 4164 311 4214 liai
341 4163 752 4235 ἁνακηΡύττομὲν
781 4181 840 4216 σε
881 4163 1085 4234 πατέρα
1113 4163 1254 4231 ἡμῶν
1272 4199 1286 4224 ,
1341 4163 1426 4214 καί
1452 4161 1647 4232 γίνεται
1668 4161 1817 4234 χονρά

197 4251 280 4304 ὀὗ
308 4251 465 4321 μόνον
491 4258 553 4326 τῇ
582 4251 904 4326 φιλοχρίστω
931 4253 1016 4306 καί
1045 4248 1267 4306 ϐασιλίδι
1295 4251 1435 4320 ἡμῶν
1463 4247 1603 4302 πόλει
1626 4289 1641 4312 ,
1691 4247 1818 4303 ἀλλά

219 4347 308 4398 καὶ
339 4345 490 4416 πασῃ
516 4350 578 4416 τῇ
630 4343 913 4413 οἰκουμένη.
947 4339 1162 4411 Οἴδαμεν
1185 4341 1285 4412 γὰρ
1315 4338 1580 4410 ἀσφαλῶς,
1617 4334 1696 4394 ὅτι
1720 4345 1815 4393 σοῦ

1894 501 2143 574 factaque
2179 515 2434 563 consueta
2475 508 2802 566 salutatione
2832 510 3088 568 sederunt
3115 527 3372 588 cogentes
3413 519 3470 576 et

1892 589 2068 662 ipsum
2102 596 2312 663 sedere,
2339 603 2397 653 et
2420 612 2579 654 orsus
2617 599 2858 656 habitum
2893 603 2961 658 ad
3003 618 3128 660 eum
3161 621 3468 668 sermonem

1892 680 2149 750 Tnorws,
2172 684 2307 740 dixit
2349 704 2363 740 :
2405 687 2664 745 Dominus
2691 690 2838 747 orbis
2852 691 3016 761 jussit
3043 709 3141 752 nos
3177 698 3364 754 venire
3404 701 3474 754 ad

1892 783 1968 840 te,
2006 784 2060 830 et
2089 776 2272 832 dicere
2298 779 2453 836 vobis
2493 795 2613 851 qua:
2639 782 2755 839 visa
2778 795 2906 841 sunt
2927 786 3188 844 divinitus
3217 791 3474 847 roborato

1893 865 2120 936 imperio
2144 857 2398 925 suo.‘Sed
2421 870 2510 926 dic
2531 871 2688 929 nobis
2708 875 2982 946 primitus.
3014 879 3060 934 si
3090 879 3257 937 facias
3275 882 3474 950 jussio-
3541 949 3546 954 η

1891 967 2015 1008 nem
2044 954 2406 1026 imperatoris,
2438 975 2507 1014 an
2543 963 2686 1018 non?
2731 963 2981 1022 MAXIIUS
3015 968 3150 1023 dixit
3180 987 3192 1023 :
3226 971 3472 1038 Domine,

1894 1043 2110 1099 audiam
2142 1048 2288 1116 quod
2311 1048 2538 1120 jusserit
2560 1053 2706 1122 pium
2731 1053 2848 1124 ejus
2871 1055 3180 1126 imperium,
3207 1069 3262 1115 et
3291 1076 3478 1118 neces-

1892 1135 2035 1190 sario
2063 1140 2416 1208 respondebo.
2450 1139 2582 1198 Nam
2613 1143 2680 1200 ad
2705 1147 2756 1201 id
2779 1148 2924 1217 quod
2948 1149 3186 1222 ignotum
3218 1161 3302 1208 est
3322 1155 3476 1219 mihi,

1891 1227 2105 1298 qualem
2135 1233 2540 1303 responsionem
2580 1237 2804 1294 daturus
2831 1239 2993 1295 sum?
3033 1241 3105 1296 At
3130 1257 3260 1298 vero
3285 1243 3476 1300 Taorn.

1889 1321 2275 1388 perseverabat
2293 1337 2608 1380 asseverans
2635 1343 2649 1380 :
2674 1326 2790 1382 Non
2815 1335 2994 1398 potest
3018 1345 3139 1386 esse
3162 1340 3220 1392 ut
3239 1333 3480 1390 dicamus

1891 1407 2114 1479 aliquid,
2153 1411 2258 1466 nisi
2284 1412 2518 1483 primum
2551 1415 2702 1472 dicas
2729 1427 2908 1474 utrum
2939 1419 3108 1480 facias
3138 1422 3223 1478 vel
3259 1440 3368 1480 non
3400 1425 3479 1480 fa-

1890 1499 2005 1554 cias
2052 1499 2351 1571 iussionem
2407 1503 2771 1578 imperatoris.
2827 1509 2895 1564 Et
2938 1526 3060 1567 cum
3114 1513 3338 1571 vidisset
3384 1531 3478 1574 eos

1892 1590 2208 1650 insistentes
2241 1595 2572 1667 peramplius
2603 1599 2848 1657 dilationi
2873 1617 3002 1672 suae,
3030 1613 3086 1660 et
3112 1609 3350 1665 amarius
3391 1609 3477 1664 in-

1892 1690 2125 1748 tuentes,
2165 1699 2230 1740 ae
2253 1687 2497 1756 asperius
2523 1692 2914 1760 respondentes
2951 1710 3074 1752 cum
3116 1700 3365 1758 omnibus
3389 1704 3483 1772 qui

1894 1787 2018 1828 cum
2047 1774 2127 1830 eis
2159 1785 2395 1833 erantet
2422 1778 2554 1850 ipsis
2582 1797 2797 1854 quoque
2825 1785 3180 1856 dignitatibus
3210 1781 3482 1850 Smculari-

1892 1867 1993 1922 bus
2020 1867 2260 1936 elevatis,
2306 1867 2638 1942 respondens
2673 1862 2816 1934 abba"
2857 1880 3000 1936 Max.
3053 1885 3168 1940 ait:
3204 1887 3338 1954 Quia
3377 1907 3479 1946 non

1894 1959 2141 2026 patimini
2167 1961 2347 2018 dicere
2374 1977 2534 2020 servo
2563 1977 2744 2025 vestro
2774 1984 2892 2040 quae
2928 1973 3145 2044 placent
3181 1979 3396 2036 domino
3427 1993 3483 2038 et

1897 2045 2208 2120 imperatori
2235 2062 2440 2122 nostro,
2486 2071 2614 2112 ecce
2654 2059 2797 2126 dico,
2827 2063 3080 2121 audiente
3109 2067 3242 2134 Deo,
3267 2085 3331 2127 ac
3354 2088 3481 2128 san-

1897 2143 2001 2199 ctis
2019 2145 2291 2215 angeliset
2313 2149 2564 2206 omnibus
2590 2151 2762 2218 vobis,
2787 2157 3064 2225 quoniam,
3092 2160 3352 2233 quidquid
3369 2163 3487 2234 jus-

1899 2235 2031 2290 serit
2089 2237 2222 2292 mihi
2271 2253 2432 2310 super
2484 2255 2806 2316 quacunque
2835 2262 2892 2302 re
2945 2264 3068 2326 cum
3126 2252 3226 2308 hoc
3283 2255 3482 2311 saeculo

1900 2327 2226 2385 destruenda
2277 2340 2332 2386 et
2373 2337 2790 2410 corrumpenda,
2851 2351 3098 2412 prompte
3148 2342 3364 2399 faciam.
3419 2346 3488 2400 Et

1901 2417 2186 2475 confestim
2215 2437 2442 2494 surgens
2469 2424 2658 2482 TROIL.
2687 2427 2824 2484 dixit
2852 2447 2867 2484 :
2901 2432 3066 2488 Orate
3094 2435 3247 2499 mihi,
3274 2451 3374 2507 ego
3396 2452 3491 2491 va-

1903 2509 2048 2564 dam.
2087 2510 2186 2567 Hic
2213 2513 2360 2568 enim
2406 2515 2560 2593 nihil,
2584 2515 2736 2574 facit.
2773 2518 2842 2574 Et
2876 2522 3043 2579 multo
3079 2526 3490 2596 vehementique

1905 2600 2048 2657 facto
2073 2603 2323 2673 tumultu,
2353 2621 2418 2661 ac
2445 2607 2608 2662 multa
2631 2611 2936 2670 turbatione
2962 2623 3020 2670 et
3039 2615 3375 2684 confusione,
3407 2621 3492 2673 di—

1907 2693 1987 2747 xit
2008 2695 2097 2750 eis
2124 2694 2327 2753 Tusco.
2350 2698 2635 2772 episcopus
2662 2721 2674 2755 :
2703 2702 2875 2760 Dicite
2903 2705 2978 2762 illi
3005 2722 3285 2780 reSponsa,
3309 2720 3365 2767 et
3394 2727 3490 2768 co-

1907 2787 2152 2856 gnoscite
2185 2789 2316 2858 quid
2347 2787 2600 2846 fateatur.
2657 2791 2792 2849 Nam
2837 2795 2918 2851 sic
2969 2799 3204 2869 regredi,
3253 2800 3494 2873 nihilque

1877 2876 2091 2959 dicere
2119 2886 2174 2933 et
2209 2878 2345 2934 nihil
2381 2880 2587 2948 audire,
2634 2884 2954 2942 rationabile
2979 2903 3086 2944 non
3114 2897 3217 2946 est.
3254 2891 3495 2949 Ettunc

1911 2965 2236 3024 ENPHANIUS
2268 2970 2531 3040 patricius
2559 2973 2636 3028 ait
2665 2991 2678 3029 :
2707 2973 2820 3031 Hoc
2849 2977 2943 3032 tibi
2975 2993 3072 3049 per
3098 2997 3196 3038 nos
3224 2982 3496 3054 significat

1911 3057 2226 3128 imperator,
2259 3061 2446 3120 dicens
2484 3079 2498 3117 :
2527 3064 2790 3133 Quoniam
2831 3077 2976 3126 totus
3027 3070 3291 3130 Occidens
3321 3086 3377 3132 et
3402 3078 3494 3147 qui

1855 3148 1876 3168 ‘
1909 3151 1961 3206 in
2010 3149 2233 3210 Oriente
2274 3155 2657 3214 subversiones
2695 3169 2989 3230 operantur
3027 3164 3094 3220 ad
3149 3174 3200 3222 te
3226 3177 3494 3237 spectant,

1907 3251 1956 3296 et
2005 3257 2192 3299 omnes
2234 3255 2457 3316 propter
2494 3256 2548 3304 te
2590 3249 2892 3307 simultates
2933 3255 3230 3324 exagitant,
3253 3257 3498 3314 nolentes

1908 3333 2201 3388 convenire
2227 3335 2505 3391 nobiscum
2547 3337 2599 3392 in
2631 3354 2790 3394 causa
2827 3341 2984 3409 fldei;
3027 3343 3170 3400 Deus
3205 3350 3495 3419 compungi

1912 3432 1965 3479 te
2002 3425 2185 3491 faciat,
2219 3436 2280 3482 ut
2307 3430 2673 3499 communices
2707 3433 2986 3489 nobiscum
3014 3435 3067 3490 in
3097 3434 3245 3507 Typo
3275 3438 3366 3508 qui
3393 3453 3492 3494 ex-

1910 3516 2117 3585 positus
2157 3525 2296 3573 esta
2325 3521 2500 3586 nobis,
2541 3529 2596 3576 et
2640 3523 2908 3580 exibimus
2947 3539 3045 3594 per
3085 3541 3185 3583 nos
3233 3527 3382 3599 ipsos
3430 3529 3501 3585 ad

1911 3611 2156 3679 Chalem,
2202 3622 2258 3670 et
2307 3615 2676 3673 osculabimur
2719 3630 2789 3686 te,
2835 3632 2890 3678 et
2938 3639 3302 3695 supponemus
3347 3629 3502 3685 vobis

1913 3717 2130 3757 manum
2161 3714 2426 3772 nostram,
2455 3711 2691 3778 cumque
2710 3712 2857 3767 omni
2889 3713 3096 3770 honore
3122 3731 3186 3772 ac
3209 3716 3378 3788 gloria
3410 3719 3497 3772 in-

1915 3794 2266 3852 troducemus
2294 3813 2389 3854 vos
2418 3799 2472 3853 in
2501 3815 2746 3872 magnam
2771 3803 3091 3874 Ecclesiam,
3113 3817 3170 3864 et
3197 3825 3319 3866 cum
3344 3811 3500 3866 nobis

1916 3885 2049 3956 ipsis
2073 3887 2328 3944 sistemus
2355 3888 2444 3945 ubi
2469 3905 2534 3948 ex
2559 3908 2710 3949 more
2741 3894 3096 3966 imperatores
3117 3908 3284 3963 stant,
3321 3911 3376 3956 et
3413 3902 3498 3956 fa-

1917 3977 2122 4033 ciemus
2159 3979 2365 4050 pariter
2391 3983 2658 4052 synaxim,
2700 3993 2754 4040 et
2781 3987 3228 4058 participabimur
3260 3991 3491 4047 inteme-

1917 4074 2160 4122 ratorum
2189 4077 2243 4124 et
2271 4070 2611 4128 vivificorum
2648 4087 3112 4133 sacramentorum
3144 4081 3342 4138 vivifici
3379 4098 3501 4136 cor-

1917 4159 2066 4227 poris
2089 4169 2145 4215 et
2173 4163 2452 4233 sanguinis
2475 4161 2695 4230 Christi,
2722 4176 2777 4222 et
2800 4170 3214 4238 praediCabimus
3242 4183 3294 4227 te
3327 4173 3504 4228 denuo

1917 4259 2126 4320 patrem
2168 4261 2437 4321 nostrum,
2469 4254 2668 4326 fietque
2697 4259 2951 4329 gaudium
3003 4277 3108 4316 non
3156 4264 3316 4318 modo
3355 4278 3502 4318 ama-

1922 4339 2041 4396 trici
2073 4339 2275 4399 Christi
2304 4353 2358 4400 et
2380 4347 2542 4417 regite
2570 4348 2688 4403 urbi
2726 4358 2944 4415 nostrae,
2971 4353 3066 4406 sed
3092 4359 3146 4408 et
3173 4352 3226 4408 in
3257 4361 3369 4408 toto
3396 4363 3502 4410 ter—

223 4440 583 4494 κοινωνοῦντος.
606 4441 680 4507 τῷ
709 4433 836 4506 ἁγίῳ
878 4439 978 4490 τῶν
1003 4434 1214 4488 ἐνταῦθα
1238 4431 1422 4506 θρόνῳ,
1456 4431 1640 4489 πάντες
1668 4428 1806 4483 ίνῶνι

1921 4445 2104 4490 rarum
2139 4433 2294 4488 orbe.
2327 4434 2540 4490 Scimus
2572 4437 2716 4492 enim
2755 4440 3057 4497 certissime
3083 4443 3249 4513 quod,
3275 4451 3328 4497 te
3355 4459 3509 4499 com-

205 4523 316 4584 ’ται
347 4529 467 4599 ἡμῖν
487 4567 503 4592 ,
535 4527 581 4580 οἱ
608 4525 689 4584 διὰ
722 4529 780 4582 σὲ
812 4529 897 4582 καί
930 4529 1020 4585 τὴν
1063 4523 1393 4582 διδασκαλίαν
1421 4523 1817 4592 ἁποσχίσαντες

226 4627 325 4681 τῆς
353 4620 611 4680 κοινωνίας
637 4619 796 4688 ἡμῶν.

301 4829 398 4884 lati
426 4829 666 4899 στραφεὶς
698 4825 822 4903 πρὸς
851 4825 936 4881 τόν
967 4823 1287 4900 ίπίσκοπονό
1312 4823 1481 4884 ἀϐϐἄς
1519 4827 1663 4878 ΜΔΞ.
1691 4822 1823 4897 μετά

227 4919 470 4996 δακρύων
513 4915 650 4973 εἶπεν
697 4919 838 4991 αύτῷ
864 4933 875 4946 ’
905 4919 1067 4988 ⁴ιιύριε
1097 4917 1123 4972 ὁ
1151 4917 1338 4990 μέγας,
1384 4915 1574 4992 ἡμέραν
1611 4916 1824 4989 κρίσεως

231 5007 553 5080 ὶκδιχόμεθα
580 5009 788 5068 πάντες.
839 5003 992 5066 οἶδας
1021 5009 1088 5062 τὰ
1131 5007 1458 5070 τνπωθὲντα,
1504 5006 1587 5060 καί
1609 5003 1825 5071 δόξαντα

231 5103 437 5154 ἐπὶτῶν
451 5097 606 5168 όιγίων
633 5096 952 5171 εὐαγγελίων,
968 5099 1160 5153 καὶτοῦ
1187 5101 1438 5162 ζωοποιοῦ
1463 5100 1716 5172 σταυροῦ,
1739 5095 1826 5148 καί

219 5198 334 5248 ,τῆς
364 5187 551 5248 εἰκόνος
569 5192 660 5242 τοῦ
689 5191 814 5242 Θεοῦ
867 5192 954 5242 καὶ
979 5195 1205 5265 σωτῆρος
1236 5189 1406 5258 ἡμῶν,
1449 5188 1534 5240 καὶ
1559 5193 1649 5244 τῆς
1675 5183 1830 5238 αὐτόν

235 5279 494 5339 τεκούσης
518 5279 768 5349 παναγίας
793 5276 1121 5351 ἀειπαρθένου
1149 5275 1362 5349 μητρός.
1387 5279 1477 5330 Καὶ
1503 5275 1671 5349 βαλών
1693 5275 1828 5330 κάτω

236 5374 299 5427 τὸ
330 5371 610 5444 πρόσωπον
651 5369 678 5424 ό
724 5371 1004 5430 ἂπίσκοπος
1026 5408 1041 5432 ,
1093 5369 1380 5442 συγνοτίρᾳ
1425 5375 1488 5442 τῇ
1535 5376 1669 5442 φωνῇ
1698 5369 1830 5440 λέγει

238 5462 378 5537 πρὸς
408 5460 565 5516 αὐτόν
585 5474 600 5490 ⁸
653 5462 742 5515 καί
767 5463 818 5514 τί
845 5458 958 5530 ἔχω
981 5465 1198 5518 ποιῆᾱαι
1222 5458 1320 5530 ὶγώ
1343 5497 1358 5521 ,
1407 5457 1534 5513 ίπάν
1573 5459 1738 5535 ἔτιρίν
1780 5481 1832 5523 τι

241 5554 488 5625 παρέστῃ
513 5559 587 5622 τῷ
610 5548 972 5622 εύσεϐεστοὶτῳ
1002 5551 1232 5614 ϐασιλεῖς
1262 5551 1347 5603 Καί
1371 5571 1495 5623 φησι
1521 5551 1654 5624 πρὸς
1682 5551 1832 5606 αὐτόν

241 5651 410 5700 HAS.
441 5644 530 5700 καί
549 5643 635 5700 διὰ
656 5647 708 5701 τί
727 5643 842 5714 ἥψω
863 5652 964 5712 τῶν
989 5644 1142 5715 ἁγίων
1173 5643 1468 5714 εὐαγγελίων
1483 5681 1500 5708 ,
1537 5645 1622 5698 καί
1641 5644 1686 5697 οἱ
1706 5646 1835 5713 μετὰ

246 5755 356 5791 σου
373 5772 390 5800 ,
421 5736 507 5790 οὐκ
531 5732 692 5795 οὕρνις
719 5733 794 5804 ἔφ’
819 5735 940 5805 ύμῖν
963 5741 1055 5796 τῆς
1081 5741 1178 5788 τῶν
1199 5734 1504 5792 λαληθέντων
1533 5733 1788 5797 ἐκϐάσεως
1819 5752 1833 5804 ;

493 5871 564 5926 -17
677 5827 965 5914 fama!“
1012 5825 1302 5890 CXXIX.

1921 4522 2230 4578 munieante
2257 4533 2445 4581 sancto
2464 4526 2590 4582 huic
2612 4529 2826 4596 throno,
2854 4533 3032 4588 cuncti
3054 4535 3310 4590 uniantur
3328 4536 3504 4600 nobis.

1919 4613 2011 4682 qui
2056 4624 2275 4685 propter
2319 4625 2374 4673 te
2411 4627 2669 4691 tuumque
2696 4623 3069 4694 magisterium
3105 4641 3165 4683 se
3200 4643 3231 4682 a
3265 4643 3510 4684 commu-

1922 4707 2082 4764 nione
2103 4717 2289 4766 nostra
2329 4709 2628 4769 sciderunt.
3333 4737 3338 4742 τ

1995 4802 2061 4859 Et
2081 4819 2375 4864 conversus
2398 4809 2465 4865 ad
2501 4789 2810 4884 episcopum
2849 4815 2984 4872 abba
3009 4815 3154 4871 Max.
3181 4831 3303 4871 cum
3334 4815 3508 4886 lacry-

1923 4896 2027 4953 mis
2053 4897 2130 4953 ait
2159 4915 2174 4953 :
2210 4899 2434 4958 Domine
2469 4901 2684 4975 magne,
2717 4907 2858 4962 diem
2896 4905 3086 4976 judicii
3130 4914 3510 4976 exspectamus

1925 5003 2134 5057 omnes,
2162 4987 2302 5046 nosti
2350 5007 2470 5062 quae
2511 4993 2762 5048 ordinata
2809 5003 2930 5050 sunt
2971 5003 3027 5052 et
3076 4993 3300 5050 ditiinita
3345 5010 3508 5066 supra

1927 5089 2113 5136 sancta
2139 5080 2449 5156 Evangelia,
2471 5093 2527 5140 et
2553 5083 2824 5141 viviﬁcam
2854 5100 3070 5141 crucem
3091 5127 3106 5152 ,
3132 5095 3295 5156 atque
3320 5087 3509 5157 imagi-

1927 5185 2051 5226 nem
2080 5171 2177 5227 Dei
2210 5181 2266 5229 et
2289 5173 2573 5231 salvatoris
2603 5177 2770 5232 nostri
2796 5173 2922 5231 Jesu
2945 5175 3172 5242 Christi,
3200 5187 3254 5232 et
3282 5178 3511 5234 sanctis-

1929 5265 2078 5320 simae
2122 5279 2241 5334 qua:
2279 5261 2426 5320 illum
2473 5265 2658 5335 genuit
2680 5279 2893 5336 semper
2919 5263 3157 5336 Virginis
3195 5267 3404 5349 matris.
3443 5265 3511 5320 Et

1929 5357 2199 5412 submisso
2221 5356 2472 5411 deorsum
2493 5355 2666 5422 vultu,
2695 5355 2981 5426 episcopus
3008 5356 3207 5412 mitiori
3231 5352 3360 5411 voce
3380 5355 3513 5410 dicit

1931 5449 2000 5506 ad
2025 5466 2148 5507 eum
2175 5468 2189 5521 ;
2215 5450 2282 5504 Ει
2313 5449 2440 5520 quid
2469 5449 2644 5505 habeo
2673 5448 2870 5515 facere,
2901 5461 3182 5520 postquam
3213 5448 3356 5502 aliud
3381 5445 3510 5516 quid

1933 5545 2171 5614 placuit?
2190 5544 2259 5599 Et
2283 5543 2418 5600 dixit
2446 5542 2513 5598 ad
2539 5559 2661 5598 eum
2691 5527 3118 5615 Mam-[abbasfz
3150 5540 3216 5594 Et
3240 5553 3410 5634 quare
3432 5547 3510 5592 te-

1935 5635 2102 5710 tigisti
2127 5643 2310 5691 sancta
2338 5633 2626 5704 Evangelia
2647 5675 2661 5700 ,
2689 5642 2744 5704 et
2772 5634 2827 5689 hi
2853 5635 2942 5704 qui
2972 5640 3146 5688 tecum
3179 5635 3354 5692 erant,
3385 5642 3508 5681 cum

1939 5709 2045 5792 non
2082 5733 2158 5791 sit
2185 5709 2248 5788 lin
2277 5709 2436 5788 vobis
2453 5743 2637 5786 eorum
2676 5743 2796 5800 qua:
2820 5729 2960 5785 dicta
2985 5735 3110 5781 sunt
3137 5724 3348 5782 exitus?
3378 5721 3512 5810 Vere
