4016 6296
613 392 716 449 655

1771 389 2132 452 ANASTASII
2172 387 2713 452 BLBLIOTHECARII

3766 401 3866 460 656

609 529 876 579 ψοσσατω,
922 529 1002 562 και
1043 509 1334 580 κατανυγείς
1389 507 1492 562 ὑπὸ
1537 512 1623 562 τοῦ
1655 513 1784 562 Θεοῦ
1824 507 1851 562 ό
1878 509 2172 583 στρατηγὸς

2293 513 2416 576 post
2439 504 2576 561 duos
2613 505 2732 561 dies
2769 501 2982 562 t‘edicns
3021 505 3177 564 miles
3207 506 3294 564 ille
3318 548 3332 574 ,
3367 507 3487 565 tulit
3512 525 3638 566 eum
3669 511 3726 566 in
3755 528 3861 568 cas-

612 604 761 672 ἧγουν
811 600 836 654 ὃ
883 604 1225 672 τοποτηρητὴς
1279 605 1370 654 ἰ’ῑ)ὓ
1429 595 1740 675 στραῒηῖοῦο
1787 599 2018 670 ἔπεμψεν
2045 603 2192 674 ἔγγὺς

616 699 774 752 αὐτοῦ
797 698 915 760 τοὺς
943 695 1325 770 προϐεϐηκότας
1351 693 1448 751 τῶν
1472 693 1668 767 βάνδων
1686 736 1700 757 ,
1726 695 2102 770 πρεσϐυτέρους
2134 711 2189 748 τε

611 792 693 840 aui
742 786 1022 851 διακόνους,
1086 788 1168 840 καί
1215 788 1336 847 τούς
1384 786 1604 846 εὐλαϐεῖς
1649 784 2040 858 σιγνογῦλακας*
2101 781 2190 843 οὓς

611 879 726 934 tam
758 869 1186 951 παραγενομένους
1211 876 1236 932 ό
1259 877 1422 951 ῥηθείς
1469 877 1634 938 ἀϐϐἁς
1671 878 1892 948 Μάξιμος
1912 915 1926 938 ,
1971 876 2189 948 ἐγερθεὶς

611 969 761 1024 ἔϐαλε
792 969 1071 1039 μετάνοιαν.
1102 969 1193 1021 Καὶ
1237 966 1510 1022 ἀντέϐαλον
1549 967 1784 1039 κάκεῖνοι,
1818 965 1900 1016 καὶ
1925 963 2182 1026 ἐκάθισαν,

609 1062 934 1121 κελεύσαντες
963 1063 1045 1115 καὶ
1069 1061 1205 1132 αὐτῷ
1233 1061 1458 1114 καθίσαι.
1493 1059 1583 1112 Καί
1628 1079 1706 1117 τις
1737 1058 1870 1114 πάνυ
1912 1059 2067 1130 γέρων
2110 1057 2186 1111 τί-

604 1168 720 1221 ’μιος
749 1147 856 1206 εἷπε
887 1160 1016 1222 πρὸς
1047 1152 1198 1206 αὐτὸν
1229 1153 1356 1206 ιιετά
1386 1149 1568 1209 πολλῆς
1597 1158 1686 1208 τῆς
1725 1149 2004 1210 εὐλαϐείας.

678 1336 864 1407 Πάτερ,
914 1330 1089 1392 ίπειδη
1139 1330 1519 1388 ἓσκανδάλισαν
1552 1333 1685 1403 ἡμᾶς
1714 1353 1843 1393 τινες
1878 1333 1948 1392 είς
1977 1336 2064 1391 τὴν
2092 1337 2186 1391 σήν

611 1415 916 1491 ἀγιωσύνην,
951 1425 1018 1481 ὡς
1040 1425 1096 1476 οὐ
1131 1423 1289 1492 λέγεις
1319 1423 1552 1478 Θεοτόκον
1605 1429 1697 1481 τόν
1746 1422 2011 1478 δέσποιναν
2046 1427 2185 1494 ἡμῶν

603 1515 694 1569 τήν
720 1513 972 1583 παναγίαν
997 1513 1256 1586 παρθένον,
1309 1511 1488 1587 ὁρκίζω
1541 1533 1599 1567 σε
1647 1515 1776 1568 κατά
1808 1522 1898 1574 τῆς
1927 1513 2074 1586 ἁγίας
2099 1517 2186 1568 καί

604 1597 879 1671 ὁμοουσίου
907 1603 990 1654 καί
1025 1605 1273 1665 ζωοποιοῦ
1296 1601 1518 1676 τριάδος,
1573 1607 1737 1658 εἰπεῖν
1775 1606 1890 1674 ἡμῖν
1923 1609 2014 1664 τήν
2064 1604 2186 1664 ἀλή-

603 1691 756 1754 θειαν,
809 1693 892 1746 καί
947 1692 1333 1768 ἀποτρίψασθαι
1382 1701 1482 1749 τῶν
1510 1693 1727 1768 καρδιῶν
1763 1696 1901 1762 ἡμῶν
1939 1700 2093 1750 τοῦτο
2127 1695 2185 1751 τό

607 1779 908 1836 σκάνδαλον·
940 1782 1021 1837 ἶνα
1045 1788 1114 1852 μη
1143 1783 1486 1855 βλαπτώμεθα
1513 1783 1694 1844 ἀδίκως
1717 1781 2180 1854 σκανδαλιζόμενοι.

597 1875 696 1926 ικαὶ
725 1871 893 1941 βαλὼν
926 1874 1212 1942 μετάνοιαν,
1242 1875 1442 1935 ἀνέστη,
1479 1877 1562 1927 καὶ
1604 1875 1828 1933 ἐκτείνας
1865 1878 1958 1932 τάς
1997 1878 2183 1946 χεῖρας

601 1966 672 2022 εἰς
700 1965 786 2017 τόν
814 1963 1022 2040 οὐρανόν
1048 1965 1181 2034 μετά
1208 1962 1439 2040 δακρύων
1485 1961 1651 2018 εἶπεν·
1702 1962 1760 2017 Ὀ
1802 1968 1873 2035 μη
1915 1963 2066 2035 λέγων
2089 1967 2181 2021 την

601 2049 872 2106 δέσποιναν
893 2054 1052 2124 ἡμῶν,
1089 2057 1178 2111 την
1217 2055 1534 2123 πανύμνητον
1572 2055 1654 2106 καί
1695 2053 1936 2124 παναγίαν
1979 2047 2183 2127 ἄχραν-

559 2181 564 2184 -
607 2163 711 2204 τον,
738 2147 819 2196 καί
841 2145 981 2214 πόση
1010 2151 1071 2217 τῇ
1101 2147 1248 2215 (φύσει
1273 2151 1335 2217 τῇ
1359 2148 1509 2213 νοερᾷ
1545 2149 1736 2201 σεπτήν
1761 2181 1776 2205 ,
1823 2145 2034 2215 φυσικὴν
2060 2142 2180 2200 ἀλη-

607 2232 703 2292 θῶς
733 2234 925 2308 μητέρα
957 2239 1077 2286 τοῦτ
1100 2239 1228 2288 Θεοῦ
1279 2234 1566 2304 γενομένην,
1622 2240 1711 2287 τοῦ
1752 2236 2053 2292 ποιήσαντος
2093 2231 2180 2286 τόν

603 2327 833 2402 οὖρα-νῖν,
867 2328 948 2380 καὶ
978 2331 1065 2385 τήν
1091 2333 1205 2399 γῆν,
1247 2329 1330 2380 καί
1370 2330 1460 2383 τήν
1505 2325 1784 2388 θάλασσαν,
1811 2325 1896 2378 καί
1921 2325 2084 2378 πάντα
2114 2325 2180 2379 τά

608 2415 657 2466 ἐν
687 2417 882 2477 αὐτοῖς,
914 2413 1045 2470 ἴστω
1065 2416 1285 2483 ἀνάθεμα
1313 2417 1399 2468 καί
1426 2415 1678 2484 κατάθεμα
1712 2413 1814 2468 ἀπὸ
1862 2419 1953 2467 τοῦ
1982 2414 2177 2485 Πατρός

567 2521 570 2524 ’
601 2511 802 2560 καὶτοῦ
827 2507 946 2561 Υἱοῦ
977 2509 1061 2560 κοί
1104 2512 1196 2562 τοῦ
1235 2506 1378 2576 ἁγίου
1409 2507 1716 2578 Πνεύματος,
1773 2512 1864 2565 τῆς
1910 2502 2177 2574 όμοουσίου

601 2599 684 2649 καὶ
712 2603 1064 2671 προσκωητῆς
1093 2594 1316 2664 τριάδος,
1355 2597 1440 2648 καὶ
1476 2596 1648 2653 πάσης
1691 2593 1991 2667 ἐπουρανίου
2027 2591 2178 2648 δυσά-

599 2703 768 2752 μεως,
787 2687 864 2738 καί
894 2690 986 2738 τοῦ
1013 2689 1180 2758 χοροῦ
1218 2691 1318 2737 τῶν
1358 2682 1513 2754 ἁγίων
1544 2681 1842 2738 ἀποστόλων
1871 2684 1955 2736 καί
1980 2702 2177 2754 προφη-

595 2783 718 2838 τῶν,
748 2779 946 2832 καὶτοῦ
974 2776 1181 2852 ἀπείρου
1213 2771 1373 2844 δήμου
1421 2779 1522 2838 τῶν
1548 2774 1844 2848 μαρτύρων,
1880 2775 1968 2828 καὶ
1990 2773 2179 2834 παντὸς

599 2867 886 2938 πνεύματος
932 2868 983 2921 ἐν
1030 2865 1324 2938 δικαιοσύνῃ
1379 2865 1776 2938 τετελειωμένον,
1819 2873 1930 2929 νῦν,
1957 2871 2036 2921 καὶ
2074 2867 2174 2933 ἀεὶ,

599 2959 683 3010 καί
727 2960 798 3017 είς
851 2961 972 3018 τοὺς
1025 2959 1262 3032 ἀπείρους
1295 2958 1478 3018 ἀἰῶνας
1503 2966 1623 3013 τῶν·
1655 2959 1866 3021 αίὼνων,
1905 2961 2056 3029 ἀμήν.
2087 2961 2177 3013 Καὶ

583 3042 904 3104 κλαύσαντες
929 3042 1141 3109 ηὔξαντο
1171 3043 1330 3116 αυτῷ,
1360 3046 1584 3117 λέγοντες
1604 3063 1616 3076 ·
1646 3045 1704 3101 ⁸ο
1729 3049 1852 3106 Θεὸς
1877 3045 2174 3118 ’ίνδυναμώ-

599 3157 679 3191 σει
726 3155 804 3198 σε,
853 3135 1037 3209 Πάτερ.
1086 3138 1170 3190 καί
1208 3137 1414 3199 ἀξιώσει
1464 3157 1522 3191 σε
1560 3138 1883 3212 ἀπρόσκοπον
1910 3138 2170 3196 τελειῶσαι

2295 605 2376 651 tra
2396 637 2412 664 ,
2438 605 2494 652 et
2523 608 2878 667 compunctus
2908 597 3166 655 divinitus
3191 609 3410 670 praator,
3453 602 3562 657 imo
3606 603 3714 658 loci
3757 619 3860 659 ser-

2290 698 2447 745 vator
2469 688 2744 753 Praetoris,
2769 688 2918 744 misit
2947 688 3013 743 ad
3044 703 3166 744 eum
3194 693 3460 760 primores
3487 705 3511 734 ιι
3543 693 3860 756 bandOrnm,

2289 765 2761 852 presbyter‘osq’ue,
2790 793 2855 834 ac
2879 779 3135 837 diaconos
3159 791 3214 837 et
3241 783 3565 838 reverendos
3591 783 3863 852 signorum

2290 869 2568 923 cuStodes.
2599 866 2746 935 Quos
2785 882 2909 923 cum
2951 869 3182 924 intuitus
3223 880 3370 925 esset
3404 869 3515 940 jam
3560 873 3865 928 nominatus

2288 960 2424 1018 abba
2451 960 2722 1017 Maximus
2743 959 3031 1018 advenisse
3051 1002 3067 1029 ,
3097 960 3370 1030 surrexit,
3411 975 3469 1020 et
3492 966 3520 1005 δ
3565 967 3725 1021 misit
3763 983 3864 1022 nie-

2288 1061 2526 1107 tanceam
2551 1069 2564 1107 :
2597 1061 2654 1108 et
2678 1052 2944 1110 miserunt
2967 1064 3026 1109 et
3051 1054 3126 1110 illi
3157 1056 3273 1112 vice
3317 1058 3602 1127 reciproca
3625 1099 3641 1122 ,
3693 1067 3752 1113 et
3791 1075 3864 1114 se-

2287 1148 2514 1211 derunt,
2557 1143 2814 1215 iubentes
2856 1154 2912 1200 et
2946 1145 3046 1216 ipsi
3091 1148 3303 1204 sedere.
3348 1149 3414 1203 Et
3451 1150 3678 1218 quidam
3718 1149 3866 1205 valde

2285 1253 2450 1316 senex
2480 1239 2813 1295 honorabilis
2839 1238 2974 1294 dixit
2997 1240 3064 1294 ad
3090 1254 3214 1296 eum
3239 1256 3360 1296 cum
3385 1243 3728 1302 reverentia:

2356 1323 2836 1400 Pater,‘t1uoniam
2859 1329 3362 1386 scandalizaverunt
3399 1347 3498 1386 nos
3541 1333 3768 1402 quidam
3815 1334 3864 1386 in

2285 1418 2698 1475 sanctimoniam
2727 1414 2875 1474 tuam
2895 1458 2911 1484 ,
2937 1420 3080 1490 quod
3104 1435 3208 1474 non
3238 1421 3388 1475 dicas
3414 1421 3508 1487 Dei
3538 1422 3862 1491 genitricem

2286 1511 2555 1566 dominam
2576 1520 2818 1567 nostram
2841 1511 3234 1567 sanctissimam
3263 1513 3563 1581 Virginem,
3597 1512 3794 1583 adjuro
3819 1524 3864 1567 te

2286 1616 2386 1670 per
2413 1610 2655 1656 sanctam
2695 1609 2752 1656 et
2791 1601 3305 1658 consubstantialem
3351 1602 3712 1668 Trinitatem,
3757 1619 3859 1671 quo

2287 1692 2571 1747 veritatem
2614 1691 2762 1747 dicas
2813 1692 2969 1748 nobis
3015 1702 3072 1747 et
3114 1693 3363 1764 detergas
3399 1707 3432 1748 a
3473 1695 3642 1750 corde
3683 1704 3865 1749 nostro

2287 1779 2600 1834 scandalum
2646 1780 2781 1843 hoc,
2829 1796 2899 1835 ne
2941 1780 3202 1844 laedantur
3246 1782 3446 1852 injuste
3489 1783 3862 1838 scandalizati.

2215 1855 2256 1914 Β
2287 1869 2353 1924 Et
2381 1869 2544 1925 missa
2571 1880 2841 1926 metantea
2870 1872 3142 1939 surrexit,
3189 1880 3244 1929 et
3283 1874 3528 1930 extensis
3571 1875 3627 1929 in
3667 1875 3862 1930 caelum

2285 1960 2536 2016 manibus
2566 1974 2689 2014 cum
2723 1960 2976 2032 lacrymis
3005 1962 3144 2026 dixit
3173 1979 3186 2014 :
3220 1961 3322 2030 Qui
3364 1977 3470 2018 non
3511 1963 3649 2018 dicit
3689 1963 3862 2020 domi-

2283 2066 2410 2105 nam
2455 2057 2696 2106 nostram
2738 2052 3260 2122 Superlaudahilem,
3301 2056 3744 2122 sanctissimam,
3787 2058 3866 2112 in-

2285 2150 2641 2207 temeratum,
2687 2151 2736 2198 et
2780 2144 2927 2197 omni
2965 2153 3172 2200 naturae
3215 2145 3562 2210 intellectuali
3601 2162 3864 2203 veneran-

2282 2231 2439 2296 dam,
2488 2231 2794 2287 naturalem
2844 2233 3112 2290 veraciter
3154 2243 3382 2291 matrem
3431 2236 3526 2292 Dei
3573 2235 3860 2301 effectam,

2281 2327 2372 2398 qui
2401 2326 2530 2382 fecit
2555 2327 2753 2383 cmlum
2778 2367 2794 2393 ,
2820 2336 2875 2384 et
2906 2337 3137 2396 terram,
3157 2340 3212 2400 et
3250 2346 3420 2396 mare,
3451 2341 3506 2387 et
3530 2333 3712 2388 omnia
3743 2348 3864 2404 qua:

2281 2419 2334 2472 in
2365 2419 2446 2474 eis
2474 2428 2602 2474 sunt
2620 2459 2635 2484 ,
2665 2419 2736 2474 sit
2763 2421 3049 2476 anathema
3071 2461 3087 2487 ,
3111 2431 3167 2477 et
3193 2424 3498 2478 catathema
3527 2439 3558 2478 a
3605 2424 3774 2480 Patre
3809 2437 3864 2480 et

2281 2509 2421 2565 Filio
2447 2519 2501 2566 et
2531 2510 2734 2582 Spiritu
2761 2519 2982 2576 sancto,
3011 2513 3454 2569 consubstantiali
3483 2523 3539 2570 et
3565 2517 3862 2586 supersuh—

2280 2601 2522 2657 stantiali
2568 2601 2870 2668 Trinitate,
2916 2617 2981 2657 ac
3027 2603 3176 2658 omni
3216 2605 3588 2674 superccelesti
3631 2606 3860 2668 virtute.

2279 2699 2442 2760 atque
2487 2705 2517 2746 a
2559 2691 2730 2748 choro
2776 2701 3090 2748 sanctorum
3132 2693 3534 2764 apostolorum,
3572 2697 3863 2767 propheta-

2257 2795 2398 2835 .rum
2415 2821 2430 2846 ,
2463 2790 2518 2836 et
2546 2780 2759 2837 inﬁnita
2786 2781 2942 2853 plebe
2973 2791 3286 2838 sanctorum
3315 2795 3614 2856 martyrum
3638 2827 3654 2851 ,
3681 2788 3864 2842 omni-

2278 2886 2382 2946 que
2407 2872 2602 2943 spiritu
2634 2872 2686 2926 in
2712 2872 2924 2943 iustitia
2951 2882 3362 2938 consummato,
3395 2890 3540 2931 nunc
3567 2884 3621 2930 et
3644 2890 3863 2947 semper

2276 2972 2336 3018 et
2379 2964 2432 3018 in
2471 2963 2666 3020 saecula
2710 2963 3066 3030 saeculorum,
3116 2979 3295 3020 amen.
3336 2964 3403 3020 Et
3445 2965 3634 3022 ﬂentes
3665 2983 3862 3023 omnes

2275 3063 2568 3108 oraverunt
2593 3053 2641 3108 ei
2669 3053 2911 3110 dicentes
2938 3071 2951 3110 :
2984 3054 3126 3110 Deus
3153 3055 3423 3111 confortet
3452 3065 3506 3112 te
3529 3097 3544 3122 ,
3588 3055 3776 3121 Pater,
3806 3069 3860 3112 et

2273 3145 2495 3216 dignum
2528 3153 2580 3200 te
2609 3143 2778 3200 faciat
2805 3145 3010 3216 absque
3038 3145 3244 3201 olfensa
3271 3147 3414 3214 hunc
3439 3147 3703 3227 perﬁcere
3731 3165 3859 3203 cur-

595 3228 679 3280 τόν
700 3223 881 3303 δρόμον
906 3231 1100 3281 τοῦτον.
1129 3228 1230 3280 -Καί
1277 3228 1470 3281 τούτων
1515 3229 1802 3302 εἰρημένων,
1833 3229 2169 3298 ἠθροίσθησαν

2275 3203 2418 3291 sum.
2463 3235 2530 3290 Et
2575 3235 2660 3290 his
2704 3203 3255 3308 diuit-congregati
3297 3203 3613 3293 suntumulti
3655 3240 3858 3295 milites

594 3322 765 3376 πολλοὶ
811 3329 1154 3394 στρατιῶται,
1203 3321 1393 3376 πολλῶν
1444 3320 1606 3376 καλῶν
1669 3323 1959 3379 κινηθέντων
2013 3321 2170 3394 λόγων

591 3417 927 3490 ἀκροώμενον
989 3417 1071 3469 καί
1119 3415 1380 3490 θεωρήσας
1428 3435 1505 3474 τις
1561 3421 1660 3468 τῶν
1706 3412 2012 3484 δομεστίκων
2076 3421 2168 3471 τοῦ

591 3512 886 3580 στρατηγοῦ
906 3547 918 3570 ,
952 3503 1028 3561 ότι
1055 3506 1210 3566 πολὺς
1239 3507 1607 3578 ἐπισωρεύεται
1635 3507 1855 3578 στρατός
1879 3545 1895 3570 ,
1926 3508 2008 3560 καί
2037 3508 2170 3562 οἰκο-

547 3625 558 3641 ι
587 3593 836 3666 angui-rat,
865 3598 944 3650 καί
973 3591 1334 3668 καταγινώσκει
1395 3602 1492 3649 τῶν
1546 3597 1616 3655 εἰς
1672 3597 1818 3650 αὑτὸν
1875 3599 2162 3668 γινομένων

549 3692 648 3743 ’Τί
677 3689 974 3748 ὑπονοήσας
1045 3689 1070 3743 ό
1119 3690 1240 3748 Θεὸς
1304 3685 1465 3743 οῗδενο
1530 3689 1798 3763 ἐπέτρεψεν
1847 3691 2166 3764 ἀνάρποστον

545 3806 548 3810 ί
586 3779 742 3834 αὐτὸν
777 3780 1024 3848 γενέσθαι,
1054 3781 1138 3832 καί
1169 3778 1407 3848 βληθῆναι
1433 3778 1534 3832 ἀπὸ
1573 3776 1664 3831 δύο
1707 3780 1878 3847 μιλίων
1921 3786 2010 3832 τοῦ
2065 3801 2165 3850 φω-

589 3871 773 3931 σάτου,
813 3869 910 3928 ἕως
953 3864 1013 3922 ἀν
1061 3874 1150 3927 τήν
1199 3870 1403 3932 σύναξιν
1432 3870 1709 3932 ποιήσωσι,
1750 3871 1831 3924 καὶ
1874 3867 2087 3924 ἔλθωσιν
2117 3874 2166 3924 oi

594 3959 868 4030 ὀφείλοντες
892 3959 1172 4030 ἀπαγαγεῖν
1197 3959 1350 4014 αὐτόν
1370 3960 1420 4012 ἐν
1448 3960 1732 4033 Περϐἐροις.
1776 3962 1900 4019 Πλὴν
1944 3957 2020 4016 ὅτι
2057 3962 2164 4036 θείᾳ

543 4068 548 4072 ’
589 4054 765 4126 ἀγάπῃ
804 4055 1056 4122 νικώμενοι
1103 4054 1148 4106 oi
1189 4053 1425 4126 κληρικοί,
1477 4055 1755 4118 ἕπέζεύσαν
1798 4057 1863 4112 τά
1888 4053 1977 4110 δύο
2001 4057 2161 4126 μίλια,

589 4149 672 4199 καὶ
716 4143 878 4209 ἦλθον,
923 4149 1006 4199 καί
1059 4147 1355 4204 ἠσπάσαντο
1408 4147 1572 4209 αὐτὸν,
1629 4148 1712 4200 καί
1760 4144 1972 4211 ηὔξαντο
2001 4149 2161 4218 αὐτῷ.

562 4240 676 4291 ,καί
705 4240 890 4313 χερσίν
933 4234 1082 4296 ἰδίαις
1117 4236 1470 4307 βαστάσαντες
1517 4237 1700 4300 αὐτ-ἰν,
1750 4235 1930 4294 ἔθηκαν
1975 4239 2060 4292 hri
2103 4237 2163 4294 τό

582 4339 780 4392 κτῆνος,
810 4333 891 4384 καί
922 4328 1253 4404 ὑπεστρεψαν
1280 4327 1390 4398 μετ’
1440 4331 1638 4403 ε’ρήνης
1687 4330 1756 4388 εἰς
1806 4329 1927 4389 τοὺς
1972 4329 2162 4391 τόπους

581 4423 767 4486 αὐτῶν,
794 4423 877 4474 καί
902 4421 1054 4481 αὐτὸς
1087 4421 1350 4489 ἀπηνέχθη
1397 4419 1444 4472 ἓν
1487 4418 1769 4495 Περϐίροις,
1823 4425 1869 4472 ἰν
1905 4426 1968 4494 τῇ
2013 4440 2162 4477 συνε-

588 4511 760 4585 χούσῃ
787 4512 934 4567 αὐτόν
959 4517 1170 4586 φρουρᾷ.
1707 4511 1718 4526 ³

653 4606 908 4658 καὶτοῦτο
936 4602 991 4659 δὲ
1022 4605 1209 4663 ἱστίον,
1251 4601 1332 4656 ὅτι
1379 4621 1428 4655 εν
1471 4608 1543 4674 τῷ
1567 4602 1740 4673 Ῥηγίῳ
1775 4601 2157 4672 ἀποτεινόμενος

576 4695 798 4771 Τρὼἱλος
823 4694 948 4768 πρὸς
978 4695 1065 4749 τόν
1089 4693 1255 4748 ἀϐϐἄν
1281 4695 1517 4764 Μάξιμον,
1543 4686 1709 4748 εἶπεν
1747 4689 1838 4753 Ὠς
1877 4691 1904 4748 ό
1935 4691 2157 4750 κονσιλά·

575 4805 684 4859 ριος
733 4782 961 4844 Ἰωάννης
1004 4781 1222 4857 ἔγραψεν
1273 4783 1414 4855 αὖτῷ
1467 4784 1584 4857 περὶ
1625 4783 1936 4854 συμϐάσεως
1962 4803 2154 4856 προταο

574 4880 742 4936 θείσης
767 4879 956 4940 αὐτοῖς,
989 4880 1072 4931 καί
1092 4881 1242 4932 τοῦτο
1260 4877 1484 4947 γενέσθαι
1518 4875 1666 4943 τέως,
1711 4877 1742 4934 ἡ
1777 4882 1877 4931 τῶν
1923 4883 2027 4932 σῶν
2055 4899 2155 4946 μα-

573 4970 735 5028 θητῶν
759 4969 940 5032 ἀταξία
965 4965 1258 5030 διεκώλυσε,
1299 4960 1438 5035 οἶμαι
1466 4963 1540 5027 δὲ,
1597 4963 1678 5020 ὅτι
1727 4967 1815 5020 οὐκ
1859 4963 2076 5038 ἔγραψεν
2125 4963 2151 5018 ὁ

575 5060 830 5130 εἰρημένος
855 5057 1168 5132 κονσιλάριος
1205 5055 1435 5117 Ἰωάννης
1459 5057 1587 5131 πρὸς
1613 5058 1697 5111 τόν
1725 5057 1943 5129 Τρὼιλον
1967 5095 1982 5121 ,
2027 5055 2148 5112 ἀλλά

575 5147 706 5222 πρὸς
728 5153 914 5202 Μεννάν
940 5149 1028 5204 τόν
1050 5148 1292 5220 μοναχὸν,
1316 5149 1543 5222 κάκεῖνος
1571 5142 1678 5200 εἶπε
1715 5153 1818 5206 τοῖς
1857 5151 1947 5201 τοῦ
1979 5146 2143 5202 παλαι

530 5264 549 5272 ”
572 5257 706 5292 τιον.

640 5422 725 5476 καί
751 5421 881 5492 μετά
909 5425 1072 5476 ταῦτα
1099 5421 1286 5493 ἤγαγον
1312 5422 1501 5482 αὐτοὺς
1529 5421 1578 5476 ἐν
1607 5421 2136 5488 κωνσταντινουπόλει,

639 5591 665 5618 ι
689 5578 820 5634 .lloc
861 5587 944 5635 est
983 5579 1423 5636 vexillifcrorum.
1471 5579 1731 5636 llincest
1771 5581 2001 5640 bandera
2039 5596 2132 5638 seu

568 5649 846 5704 vexillum.

640 5718 839 5793 bullisit
873 5730 1198 5793 melanaramr
1234 5722 1502 5775 Μετάνοιαν
1533 5720 1712 5787 ἔϐαλε,
1741 5722 1844 5778 hoc
1873 5733 1950 5780 est
1978 5738 2135 5793 gem:-

567 5789 731 5854 ﬂexit,
763 5803 982 5843 cernuus
1014 5789 1304 5857 procubuit.

2270 3326 2623 3382 auscultaturi
2653 3326 2820 3381 multa
2851 3326 2992 3382 bona
3022 3327 3184 3384 verba
3225 3345 3346 3400 qua:
3371 3331 3750 3385 movebantur.
3785 3332 3849 3386 Et

2235 3465 2238 3469 .
2270 3433 2393 3473 cum
2425 3417 2819 3488 contemplatus
2847 3426 2992 3474 esset
3016 3419 3236 3488 quidam
3268 3420 3690 3476 domesticorum
3723 3438 3856 3492 pra:-

2233 3510 2432 3572 .toris.
2485 3509 2629 3578 quod
2677 3507 2887 3572 multus.
2927 3521 3344 3566 coacervaretur
3388 3521 3442 3566 et
3489 3512 3855 3567 :editicaretur

2269 3600 2564 3670 exercitus,
2588 3615 2651 3657 ac
2677 3601 3096 3670 reprehenderet
3121 3601 3239 3670 qua:
3265 3602 3460 3657 ﬁebant
3483 3619 3498 3667 ;
3523 3605 3655 3673 quid
3681 3604 3854 3673 suspi~

2271 3698 2429 3760 catus
2457 3687 2602 3744 Deus
2632 3687 2736 3744 scit
2761 3704 2776 3752 ;
2805 3689 3060 3758 praecepit
3087 3702 3208 3743 eum
3241 3689 3354 3759 rapi
3383 3699 3438 3744 et
3479 3691 3656 3746 emitti
3699 3701 3849 3746 extra

2273 3786 2452 3833 castra
2479 3777 2690 3843 duobus
2717 3777 2974 3843 millibus,
3002 3777 3172 3833 donec
3197 3778 3566 3834 collectionem
3598 3779 3852 3837 fecissent

2259 3877 2322 3928 .et
2375 3868 2653 3924 venissent
2701 3868 2792 3938 qui
2839 3867 3100 3923 deberent
3145 3867 3342 3924 ducere
3382 3868 3528 3924 illum
3573 3869 3844 3927 Perbetis.

2269 3957 2471 4013 Verum
2498 3947 2680 4012 clerici
2709 3956 2886 4012 divina
2937 3957 3066 4012 moti
3095 3957 3382 4014 dilectione
3405 3959 3616 4028 pedites
3642 3962 3850 4017 duobus

2266 4046 2371 4102 illis
2411 4045 2678 4102 milliariis
2714 4046 2998 4113 abierunt,
3054 4055 3109 4102 et
3153 4059 3458 4112 venerunt,
3489 4058 3546 4102 et
3579 4050 3848 4105 salutave~

2268 4147 2394 4192 runt
2418 4152 2574 4202 eum,
2621 4147 2678 4192 et
2714 4145 3010 4193 oraverunt
3047 4138 3154 4203 illi,
3199 4147 3254 4191 et
3295 4139 3547 4195 manibus
3571 4141 3690 4197 suis
3729 4158 3847 4213 ges-

2244 4289 2248 4293 _
2268 4237 2444 4284 tantes
2467 4220 2838 4298 imposuerunt
2859 4242 3170 4304 eumssupra
3191 4228 3496 4300 jumentum
3515 4270 3533 4294 ,
3561 4239 3618 4283 et
3645 4233 3844 4286 reversi

2265 4330 2392 4377 sunt
2432 4337 2554 4378 cum
2598 4335 2730 4391 pace
2767 4321 2835 4376 ad
2873 4319 2990 4376 loca
3033 4335 3164 4388 sua,
3206 4329 3262 4376 et
3298 4321 3418 4392 ipse
3458 4323 3728 4378 adductus
3763 4333 3846 4378 est

2229 4413 2513 4482 _Perberis
2559 4413 2612 4469 in
2654 4413 2958 4470 custodiam
3002 4427 3107 4484 qua
3147 4414 3422 4471 coutinuis
3466 4417 3842 4493 vexationibas

2273 4507 2579 4561 tenebatur.

2335 4596 2404 4650 Et
2431 4596 2534 4651 hoc
2559 4610 2774 4665 quoque
2800 4594 3078 4651 sciendum
3099 4637 3113 4659 ,
3143 4596 3270 4665 quia
3315 4595 3368 4650 in
3411 4597 3564 4668 regio
3607 4609 3840 4668 praten-

2261 4684 2422 4741 debat
2448 4683 2662 4740 Troilus
2693 4685 2760 4738 ad
2788 4684 3040 4740 abbatem
3083 4683 3376 4738 Maximum
3424 4684 3649 4748 dicens,
3700 4685 3838 4755 quod

2223 4839 2226 4842 ,
2257 4776 2601 4833 consiliarius
2626 4774 2866 4832 Joannes
2897 4777 3175 4848 scripserit
3216 4777 3318 4832 sibi
3359 4776 3424 4832 de
3470 4776 3841 4832 accidentibus

2219 4869 2608 4942 ,quibusdam,
2658 4884 2780 4939 quae
2823 4851 2927 4923 Sibi
2993 4868 3342 4924 consulerent
3397 4883 3464 4923 ac
3511 4867 3836 4938 placerent:

2253 4961 2379 5017 licet
2407 4962 2510 5017 hoc
2537 4960 2653 5016 ﬁeri
2683 4960 2899 5016 interim
2941 4960 3330 5032 discipulorum
3373 4969 3592 5016 tuorum
3641 4960 3839 5016 inordi-

2256 5053 2404 5109 natio
2432 5051 2791 5123 prohibuerit.
2845 5050 3078 5106 IEstimo
3126 5060 3308 5108 autem
3355 5051 3497 5122 quod
3546 5066 3656 5106 non
3708 5053 3836 5107 scri-

2252 5146 2421 5215 pserit
2459 5143 2570 5214 jam
2610 5143 2788 5199 dictus
2815 5143 3159 5199 consiliarius
3201 5143 3442 5200 Joannes
3463 5144 3531 5198 ad
3555 5145 3831 5206 Troilum.

2251 5237 2344 5294 sed
2379 5237 2446 5293 ad
2475 5235 2724 5292 Mennam
2767 5236 3088 5291 monachum
3109 5275 3124 5302 ,
3156 5245 3210 5291 et
3255 5235 3342 5292 ille
3383 5235 3644 5306 deinceps
3674 5236 3727 5291 id
3753 5236 3837 5290 ιίί-

2251 5327 2393 5383 xerit
2419 5326 2690 5397 palatinis.

2322 5433 2344 5460 ο
2377 5419 2584 5476 Exinde
2609 5418 2859 5476 adductis
2903 5418 3007 5474 illis
3048 5417 3598 5488 Constantinopolim,
3640 5419 3830 5473 adver-

2318 5587 2339 5616 ο
2373 5576 2497 5631 11ωο
2538 5578 2857 5633 Anastasius
2883 5593 2988 5632 non
3017 5575 3190 5639 dedit,
3238 5590 3340 5631 nec
3376 5589 3508 5631 vero
3552 5575 3828 5644 pertinent

2245 5647 2312 5724 ad
2341 5647 2693 5724 Collationem
2729 5659 3002 5724 :_ta:nenA.
3034 5648 3160 5724 quiia
3187 5646 3474 5714 conjuncta
3507 5642 3666 5724 sunt.
3694 5642 3826 5724 adji-
3871 5663 3894 5697 x

2245 5718 2418 5842 gimtts
2457 5733 2522 5772 ex
2573 5719 2702 5774 edit.
2748 5713 3316 5787 ComhelisCOpermn
3356 5717 3530 5774 sancti
3580 5713 3818 5769 Maximi.

2291 5804 2397 5842 "Ui.
