4016 6296
131 353 236 410 657

778 350 1290 411 COLLECTANEA.
1328 386 1399 397 —
1432 353 1702 414 DISPUT.
1741 353 1949 416 INTER
1987 355 2044 411 S.
2086 355 2329 415 MAXIM.
2373 357 2461 413 ET
2501 357 2748 416 TllEOD.

3285 353 3386 413 658

132 467 218 519 καί
255 465 500 525 ίποίησαν
524 464 636 520 κατ’
666 467 830 522 αὐτῶν
848 468 1054 541 πρᾶξιν,
1077 470 1164 522 καί
1192 469 1320 538 μετά
1364 468 1422 523 τὸ
1469 469 1716 539 ἀναθεμα-

1826 483 2047 537 sumque
2077 484 2170 524 eos
2200 470 2413 524 actione
2439 467 2621 524 habita
2645 511 2658 533 ,
2690 483 2752 523 ac
2782 483 2905 523 cum
2933 458 3400 524 anathematizas-V

129 561 280 614 τίσαι
308 562 388 613 καί
412 557 701 628 ἀνασκάψαι
727 559 910 619 αὐτοὺς
938 561 1025 615 τὸν
1055 561 1103 612 ἐν
1135 559 1309 632 ἁγίοις
1332 559 1582 629 Μάξιμον,
1634 562 1720 615 καί

129 650 218 703 τὸν
266 650 522 722 μακάριον
567 649 898 704 ’Λναστάσιον
943 651 1030 706 τὸν
1082 651 1308 721 μαθητήν
1353 652 1531 714 αὐτοῦ,
1577 650 1717 706 τόντε

129 741 422 812 ἁγιώτατον
472 741 644 795 πάπαν
675 747 946 814 Μαρτῖνον,
1001 743 1081 797 καί
1124 743 1212 797 τὸν
1263 741 1404 816 ἅγιον
1458 741 1722 816 Σωφρόνιον

128 831 216 884 τὸν
239 832 578 902 πατριάρχην
613 831 996 903 Ἱεροσολύμων,
1042 835 1126 887 καί
1177 833 1372 895 πάντας
1416 835 1538 895 τοὺς
1578 835 1724 906 ὀρθο-

130 919 339 987 ὂὸξους,
369 922 454 974 καὶ
499 921 791 993 σίμφρονας
817 923 1002 991 αὐτῶν,
1055 924 1261 998 ἤνεγκαν
1304 927 1392 981 καί
1437 928 1522 983 τὸν
1578 923 1722 982 ἄλλον

128 1010 390 1081 μακάριον
409 1011 753 1075 ’Δναστάσιον,
801 1014 886 1067 καί
927 1019 1041 1075 τοῖς
1092 1015 1272 1077 αὐτοῖς
1321 1017 1596 1086 άναθίμασι
1639 1018 1723 1072 καί

131 1099 327 1172 ὕϐρεσι
375 1101 696 1178 χρησάμενοι
761 1107 846 1159 καί
900 1105 980 1160 ἔπ’
1029 1108 1210 1170 αὐτὸν,
1258 1101 1578 1183 παρέδωκαν,
1609 1119 1722 1172 τοῖς

129 1185 418 1260 ἄρχουσιν,
443 1192 664 1254 εἰπόντες
686 1193 878 1256 οὕτως·
910 1197 973 1250 Σὺ
1018 1200 1111 1268 μὲν
1157 1196 1250 1254 οὖν
1293 1201 1613 1272 ’Δναστάσιε.
1665 1203 1723 1258 τὸ

131 1288 281 1349 φαῖον
308 1290 401 1341 τῆς
424 1281 684 1356 πανδήμου
725 1292 824 1341 τῶν
851 1280 1174 1361 άναθεμάτων
1211 1299 1301 1352 τῆς
1343 1293 1474 1364 ἆρᾶς
1513 1292 1723 1350 ἐνδυσά-

129 1390 288 1438 μενος
332 1373 668 1447 περιϐὁλαιον,
715 1375 1052 1434 ἀπαλλάσσου
1106 1389 1199 1443 τῆς
1243 1392 1494 1446 καωνικῆς
1537 1385 1724 1462 ἀκροά-

129 1483 290 1528 σεως,
322 1466 451 1538 πρὸς
480 1467 538 1524 ἢν
563 1469 782 1540 ᾐριτίσω
831 1475 1018 1527 στάσιν
1057 1481 1150 1537 τῆς
1203 1477 1424 1549 γεέννης,
1469 1475 1720 1556 ἀποφερὸ-

129 1571 312 1620 μενος,
342 1555 599 1616 συνούσης
620 1558 735 1628 ἡμῖν
761 1566 854 1621 τῆς
889 1560 1123 1622 εὐκλεοῦς
1156 1565 1236 1618 καί
1283 1566 1452 1621 πάντα
1495 1555 1724 1624 συνδιαι-

130 1639 377 1702 τησοὶσης
405 1646 575 1712 τιμίας
617 1666 672 1700 τε
702 1648 786 1701 καί
843 1648 986 1722 ἱερᾶς
1036 1651 1344 1722 συγκλήτου,
1391 1665 1722 1732 παραχρῆμα

130 1735 224 1789 τήν
271 1733 383 1801 μεθ’
434 1737 570 1804 ἡμᾶς
617 1738 1044 1811 παραληψομένης
1086 1745 1285 1821 κρίσιν,
1365 1749 1451 1801 καὶ
1498 1750 1564 1805 τά
1615 1759 1720 1812 τοῖς

130 1823 414 1884 πολιτικοῖς
434 1823 682 1882 δοκοῦντα
701 1829 877 1898 νόμοις
911 1831 996 1885 ἐπὶ
1045 1811 1127 1887 σοί
1183 1832 1606 1912 διαπραξομίνης,
1651 1811 1720 1902 ὡς
1751 1811 1794 1871 Β

132 1915 284 1968 αὐτοὶ
328 1915 646 1988 δοκιμάσειεν
671 1959 685 1982 ,
735 1927 834 1975 τῶν
895 1915 1200 1982 τηλιιιούτων
1250 1947 1346 1982 σου
1370 1986 1372 1988 τ
1396 1929 1722 2006 βλασφημιῶν

130 2004 279 2060 ἕνεκα
321 2009 408 2062 καί
438 2007 767 2083 τυραννίδων.
798 2021 962 2084 Ψῆφος
995 2015 1092 2091 γάρ
1129 2016 1241 2072 κατ’
1283 2020 1449 2074 αὐτῶν
1495 2004 1605 2082 τῆς
1631 2045 1724 2080 πα-

133 2098 337 2165 ρούσης
369 2097 608 2164 συνόδου,
640 2105 724 2156 καί
751 2108 1017 2182 συνεργείᾳ
1043 2114 1137 2164 τοῦ
1175 2108 1565 2184 παντοδυνοίμοῦ
1604 2123 1724 2190 Χρι-

137 2193 268 2241 στοῦ
296 2185 393 2242 τοῦ
414 2189 642 2248 ἀληθινοῦ
669 2195 808 2264 ἡμῶν
835 2203 962 2250 Θεοῦ
998 2207 1264 2262 κανονικῶς
1281 2185 1725 2276 ψηφισαμένης-τά

133 2276 310 2332 ῦέοντα
338 2279 449 2332 καθ’
469 2282 624 2351 ἡμῶν,
674 2284 884 2353 Μάξιμε,
947 2285 1244 2346 ’Δναστάσιε
1291 2295 1373 2348 καί
1405 2291 1722 2361 ’Δναστάσιε,

137 2367 250 2454 ini
272 2369 337 2422 τὸ
368 2368 536 2424 λιιιιὸν
553 2372 764 2446 ὑπῆρχε
799 2377 925 2449 πρὸς
953 2379 1019 2432 τά
1055 2381 1180 2454 παρ’
1217 2381 1359 2453 ὑμῶν
1395 2384 1642 2454 λεχθέντα
1670 2407 1724 2441 τε

135 2453 413 2518 δυσσεϐῶς
446 2462 528 2514 καί
563 2465 884 2536 πραχθέντα,
924 2475 1044 2528 ταῖς
1091 2453 1370 2545 αὖστηραῖς
1414 2453 1512 2527 τῶν
1562 2475 1726 2545 νόμων

135 2549 581 2610 καθυποϐληθῆναι
607 2565 827 2616 ποιναῖς.
857 2561 912 2612 Εἰ
954 2562 1039 2615 καί
1070 2563 1186 2626 ἀξία
1225 2571 1373 2625 ποινή
1410 2574 1509 2621 τῶν
1555 2570 1725 2626 τοιού·

136 2645 416 2734 των-ὐμῶν
452 2645 886 2720 πλημμελημάτων
912 2657 996 2708 καί
1035 2654 1361 2731 βλασφημιῶν
1393 2660 1499 2732 οὐχ
1535 2660 1725 2734 ὕπεσῃ,

455 2734 590 2806 ὗμᾶς
616 2741 846 2815 περὶτῆς
888 2747 1115 2814 μείζονος
1155 2729 1518 2812 ιιαταλιπὸντεγς
1559 2729 1727 2828 apte-ri,

136 2822 284 2893 ἕντῳ
312 2827 535 2894 παρόντι
561 2830 692 2902 βίῳ,
724 2835 805 2886 καί
855 2835 904 2889 ἔν
945 2836 1112 2912 τούτῳ
1149 2846 1237 2900 τήν
1281 2849 1382 2898 τῶν
1438 2845 1598 2916 νόμων
1646 2867 1730 2901 κε-

135 2917 350 3010 νοιῖντες
380 2917 639 3010 ἀκρίβειαν
665 2962 680 2986 ,
717 2923 1047 2998 κερδανὸντων
1083 2930 1224 3003 ὑμῶν
1261 2935 1318 2988 τὸ
1363 2938 1481 3009 ζῇν,
1520 2935 1730 3010 ψηφιζὸ-

135 3004 270 3102 μεθα
295 3005 810 3102 ὐμῢδζτὸν-τταρὸντα
838 3018 966 3100 ἡμῖν⁵
984 3023 1305 3096 πανεύφημον
1328 3004 1612 3102 ἔπαρχον(
1637 3031 1728 3084 αὖ·

135 3091 260 3187 τίκα
291 3095 762 3167 παραλαμϐάνοντα
786 3105 922 3173 ὑμᾶς
946 3096 1092 3180 ἓντῷ
1119 3109 1230 3188 κατ’
1258 3115 1403 3169 αὐτὸν
1430 3091 1732 3193 ιιολυαρχι-

137 3187 566 3278 ιι·τ›.ἷεραετώρὶῳ,
621 3194 704 3245 καί
753 3195 945 3271 νεύροις
997 3201 1064 3254 τά
1113 3204 1400 3278 μετάφρενα
1444 3207 1725 3276 τύπτοντα,

137 3267 391 3343 [ωάξιμον
421 3282 505 3331 καί
529 3275 853 3338 ’Δνάστασιον
879 3289 960 3341 καὶ
997 3285 1332 3348 Ἀναστάσιον
1354 3335 1368 3357 ,
1417 3290 1477 3350 τδ
1520 3294 1730 3373 ὄργανον

134 3369 247 3460 τῆς-
274 3363 422 3460 ὗμξιν
461 3369 695 3440 Μαξίμου
731 3376 817 3427 καί
857 3372 1191 3436 ’Δναστασίου
1231 3386 1313 3439 καί
1360 3363 1728 3460 ’Δναστασίου]

135 3453 426 3553 άίολασίας
440 3497 456 3522 ,
509 3463 744 3519 τουτέστι
791 3471 882 3526 τήν
932 3468 1228 3544 βλάσφημον
1290 3475 1431 3547 ὑμῶν
1489 3453 1726 3553 γλῶσσαν

139 3540 324 3643 ideo“
373 3549 620 3624 ἐκτεμεῖν.
669 3551 790 3612 Εἶτα
840 3555 914 3626 δέ,
949 3555 1042 3616 ’καί
1081 3568 1173 3623 τὴν
1227 3563 1604 3626 διακονήσασαν
1654 3578 1727 3643 τῷ

135 3633 426 3735 ξἏασγήμῳ
479 3642 620 3707 ὑμῶν
663 3644 892 3719 λογισμῷ
939 3654 1247 3714 σκαιοτάτην
1308 3654 1475 3724 δεξιάν
1533 3633 1729 3735 σιδήρῷ

136 3723 424 3821 Bia-reprim
454 3737 936 3811 περιαχθησομὲνων
985 3742 1093 3815 ἅμα
1140 3752 1381 3821 στερήσει
1423 3756 1524 3805 τῶν
1561 3723 1729 3808 αὐτ-ὥν

137 3814 438 3884 βδελυκτῶν
469 3833 654 3898 μερῶν,
680 3830 744 3884 τά
767 3827 860 3887 δύο
882 3837 964 3888 καί
983 3814 1101 3891 δίκα
1125 3814 1372 3910 τμήματα
1407 3841 1601 3906 ταύτης
1638 3853 1730 3910 τῆς

138 3912 329 4008 impia:
364 3918 464 3966 τῶν
485 3913 675 3972 πόλεων
695 3923 1116 3998 περινοστεύσας,
1147 3929 1382 4006 ἀειφυγίᾳ
1421 3951 1475 3987 τε
1508 3935 1605 3993 ’καί
1637 3945 1756 4008 φυ-’

291 4003 394 4099 πρὸ
433 4003 518 4057 ἐπὶ
563 4008 767 4071 τούτοις
809 4009 1030 4072 διηνεκεῖ
1057 3999 1373 4092 παραδοῦναι
1408 4021 1576 4093 ὑμᾶς,
1599 3999 1730 4099 πρὸς

138 4089 196 4154 τὸ
220 4091 506 4184 μετέπειτα
529 4096 666 4168 ὑμᾶς
696 4103 776 4155 καὶ
817 4104 891 4162 εἰς
918 4105 1006 4158 τόν
1051 4089 1255 4164 ἅπαντα
1304 4117 1398 4170 τῆς
1423 4089 1552 4176 ζωῆς
1585 4089 1730 4184 ὑμῶν

138 4182 358 4257 χρόνον,
382 4188 450 4242 τά
472 4189 626 4245 οἰκεῖα
645 4193 872 4263 οἰμώζειν
891 4192 1164 4269 βλάσφημα
1183 4199 1477 4273 σφάλματα,
1498 4212 1590 4266 τῆς
1615 4182 1728 4261 im-

139 4273 410 4369 νοηθείσης
462 4275 571 4330 καθ’
618 4281 758 4347 ἡμῶν
807 4284 942 4357 άρᾶς
994 4293 1396 4362 περιτραπείσης
1458 4301 1522 4369 τῇ
1590 4297 1730 4366 ἡμῶν

139 4363 352 4457 ιιεφαλῇ.
379 4367 688 4437 Παραλαϐὼν
715 4367 804 4428 οὖν
823 4375 1013 4438 αὐτοὺς
1032 4377 1058 4432 ὁ
1080 4376 1348 4457 ἔπαρχος,
1371 4387 1456 4438 καί
1482 4363 1728 4454 ιιολὰσας,

143 4451 300 4547 ξτεμε
328 4457 546 4529 τάμέλη
565 4462 758 4527 αὐτῶν,
790 4467 880 4520 καί
922 4469 1246 4547 περιαγαγὼν
1286 4471 1403 4536 ὅλην
1448 4481 1539 4537 τήν
1584 4476 1728 4536 πόλιν

140 4545 386 4621 ἐξώρισεν
411 4548 598 4612 αὐτοὺς
621 4551 670 4606 ἐν
698 4558 908 4636 Λαζικῇ.
951 4565 954 4567 “

153 5002 164 5015 ’
217 4982 456 5041 llGloria
534 4985 659 5050 tibi,
731 4987 1006 5057 unigenite
1060 4988 1202 5044 Deus
1238 4987 1473 5044 Verbum
1515 4989 1723 5054 Patris,

143 5084 202 5130 et
232 5090 342 5131 une
366 5077 845 5135 eonsubstantialis
885 5079 1190 5145 Trinitatis,
1219 5080 1438 5150 qui'eos
1471 5080 1564 5151 qui
1602 5095 1729 5151 pro-

139 5176 266 5237 pter
329 5176 385 5223 te
436 5182 562 5222 cum
608 5178 662 5224 te
704 5169 974 5239 pelluntur
1017 5177 1074 5225 et
1119 5170 1417 5241 patiuntur,
1471 5171 1636 5228 verbo
1673 5180 1729 5226 et

141 5272 312 5326 opere
344 5259 620 5316 contortas
645 5269 700 5316 et
725 5263 994 5332 sapientes
1021 5261 1154 5319 facis
1195 5263 1250 5319 in
1276 5263 1480 5335 Spiritu
1517 5273 1726 5320 sancto.

147 5349 255 5407 Eos
283 5347 419 5406 vero
442 5351 534 5422 qui
561 5352 656 5419 lui,
684 5361 739 5409 et
764 5369 822 5409 re
851 5369 976 5409 vera
1005 5355 1225 5426 proprie
1249 5369 1463 5426 semper
1491 5354 1732 5424 Virginis

151 5442 344 5496 matris
374 5450 480 5496 tuae
518 5442 718 5500 inimici
765 5454 820 5500 et
845 5445 1094 5504 veritatis
1127 5447 1546 5502 calumniatores
1579 5455 1726 5512 sunt,

149 5545 368 5602 semper
392 5533 698 5591 confundis.
729 5536 913 5592 Gloria
957 5537 1077 5602 tibi,
1122 5536 1360 5617 Trinitas
1404 5545 1609 5602 sancta,-
1642 5538 1727 5592 in-

149 5634 357 5690 creata,
385 5626 735 5698 sempiterna,
764 5629 883 5683 sine
910 5629 1082 5694 initio,
1126 5627 1358 5693 inﬁnita,
1405 5627 1729 5683 inconverti-

1819 569 1941 614 sent
1965 569 2253 631 essentque
2279 561 2546 616 exsecrati
2579 567 2828 616 sanctum
2855 559 3142 614 Maximum
3168 561 3394 630 ejusque

1820 648 2140 721 discipulum
2186 652 2398 706 beatum
2439 651 2820 715 Anastasium,
2865 666 3073 706 necnon
3115 652 3397 706 sanctissi-
3454 679 3460 696 ι

1820 755 1965 795 mum
2011 755 2204 812 papam
2253 740 2579 808 Martinum,
2625 751 2981 812 sanctumque
3028 742 3394 814 Sophronium

1819 831 2185 902 patriarcliam
2216 831 2765 906 Hierosolymitanum
2786 875 2800 900 ,
2829 850 2892 890 ac
2921 850 3110 890 omnes
3139 837 3397 891 orlbodoo

1819 937 1947 987 xos,
1999 931 2267 994 quotquot
2312 924 2545 993 denique
2592 924 2833 994 ejusdem
2875 940 2938 980 ac
2985 925 3057 979 illi
3110 927 3396 982 sentcntiae

1820 1021 2005 1067 essent
2034 1029 2047 1065 :
2080 1012 2311 1067 alterum
2340 1027 2554 1083 quoque
2583 1013 2800 1068 beatum
2844 1015 3189 1070 Anastasium
3231 1016 3398 1070 addu-

1822 1101 2053 1166 xerunt,
2087 1101 2383 1172 iisdemque
2410 1103 2463 1156 in
2493 1117 2614 1158 eum
2653 1102 2789 1158 diris
2830 1119 2893 1159 ac
2936 1104 3278 1160 contumeliis
3315 1105 3397 1159 usi

1823 1189 2162 1256 tradiderunt
2183 1191 2457 1261 judicibus
2487 1233 2502 1259 ,
2531 1194 2604 1249 ita
2634 1195 2878 1250 dicentes
2906 1211 2920 1248 :
2955 1193 3099 1250 Sane
3126 1193 3309 1266 igitur,
3343 1205 3399 1248 tu

1820 1279 2106 1348 Anastasi,
2137 1281 2338 1350 pullum
2385 1283 2562 1353 p0puli
2604 1285 2841 1339 universi
2888 1285 3282 1340 maledictiouis
3321 1284 3402 1338 di-

1821 1387 2116 1443 rarumquc
2149 1373 2369 1430 indutus
2396 1377 2652 1430 amictum
2678 1417 2692 1442 ,
2721 1377 2982 1432 canonica
3012 1377 3273 1432 liberatus
3302 1392 3399 1431 au-

1822 1461 2028 1518 ditione
2063 1478 2234 1534 eaque
2274 1475 2530 1521 extrusus
2552 1508 2566 1533 ,
2597 1466 2665 1522 ad
2689 1481 2810 1522 eam
2841 1482 3003 1537 quam
3035 1468 3280 1538 delegisti
3308 1468 3401 1524 ἀοι-

1822 1555 2041 1610 vehat-is
2067 1557 2327 1627 gehennae
2353 1558 2640 1615 stationem
2667 1574 2730 1614 ac
2756 1560 2936 1615 sedem
2965 1577 2980 1626 ;
3007 1560 3098 1630 qui
3122 1561 3399 1616 nobiscum

1822 1653 1909 1700 est
1955 1646 2186 1716 parique
2234 1649 2460 1704 consilio
2507 1657 2699 1704 cuncta
2755 1649 3070 1705 moderatur
3122 1650 3409 1721 prmuobili

1824 1753 2086 1810 sacroque
2137 1748 2365 1810 senatu,
2414 1741 2596 1796 statim
2666 1756 2697 1795 a
2757 1741 2914 1797 nobis
2951 1741 3212 1811 judicium
3261 1757 3411 1796 arre-

1822 1836 2081 1898 pturo,ac
2105 1846 2224 1908 quae
2251 1831 2495 1887 civilibus
2521 1833 2813 1888 constituta
2839 1831 3048 1902 legibus
3076 1842 3220 1896 sunt,
3245 1841 3404 1902 prout

1824 1919 1998 1975 visum
2032 1919 2105 1974 illi
2139 1919 2334 1987 fuerit,
2361 1919 2506 1990 justa
2543 1922 2596 1976 in
2639 1930 2688 1976 te
2717 1921 3186 1976 animadversione
3227 1920 3400 1976 factu-

1825 2012 1990 2076 ro,ob
2021 2020 2195 2068 tantas
2223 2020 2341 2067 tuas
2369 2013 2484 2068 illas
2512 2011 2873 2084 blasphemias
2900 2012 3218 2082 rebellisque
3239 2011 3404 2076 animi

1825 2100 2150 2158 molitiones.
2183 2085 2487 2160 'Advcrsus
2535 2103 2652 2159 haec
2703 2103 2849 2158 enim
2905 2103 3228 2159 sententiam
3287 2102 3408 2156 tulit

1825 2207 2062 2263 praesens
2087 2194 2324 2264 synodus
2353 2212 2363 2246 :
2393 2208 2622 2264 cumque
2648 2193 2733 2248 illa
2751 2233 2768 2260 ,
2797 2194 3182 2266 omnipotentis
3205 2193 3407 2249 Christi

1825 2283 1938 2338 veri
1966 2283 2060 2338 Dei
2088 2283 2259 2339 nostri
2286 2298 2422 2354 ope,
2470 2299 2589 2354 quae
2632 2299 2734 2354 par
2775 2293 2922 2350 erat,
2955 2285 3243 2340 adversum
3278 2298 3402 2347 vos,

1827 2375 2090 2443 Maxime,
2130 2375 2385 2438 Anastasi
2424 2375 2820 2446 Anastasique,
2861 2376 3084 2432 dcerem
3125 2375 3405 2436 sanxerit,

1827 2467 2005 2535 sitque
2033 2465 2301 2537 reliquum
2331 2467 2398 2522 ad
2433 2482 2500 2522 ea
2527 2483 2648 2538 qua:
2675 2482 2704 2521 a
2734 2468 2889 2523 vobis
2919 2461 3091 2537 impie.
3112 2468 3404 2538 dictagcso

1831 2567 1994 2628 taque
2033 2565 2194 2624 sunt,
2229 2565 2292 2612 ut
2319 2559 2683 2614 severioribus
2711 2557 2889 2630 legum
2918 2555 3112 2628 "poenis
3156 2557 3411 2628 subjicia-

1830 2649 1959 2704 mini
1987 2649 2006 2716 (
2028 2664 2336 2719 quanquam
2365 2650 2566 2704 idcirco
2587 2650 2737 2725 quod
2765 2649 2909 2703 nulla
2939 2648 3202 2717 ejusmodi
3243 2663 3404 2719 pmna

1828 2739 2100 2809 suppetit,
2129 2753 2250 2808 quae.
2306 2739 2516 2794 delictis
2559 2739 2754 2795 vestris
2803 2754 2867 2794 ac
2905 2738 3409 2810 blaspliemiis.cou-

1828 2828 1988 2898 digna
2018 2827 2190 2882 videri
2233 2830 2421 2898 possit,
2461 2827 2607 2900 justo
2628 2844 2724 2884 vos
2756 2828 2922 2898 judici
2965 2828 3056 2897 qui
3097 2827 3299 2896 majora
3341 2829 3411 2884 sit

1832 2916 2156 2973 iuducturus
2204 2917 2576 2988 permittimus
2605 2921 2623 2989 )
2655 2919 2707 2971 in
2739 2919 2994 2988 praesenti
3038 2919 3284 2981 saeculo,
3311 2934 3420 2973 ccu.

1832 2994 2051 3067 inlucri
2079 3021 2288 3082 partem
2309 3053 2323 3076 ,
2355 3011 2480 3068 vitae
2505 3012 2659 3069 vobis
2685 3027 2854 3068 usura
2878 3026 3134 3068 concessa
3153 3052 3168 3072 .
3198 3011 3407 3080 hacque

1836 3099 1950 3171 ipsa
1976 3099 2198 3158 lenitate
2224 3103 2488 3174 tantisper
2520 3113 2744 3157 vacuata
2771 3112 3022 3159 accurata
3054 3102 3230 3174 legum
3256 3103 3414 3159 disci-

1832 3193 1976 3270 plina
2006 3210 2069 3251 ac
2096 3195 2468 3261 districtione;
2515 3196 2818 3261 sancimus,
2867 3205 2926 3250 ut
2973 3196 3157 3250 statim
3204 3211 3414 3250 assum-

1831 3287 1969 3357 ptis,
1999 3287 2088 3359 qui
2117 3289 2270 3342 nobis
2291 3297 2490 3358 prmsto
2516 3297 2598 3342 est
2631 3287 2963 3343 clarissimus
3003 3287 3322 3352 Prwfectus,
3358 3288 3409 3341 in

1831 3394 1986 3434 suum
2017 3379 2336 3449 amplissimi
2367 3380 2675 3435 dominatus
2705 3379 3018 3450 prwtorium
3040 3421 3053 3444 ,
3085 3379 3320 3434 Maximo
3345 3393 3404 3434 ac

1831 3478 2059 3540 utroque
2085 3470 2404 3538 Anastasio,
2429 3485 2615 3525 eorum
2647 3470 2829 3541 llagris
2868 3470 3026 3524 dorsa
3079 3469 3282 3534 caedat,
3317 3485 3408 3524 ve-

1829 3569 2065 3635 straeque
2089 3559 2306 3615 Maximi
2351 3561 2742 3629 amborumque
2781 3560 3194 3615 Anastasiorunt
3219 3575 3407 3630 proca-

1830 3651 2010 3706 citatis
2033 3664 2292 3720 organum
2335 3650 2610 3723 (vestram
2651 3653 2856 3708 scilicet
2889 3653 3258 3724 blasphemam
3307 3654 3408 3708 lin-

1830 3740 2011 3813 guam)
2037 3741 2106 3796 ab
2133 3742 2241 3797 imo
2267 3743 2412 3797 intus
2448 3742 2766 3810 abscindat;
2814 3755 3033 3814 tumque
3074 3746 3260 3810 etiam,
3289 3761 3408 3815 quae

1832 3835 2156 3904 blasphema:
2180 3843 2374 3890 vestrae
2399 3821 2593 3890 rationi
2626 3837 2900 3906 mentique
2928 3837 3254 3892 ministravit
3279 3837 3407 3892 dex-

1831 3938 2003 3984 teram
2029 3927 2174 3982 l‘erro
2200 3926 2412 3983 auferat
2439 3945 2452 3982 :
2485 3943 2578 3994 ac,
2608 3929 2698 3984 ubi
2725 3929 2806 3984 sic
2843 3929 3192 3984 exsecrandis
3240 3944 3412 3997 mem-

1830 4017 1945 4074 bris
1984 4017 2204 4072 mutilos
2245 4017 2451 4086 pariter
2493 4018 2930 4083 circumducens,
2977 4017 3127 4073 urbis
3170 4026 3409 4089 augustae

1833 4110 2081 4183 regiones
2107 4109 2392 4166 duodecim
2423 4118 2563 4165 totas
2591 4110 2931 4175 lustraverit,
2961 4111 3292 4181 sempiterno
3317 4126 3408 4164 ex-

1831 4201 1950 4258 silio
1975 4199 2198 4271 jugique
2226 4207 2485 4270 prz‘eterea
2510 4199 2765 4255 custodia:
2793 4200 2971 4254 tradat
3001 4215 3015 4252 :
3045 4209 3098 4253 ut
3131 4200 3407 4268 deinceps,

1831 4307 1896 4348 ac
1925 4291 2161 4362 quandiu
2194 4291 2306 4346 vita
2351 4301 2626 4362 superstes
2670 4290 2774 4345 erit
2823 4289 3177 4358 blasphemiae
3218 4289 3407 4357 plenos

1833 4397 2050 4438 errores
2094 4389 2308 4437 vestros
2353 4381 2615 4451 lugeatis,
2661 4393 2817 4434 versa
2869 4380 3079 4434 scilicet
3128 4379 3180 4433 in
3226 4387 3406 4432 vestra

1752 4506 1806 4569 Β
1833 4473 2006 4544 capita
2029 4514 2043 4539 ,
2074 4487 2234 4543 quam
2265 4472 2318 4526 in
2347 4485 2447 4526 nos
2485 4469 2917 4525 maledictionem
2957 4470 3210 4538 dirasque
3248 4483 3408 4524 exeo.

1831 4564 2062 4638 gitastis.
2093 4563 2236 4619 Tulit
2264 4563 2445 4632 itaque
2472 4561 2789 4632 praefectus,
2823 4559 3050 4632 aliisque
3085 4561 3408 4616 exeruciatis

1837 4653 2154 4719 tormentis,
2187 4653 2428 4707 membra
2470 4651 2806 4720 amputavit:
2856 4661 3072 4720 totaque
3115 4653 3248 4705 urbe
3284 4666 3382 4720 pro

1833 4747 2060 4818 pudiosa
2094 4745 2556 4801 circumductione
2601 4745 2926 4812 traducens,
2971 4744 3225 4802 Lazicem
3272 4744 3381 4801 rele

1828 4839 1994 4912 gavit.
2719 4855 2722 4858 ’

1833 4994 1978 5060 bilis,
2033 5004 2088 5050 et
2138 4994 2696 5065 supersubstantialis,
2745 5008 2808 5050 ac
2858 4993 3216 5064 tmparti'bilis,
3262 4993 3405 5049 Deus

1835 5094 2036 5143 noster.
2061 5085 2244 5142 Gloria
2297 5087 2414 5150 tibi,
2454 5086 2622 5158 gloria
2665 5087 2780 5150 tibi,
2831 5087 2999 5157 gloria
3053 5087 3170 5151 tibi,
3216 5087 3408 5141 eadem

1831 5184 1887 5232 et
1911 5175 2025 5230 sola
2055 5174 2318 5240 Trinitas,
2362 5187 2485 5242 spes
2511 5183 2567 5228 et
2617 5174 2762 5230 salus
2813 5174 3186 5229 universorum
3228 5175 3320 5244 qui
3352 5175 3404 5229 in

1831 5265 2061 5321 ortboxa
2089 5263 2192 5318 lide
2241 5262 2470 5318 adorant
2500 5272 2551 5320 te
2575 5271 2633 5320 et
2677 5262 2920 5321 serviunt
2949 5262 3043 5318 tibi
3095 5263 3149 5318 in
3178 5265 3404 5319 veritate

1835 5367 2005 5423 usque
2057 5353 2112 5406 in
2156 5351 2338 5407 linem.
2393 5350 2518 5406 Sola
2566 5352 2893 5407 intemerata
2940 5361 3012 5408 et.
3041 5348 3406 5419 sanctissima,

1833 5443 2051 5515 proprie
2098 5450 2288 5497 natura
2315 5483 2330 5508 ,
2391 5443 2507 5497 sine
2559 5443 2840 5498 mendacio
2891 5458 2958 5498 ac
2999 5444 3263 5498 veraciter
3312 5443 3406 5496 Dei

1836 5542 2031 5598 mater,
2085 5541 2141 5586 et
2184 5541 2305 5601 post
2351 5542 2564 5603 partum
2599 5532 2795 5589 iterum
2844 5549 2972 5590 vere
3023 5534 3408 5604 Virgocasta,

1827 5624 1975 5694 juva.

229 5769 252 5797 ι
306 5755 434 5814 Hae
453 5759 774 5816 Anastasius
795 5770 885 5816 aut
917 5759 1029 5830 ipse
1051 5759 1271 5840 addidit,
1299 5771 1387 5817 aut
1414 5776 1480 5817 ex
1507 5735 1953 5835 alterius-Graecis
1984 5758 2173 5816 Latina
2195 5758 2340 5816 fecit.
2381 5758 2537 5819 Sum.
