3926 5426
540 371 665 428 859.

1542 438 1553 453 δ
1657 346 2020 449 ΑΝΑέΤΑδιι
2059 386 2609 448 mammarum"

2684 498 2691 505 .

562 509 3772 558 mm

1640 605 2146 751 ANAS
2158 598 2667 731 TASH
2692 609 2707 713 ζ

1192 826 1824 916 PRESBYTERI
1884 834 2015 917 ΕΤ
2088 838 2165 917 Α]

2238 804 2774 965 aculeum
2832 815 3140 957 noua;

1820 970 2553 1185 EPISTOLA'
2618 984 2667 1055 ”

1416 1275 1509 1318 ω·
1541 1276 1955 1323 meooosmu
1997 1266 2457 1330 »πεπτηυῖαι
2476 1324 2482 1331 .
2501 1246 2951 1346 causacausa.

612 1525 903 1597 Exemplar
926 1526 1162 1598 propriae
1187 1527 1496 1598 scriptionis
1520 1527 1762 1598 epistolze
1791 1532 1963 1586 sancti
2012 1533 2117 1591 Pa-
2146 1538 2198 1597 Α
2225 1549 2379 1597 sexto
2422 1541 2547 1602 Idus

543 1620 645 1676 tris
671 1619 868 1686 nostri,
895 1633 958 1675 ac
986 1618 1224 1675 doctoris
1250 1619 1544 1686 Anastasii,
1584 1622 1881 1694 presbyteri
1905 1632 1960 1678 et
1998 1638 2131 1696 apo-

544 1710 777 1768 crisiaril
839 1710 1019 1780 magni
1092 1710 1330 1766 nominis
1413 1711 1646 1767 senioris
1713 1712 1936 1777 Romze,
2002 1715 2127 1769 novi

543 1804 893 1869 emnfesserls,
925 1802 1032 1868 vel,
1064 1804 1206 1873 quod
1248 1803 1421 1874 magis
1456 1802 1731 1860 fatendum
1765 1811 1869 1871 est,
1900 1804 2128 1861 multum

544 1896 835 1953 eertatoris
866 1904 925 1950 et
968 1893 1224 1966 martyris
1264 1894 1532 1962 veritatis,
1585 1894 1802 1965 scripta;
1851 1911 1958 1951 una
2006 1911 2147 1955 cum

545 1990 949 2060 subiacentibus
980 1989 1304 2045 testimoniis
1326 1990 1516 2055 sacris,
1553 1997 1609 2045 et
1632 1988 1979 2064 syllogismis,
2010 2004 2131 2060 quae

547 2084 760 2140 abscisa
789 2091 874 2139 est
917 2082 1035 2154 eius
1082 2090 1268 2139 sancta
1319 2083 1543 2138 dextera
1589 2099 1773 2149 manu,
1825 2084 2130 2140 admirabili

546 2190 770 2246 prorsus
793 2174 1033 2247 ingenio,
1067 2173 1178 2229 imo
1202 2173 1383 2229 divina
1409 2174 1610 2230 virtute
1650 2182 1706 2230 et
1748 2175 1944 2246 gratia,
1987 2182 2133 2245 post-

548 2280 712 2336 quam
746 2279 945 2335 passus
965 2275 1048 2320 est
1090 2265 1204 2334 ipse
1233 2274 1289 2320 et
1324 2263 1514 2321 Patres
1550 2255 1791 2335 quicum
1819 2280 1884 2321 eo
1915 2265 2134 2322 fuerunt

545 2357 605 2412 in
660 2355 862 2412 misero
905 2355 1169 2427 Byzantio
1217 2352 1440 2426 propter
1486 2355 1710 2411 verbum
1761 2354 2134 2411 tantummodo

547 2446 818 2513 veritatis,
856 2455 914 2502 et
942 2447 1086 2516 quod
1140 2446 1456 2512 noluissent,
1485 2445 1573 2501 vel
1621 2446 1807 2511 etiam,
1852 2454 1913 2500 ut
1950 2445 2135 2500 verius

549 2538 778 2605 dicatur,
835 2553 947 2595 non
989 2538 1307 2612 potuissent
1350 2538 1432 2594 eis
1472 2537 1873 2594 communicare
1918 2539 1974 2594 in
2025 2549 2133 2591 tam

545 2628 765 2701 publica
822 2629 1062 2701 ipsorum
1107 2627 1331 2700 perﬁdia
1377 2637 1433 2685 et
1484 2628 1776 2684 manifesta
1832 2627 2132 2698 impietate,

549 2722 849 2779 secundum
892 2730 1139 2779 sanctum
1167 2730 1222 2778 et
1249 2737 1503 2794 magnum
1533 2722 1587 2777 in
1619 2721 1889 2793 theologia
1933 2720 2137 2794 Grego-

552 2812 695 2867 rium
747 2823 776 2853 ι
824 2812 942 2883 qui,
982 2813 1039 2867 in
1077 2825 1328 2868 sermone
1371 2826 1470 2867 suo
1514 2826 1675 2882 quem
1727 2813 1780 2867 in
1816 2827 1875 2869 se
1905 2810 2057 2879 fecit,
2083 2820 2138 2868 et

554 2902 819 2959 adversus
867 2901 1101 2959 Arianos
1154 2900 1393 2958 affatur:
1432 2920 1450 2954 ι
1509 2903 1781 2970 Quasdam
1832 2903 2136 2959 dimisimus
2168 2892 2210 2953 Β

551 2991 760 3048 bestias
802 2999 1115 3049 sanctorum
1164 2993 1503 3064 corporibus,
1551 2994 1693 3064 quod
1724 2994 1940 3064 quidam
1981 2995 2139 3051 inhu-

554 3082 873 3137 manitatem
907 3081 1322 3152 publicaverint,
1358 3097 1525 3136 unum
1554 3092 1874 3139 accusantes
1906 3091 2135 3151 tantum,

559 3186 629 3226 ne
665 3171 931 3241 impietati
961 3171 1238 3237 cederent,
1268 3187 1370 3227 nec
1411 3173 1790 3229 communione
1830 3173 2139 3245 pollueren-

560 3272 693 3318 tur:
741 3277 907 3334 quam
948 3271 1010 3317 ut
1056 3276 1322 3318 venenum
1381 3264 1650 3332 serpentis
1696 3262 1982 3334 fugientes,
2033 3280 2139 3320 non

558 3346 761 3424 corpus
819 3353 1101 3409 laedentem
1126 3392 1142 3419 ,
1211 3353 1307 3408 sed
1355 3351 1619 3424 profunda
1672 3367 1898 3425 qua-que
1948 3357 2142 3411 anima;

560 3444 935 3501 oﬂ‘uscantem.
973 3465 993 3499 ι
1022 3446 1181 3501 Missa
1230 3456 1487 3517 praeterea
1532 3454 1616 3502 est
1660 3462 1692 3503 a
1742 3450 1901 3504 tertio
1930 3449 2138 3515 exsilio,

559 3537 615 3593 id
656 3546 739 3592 est
790 3536 1009 3603 Lazico,
1052 3538 1119 3592 ad
1166 3538 1528 3594 Theodosium
1577 3538 1950 3610 presbyterum
1993 3540 2141 3596 Gan-

564 3642 813 3699 grensem
839 3636 893 3683 et
931 3631 1258 3685 monachum
1301 3629 1355 3685 in
1386 3638 1575 3686 sancta
1613 3628 1819 3686 Christi
1862 3631 2031 3688 nostri
2064 3631 2143 3687 ci-
2204 3638 2207 3641 ‘

563 3719 732 3775 vitate
778 3721 1150 3777 constitutum.

1066 3854 1628 3917 SUPERSCRIPTIO.

565 3985 793 4061 Domino
828 4004 957 4061 meo,
982 4006 1093 4061 per,
1122 3990 1297 4045 omnia
1340 3992 1670 4045 sanctissimo
1701 3991 1809 4047 Deo
1850 3992 2146 4061 honorabili

637 4056 793 4111 Patri
828 4056 1095 4131 spiritali
1166 4077 1228 4113 ac
1279 4064 1546 4131 magistron
1590 4060 1880 4116 Theodosio
1936 4056 2146 4131 prodig-4

638 4138 770 4192 tero,
802 4130 1112 4203 Anastasius
1150 4130 1381 4201 exiguus
1406 4132 1766 4203 misericordia
1811 4131 1908 4186 Dei
1934 4130 2147 4203 presby-

638 4208 718 4253 ter
744 4207 790 4253 et
820 4201 1104 4254 monachus
1129 4217 1308 4256 servus
1335 4218 1602 4258 servorum
1634 4201 1750 4256 Dei.

2229 1735 2486 1824 praeesse-
2505 1728 2592 1785 bis
2625 1732 2717 1802 qui
2745 1733 2856 1792 illic
2880 1712 3037 1820 erant
3061 1712 3204 1807 forte
3228 1712 3535 1817 meruerat,

2233 1807 2314 1916 tes
2341 1818 2525 1874 omnia
2551 1836 2720 1916 usque
2746 1827 2813 1879 ad
2842 1817 3002 1885 unam
3022 1804 3182 1905 acum
3204 1843 3257 1891 et
3281 1835 3452 1904 ﬁlum,

2232 1908 2299 2000 ad
2340 1914 2678 1970 necessarias
2706 1916 2972 1977 utilitates
2993 1930 3102 1978 tam
3132 1937 3198 1987 ex
3222 1926 3380 1984 vobis
3397 1908 3569 2000 quam
3592 1948 3659 1989 ex
3695 1908 3796 1990 aliis

2232 1998 2434 2057 Christi
2495 2006 2686 2063 amicis
2740 2012 3187 2081 acquisieramus.
3245 2017 3314 2074 Et
3382 1998 3794 2079 sacratissimum

2232 2089 2449 2159 quidem
2475 2093 2624 2149 illum
2663 2088 2861 2167 virum,
2907 2100 3180 2160 dominum
3207 2108 3295 2162 aio
3327 2106 3628 2166 Maximum
3655 2113 3798 2167 abba-

2233 2187 2366 2249 tem,
2406 2199 2583 2256 neque
2623 2187 2676 2243 in
2709 2190 3001 2263 subiugali,
3044 2210 3220 2265 neque
3252 2197 3308 2253 in
3348 2200 3607 2256 vehiculo
3631 2198 3797 2259 sedete

2231 2272 2497 2332 valentem
2540 2295 2639 2350 pro
2677 2297 2745 2337 eo
2770 2278 2917 2354 quod
2965 2286 3019 2340 in
3059 2287 3376 2349 inﬁrmitate
3414 2284 3632 2364 positus
3654 2307 3796 2361 esset,

2233 2382 2356 2424 cum
2384 2370 2680 2442 plectentes
2699 2379 2935 2450 virgulas
2960 2394 3031 2436 ex
3052 2381 3137 2439 cis
3155 2385 3310 2454 quasi
3330 2385 3592 2442 lectulum
3621 2380 3799 2444 texuis-

2234 2473 2375 2531 sent,
2409 2465 2716 2535 baiulantes
2741 2469 3069 2541 detulerunt,
3095 2484 3152 2531 et
3174 2477 3518 2535 incluserunt
3554 2481 3611 2535 in
3635 2492 3800 2537 castro

2236 2557 2517 2616 Schemari
2559 2563 2969 2634 vocitatoiuxta
3010 2576 3226 2640 gentem
3272 2585 3464 2627 eorum
3503 2573 3597 2644 qui
3635 2574 3802 2630 dicun—

2235 2655 2326 2702 tur
2350 2648 2506 2704 Alani
2546 2668 2558 2705 :
2589 2651 2867 2710 dominum
2898 2670 3031 2711 vero
3069 2659 3416 2715 Anastasium
3471 2661 3717 2718 abbatem
3753 2671 3801 2715 et

2236 2752 2325 2793 me
2355 2748 2691 2809 peceatorem
2715 2758 2877 2814 super
2910 2761 3079 2817 equos
3119 2748 3405 2819 impositos
3424 2752 3724 2816 duxerunt;
3752 2762 3802 2807 et

2239 2829 2587 2899 incluserunt
2637 2835 2784 2891 illum
2834 2838 3054 2909 quidem
3097 2840 3149 2897 in
3199 2851 3386 2897 castro
3435 2841 3649 2898 Seotori
3673 2844 3802 2898 dicto

2238 2924 2457 2994 Apsiliae
2483 2942 2603 2996 qua:
2628 2938 2710 2983 est
2724 2944 2896 3010 prope
2916 2929 3226 3002 Abasgiam‘,
3253 2949 3341 2989 me
3364 2943 3549 2989 autem
3581 2936 3634 2992 in
3653 2934 3807 2989 altero

2241 3025 2423 3070 castro
2471 3016 2624 3086 cuius
2681 3034 2897 3075 nomen
2933 3020 3169 3079 Buculus
3224 3028 3364 3088 erat,
3417 3024 3657 3096 regionis
3698 3040 3805 3094 quae

2239 3105 2556 3162 Mesimiana
2587 3110 2905 3176 vocabatur,
2952 3113 3008 3167 in
3052 3112 3167 3182 iam
3211 3112 3483 3169 dictorum
3524 3115 3807 3170 conﬁnibus

2239 3197 2533 3272 Alanorum
2565 3217 2579 3255 :
2609 3202 2751 3270 quod
2782 3202 3033 3259 videlicet
3064 3212 3302 3260 castrum
3343 3205 3513 3260 iidem
3542 3204 3701 3265 Alani
3724 3219 3804 3258 ca-

2240 3298 2391 3360 ptum
2422 3308 2567 3348 nunc
2617 3293 2851 3350 retinere
2901 3278 3222 3354 noscuntur.
3269 3297 3405 3351 Dein
3451 3294 3578 3367 pest
3625 3312 3807 3366 paucos

2242 3380 2377 3446 dies,
2407 3383 2639 3454 sumptis
2662 3392 2776 3439 tam
2801 3398 2892 3441 me
2927 3401 3090 3455 quam
3118 3387 3280 3443 beato
3306 3387 3604 3445 Anastasio
3629 3382 3806 3459 apt-ar-

2241 3469 2400 3526 dictis
2428 3472 2642 3537 castris,
2693 3472 2861 3552 illum,
2888 3475 3104 3549 quidem
3153 3476 3418 3533 miserunt
3463 3479 3536 3533 ad
3588 3489 3806 3535 castrum

2243 3568 2609 3637 nuncupatum
2647 3566 2898 3636 Suanias,
2931 3585 3052 3627 cum
3071 3572 3511 3642 iamsemivivns
3528 3583 3693 3639 esset,
3715 3581 3808 3626 tam

2242 3670 2310 3711 ex
2357 3657 2703 3719 multitudine
2749 3668 3141 3729 tormentorum
3181 3676 3247 3716 ac
3292 3662 3584 3718 verberum
3631 3663 3808 3733 quain

2244 3750 2911 3823 Byzantiosustinuimus,
2938 3771 3099 3826 quam
3126 3771 3193 3812 ex
3214 3758 3639 3815 necessitatibus
3668 3769 3809 3827 atque

2245 3843 2507 3914 angustiis
2527 3860 2649 3919 quae
2688 3844 2778 3902 hic
2801 3854 2929 3902 sunt
2967 3848 3123 3904 nobis
3148 3848 3314 3902 illata.
3343 3847 3523 3915 Unde,
3548 3860 3607 3905 et
3635 3851 3687 3904 in
3713 3864 3810 3904 me-

2245 3932 2336 3989 dio
2353 3934 2477 4002 vite,
2508 3943 2569 3992 ut
2600 3936 2818 4006 quidam
2847 3939 3034 4006 aiunt,
3077 3947 3138 3995 ut
3178 3949 3357 3996 autem
3412 3942 3507 3997 alii
3553 3950 3809 4005 asserunt,

2244 4039 2372 4085 mox
2398 4041 2462 4082 ac
2492 4034 2737 4085 retrosus
2759 4039 2843 4085 est
2865 4030 2920 4086 in
2944 4028 3362 4087 eastroSu'ania:
3394 4033 3463 4088 ad
3491 4033 3639 4103 quod
3657 4032 3805 4107 desti-

2203 4161 2208 4165 .
2246 4127 2407 4177 natus
2450 4117 2644 4182 fuerat,
2694 4119 2846 4183 obiit,
2877 4119 3241 4192 Argumentor
3284 4121 3452 4192 igitur
3494 4122 3642 4193 quod
3680 4121 3810 4177 εῖτ-ω

2168 4240 2218 4304 c
2245 4209 2657 4304 undecimoldvel
2682 4226 2836 4277 nono
2862 4211 3131 4283 Kalendas
3157 4214 3435 4304 Augustas
3454 4201 3736 4270 deﬁnierit
3765 4213 3811 4266 in

639 4307 957 4366 Memoriam
1026 4312 1322 4383 iustorum'
1370 4328 1494 4368 cum
1567 4314 1819 4379 laudibus
1885 4315 2146 4372 divinitus

2249 4299 2498 4358 Domino.
2531 4302 2946 4374 Quintodeeimo
2971 4317 3206 4374 nataque
3232 4303 3600 4359 Kalendarum
3640 4303 3811 4373 Augu-

570 4400 894 4472 inspiratum
955 4403 1112 4465 nobis
1166 4402 1348 4459 facere
1394 4404 1550 4475 jubet
1597 4405 1969 4463 Proverbium.
2035 4406 2148 4478 Ego

570 4490 734 4561 igitur
802 4492 1025 4563 exiguus
1097 4489 1409 4549 memoriam
1461 4492 1732 4565 iustorum
1797 4494 2032 4560 illorum,
2091 4504 2149 4575 et

568 4584 838 4654 praecipue
905 4583 1121 4651 Maximi
1204 4601 1395 4643 revera
1486 4587 1700 4659 megisti
1780 4586 1932 4659 (hoc
2002 4588 2159 4644 enim

572 4673 839 4731 Maximus
878 4691 1093 4733 nomen
1145 4676 1425 4748 insinuat),
1451 4692 1701 4734 sermone
1750 4690 1871 4734 meo
1909 4677 1962 4733 in
2012 4692 2149 4748 pra:-

574 4765 874 4821 sentiarum
925 4765 1106 4822 facere
1158 4767 1362 4833 volens,
1411 4778 1467 4823 et
1500 4767 1660 4838 digne
1703 4767 1846 4823 illius
1893 4768 2146 4832 virtutem

572 4865 733 4926 atque
763 4855 1066 4921 scientiam,
1107 4855 1247 4912 sicut
1276 4865 1350 4912 ἐι
1395 4872 1495 4927 pro
1535 4856 1751 4912 Christo
1784 4857 1895 4913 Deo
1936 4867 2147 4927 gestum
2174 4890 2187 4897 ε

574 4949 893 5020 martyrium
932 4947 1049 5018 eius
1090 4948 1310 5003 laudare
1341 4949 1564 5003 minime
1588 4950 1792 5014 valens,
1829 4951 1931 5005 hoc
1974 4951 2147 5006 solum

575 5040 880 5110 signiﬁcare
921 5050 1020 5110 per
1062 5038 1204 5097 hanc
1253 5039 1532 5109 epistolam
1589 5040 1708 5096 Deo.
1747 5042 2152 5097 honorabilibus

2248 4402 2458 4469 statum
2492 4395 2711 4455 deducti
2730 4410 2925 4469 sumus
2951 4395 3190 4466 utrique,
3218 4410 3316 4467 per
3350 4395 3654 4466 iussionem
3699 4404 3813 4447 tunc

2246 4485 2527 4558 principis,
2568 4487 2622 4542 in
2651 4487 2706 4547 id
2747 4488 2899 4566 quod
2931 4487 3212 4560 dicebatur
3238 4485 3559 4553 Mueurisiu,
3598 4499 3813 4557 praesen-

2253 4578 2400 4633 taudi
2446 4579 2499 4632 in
2544 4577 2726 4633 medio
2771 4577 2930 4633 amici
2981 4577 3195 4645 Christi,
3229 4578 3526 4640 exercitus,
3579 4590 3700 4631 cum
3733 4573 3812 4627 ille

2242 4667 2379 4738 iam,
2423 4674 2482 4723 ut
2523 4666 2878 4737 praetulimus,
2938 4666 3230 4721 semivivus
3286 4664 3599 4729 exsisteret,
3663 4673 3717 4718 et
3756 4677 3812 4716 ex

2251 4768 2381 4815 tunc
2405 4774 2526 4815 eum
2568 4758 2706 4814 ultra
2742 4774 2848 4814 non
2878 4759 3009 4813 vidi.
3061 4757 3329 4813 Continuo
3362 4757 3563 4828 quippe
3601 4755 3816 4811 destina-

2248 4862 2444 4910 verunt
2487 4852 2660 4923 ipsum
2694 4851 2934 4921 quidem,
2986 4859 3045 4904 ut
3085 4849 3287 4904 dictum
3333 4858 3434 4912 est,
3486 4848 3541 4901 in
3588 4854 3814 4901 castrum

2251 4944 2593 5009 Suanite,me
2607 4948 2786 4995 autem
2813 4939 2866 4993 iu
2899 4949 3135 4993 castrum
3169 4936 3312 5008 quod
3340 4935 3541 4991 dicitur
3561 4931 3817 5015 Tbacyria

2244 5034 2398 5105 juxta
2430 5032 2726 5088 Hiberiam.
2769 5029 2905 5085 Hine
2934 5029 3096 5101 igitur
3130 5027 3360 5099 coniicio
3388 5026 3532 5097 quod
3555 5026 3697 5080 circa
3728 5036 3814 5075 tm-

574 5129 730 5174 vnhis
766 5129 1118 5184 consideravi-
1147 5130 1290 5186 quod
1316 5140 1373 5182 et
1390 5130 1751 5192 ipsimaxime
1790 5146 1968 5186 nosse.
1992 5142 2153 5182 uram.

2252 5126 2462 5176 decima)
2483 5122 2754 5176 Kalendas
2806 5120 2889 5166 vel
2916 5133 3055 5170 nono
3082 5116 3349 5173 Kalendas
3375 5117 3652 5199 Augustas
3671 5114 3815 5199 quin-

3708 5196 3797 5228 ΣΙ..
