3926 5574
89 382 177 436 ﬂii

732 375 1246 434 COLLECTANEA.
1283 403 1355 418 —
1389 348 1750 428 ASASTASII
1784 331 2608 435 APOCRISIARII'CEPISTOLA

3207 381 3314 435 66!

78 513 196 552 eos:
229 492 408 546 Tertio
436 491 646 546 decimo
676 493 761 546 die
785 491 1008 561 Augusti
1033 490 1233 546 mensis
1258 487 1416 558 hujus
1439 489 1641 544 instau-
1670 484 1716 544 Α
1745 495 1960 560 iterum,
2007 505 2058 552 et
2102 496 2292 566 recipit
2342 499 2700 568 principatum
2729 515 2739 550 :
2770 498 2841 552 nil
2899 498 3075 552 tamen
3129 514 3316 556 comm

79 589 144 641 tis
170 585 370 655 quintae
393 585 662 640 decim».-
693 583 1020 646 indictionis,
1055 579 1190 637 feria
1233 583 1459 652 septima
1493 598 1642 637 assu-
1741 600 1860 656 qua:
1885 586 2150 655 pollicitus
2195 595 2278 643 est
2302 589 2429 644 'Dco
2474 596 2529 642 et
2575 587 2769 643 crebro
2813 587 2971 644 dictis
3001 588 3093 643 Dei
3131 589 3318 644 amicis

76 689 180 733 met
209 691 296 732 me
326 678 621 732 Dominus:
655 677 796 746 quod
839 687 892 731 et
922 675 1122 730 factum
1152 684 1255 731 est.
1289 675 1456 748 Igitur
1485 678 1643 732 tertio
1741 676 2076 747 principibus
2119 677 2172 731 in
2217 691 2354 748 opus
2391 676 2662 747 perduxit.
2716 676 2759 731 Ε
2803 675 3078 731 contrario
3138 685 3317 732 autem

76 769 280 836 decimo
337 767 427 824 die
489 769 733 839 praedicti
792 767 1019 838 Augusti
1092 768 1294 824 mensis
1355 769 1644 838 praeteritae

77 859 269 928 quinta:
318 859 630 916 indictionis
678 859 973 915 secundum
1022 859 1264 913 divinum
1305 857 1421 927 ejus
1457 858 1646 914 vatici-

79 951 239 1014 nium,
270 949 402 1006 feria
423 951 676 1021 septima,
702 951 1060 1022 praesentibus
1085 950 1378 1018 derelictis,
1406 952 1647 1023 perrexit

77 1041 138 1096 ad
167 1041 474 1097 Dominum.
500 1042 690 1109 Porro,
723 1051 779 1099 et
805 1042 948 1098 aliud
982 1041 1299 1097 miraculum
1340 1043 1481 1112 quod
1509 1043 1649 1098 divi-

78 1134 214 1188 nitus
249 1133 303 1187 in
333 1142 525 1190 sancto
562 1132 680 1202 ejus
717 1141 1067 1189 monumento
1096 1132 1352 1200 ellicitur,
1395 1133 1647 1204 quodque

79 1237 240 1291 usque
272 1222 326 1276 in
368 1238 629 1292 praesens,
655 1223 748 1293 qui
797 1231 1038 1278 castrum
1084 1222 1216 1278 illud
1263 1231 1320 1278 et
1361 1221 1479 1291 ejus
1503 1223 1648 1278 circa

81 1317 349 1385 regionem
387 1315 694 1370 inhabitant
740 1315 1018 1370 intuentur
1056 1322 1113 1370 et
1154 1314 1474 1385 praedicant,
1503 1322 1560 1370 et
1582 1314 1650 1370 ad

81 1406 333 1474 quosdam
382 1406 548 1461 etiam
585 1405 885 1475 principum
932 1413 1096 1475 atque
1125 1413 1432 1477 magnatum
1463 1419 1651 1475 perve-

83 1496 174 1557 nit,
214 1495 438 1565 dignum
491 1503 578 1549 est
623 1503 683 1548 et
706 1494 861 1550 vobis
916 1508 1134 1565 quoque
1181 1493 1560 1556 sanctissimis,
1595 1503 1652 1550 et

84 1600 171 1652 per
190 1600 288 1640 vos
309 1586 563 1642 omnibus
590 1585 681 1655 qui
709 1585 907 1641 ibidem
939 1591 1064 1640 sunt
1097 1586 1291 1651 sancti,
1320 1600 1417 1656 per
1445 1586 1652 1642 litteras

86 1673 194 1727 ﬁeri
226 1674 571 1730 manifestum
601 1677 655 1730 in
698 1675 924 1746 gloriam
951 1683 1007 1730 et
1046 1675 1257 1730 laudem
1289 1677 1382 1731 Dei
1410 1677 1500 1746 qui
1527 1675 1654 1732 facit

88 1763 348 1817 mirabilia
378 1765 432 1819 in
459 1767 665 1820 sanctis
691 1767 805 1821 suis
843 1776 900 1821 et
924 1765 1190 1836 gloritieat
1220 1766 1535 1821 memoriam
1562 1782 1655 1823 co-

1744 765 1993 820 manibus
2018 780 2247 835 nequam
2265 766 2521 822 deductus
2545 765 2806 831 virorum,
2840 766 3318 836 repromissionum

1744 857 1960 927 quidem
2001 857 2200 913 oblitus
2242 867 2343 923 est,
2375 858 2485 913 tolli
2543 868 2722 914 autem
2771 874 2855 913 me
2885 873 2912 911 a
2951 867 3134 913 castro
3182 856 3323 912 Phu-
3375 851 3378 854 ’

1745 949 2007 1004 stensium
2048 958 2105 1005 et
2129 951 2394 1005 maturius
2435 949 2487 1003 in
2535 948 2891 1006 Schemareos
2919 955 3159 1004 castrum
3181 946 3321 1002 mitti

1746 1045 2023 1115 praecepit.
2904 1031 2915 1036 iv
3040 1031 3068 1059 ’⁷
3117 1030 3147 1038 Α

1816 1135 2041 1191 Factum
2073 1143 2277 1192 .nterea
2320 1145 2424 1201 est,
2457 1151 2578 1192 cum
2615 1137 2876 1209 ducerent
2899 1149 2985 1190 me
3010 1133 3063 1190 in
3083 1146 3199 1203 1am
3228 1147 3325 1188 no-

1749 1227 2012 1282 minatum
2050 1236 2310 1292 castrum,
2339 1235 2395 1280 ut
2425 1226 2512 1282 ille
2550 1227 2743 1282 iterum
2777 1224 3074 1296 pelleretur
3104 1231 3158 1279 et
3182 1230 3328 1278 esset
3357 1279 3359 1282 ι

1749 1315 2010 1386 profugus
2059 1315 2150 1370 ubi
2189 1324 2242 1371 et
2287 1316 2518 1386 primum
2574 1315 2767 1370 fuerat.
2823 1314 3092 1371 Excitavit
3149 1321 3326 1368 autem

1751 1407 1894 1463 Deus
1913 1407 2161 1477 spiritum
2209 1421 2365 1461 suum
2417 1406 2470 1460 in
2516 1406 2634 1461 viro
2674 1406 2798 1460 boni
2845 1405 3178 1470 aemulatore,
3237 1405 3328 1472 qui

1752 1499 1847 1553 Dei
1871 1497 2068 1553 habeat
2113 1497 2166 1551 in
2218 1510 2277 1552 se
2307 1495 2557 1550 timorem
2608 1495 2812 1566 pariter
2853 1502 2908 1550 et
2953 1507 3226 1557 amorem,
3277 1499 3334 1544 et

1753 1604 1880 1645 vere
1926 1589 2260 1660 pheronyme
2287 1587 2316 1627 ιι
2346 1586 2661 1657 vigilantem
2692 1583 2982 1639 secundum
3013 1584 3180 1638 Deum
3209 1595 3333 1652 pos-

1754 1678 1928 1734 sideat
1971 1685 2230 1742 mentem,
2279 1676 2369 1747 qui
2418 1689 2540 1730 cum
2581 1675 2687 1728 Deo
2717 1689 2857 1728 nunc
2883 1680 3079 1742 praeest
3106 1670 3332 1741 regioni,
3382 1741 3387 1752 λ

1759 1781 1851 1838 et,
1896 1771 2063 1826 Deum
2112 1769 2357 1824 imitante
2410 1765 2864 1824 condescensione
2923 1779 3018 1820 seu
3083 1776 3332 1832 compas-

88 1867 197 1904 rum
226 1852 322 1922 qui
355 1867 414 1908 se
437 1855 736 1910 orthodoxe
782 1871 846 1911 ac
870 1856 1083 1912 sincere
1121 1855 1441 1926 gloriticant.
1471 1857 1526 1913 ιιι
1554 1867 1657 1926 est,
1686 1841 1735 1902 Β
1761 1862 1910 1919 sione
1948 1869 2145 1926 motus,
2184 1859 2399 1914 reduxit
2422 1873 2508 1914 me
2533 1874 2563 1913 a
2587 1858 2672 1912 via
2705 1856 2896 1912 crebro
2926 1855 3055 1910 dicti
3080 1853 3336 1909 Schema-

89 1953 190 1997 tres
218 1943 500 2014 lampades
542 1944 781 2000 lucifera:
805 1961 904 2016 per
933 1946 1174 2018 singulas
1202 1956 1389 2004 noctes
1413 1960 1660 2004 sanetum

89 2032 256 2087 sancti
311 2033 458 2088 illius
505 2037 759 2107 martyris
811 2036 1030 2093 Maximi
1079 2049 1486 2094 monumentum
1543 2040 1660 2095 illu-

90 2130 277 2177 stram.
343 2121 470 2178 Haec
515 2125 582 2180 de
629 2127 965 2182 memorabili
1017 2128 1119 2184 hoc
1183 2129 1334 2195 viro,
1400 2131 1663 2201 beatoque

91 2214 374 2269 Anastasio
430 2214 540 2270 Deo
590 2216 998 2274 honorabilibus
1048 2220 1202 2277 vobis
1226 2262 1243 2287 ,
1314 2233 1369 2277 et
1418 2237 1514 2292 per
1565 2237 1663 2279 vos

91 2304 231 2357 omni
263 2314 464 2360 sancta:
494 2307 610 2371 Dei,
639 2321 758 2377 quae
777 2308 958 2366 illicin
987 2319 1134 2367 recta
1159 2311 1262 2367 fide
1285 2312 1456 2383 degit,
1479 2313 1664 2369 Eccle-

92 2396 178 2448 sia:
196 2395 439 2451 breviter
471 2399 721 2454 annotavi
752 2415 767 2454 :
799 2410 1065 2470 quatenus
1082 2411 1140 2457 et
1157 2417 1270 2469 vos,
1298 2404 1382 2459 his
1411 2405 1662 2474 cognitis,

93 2483 403 2554 gloriﬁcetis
425 2487 618 2554 Deum,
645 2489 738 2559 qui
767 2498 850 2546 est
883 2491 1145 2547 mirabilis
1176 2493 1229 2546 in
1255 2494 1459 2549 sanctis
1487 2495 1618 2549 suis.

151 2575 372 2629 Interea
403 2585 459 2631 et
485 2592 605 2646 qua:
637 2579 770 2634 mihi
799 2581 1072 2650 peceatori
1101 2589 1157 2637 et
1180 2582 1374 2654 exiguo
1401 2591 1524 2655 post
1549 2585 1666 2642 haec

92 2665 450 2735 contigerunt,
483 2675 538 2722 et
565 2667 619 2723 in
648 2669 844 2739 quibus
873 2671 994 2737 sim,
1025 2673 1139 2743 pari
1171 2675 1330 2729 modo
1383 2676 1666 2745 perpaucis

95 2753 470 2811 manifestabo.
521 2757 653 2813 Cum
695 2760 838 2814 enim
875 2760 1125 2817 fecissem
1171 2764 1304 2819 duos
1352 2779 1565 2820 menses
1610 2764 1667 2821 in

92 2854 275 2900 castro
320 2847 591 2916 praedictae
633 2849 916 2922 Tbacyrice
960 2853 1015 2907 in
1056 2853 1367 2910 inﬁrmitate
1402 2855 1666 2925 rejacens,

95 2945 146 2990 et
175 2939 472 3006 pauxillum
510 2941 638 3010 quid
680 2943 920 3014 requiem
958 2944 1178 3002 fuissem
1206 2948 1450 3019 adeptus,
1481 2963 1671 3004 rursus

97 3029 244 3084 misit
271 3024 360 3086 me
391 3038 517 3086 tunc
553 3033 800 3105 princeps
841 3037 908 3090 ad
950 3045 1131 3107 partes
1180 3038 1398 3108 Apsilia:
1429 3048 1487 3094 et
1521 3039 1669 3095 Misi-

96 3119 291 3174 mianae
345 3121 600 3176 custodiae
648 3123 1059 3194 mancipandam
1099 3127 1154 3182 in
1190 3137 1370 3184 castro
1399 3127 1667 3186 Phustas:

94 3218 170 3274 et,
194 3219 256 3263 ut
280 3209 527 3266 absolute
551 3213 747 3277 dicam,
780 3225 984 3285 septem
1011 3217 1286 3274 mensibus
1315 3218 1466 3273 duxit
1489 3226 1545 3274 et
1569 3221 1671 3275 cir-

97 3302 376 3356 cumduxit
417 3317 502 3359 me
537 3319 633 3373 per
671 3320 860 3362 omnes
885 3308 1168 3378 praedictas
1195 3311 1442 3382 regiones
1467 3313 1668 3368 nudum

95 3401 149 3446 et
194 3392 605 3462 discalceatum,
653 3405 710 3450 et
753 3398 1006 3467 peditem,
1047 3409 1103 3456 et
1135 3399 1334 3474 frigore
1359 3418 1422 3460 ac
1449 3403 1589 3460 fame
1618 3413 1674 3460 et

94 3486 184 3540 siti
241 3478 582 3557 depressum,
635 3489 820 3545 volens
866 3491 1112 3561 profecto
1157 3501 1210 3550 et
1251 3511 1335 3551 me
1364 3511 1575 3566 quoque
1604 3497 1674 3552 ab

95 3579 202 3666 hac
248 3579 532 3649 detergere
582 3581 712 3636 vita.
748 3580 853 3638 Sed
880 3585 1061 3639 nescio
1093 3586 1221 3655 quid
1266 3602 1428 3656 super
1455 3603 1540 3644 me
1569 3589 1672 3644 hu-

187 3669 192 3674 ’
233 3672 540 3740 praevidens
573 3673 738 3741 Deus,
769 3674 859 3744 qui
894 3677 1074 3730 omnia
1111 3676 1311 3732 salubri
1338 3680 1673 3748 providentia

95 3778 195 3818 sua
249 3765 519 3834 producit,
575 3780 744 3836 usque
787 3782 931 3824 nunc
980 3769 1321 3824 conservavit
1366 3784 1453 3824 me
1489 3771 1543 3824 in
1574 3771 1674 3827 hac

96 3853 396 3909 multarum
448 3855 854 3910 tribulationum
901 3866 956 3912 et
997 3858 1228 3914 miseria:
1257 3860 1387 3914 vita.
1421 3860 1548 3917 Post
1576 3862 1675 3917 ali-

94 3952 233 4012 quot
272 3944 458 4013 itaque
498 3944 614 4000 dies
649 3944 866 4016 pellitur
893 3947 1040 4003 illinc
1073 3949 1362 4019 praedictus
1403 3951 1675 4023 princeps.

96 4033 422 4104 Deindeque
445 4035 745 4091 succedens
793 4036 930 4093 alius
951 4037 1098 4094 visus
1120 4047 1203 4094 est
1225 4041 1480 4110 compati.
1536 4041 1682 4097 Inter

95 4139 222 4194 qua:
251 4125 432 4180 duxit
459 4139 545 4179 me
590 4125 744 4195 juxta
789 4126 1005 4182 domum
1035 4143 1187 4185 suam
1216 4139 1488 4201 receptum
1511 4146 1540 4186 a
1565 4131 1678 4201 jam

95 4307 369 4362 diabolica
411 4307 726 4378 operatione
773 4318 950 4366 motus
995 4311 1231 4368 destinat
1274 4327 1360 4370 me
1400 4315 1466 4371 ad
1489 4315 1683 4386 praedi-

93 4403 251 4453 ctum
299 4405 566 4452 castrum.
616 4397 724 4453 Sed
772 4399 913 4456 Deus
957 4402 1242 4456 remetitur
1288 4403 1373 4459 his
1422 4405 1512 4474 qui
1561 4404 1682 4460 aliis

1763 1968 1886 2010 reos
1931 1952 2096 2008 castri
2136 1960 2191 2007 et
2225 1950 2505 2006 constituit
2545 1964 2632 2004 me
2672 1947 2826 2019 quasi
2849 1947 3085 2018 quinque
3116 1956 3138 1987 θ
3171 1946 3337 2016 signis

1761 2041 1972 2113 longius
2016 2056 2046 2096 a
2083 2039 2341 2096 divinitus
2381 2039 2730 2096 custodienda
2780 2037 2939 2093 domo
2987 2051 3084 2092 sua
3125 2035 3178 2090 in
3221 2035 3338 2092 loco

1762 2133 2058 2188 monachos
2105 2131 2372 2186 veraciter
2427 2129 2776 2193 condecente,
2808 2126 3055 2199 prathens
3087 2140 3338 2180 necessa~

1716 2249 1719 2251 ·
1762 2223 1872 2280 rias
1916 2223 2218 2294 largissime
2254 2222 2498 2292 corporis
2527 2222 2807 2277 utilitates.
2863 2220 2968 2276 Pro
3006 2220 3202 2289 quibus
3226 2233 3341 2272 om-

1761 2315 1920 2370 nibus
1947 2312 2198 2370 Christus
2234 2327 2395 2369 verus
2427 2313 2587 2379 Deus,
2629 2329 2722 2385 per
2755 2313 3190 2376 intercessiones,
3222 2327 3342 2381 quae

1763 2404 1912 2460 illum
1947 2405 2240 2460 secundum
2267 2417 2486 2459 carnem
2526 2403 2733 2475 genuit,
2769 2403 2860 2458 Dei
2893 2401 3172 2474 genitricis
3202 2415 3342 2454 sem-

1763 2509 1968 2566 perque
1996 2494 2235 2567 Virginis
2277 2493 2481 2560 Marite,
2513 2509 2576 2549 ac
2601 2495 2840 2550 omnium
2875 2502 3182 2549 sanctorum
3219 2506 3343 2561 pro-

1767 2591 1912 2653 tegat
1952 2598 2077 2638 eum
2117 2597 2222 2637 una
2267 2598 2390 2638 cum
2425 2583 2669 2637 amandis
2703 2582 2829 2637 filiis
2867 2582 3000 2646 suis,
3040 2590 3202 2649 atque
3240 2581 3338 2633 ho-

1765 2673 1991 2730 norabili
2034 2673 2226 2728 horum
2262 2687 2324 2729 ac
2350 2689 2572 2745 prorsus
2597 2673 2848 2729 laudabili
2882 2682 3074 2737 matre,
3107 2671 3174 2726 ab
3194 2670 3338 2724 omni

1723 2785 1725 2788 ‘
1765 2773 1982 2821 caterva
2013 2764 2416 2836 malignantium
2442 2773 2497 2818 et
2526 2764 2867 2820 multitudine
2893 2763 3229 2834 operantium
3257 2762 3346 2815 ini»

1766 2853 2047 2924 quitatem,
2063 2854 2275 2908 donans
2304 2852 2408 2908 illis
2428 2853 2692 2908 bonorum
2712 2852 3084 2916 refectionem,
3117 2859 3178 2904 ut
3206 2864 3348 2905 sem-

1767 2959 1863 3016 per
1883 2957 2095 3001 omnem
2120 2942 2486 2999 sufﬁcientiam
2504 2943 2765 2998 habentes
2794 2941 3070 2996 abundent
3099 2941 3152 2994 in
3184 2953 3343 2993 omne

1769 3043 1904 3106 opus
1919 3036 2134 3096 bonum,
2150 3043 2202 3088 et
2218 3032 2447 3090 statione
2458 3031 2620 3087 faciat
2637 3047 2750 3098 eos,
2769 3047 2887 3101 qua:
2901 3046 2930 3085 a
2945 3030 3147 3086 dextris
3169 3029 3346 3082 futura

1772 3134 1874 3192 est,
1897 3126 2104 3196 dignos,
2125 3133 2286 3194 atque
2299 3124 2532 3179 divinam
2558 3123 2700 3178 illam
2727 3133 2781 3177 et
2808 3124 2996 3178 mirem
3024 3136 3210 3177 vocem
3251 3135 3348 3174 ex-
3399 3109 3403 3113 ’

1771 3225 1972 3289 pertos,
2003 3231 2122 3286 quae
2148 3216 2331 3272 dicet:
2371 3213 2566 3279 Venite,
2592 3212 2839 3270 benedicti
2873 3212 3051 3268 Patris
3091 3215 3210 3275 mei,
3247 3213 3352 3266 Iur-

1770 3307 1990 3361 reditate
2010 3307 2253 3377 percipite
2279 3318 2633 3377 praeparatum
2647 3306 2785 3360 vobis
2817 3321 3028 3375 regnum
3051 3303 3114 3357 ab
3154 3303 3353 3373 origine

1770 3400 1977 3464 mundi,
2007 3399 2129 3470 quia
2155 3400 2336 3469 hospes
2373 3399 2472 3469 fui,
2496 3409 2542 3452 et
2568 3397 2844 3468 collegistis
2873 3413 2953 3450 me
2987 3394 3201 3466 (Manli.
3225 3410 3349 3457 xxv,

1772 3489 1864 3555 34,
1892 3489 1984 3560 35)
2014 3505 2029 3556 ;
2062 3499 2116 3544 et
2161 3496 2355 3543 caetera
2383 3529 2397 3555 ,
2431 3503 2609 3542 amen.
2640 3487 2878 3543 Obsecro
2899 3494 3082 3555 autem
3124 3484 3352 3539 sanctis-

1774 3579 1941 3634 simos
1968 3593 2061 3634 vos
2089 3578 2280 3634 eadem
2308 3592 2406 3648 pro
2435 3578 2564 3648 ipsis
2591 3577 2876 3652 postulare.
2902 3577 2954 3630 iu
2995 3576 3197 3630 sanctis
3227 3589 3353 3628 ora-

1775 3672 2010 3728 tionibus
2043 3672 2257 3735 vestris,
2293 3680 2347 3725 et
2368 3671 2601 3728 maxime
2633 3686 2755 3726 cum
2781 3669 2833 3724 in
2863 3669 3064 3724 sanctis
3092 3677 3148 3722 et
3169 3667 3350 3722 colen-

1777 3767 1859 3822 dis
1884 3767 2190 3822 oraveritis.
2234 3763 2388 3836 Digni
2439 3765 2636 3835 quippe
2685 3772 2810 3817 sunt
2850 3762 3044 3832 quibus
3069 3762 3184 3815 hac
3219 3774 3355 3831 pra:-

1741 3857 1954 3913 'ste‘tis.
1998 3855 2120 3910 Filii
2167 3855 2309 3913 enim
2359 3853 2600 3926 germani
2647 3853 2886 3908 existunt
2926 3859 3126 3906 sancta:
3155 3848 3357 3904 Christi

1739 3946 1873 4002 'Dei
1903 3946 2075 4003 nostri
2104 3945 2450 4001 Anas’taseos.
2498 3944 2738 4017 Denique
2787 3943 3119 4013 Stephanum
3168 3938 3256 4010 qui
3303 3939 3355 3993 in

1742 4047 1746 4052 ’
1780 4036 1980 4094 sanctis
2011 4043 2116 4101 est,
2168 4034 2336 4089 lilium
2371 4034 2619 4106 videlicet
2643 4031 2787 4088 beati
2812 4031 3034 4088 Joannis
3059 4028 3359 4101 presbyteri

1740 4136 1747 4144 "
1780 4127 1874 4200 qui
1903 4126 2234 4183 cimiliarcha
2266 4125 2621 4184 sanctissimae
2655 4123 2797 4178 illius
2829 4123 3081 4178 Ecclesiae
3117 4119 3238 4184 fuit,
3269 4133 3359 4172 ve-

95 4225 406 4271 memorato
453 4223 633 4272 castro
678 4216 1078 4275 Pbustensium.
1133 4220 1200 4275 Et
1235 4230 1356 4292 post
1387 4238 1585 4278 annum
1612 4237 1680 4278 ex
1749 4226 1752 4230 ’

1782 4221 2017 4277 nientem
2062 4219 2117 4275 in
2137 4220 2276 4275 hanc
2299 4219 2592 4290 regionem,
2624 4228 2681 4272 ut
2704 4218 2932 4280 asserui,
2952 4215 3021 4269 ad
3058 4212 3360 4282 requisitio-

1783 4329 1906 4370 nem
1929 4311 2249 4378 humilitatis
2273 4309 2536 4379 meaeipsi
2566 4323 2685 4363 cum
2709 4307 2854 4376 omni
2881 4305 3057 4360 studio
3077 4311 3131 4357 et
3167 4301 3358 4372 gaudio

1752 4415 1754 4417 ’
1783 4412 2138 4476 susceperunt
2180 4412 2233 4458 et
2263 4401 2687 4470 honoraverunt,
2715 4407 2768 4454 et
2812 4411 3025 4452 omnem
3057 4391 3362 4449 subvectio-

93 4488 473 4542 remetiuntur
503 4505 516 4540 :
550 4487 739 4543 eadem
775 4489 863 4545 die
899 4505 1002 4560 qua
1031 4507 1118 4546 me
1143 4490 1364 4561 pepulit,
1394 4492 1578 4562 pulsus
1600 4502 1682 4549 est
1710 4518 1758 4578 ι)
1783 4513 1907 4553 nem
1929 4497 1955 4537 ει
1986 4497 2051 4552 ad
2098 4483 2504 4565 requisitionem
2555 4491 2655 4545 mei
2707 4490 3009 4544 tribuerunt
3041 4527 3054 4551 ,
3103 4493 3357 4553 tanquam
3424 4561 3426 4564 ν

94 4580 272 4644 hinc,
331 4587 387 4633 et
440 4577 673 4635 efﬁcitur
721 4578 978 4651 profugus
1025 4581 1079 4636 in
1133 4581 1330 4637 Christi
1377 4591 1677 4638 amatorum

93 4671 328 4741 regione
373 4670 734 4740 Abasgorum.
781 4670 1110 4728 Etconsilio
1157 4681 1377 4743 accepto
1413 4688 1442 4727 a
1478 4673 1678 4729 Christi

94 4761 300 4815 amicis
348 4759 442 4830 qui
490 4759 599 4815 illic
637 4767 792 4816 erant
837 4761 1186 4832 principibus,
1239 4763 1412 4834 magis
1459 4778 1678 4833 compa-

92 4849 276 4904 tiendi
324 4864 488 4920 quam
524 4865 612 4905 me
643 4851 923 4906 minimum
964 4854 1345 4924 persequendi,
1401 4861 1456 4910 et
1477 4856 1681 4910 oratio-

90 4953 230 4994 nem
264 4952 293 4991 a
325 4952 414 4991 me
458 4937 637 5007 potius
677 4953 840 5008 quam
883 4940 1140 5006 gemitum
1188 4940 1516 5011 percipiendi
1563 4943 1687 5014 (ipsi

85 5031 307 5098 quippe
349 5028 510 5084 amici
541 5027 740 5084 Christi
780 5029 1053 5100 principes
1079 5031 1326 5103 Abasgiae
1348 5035 1686 5102 compatiun—

87 5130 192 5174 tur
242 5119 434 5173 humili
465 5119 616 5192 mihi,
662 5135 970 5191 quanquam
1014 5123 1306 5179 nescierint
1335 5123 1462 5195 me),
1497 5139 1684 5196 repro-

89 5209 266 5265 miSit
314 5209 529 5278 quidem
581 5210 701 5278 illis,
749 5210 900 5281 quod
923 5212 967 5265 si
1017 5213 1192 5268 exiret
1237 5213 1390 5278 inde,
1432 5223 1487 5269 et
1525 5219 1685 5275 resti.

89 5308 360 5355 tueretur
387 5299 443 5353 in
473 5300 790 5374 principatu,
844 5301 1020 5356 omnia
1075 5317 1193 5372 qua:
1239 5304 1419 5360 forent
1445 5306 1511 5362 ad
1540 5311 1684 5368 sola-

89 5395 246 5446 lium
309 5401 358 5424 η·
413 5394 675 5426 *Δί’-ιε..-βρν
1127 5394 1132 5395 γ

413 5392 648 5426 vani-HJ

1785 4587 1988 4643 homini
2005 4584 2244 4656 profecto
2266 4592 2462 4640 sancta:
2489 4580 2689 4637 Christi
2713 4578 2803 4633 Dei
2829 4577 2995 4632 nostri
3014 4575 3357 4630 Anastaseos.

1785 4678 1939 4735 Unde
1958 4685 2012 4732 et
2035 4675 2330 4732 subsidium
2359 4689 2543 4729 eorum
2573 4671 2773 4727 habens
2804 4669 3006 4732 invenit
3036 4681 3121 4722 me
3145 4673 3364 4720 sanctus

1786 4769 1873 4826 ille
1916 4767 2222 4836 Stephanus
2242 4807 2256 4830 ,
2287 4765 2370 4820 cui
2399 4762 2559 4818 faciat
2591 4760 2844 4817 Dominus
2874 4757 3015 4813 Deus
3063 4755 3366 4811 misericor-

1787 4860 1929 4917 diam
1953 4858 2106 4913 inilla
2138 4854 2420 4924 diejnstus
2443 4853 2635 4924 judex,
2661 4850 2753 4908 sed
2782 4858 2835 4902 et
2863 4848 2948 4906 his
2975 4848 3068 4918 qui
3106 4846 3371 4902 miserunt

1785 4950 2204 5019 eum,quoniam
2251 4960 2432 5001 revera
2460 4959 2606 5016 opus
2623 4937 2971 5014 evangelista:
3022 4936 3167 4993 fecit.
3221 4934 3372 4987 Sicut

1787 5042 1932 5097 enim
1958 5055 2130 5111 equus
2168 5036 2460 5110 spiritualis
2503 5043 2861 5104 ascensorem
2905 5030 3112 5084 habens
3141 5067 3156 5090 ,
3206 5028 3380 5096 ipsum
3459 5101 3462 5104 ῃ

1788 5132 2008 5204 scilicet.
2051 5135 2242 5196 Deum,
2295 5130 2487 5192 Deum,
2548 5137 2726 5209 iusta
2773 5119 3106 5212 Scripturam
3134 5132 3254 5186 quae
3277 5114 3386 5212 ait-2

1791 5223 2087 5280 Ascendens
2116 5238 2271 5292 super
2297 5235 2450 5291 equos
2482 5208 2679 5299 Iulos,
2725 5221 2769 5270 et
2801 5208 3050 5299 equitatus
3092 5219 3206 5263 tuus
3247 5208 3403 5299 stuti-

1791 5325 1872 5369 tas
1904 5313 2135 5384 (Ilabar.
2168 5329 2247 5377 ιιι,
2299 5311 2378 5381 8),
2431 5293 2677 5392 ῑοιδςιί
2725 5296 2985 5392 Laticam,
3039 5309 3092 5354 et
3143 5293 3409 5386 Apsilianp
