3926 5628
510 432 608 487 663

1703 433 2066 492 ANASTASII
2102 425 2649 490 BlBLlOTHECARll
3653 427 3738 484 63$

508 542 798 610 nuntiavit,
843 558 908 600 ae
950 544 1240 600 multorum
1285 546 1532 603 utilitatis
1575 558 1737 618 atque
1779 519 1991 615 salutis,
2025 556 2081 602 et
2107 549 2155 610 Α
2182 547 2397 602 mittere
2430 519 2652 617 praelato
2685 543 2902 601 domino
2927 553 3115 602 nostro
3143 553 3199 601 et
3222 542 3557 614 amplissimo
3587 545 3738 613 patri-

509 649 643 689 mea:
689 634 858 704 ipsius
896 635 1092 705 quietis
1131 648 1186 692 et
1217 637 1601 695 consolationis
1646 653 1810 696 causa
1852 641 1956 694 viri
2001 649 2086 696 est

510 723 653 779 facta
680 727 990 795 prmsenlia,
1035 735 1090 782 et
1131 741 1362 796 nequam
1393 743 1610 794 nomen,
1643 729 1786 799 quod
1813 731 1924 785 veri
1955 745 2084 801 apo-

508 822 660 868 statte
686 815 926 871 veritatis
947 815 1104 871 nobis
1127 817 1514 886 imposuerunt,
1540 826 1595 874 et
1619 828 1745 876 tunc
1765 819 2083 889 dissipatum

509 914 610 968 est,
642 913 696 959 et
722 906 942 961 evidens
971 906 1154 962 multis
1176 906 1377 962 veritas
1405 905 1545 964 facta
1575 917 1678 964 est.

580 992 674 1048 His
724 994 907 1065 itaque
953 996 1111 1053 bonis
1140 999 1227 1053 hic
1258 1000 1476 1069 proprio
1513 999 1748 1056 adventu
1797 1002 2080 1065 correctis,

509 1083 704 1138 nobilis
734 1084 822 1140 ille
851 1086 952 1152 vir,
975 1086 1228 1144 Kalendis
1249 1087 1518 1146 Januariis
1542 1101 1745 1146 octava:
1775 1092 2082 1148 indietionis

510 1187 629 1240 qua:
660 1175 818 1228 modo
853 1177 1132 1244 praeteriit,
1186 1179 1324 1246 apud
1349 1179 1552 1234 Christi
1580 1181 1812 1236 amicum
1839 1180 2084 1253 Abasgite

508 1261 808 1332 principem
832 1265 1087 1320 dormivit
1106 1266 1158 1320 in
1183 1267 1432 1323 Domino.
1460 1268 1557 1324 Cui
1585 1285 1793 1335 omnes,
1822 1269 1913 1340 qui
1942 1271 2084 1325 hunc

511 1364 800 1420 noverunt,
828 1363 886 1408 ut
910 1364 1102 1420 sancto.
1120 1359 1357 1428 requiem
1380 1368 1723 1430 exoptarunt.
1750 1359 2085 1431 Quapropter

513 1442 792 1508 oportebat
820 1444 1077 1512 quosdam
1105 1460 1173 1500 ex
1203 1447 1524 1502 vestratibus
1554 1448 1648 1503 Dei
1678 1449 2007 1504 amatoribus
2031 1459 2088 1505 et

513 1532 807 1585 secundum
833 1533 1117 1590 scientiam
1165 1535 1336 1590 zelum
1374 1537 1468 1592 Dei
1509 1539 1830 1594 habentibus
1866 1539 1970 1594 huc
1995 1555 2086 1596 ve-

510 1620 646 1683 nire,
675 1628 729 1674 et
754 1636 875 1692 quae
896 1624 1140 1680 veritatis
1167 1634 1221 1680 et
1245 1641 1343 1696 pro
1367 1627 1598 1683 veritate
1625 1637 1751 1684 sunt
1783 1629 2083 1696 testificari,

510 1719 571 1763 ut
595 1721 648 1764 ct
677 1713 997 1796 orthodoxia
1027 1716 1199 1786 magis
1239 1717 1644 1774 convalesceret
1679 1709 1738 1774 et
1781 1717 2085 1774 introducta

513 1801 723 1857 nevitas
748 1817 843 1873 per
867 1804 1096 1874 amplius
1133 1816 1474 1877 argueretur.
1510 1806 1615 1864 Sed
1642 1819 1696 1862 et
1725 1824 1826 1879 ego
1867 1809 2086 1864 humilis

509 1892 878 1950 consolatione
908 1909 970 1950 ac
1001 1895 1290 1952 refectione
1335 1898 1558 1967 potirer,
1603 1907 1657 1954 et
1680 1900 1963 1956 venientes
1990 1899 2086 1955 bo-
2118 1885 2162 1946 Β

511 1999 636 2036 nam
667 1997 698 2037 a
727 1984 942 2040 Christo
972 1985 1098 2052 Deo,
1117 2003 1214 2056 pro
1239 2003 1346 2058 quo
1359 1990 1521 2044 etiam
1550 2004 1708 2045 causa
1741 1999 1846 2055 est,
1875 2005 2085 2046 merce-

512 2071 634 2125 dem
675 2073 1049 2143 perciperent;
1095 2085 1149 2130 et
1194 2077 1427 2132 maxime
1465 2092 1588 2132 cum
1623 2093 1792 2148 usque
1830 2079 1896 2133 ad
1927 2078 2088 2134 Ilibe-

513 2160 650 2215 riam
701 2162 863 2230 illinc,
909 2172 969 2219 ut
1012 2165 1192 2231 didici,
1246 2167 1484 2231 veniant,
1541 2168 1694 2240 cujus
1724 2169 1800 2223 rei
1833 2168 2006 2240 gratia
2035 2178 2090 2222 et

513 2251 619 2308 huc
645 2255 864 2312 minime
909 2259 1154 2314 veniunt.
1209 2259 1448 2316 Obsecro
1499 2261 1661 2333 igitur
1713 2263 2088 2319 sanctissimos

513 2358 632 2411 vos,
665 2346 709 2401 si
739 2348 993 2416 possibile
1033 2349 1215 2417 fuerit,
1267 2351 1559 2407 transmitti
1605 2353 1736 2408 mihi
1774 2368 1872 2425 per
1901 2367 2089 2424 quem-

516 2450 679 2505 quam
711 2436 916 2493 fidelem
951 2440 1149 2506 virum,
1193 2457 1260 2496 ex
1304 2442 1387 2496 his
1423 2443 1514 2513 qui
1562 2443 1630 2498 ad
1682 2443 1954 2500 Hiberiam
1998 2459 2088 2500 ve-

514 2525 690 2592 niunt,
723 2527 959 2583 codicem
1006 2543 1193 2585 eorum
1243 2547 1363 2602 quae
1402 2533 1668 2588 canonice
1707 2541 1857 2605 gesta
1893 2542 2019 2589 sunt
2058 2549 2089 2588 a

517 2624 701 2670 sancta
745 2627 801 2672 et
845 2619 1135 2689 apostolica
1181 2621 1384 2691 synodo
1431 2637 1550 2693 qute
1585 2637 1680 2694 per
1709 2639 1920 2678 sacram
1951 2641 2092 2695 pra:-

517 2709 816 2778 ceptionem
863 2712 1034 2767 sancti
1077 2714 1335 2784 martyris
1381 2722 1436 2769 et
1487 2715 1768 2784 apostolici
1795 2730 1859 2771 ac
1893 2716 2088 2772 summi

517 2799 668 2870 papa:
690 2797 900 2855 Martini
930 2805 980 2854 in
1007 2803 1218 2858 seniore
1245 2802 1412 2858 Roma
1444 2813 1527 2860 est
1553 2805 1822 2861 celebrata
1853 2821 1866 2859 :
1905 2816 2095 2876 quate-

518 2905 620 2944 nus
650 2891 815 2945 multo
845 2892 1015 2962 magis
1042 2908 1195 2947 sacra
1223 2902 1530 2950 sanctorum
1559 2895 1778 2951 Patrum
1814 2895 2087 2968 dogmata,

518 2991 574 3037 et
596 2998 714 3052 quae
750 2982 877 3038 olim
912 2993 966 3039 et
987 3000 1129 3040 nunc
1160 2995 1362 3041 exorta:
1401 2996 1526 3042 sunt
1560 2987 1934 3043 haereticorum
1964 2989 2094 3042 abo-

519 3071 861 3136 ininationes,
890 3073 1252 3130 evidentiores
1281 3075 1369 3131 hic
1397 3075 1584 3146 positis
1610 3077 1934 3132 elliciantur.
1976 3075 2089 3132 Hoc

523 3161 665 3216 enim
718 3166 1085 3221 tantummodo
1124 3167 1287 3222 etiam
1335 3167 1486 3222 inviti
1513 3177 1568 3224 et
1612 3167 1856 3225 nolentes
1885 3168 2091 3223 faciunt

2184 638 2272 693 cio
2301 649 2357 694 et
2405 653 2528 693 cum
2573 638 2683 692 Deo
2729 636 2986 707 magistro
3025 635 3308 706 Gregorio.
3349 633 3630 700 Quatenus
3654 634 3741 688 hoc

2186 728 2466 793 facientes,
2489 726 2800 799 percipiatis
2821 728 2912 798 qui
2935 742 2998 782 ex
3025 727 3140 796 ipso
3161 725 3495 797 profecerim
3514 724 3698 779 bonam
3715 741 3742 778 a

2181 819 2400 876 Christo
2429 819 2538 876 Deo
2563 827 2749 874 nostro
2776 819 3100 874 mercedem.

2253 908 2524 964 Praaterea
2564 909 2688 964 misi
2733 909 2802 962 ad
2848 922 3086 978 praesens
3109 923 3230 964 cum
3259 908 3365 963 hac
3389 905 3616 976 epistola
3643 922 3747 961 mea

2183 999 2294 1058 Deo
2337 998 2740 1054 honorabilibus
2777 997 2960 1063 vobis,
2997 1006 3052 1053 et
3076 1013 3170 1067 per
3190 1013 3286 1053 vos
3311 997 3672 1053 sanctissimae
3695 1012 3750 1052 ac

2181 1087 2495 1160 orthodoxae
2525 1100 2644 1158 quae
2669 1085 2780 1141 illic
2805 1096 2890 1142 est
2915 1086 3186 1151 Ecclesiae,
3216 1085 3451 1141 rotulam
3477 1085 3748 1140 habentem

2185 1183 2486 1240 testimonia
2517 1197 2584 1239 ex
2613 1182 2771 1238 dictis
2805 1181 2977 1237 sancti
3006 1179 3276 1251 Hippolyti
3303 1177 3548 1248 episcopi
3576 1176 3752 1232 Portus

2185 1273 2434 1338 Romani,
2476 1289 2540 1328 ac
2574 1271 2830 1344 martyris
2853 1270 3056 1328 Christi
3079 1269 3174 1327 Dei
3202 1269 3374 1325 nostri
3405 1286 3420 1322 :
3447 1281 3559 1336 quo
3592 1276 3647 1320 et
3671 1281 3752 1336 per

2184 1379 2247 1419 ea
2277 1378 2440 1420 nosse
2469 1363 2712 1419 habeatis
2742 1377 2904 1433 quam
2953 1361 3300 1417 concorditer
3325 1373 3455 1414 cum
3497 1356 3623 1410 aliis
3653 1370 3753 1410 om-

2186 1454 2346 1510 nibus
2386 1453 2594 1508 sanctis
2633 1451 2892 1507 Patribus
2917 1459 2972 1506 et
2998 1449 3164 1506 ardue
3189 1450 3324 1504 duas
3356 1446 3650 1503 salvatoris
3672 1460 3753 1499 no—

2183 1543 2280 1598 stri
2330 1541 2700 1602 Jesu_Christi
2741 1539 2994 1611 praedicet
3036 1546 3258 1594 naturas
3294 1547 3352 1593 et
3388 1535 3751 1608 operationes;

2186 1631 2395 1686 refellat
2415 1639 2594 1686 autem
2624 1645 2717 1686 eos
2747 1629 2838 1700 qui
2861 1643 3021 1684 unam
3043 1627 3409 1698 operationem
3436 1634 3494 1682 et
3521 1634 3755 1680 naturam

2187 1737 2349 1778 unam
2396 1721 2697 1778 divinitatis
2733 1729 2789 1776 et
2831 1719 3181 1775 humanitatis
3201 1718 3318 1788 ejus
3349 1716 3752 1788 dogmatizant:

2187 1822 2376 1884 utpote
2432 1810 2942 1867 eonvertihilitatem
3001 1808 3160 1864 simul
3201 1817 3256 1863 et
3310 1806 3751 1865 commistionem,

2189 1905 2669 1973 confusionemque
2692 1918 2756 1958 ac
2779 1901 3097 1959 divisionem
3148 1900 3434 1968 utriusque
3481 1897 3651 1968 ipsius
3674 1910 3753 1949 na-

2191 2003 2326 2050 turae
2356 1994 2757 2048 annuntiantes.
2784 1991 3022 2057 Quaarite
3049 2004 3181 2049 sane
3201 1988 3492 2057 diligenter
3522 1984 3755 2053 hujusce-

2190 2085 2334 2140 modi
2379 2099 2591 2139 saerum
2633 2083 2814 2137 Patris
2842 2080 2984 2136 illius
3011 2080 3228 2144 librum,
3253 2076 3557 2134 secundum
3586 2089 3754 2145 super—

2189 2176 2537 2246 scriptionem
2565 2191 2686 2246 quae
2709 2173 3030 2230 testimoniis
3062 2170 3392 2243 praeeminct.
3425 2167 3485 2223 Si
3514 2167 3658 2221 enim
3685 2166 3756 2218 in-

2190 2268 2446 2324 veneritis
2487 2281 2632 2328 cum,
2675 2265 2839 2321 multa
2871 2274 2926 2320 et
2953 2262 3251 2319 necessaria
3278 2259 3531 2331 poteritis
3559 2273 3625 2312 ex
3654 2256 3754 2325 ipso

2191 2358 2372 2432 legere
2428 2357 2737 2414 testimonia
2787 2370 2952 2425 super
3001 2353 3207 2410 eisdem
3255 2349 3559 2406 Salvatoris
3599 2346 3752 2402 nostri

2192 2449 2401 2520 naturis
2437 2457 2491 2502 et
2521 2446 2945 2518 operationibus.
2995 2443 3149 2502 Hunc
3192 2442 3390 2512 quippe
3432 2439 3628 2494 librum
3669 2436 3752 2506 By-

2192 2541 2357 2597 zantii
2398 2537 2576 2605 nobis,
2621 2547 2909 2606 antequam
2954 2532 3100 2605 passi
3146 2530 3435 2586 fuissemus
3461 2568 3478 2594 ,
3508 2526 3748 2588 delatum,

2192 2647 2314 2702 eum
2340 2630 2486 2685 hunc
2515 2637 2685 2684 totum
2718 2625 2977 2687 vellemus
3000 2620 3382 2684 transcribere,
3408 2617 3590 2672 suhito
3608 2614 3746 2683 juxta

2192 2718 2634 2778 consuetudinem
2658 2731 2809 2772 suam
2835 2715 3146 2770 insistentes
3171 2708 3469 2766 adversarii
3499 2706 3748 2760 latronum

2191 2825 2342 2866 more
2368 2815 2682 2879 rapuerunt,
2711 2814 2764 2861 et
2793 2819 2899 2859 non
2921 2802 3186 2858 valuimus
3213 2814 3280 2854 ex
3333 2799 3455 2868 ipso
3485 2795 3748 2866 plusquam

2193 2884 2307 2957 haec
2335 2909 2458 2956 octo
2487 2897 2790 2953 testimonia
2815 2895 3017 2951 tollere.
3059 2893 3210 2958 Quod
3234 2904 3362 2946 vero
3397 2901 3486 2942 me
3515 2888 3570 2942 in
3592 2884 3746 2940 medio

2191 3007 2377 3047 eorum
2417 3005 2537 3061 qua:
2581 2989 2722 3044 dicta
2764 2995 2890 3041 sunt
2920 2984 3078 3039 latuit
3109 2983 3287 3037 dicere
3317 2994 3424 3034 non
3446 2974 3742 3047 pigritabor.

2193 3081 2310 3136 Hoc
2353 3079 2512 3150 plane
2549 3085 2652 3143 est,
2695 3076 2821 3148 quia
2869 3088 2992 3130 cum
3039 3069 3464 3141 evangelizatum
3507 3064 3688 3119 fuisset
3719 3075 3745 3114 a

2193 3179 2396 3228 sancte
2436 3169 2709 3224 memoriae
2739 3166 2933 3222 domno
2963 3161 3236 3231 Stephano
3262 3158 3329 3212 de
3351 3156 3563 3211 unitate
3606 3160 3745 3219 atque

522 3253 746 3323 benum,
797 3259 890 3330 qui
940 3261 1108 3316 Deum
1159 3273 1214 3318 et
1268 3279 1366 3318 nos
1414 3264 1608 3334 injuste
1659 3270 2089 3333 persequuntur;
2120 3254 2164 3317 C
2194 3260 2503 3325 concordia,
2553 3273 2672 3329 quae
2709 3256 2904 3310 ibidem
2972 3251 3211 3308 omnium
3265 3262 3361 3320 per
3406 3242 3742 3302 orthodoxam

522 3349 711 3418 quiaiu
728 3350 937 3406 diversa
962 3350 1076 3407 loca
1104 3362 1159 3408 et
1189 3353 1433 3425 regiones
1456 3369 1551 3409 nos
1572 3353 1880 3409 exsulantes
1905 3360 2089 3423 agunt,

521 3447 580 3491 ut
609 3446 660 3492 et
688 3449 996 3495 sanctorum
1039 3440 1261 3496 Patrum
1303 3442 1640 3508 orthodoxia,
1687 3457 1845 3512 quam
1892 3452 1947 3497 et
1993 3457 2094 3497 nos

520 3529 892 3596 praedicamus,
937 3545 1036 3602 per
1077 3531 1306 3603 amplius
1359 3531 1756 3598 manifestetnr,
1795 3541 1851 3587 et
1873 3531 2091 3603 propria

521 3621 810 3676 cacodoxia
842 3619 896 3676 in
925 3624 1071 3678 omni
1109 3622 1232 3681 loco
1260 3633 1315 3679 et
1340 3623 1558 3696 regione
1590 3623 1896 3694 publicetur
1923 3631 1977 3678 et
2004 3637 2092 3678 ar-

523 3721 735 3784 guatur,
779 3715 1073 3772 secundum
1117 3715 1264 3771 illum
1289 3717 1461 3772 sancti
1505 3716 1746 3787 Dionysii
1776 3727 1822 3783 ι,
1849 3715 2093 3771 Athena-

523 3801 640 3857 rum
685 3804 923 3875 episcopi
976 3814 1032 3861 et
1075 3807 1350 3878 martyris,
1378 3805 1627 3862 veritatis
1668 3804 1910 3870 atratum,
1948 3804 2091 3873 quod

525 3893 602 3947 ait
634 3911 646 3946 :
678 3893 835 3948 Novit
874 3893 1016 3949 Deus
1064 3893 1262 3949 malum
1301 3895 1379 3950 vel
1431 3896 1640 3958 bonum,
1683 3894 1739 3947 id
1776 3903 1872 3960 est,
1912 3904 1966 3947 ut
2003 3893 2092 3948 bo-

529 4001 684 4049 num;
722 3995 770 4039 et
804 3985 946 4055 apud
993 4001 1110 4040 eum
1166 4002 1339 4040 causa:
1390 3985 1649 4040 malorum
1704 3984 1916 4039 virtutes
1969 3993 2091 4037 sunt

526 4076 920 4146 benefacientes.
949 4076 1157 4132 Bonum
1185 4076 1328 4132 enim
1356 4076 1622 4132 veraciter
1654 4083 1765 4140 est,
1809 4081 2089 4144 paternam

525 4164 738 4233 quidem
781 4164 1181 4230 orthodoxiam,
1226 4174 1286 4219 ut
1324 4165 1457 4231 dixi,
1503 4164 1850 4220 manifestare
1877 4171 1933 4219 et
1957 4177 2088 4219 con-

525 4252 763 4318 ﬁrmare,
810 4255 1118 4311 haereticam
1166 4269 1296 4323 vero
1337 4254 1682 4310 cacodoxiam
1718 4253 1992 4324 publicare
2025 4266 2091 4331 ae

523 4348 866 4420 redarguere,
917 4362 1037 4403 cum
1079 4360 1178 4420 per
1228 4347 1417 4403 exsilia
1485 4347 1540 4402 id
1611 4356 1665 4402 et
1705 4345 1837 4404 alias
1868 4345 2092 4400 tribula-

528 4439 700 4493 tiones
729 4439 996 4511 gignatur.
1040 4439 1132 4496 Sic
1158 4439 1302 4494 enim
1335 4438 1402 4494 ab
1434 4438 1584 4494 initio
1621 4437 1844 4494 verbum
1873 4435 2091 4506 quidem

527 4531 805 4586 dilatatam
851 4540 934 4588 est
977 4532 1257 4596 veritatis;
1300 4545 1464 4602 porro
1511 4529 1801 4600 impietatis
1851 4527 2091 4583 minora-

2194 3351 2584 3407 confessionem
2627 3349 2696 3402 ad
2741 3345 2970 3401 invicem
3009 3351 3062 3398 et
3100 3342 3165 3396 ad
3212 3342 3380 3396 Deum
3424 3335 3616 3393 eﬂeeta
3655 3341 3741 3394 est,

2193 3440 2476 3514 spirituali,
2507 3451 2570 3492 ac
2596 3438 2640 3492 si
2675 3450 2855 3492 coram
2883 3434 2992 3488 Deo
3019 3433 3158 3495 dico,
3199 3428 3384 3494 helitia
3425 3440 3549 3514 sum
3592 3421 3742 3514 reple-

2194 3508 2301 3596 tus,
2339 3539 2394 3585 et
2431 3526 2702 3600 gratificos
2725 3525 2956 3594 hymnos
2978 3535 3077 3593 pro
3106 3518 3196 3574 tali
3226 3531 3294 3572 ac
3319 3523 3475 3572 tanto
3503 3513 3639 3568 bono
3661 3508 3744 3563 mi-

2194 3601 2457 3678 sericordi
2499 3617 2608 3672 Deo
2650 3615 2777 3670 licet
2817 3600 3069 3684 peccator
3099 3609 3280 3674 retuli,
3311 3615 3366 3661 et
3394 3603 3631 3660 referens
3654 3614 3742 3654 non

2193 3713 2458 3770 cessabo:
2503 3718 2692 3781 petens
2729 3707 2870 3762 hanc
2911 3717 3080 3773 usque
3127 3701 3181 3755 in
3231 3698 3392 3752 ﬁnem
3425 3689 3743 3781 immobilem

2192 3778 2519 3860 conservari
2543 3797 2608 3852 ad
2637 3793 3033 3865 benignissimae
3073 3786 3456 3845 misericordiae
3501 3796 3611 3836 sua:
3651 3778 3745 3849 glo-

2192 3893 2328 3947 riam
2363 3899 2417 3946 et
2441 3888 2671 3944 salutem
2699 3893 2965 3940 nostram.
3006 3882 3216 3951 Vosque
3254 3877 3362 3931 Deo
3403 3868 3742 3931 honorabiles,

2191 3990 2246 4038 et
2283 3994 2469 4035 omnes
2507 3976 2600 4048 qui
2638 3975 2911 4031 vobiscum
2965 3980 3089 4028 sunt
3141 3974 3380 4032 sanctos,
3441 3979 3509 4018 ac
3541 3976 3636 4034 per
3666 3973 3744 4013 vos

2194 4081 2360 4128 totam
2400 4077 2666 4133 sanctam,
2706 4081 2825 4137 quae
2868 4065 2978 4119 illic
3029 4070 3133 4128 est,
3191 4058 3284 4114 Dei
3341 4053 3662 4111 catholicam
3701 4056 3746 4101 et

2192 4161 2544 4233 apostolicam
2591 4157 2766 4213 saluto
2801 4153 3086 4211 ecclesiam
3117 4165 3131 4203 :
3162 4145 3444 4220 postulans
3492 4142 3599 4197 mei
3642 4150 3747 4233 pet:-

2192 4229 2393 4310 catoris
2440 4252 2646 4308 scilicet
2683 4257 2739 4305 et
2778 4246 2944 4303 vincti
2992 4241 3305 4298 memoriam
3333 4236 3453 4292 ﬁeri
3481 4234 3537 4288 in
3569 4229 3747 4287 sanctis

2192 4326 2458 4402 ad'Deum
2501 4342 2723 4398 directis
2767 4337 3100 4395 orationibus
3147 4329 3343 4387 vestris
3372 4328 3426 4382 in
3457 4322 3658 4380 sanctis
3680 4328 3747 4373 at-

2192 4453 2297 4508 que
2327 4435 2564 4492 colendis
2591 4432 2722 4487 locis
2749 4449 2762 4485 :
2785 4444 2849 4484 ac
2875 4425 3126 4499 pretiosis
3172 4421 3415 4489 mihique
3452 4413 3746 4508 desideran-

2195 4507 2276 4585 dis
2315 4527 2532 4600 syllabis
2572 4523 2765 4579 vestris
2811 4517 3104 4580 fulciendo,
3127 4528 3191 4568 ac
3217 4525 3303 4566 me
3330 4507 3613 4600 minimum

527 4633 638 4678 tum
687 4623 972 4694 disparuit,
1024 4593 1456 4695 persecutionem
1505 4629 1559 4676 et
1587 4593 1813 4686 exsilia,
1851 4634 1946 4674 seu
1983 4617 2088 4672 alia
2119 4601 2168 4661 Ῑ)
2195 4593 2418 4677 solando
2483 4625 2644 4684 atque
2698 4610 2904 4668 orando
2968 4617 3027 4663 ut
3083 4605 3274 4695 dignus
3316 4597 3522 4695 eﬂiciar
3563 4593 3743 4693 visione

520 4714 640 4768 dira
688 4714 1014 4785 patientibus
1055 4724 1164 4771 tam
1201 4714 1402 4770 sanctis
1437 4712 1741 4783 prophetis,
1771 4725 1933 4781 quam
1962 4723 2092 4778 apo-

525 4804 698 4869 stolis,
747 4805 1064 4874 czeterisque
1113 4803 1403 4876 magistris.
1429 4802 1570 4874 Ergo
1619 4801 1686 4867 si,
1733 4811 1792 4855 ut
1834 4798 2089 4871 ﬂagitavi,

524 4913 553 4948 ει
585 4895 693 4950 Deo
722 4895 1028 4964 compuncti
1058 4909 1269 4951 sacrum
1314 4893 1558 4950 codicem
1602 4891 1878 4957 miseritis,
1919 4890 2090 4959 siqui-

522 4985 642 5040 dem
687 4985 960 5041 voluerint
996 4986 1088 5056 qui
1129 4986 1273 5040 hunc
1302 4983 1565 5055 portaturi
1594 4989 1721 5038 sunt
1751 4982 1854 5036 huc
1885 4980 2087 5044 venire,

524 5077 590 5132 ad
638 5075 1056 5132 famosissimum
1093 5085 1147 5132 et
1181 5078 1292 5132 Deo
1328 5074 1734 5131 custodiendum
1781 5072 2089 5142 patricium,

525 5173 583 5218 ct
624 5178 747 5218 cum
793 5165 906 5219 Deo
952 5165 1269 5236 magistrum
1315 5164 1633 5235 Gregorium
1674 5169 1864 5232 sponte
1901 5174 2092 5215 occur-

528 5260 674 5316 rant,
708 5254 1064 5323 suscipientes
1096 5255 1160 5309 ad
1185 5269 1308 5310 eum
1333 5253 1512 5324 palam
1543 5252 1823 5322 epistolam
1849 5267 1879 5304 a
1901 5250 2088 5304 lauda-

526 5341 621 5394 bili
686 5341 914 5409 patricio
942 5350 997 5396 et
1021 5352 1248 5411 praetore
1303 5344 1552 5399 lliheriae.
1600 5344 1669 5397 At
1712 5357 1862 5405 vero,
1903 5341 1947 5395 si
1984 5338 2091 5394 for-

529 5426 692 5482 tassis
738 5427 845 5505 huc
887 5441 1056 5496 usque
1104 5419 1310 5487 venire.
1345 5433 1632 5494 noluerint,
1682 5429 1918 5484 tribuant
1969 5443 2090 5482 eum

1394 5523 1472 5546 ιη..

2192 4712 2372 4768 vultus
2417 4683 2608 4772 vestrii,
2644 4702 2892 4776 quamvis
2925 4701 2998 4756 sit
3025 4694 3367 4754 temerarium
3399 4689 3571 4750 dictu,
3593 4683 3744 4776 prius~

2194 4818 2356 4875 quam
2385 4810 2440 4856 et
2465 4799 2578 4869 ipse
2611 4773 2751 4851 hanc
2791 4793 3042 4849 miseram
3071 4798 3126 4844 et
3148 4785 3441 4842 multarum
3468 4773 3743 4833 tribulatio-

2193 4908 2321 4950 num
2343 4892 2506 4948 vitam
2533 4888 2807 4946 excedam.

2754 4976 2757 4977 ί
2810 5008 3164 5070 δαηοιιοΝ.

2266 5155 2412 5211 Obiit
2435 5160 2614 5207 autem
2642 5158 2695 5205 et
2726 5149 2840 5218 ipse
2873 5153 3092 5200 sanctus
3131 5139 3289 5194 Pater
3330 5142 3514 5191 noster
3541 5140 3594 5186 et
3618 5140 3739 5218 mar-

2196 5255 2284 5318 tyr
2309 5241 2651 5304 Anastasius,
2681 5217 2771 5307 qui
2798 5238 2936 5290 hanc
2963 5231 3182 5318 scripsit
3203 5225 3521 5318 epistolam,
3539 5221 3622 5275 die
3645 5217 3736 5271 Do-

2197 5310 2429 5396 minico,
2486 5331 2617 5384 hora
2671 5324 2847 5386 tertia,
2892 5323 3080 5378 quinto
3129 5316 3249 5366 ltlus
3305 5310 3587 5364 Octobr-ias
3633 5317 3736 5360 eum

2497 5420 2534 5436 Π

2199 5427 2254 5480 in
2282 5431 2462 5472 sgnnf"
