3926 5430
102 433 204 489 665

763 429 1284 488 COLLECTANEA.
1323 457 1394 472 -—
1430 426 1794 484 ANASTASII
1829 427 2283 487 APOCRISIARll
2325 431 2682 492 EPISTOLA.

3270 433 3376 489 666

381 699 882 800 PROLOGUS
936 697 1666 828 SUBJAGENTIUM
1722 698 2243 800 SACBOBUM
2298 697 3125 800 TESTIMONIOBUM.

165 1017 506 1073 Testimonia
545 1031 702 1072 sacra
747 1024 803 1071 et
848 1014 1109 1070 divinitus
1148 1014 1411 1085 inspirata
1441 1027 1539 1084 per
1567 1029 1687 1084 qua:
1717 1018 1767 1078 Α
1793 1015 2215 1086 quaternitatcm
2266 1015 2482 1086 quidem
2529 1031 2886 1087 personarum
2931 1015 3253 1071 Trinitatem
3299 1031 3382 1071 as-

99 1110 361 1180 liquidius
406 1109 682 1172 discimus,
713 1108 849 1162 duas
874 1123 971 1177 per
1000 1107 1298 1163 unitionem
1346 1105 1689 1163 inconfusam

101 1210 152 1255 et
172 1201 468 1256 indivisam
501 1199 641 1253 sicut
669 1205 914 1262 naturas,
956 1197 1030 1251 ita
1063 1196 1227 1250 etiam
1256 1204 1312 1252 et
1343 1196 1479 1251 duas
1503 1194 1692 1250 volun-

104 1304 264 1360 tates,
317 1309 386 1349 ac
430 1294 564 1348 duas
609 1293 986 1364 operationes,
1031 1300 1187 1363 aptas
1233 1300 1290 1348 et
1331 1299 1692 1363 congruentes

103 1387 335 1452 naturis,
367 1386 418 1440 id
442 1395 527 1441 est
555 1385 790 1439 divinam
816 1394 870 1439 et
893 1385 1206 1451 humanam,
1253 1398 1362 1438 non
1402 1383 1691 1453 incaptam

102 1486 153 1533 et
182 1476 503 1546 inemptum,
537 1483 594 1529 ut
631 1475 724 1529 Dei
753 1473 911 1529 simul
939 1483 993 1529 et
1022 1474 1259 1529 hominis
1283 1474 1443 1530 unius
1467 1484 1523 1530 et
1550 1473 1693 1543 ejus-

104 1568 222 1619 dem
251 1565 471 1620 Domini
499 1565 668 1620 nostri
713 1563 839 1620 Jesu
883 1564 1104 1629 Christi,
1153 1566 1315 1621 corde
1361 1567 1584 1622 credere
1624 1567 1694 1622 ad

99 1654 386 1722 justitiam,
409 1669 504 1709 ore
527 1654 768 1709 conﬁteri
800 1655 866 1708 ad
891 1656 1140 1710 salutem.
1170 1655 1286 1711 Non
1317 1665 1521 1722 autem,
1552 1657 1694 1714 sicut

105 1745 276 1809 nothi,
319 1745 412 1814 qui
462 1744 654 1799 nothas
701 1760 843 1800 nunc
891 1746 1162 1802 Ecclesias
1201 1746 1456 1803 docentes
1489 1755 1543 1802 et
1572 1762 1695 1816 per-

107 1834 413 1898 turbantcs,
459 1849 622 1888 unam
661 1843 718 1889 et
757 1849 858 1890 nec
886 1849 1071 1899 unam,
1101 1849 1204 1891 nec
1231 1834 1366 1890 duas
1395 1845 1450 1891 et
1497 1835 1693 1891 iterum

107 1938 291 1988 unam,
343 1932 401 1977 et
432 1921 567 1978 duas
606 1923 908 1979 voluntates
959 1939 1024 1979 ac
1069 1925 1204 1980 duas
1253 1925 1596 1996 operationes
1637 1926 1692 1980 in

107 2015 293 2068 eodem
328 2012 717 2084 dogmatizant.
764 2014 878 2070 Hoc
913 2017 1058 2070 enim
1098 2032 1259 2086 super
1287 2017 1691 2073 instabilitatem

106 2114 157 2159 et
184 2105 583 2160 absurditatem
621 2123 815 2162 sensus
843 2122 1031 2163 eorum
1075 2109 1167 2180 qui
1219 2108 1524 2177 hujusmodi
1553 2111 1693 2182 dog-

107 2205 251 2249 mata
295 2207 600 2267 exponunt,
643 2198 864 2267 impium
909 2199 1132 2255 omnino
1155 2210 1210 2256 et
1238 2201 1472 2256 alienum
1505 2202 1694 2256 imma-

108 2287 299 2342 culata:
349 2288 474 2343 ﬁdei
538 2298 736 2344 nostrae
777 2289 1207 2347 Christianorum
1261 2295 1526 2350 consistit.
1586 2295 1692 2350 Eos

1793 1117 2062 1173 truentes,
2106 1107 2282 1178 ipsum
2330 1123 2463 1164 vero
2512 1124 2680 1164 unum
2718 1108 2982 1178 ejusdem,
3014 1109 3063 1162 id
3090 1118 3173 1164 est
3198 1109 3384 1163 Domi-

1791 1217 1920 1256 num
1968 1209 2213 1255 nostrum
2253 1199 2437 1257 Iesum
2483 1201 2765 1257 Christum
2804 1217 2990 1256 verum
3019 1201 3380 1271 Deum,juxta

1791 1290 1935 1360 quod
1979 1289 2275 1345 secundum
2325 1306 2424 1346 nos
2475 1290 2650 1347 factus
2685 1301 2769 1348 est
2813 1293 2996 1356 homo,
3035 1291 3380 1345 inanimalem

1792 1377 1954 1433 simul
1997 1389 2053 1435 et
2094 1379 2465 1436 irrationalem
2494 1391 2655 1453 atque
2687 1385 2804 1439 sine
2841 1383 3114 1438 intellectu
3145 1382 3383 1439 subscri-

1792 1468 2001 1534 bentes,
2055 1480 2111 1526 et
2155 1472 2550 1542 conjecturam,
2598 1483 2652 1529 et
2695 1475 3056 1545 phantasiam,
3103 1473 3379 1530 confusio-

1793 1550 2025 1629 nemque
2054 1577 2118 1616 ac
2145 1561 2465 1617 divisionem
2505 1564 2786 1635 utriusque
2830 1573 3037 1620 natura}
3088 1565 3257 1635 ipsius
3300 1565 3384 1619 in-

1794 1651 2161 1707 troducentes.
2208 1651 2274 1707 [li
2319 1669 2470 1719 vero,
2520 1654 2611 1723 qui
2645 1669 2746 1709 nec
2774 1654 3103 1709 voluntatem
3131 1662 3223 1709 aut
3247 1670 3380 1725 ope-

1794 1741 2063 1796 rationem
2093 1742 2145 1796 in
2177 1757 2242 1798 eo
2272 1743 2518 1799 conﬁteri
2550 1743 2755 1809 volunt,
2783 1744 3184 1800 inessentialem
3209 1754 3264 1800 et
3295 1745 3378 1800 in-

1792 1831 2185 1888 existentialem
2229 1835 2524 1890 secundum
2551 1844 2838 1907 utramque
2869 1845 3117 1891 naturam
3147 1839 3262 1907 ejus
3286 1837 3382 1892 de-

1794 1924 2077 1990 nuntiant;
2123 1933 2176 1980 et
2199 1925 2311 1996 jam
2364 1927 2524 1982 dictis
2571 1928 2838 1983 haereticis
2869 1927 3038 1998 magis
3063 1928 3254 1998 impios
3281 1925 3381 1996 ipsi

1794 2015 2004 2086 seipsos
2031 2032 2150 2073 esse
2181 2033 2279 2088 per
2299 2019 2517 2090 propria
2547 2020 2796 2090 dogmata
2826 2027 3150 2075 monstrant.
3190 2018 3380 2084 Porro,

1794 2107 1848 2162 hi
1889 2109 1980 2177 qui
2035 2124 2198 2162 unam
2241 2118 2296 2163 et
2336 2111 2473 2165 duas
2520 2111 2827 2166 voluntates
2865 2119 2921 2166 et
2947 2110 3290 2180 operationes
3330 2109 3386 2165 in

1795 2200 2077 2254 incarnata
2125 2199 2242 2270 ejus
2283 2200 2686 2270 dispensatione
2726 2215 2888 2272 supra
2925 2216 3119 2256 novam
3146 2197 3416 2264 fabulatn

1795 2298 1849 2342 et
1870 2287 2182 2359 ﬁgmentum
2210 2288 2514 2358 hujusmodi
2546 2291 2812 2362 dogmatis
2846 2290 3231 2360 dogmatizant,
3278 2302 3384 2341 non

108 2380 248 2433 enim
297 2379 390 2448 qui
435 2395 600 2434 unam
669 2380 998 2436 voluntatem
1042 2391 1098 2436 et
1144 2383 1548 2453 operationem,
1603 2383 1688 2440 vel
1720 2376 1762 2436 Β
1791 2377 1963 2432 solum
1994 2379 2311 2434 orthodoxae
2333 2395 2397 2434 ac
2421 2379 2668 2435 Paterna:
2701 2377 3024 2435 confessioni
3071 2377 3384 2433 hmreticam

108 2469 270 2522 etiam
318 2480 570 2524 naturam
617 2486 779 2524 unam
830 2471 1049 2526 deitatis
1096 2481 1150 2527 et
1191 2473 1542 2528 humanitatis
1579 2472 1696 2542 ejus

108 2559 497 2629 dogmatizant,
533 2561 715 2632 inclyti
747 2561 1088 2618 institutores
1117 2564 1284 2617 nostri
1315 2575 1367 2616 et
1397 2573 1696 2634 praecepto-

110 2663 194 2703 res
228 2650 500 2719 repellunt
547 2661 603 2704 et
645 2651 1006 2706 detestantur.
1060 2650 1445 2708 [haereticorum
1496 2655 1693 2724 quippe

110 2749 190 2793 est
218 2739 592 2810 hujuscemodi
621 2741 833 2812 dogma,
865 2743 954 2811 qui
998 2742 1048 2795 in
1078 2742 1418 2809 confusione,
1445 2753 1499 2798 et
1520 2745 1695 2814 phan-

111 2831 264 2895 tasia,
314 2842 371 2886 et
412 2833 680 2888 divisione
718 2834 992 2889 oberrant.
1045 2835 1186 2905 Ergo
1225 2845 1278 2890 et
1324 2837 1398 2899 hi,
1432 2838 1520 2906 qui
1547 2852 1691 2892 nunc

109 2933 268 2973 unam
319 2929 528 2975 tantum
577 2923 801 2976 duarum
846 2924 1176 2979 voluntatem
1224 2933 1278 2979 et
1323 2927 1691 2996 Operationem

108 3007 510 3080 dogmatizaut,
561 3027 740 3066 nonne
787 3027 910 3067 cum
966 3013 1072 3068 illis
1122 3023 1177 3068 et
1229 3015 1525 3070 secundum
1575 3015 1694 3070 illos

108 3100 648 3167 supersubstantialis
699 3103 1048 3172 TheolOgiw,
1103 3119 1166 3158 ac
1222 3105 1276 3159 in
1327 3120 1490 3160 carne
1536 3104 1692 3160 facta!

108 3190 528 3259 dispensationis
545 3193 866 3250 subvertuut
899 3202 954 3249 et
981 3192 1279 3250 diﬁitentur
1326 3197 1692 3268 mysterium?
1770 3227 1778 3235 -

1798 2468 2130 2538 opinionem,
2154 2469 2316 2524 veluti
2346 2486 2539 2540 aquam
2562 2472 2708 2537 vino,
2740 2471 3035 2526 secundum
3068 2469 3194 2524 illud
3235 2468 3381 2539 quod

1798 2558 2018 2622 dicitur,
2064 2560 2374 2626 miscentes,
2418 2561 2578 2616 simul
2613 2561 2909 2632 praedicare
2937 2560 3161 2615 volunt:
3195 2559 3288 2613 scd
3327 2567 3384 2614 et

1796 2656 1908 2704 tres
1937 2649 2260 2716 voluntates,
2297 2660 2350 2706 et
2383 2659 2492 2706 tres
2535 2651 2900 2722 operationes,
2934 2651 3157 2705 totidem
3190 2664 3255 2704 ex
3285 2662 3382 2703 ne-

1795 2737 2046 2794 cessitate
2087 2739 2252 2794 etiam
2291 2749 2535 2806 naturas,
2583 2740 2636 2795 id
2663 2748 2748 2796 est
2791 2739 3060 2796 essentias
3091 2738 3377 2793 habentem

1796 2849 1918 2888 eum
1969 2834 2249 2898 inducunt,
2298 2850 2421 2890 cuni
2468 2849 2568 2890 nec
2608 2842 2858 2889 naturam
2890 2846 3010 2888 esse
3039 2831 3156 2886 sine
3191 2843 3383 2900 opera-

1797 2925 1962 2989 tione,
2007 2938 2107 2978 nec
2151 2940 2340 2980 rursus
2376 2925 2746 2995 operationem
2773 2923 2888 2978 sine
2915 2931 3105 2976 natura
3126 2918 3384 2992 possibile

1795 3017 1886 3071 sit.
1935 3014 2182 3070 [labeant
2224 3017 2370 3071 enim
2397 3031 2455 3072 se
2480 3015 2736 3088 praedicta
2781 3012 3086 3070 testimonia
3124 3009 3384 3084 quemad-

1796 3107 2014 3164 modum
2045 3106 2353 3164 subinl‘ertu

102 3372 3375 3399 _———————————————_—————-——I—_

485 3523 623 3571 ΤΟΥ
667 3522 882 3571 ΔΓΙΟΥ
920 3524 993 3572 III
1009 3523 1336 3572 ΠΟΛΥΤΟΥ

105 3587 434 3652 Ἐπισκὸπου
507 3595 757 3668 Πόρτου,
816 3595 982 3668 ἤγουν
1043 3601 1139 3654 τοῦ
1193 3597 1398 3670 λιμένος
1457 3597 1690 3670 Ρῶμης,

181 3679 267 3729 καὶ
303 3679 584 3748 μάρτυρος
615 3681 712 3734 τῆς
742 3675 1013 3740 ἀληθείας,
1066 3677 1121 3728 ἐκ
1159 3682 1254 3728 τοῦ
1290 3676 1420 3728 κατὰ
1459 3681 1695 3750 Βήρωνος

181 3757 267 3806 καὶ
333 3754 521 3807 illuc;
578 3763 604 3790 ⁸
650 3758 752 3806 τῶν
795 3754 1102 3827 αἰρετικῶν,
1141 3757 1260 3828 περὶ
1312 3753 1576 3828 θεολογίας
1606 3759 1696 3809 καί

183 3833 502 3906 σαρκώσεως
565 3834 702 3886 κατὰ
749 3826 1023 3904 στοιχεῖον
1073 3826 1234 3903 λόγου
1266 3870 1283 3897 ,
1329 3826 1392 3886 οὗ
1449 3826 1480 3892 ἧ
1519 3833 1691 3906 ἀρχὴ,

177 3905 414 3983 Ἀγιος,
483 3909 666 3981 ἅγιος,
704 3908 853 3983 ἅγιος
901 3911 1091 3984 Κύριος
1141 3913 1398 3976 Σαϐαὼθ,
1453 3905 1694 3986 ἆσιγήσῳ

183 3995 320 4064 φυῇ
361 3990 570 4062 βοῶντα
601 3991 672 4044 τὰ
711 3991 939 4064 σεραφιμ
970 3991 1060 4045 τὸν
1089 3991 1223 4045 Θεὸν
1254 3987 1559 4057 δοξάζουσι.

171 4255 596 4331 ’Δπειροδυυὰμῳ
648 4261 754 4331 ’γὰρ
796 4260 994 4321 θελήσει
1037 4265 1131 4316 τοῦ
1181 4265 1311 4317 Θεοῦ
1375 4264 1462 4318 καὶ
1525 4265 1693 4336 γέγονε

106 4352 298 4415 πάντα,
328 4354 414 4405 καὶ
463 4354 688 4415 σώζεται
737 4352 806 4407 τὰ
864 4350 1125 4424 γενόμενα,
1173 4352 1302 4408 κατὰ
1342 4356 1465 4415 τοὺς
1500 4355 1694 4411 ἑαυτων

107 4443 340 4514 οὐκρινῶς
368 4442 567 4498 ἔκαστοι
595 4444 978 4516 συν-τηρούμενα
1005 4443 1188 4517 λόγους
1211 4483 1227 4508 ,
1265 4441 1402 4517 αὐτῷ
1443 4443 1517 4515 τῷ
1565 4449 1693 4506 κατὰ

106 4538 253 4604 φυσιν
296 4534 692 4610 ἀπειροδυνοῖμῳ
746 4543 876 4608 θεῷ,
915 4538 997 4592 καὶ
1039 4544 1225 4611 ποιητῇ
1262 4544 1363 4593 τῶν
1393 4537 1533 4600 ἰλῶν
1555 4553 1572 4568 ⁸
1599 4547 1693 4598 τῆς

106 4626 240 4686 θείοις
297 4629 453 4683 αὐτοῦ
507 4627 770 4693 θελήσεως,
810 4630 844 4687 ἥ
886 4628 952 4684 τὰ
990 4629 1161 4684 πάντα
1199 4631 1444 4688 πεποίηκέ
1497 4650 1552 4684 τε
1610 4634 1693 4685 καὶ

106 4724 252 4782 κινεῖ,
281 4726 392 4780 τοῖς
426 4721 622 4775 ἑαυτῶν
659 4717 858 4776 ἕκαστα
885 4729 1121 4793 φυσικοῖς
1149 4719 1468 4794 ὂιεξαγόμενοι
1498 4721 1688 4791 νόμοις,

106 4810 342 4868 ἀκινήτου
373 4809 846 4882 συνδιαμενούσης.
886 4814 953 4867 Τὸ
982 4815 1085 4890 γὰρ
1115 4810 1322 4887 ἄπειρον
1367 4814 1476 4870 κατ’
1511 4814 1692 4870 οὐδένα

1719 3517 1764 3580 C
1796 3511 2095 3573 SANCTI
2139 3510 2607 3573 HIPPOLYTI
2657 3511 2934 3589 episcopi
2988 3509 3224 3571 Portus
3253 3509 3384 3569 Ro-

1879 3593 2049 3652 mani
2105 3598 2159 3650 et
2194 3590 2492 3667 martyris
2520 3590 2829 3661 veritatis,
2865 3608 2942 3650 ex
2969 3607 3244 3648 sermone
3273 3589 3388 3667 qui

1845 3743 1848 3746 j
1881 3678 1966 3730 est
1985 3687 2099 3748 per
2135 3667 2490 3748 elementum
2516 3667 2587 3726 de
2625 3668 2959 3748 Theologt'u
2989 3676 3044 3727 et
3080 3668 3384 3748 Incurua-

1879 3745 2047 3808 εἰοὴε
2081 3754 2302 3807 contra
2357 3747 2654 3806 Beroncm
2705 3756 2756 3805 et
2796 3745 3146 3807 Heliconem
3194 3745 3382 3804 haere-

1877 3828 2060 3898 ticos,
2104 3828 2284 3902 cujus
2319 3825 2572 3884 initium
2602 3833 2709 3894 est,
2741 3824 3172 3904 'Aycoga'E-yior,
3205 3827 3380 3901 ἅγιος,

1885 3913 2077 3985 Κύριος
2110 3911 2349 3976 Σαϐαὼθ,
2386 3904 2720 3985 incessanti
2747 3903 2892 3964 voce
2929 3903 3258 3964 clamantes
3283 3921 3384 3962 se-

1879 3981 2129 4065 raphim
2153 3986 2346 4044 Deum
2376 3981 2760 4061 gloriﬁcant.

2551 4122 2602 4178 1.

1867 4263 2146 4320 Immensae
2174 4263 2370 4333 quippe
2398 4261 2617 4318 virtutis
2642 4260 2916 4316 voluntate
2949 4258 3041 4314 Dei
3073 4255 3214 4313 facta
3257 4264 3384 4312 sunt

1795 4355 1997 4418 omnia,
2032 4363 2088 4408 et
2116 4351 2400 4408 salvantur
2426 4366 2545 4420 qua:
2571 4350 2712 4406 facta
2741 4358 2886 4413 sunt,
2918 4347 3213 4403 secundum
3254 4360 3382 4400 suas

1796 4447 2036 4516 ipsorum
2067 4453 2371 4515 opportune
2407 4442 2618 4513 singula
2659 4450 2982 4497 conservata
3026 4439 3284 4501 rationes,
3331 4436 3383 4492 ei

1795 4541 1885 4610 qui
1917 4548 2002 4594 est
2025 4537 2321 4593 secundum
2352 4545 2600 4590 naturam
2626 4534 2902 4613 immensa:
2927 4531 3143 4585 virtutis
3167 4530 3308 4583 Deus
3329 4535 3386 4582 et

1796 4632 1970 4686 factor
2010 4631 2410 4693 universorum,
2461 4624 2983 4687 divina'voiuntate,
3032 4638 3152 4691 qua:
3198 4619 3381 4675 omnia

1795 4722 1925 4778 fecit
1949 4737 2014 4777 ac
2041 4728 2222 4774 movet
2247 4719 2362 4773 suis
2389 4729 2726 4786 unaquaeque
2755 4713 3090 4767 naturalibus
3116 4713 3378 4782 producta

1795 4813 2024 4884 legibus,
2055 4811 2314 4866 immobili
2349 4816 2718 4879 permanente.
2759 4805 2913 4872 Quod
2957 4804 3102 4860 enim
3149 4805 3381 4858 immen-

107 4902 313 4974 τρὸπον,
355 4902 387 4962 ἦ
443 4904 610 4976 λόγον.
668 4903 969 4976 ἐπιδέχεται
1017 4909 1227 4972 κίνησιν,
1271 4907 1360 4961 οὐκ
1388 4905 1420 4960 ἒ
1422 4927 1521 4977 χον
1549 4907 1686 4971 ὅποι,

1807 4920 1912 4961 sum
1940 4913 2022 4959 est
2047 4903 2192 4958 nulla
2225 4902 2436 4957 ratione
2458 4899 2543 4954 vel
2585 4897 2746 4955 modo
2771 4896 2965 4966 recipit
3007 4905 3234 4958 motum,
3275 4905 3383 4945 non

106 4996 189 5046 καὶ
233 4998 353 5068 περὶ
396 4992 423 5049 ὃ
476 4996 832 5054 κινηθήσεται.
864 5002 1038 5070 Τροπῆ
1089 4999 1185 5076 γὰρ
1221 5003 1314 5054 τοῦ
1365 5001 1494 5053 κατὰ
1542 5001 1690 5076 φύσιν

107 5082 352 5156 ἀπείρου,
383 5084 628 5138 κινεῖσθαι
655 5089 726 5155 μή
760 5085 1064 5155 πεφυκότος,
1112 5089 1144 5144 ἡ
1182 5089 1378 5148 κίνησις
1407 5126 1420 5139 .
1472 5075 1556 5143 Διῦ
1602 5091 1691 5145 καὶ

109 5169 218 5220 καθ’
245 5173 376 5240 ἡμᾶς
420 5169 616 5232 ἀληθῶς
639 5174 900 5246 γενόμενος
930 5169 1192 5249 ἅνθρωπος
1225 5177 1397 5248 χωρὶς
1433 5175 1690 5252 ἁμαρτίας

109 5259 134 5312 ὁ
178 5268 267 5314 τοῦ
312 5268 446 5318 Θεοῦ
488 5262 672 5335 λόγος,
717 5265 994 5333 ἐνεργήσας
1031 5286 1086 5320 τε
1130 5271 1212 5322 καὶ
1273 5269 1448 5322 παθὼν
1497 5271 1689 5347 ἀνθρω-

958 5356 972 5366 ⁶
1054 5357 1274 5390 ’σοι’-κου
1351 5361 1434 5399 “vi
1473 5370 1689 5404 munivi?

1797 4997 2004 5052 habens
2054 5010 2162 5065 quo
2197 5001 2252 5048 et
2297 4994 2442 5049 circa
2489 4993 2632 5062 quod
2699 4996 2999 5042 moveatur.
3046 4981 3387 5042 Vertibilitas

1797 5089 1942 5144 enim
1979 5088 2096 5159 ejus
2125 5086 2214 5157 qui
2246 5095 2328 5141 est
2356 5086 2611 5154 inexpers
2639 5077 2898 5141 motionis
2924 5088 3102 5134 motus
3122 5086 3226 5132 est.
3252 5072 3386 5125 Pro-

1798 5189 1919 5251 pter
1962 5181 2128 5250 quod,
2176 5177 2470 5232 secundum
2522 5169 2622 5232 nios
2667 5169 2940 5226 veraciter
2982 5171 3183 5229 factum
3228 5167 3390 5220 homo

1798 5270 2000 5339 absque
2031 5276 2252 5340 peccato
2273 5268 2367 5323 Dei
2399 5265 2665 5327 Verbum,
2681 5269 3074 5331 operatumque
3093 5278 3156 5317 ac
3177 5254 3394 5330 patiens

1799 5359 2108 5410 Ιιιιηιῃηίηη.
2145 5370 2476 5390 η-ισηιηηιηιιο
2509 5363 2722 5395 natura)
2749 5358 2868 5389 cun!

2904 5351 2945 5381 ﬂ:
2955 5367 3018 5382 ειΛ
3059 5366 3179 5384 “Aﬁr
