4016 6296
252 393 368 450 669

941 395 1456 452 COLLECTANEA.
1474 403 1480 451 ζ
1496 423 1568 436 -—
1599 391 1810 456 ANAS']

1911 389 1966 447 ill
1997 389 2460 468 Αροειυδιειιιι
2502 392 2855 449 EPISTOLA.

3417 400 3522 462 67.0
3562 461 3570 468 ,

246 511 508 577 παναγίας
535 507 727 583 σαρκίς
758 508 810 562 ίν
836 516 942 568 τοῖς
963 508 1218 578 θαύμασιν
1252 511 1568 578 οἰκονομικῶς
1609 507 1807 576 έκφαενο

1911 553 1916 562 ,
1942 502 2072 556 dum
2095 510 2342 556 naturam
2365 501 2504 558 Deus
2527 504 3010 573 superimmensus,
3039 504 3140 560 sibi
3162 516 3444 576 cognatam
3466 519 3522 563 et

245 603 402 670 μένην
427 617 441 632 ⁶
488 601 574 656 ἶνα
623 604 875 676 πιστευθῇ
893 600 1050 673 ξθςός
1105 599 1250 670 εἶναι,
1303 601 1365 657 δι’
1394 604 1635 664 ἀσθενοῦς
1687 598 1834 674 φύσει

246 693 444 769 σαρκός
486 696 783 769 αὑτουργῶν
832 703 928 755 τήν
971 702 1066 751 τοῦ
1112 696 1301 758 παντὸς
1341 702 1604 756 σωτηρίαν

568 1131 666 1181 Τοῦ
697 1125 874 1190 αὐτοῦ,
906 1125 960 1181 lx
985 1132 1072 1181 τοῦ
1101 1119 1260 1181 αῦτοῦ
1286 1122 1436 1197 λόγου
1463 1122 1528 1198 γ’.

313 1281 476 1354 ιᾲμοί
527 1280 649 1352 γὰρ,
681 1279 762 1334 ἵνα
789 1265 1058 1351 τρανῶσω,
1082 1275 1455 1352 παραδείγματι
1499 1276 1556 1330 τό
1589 1277 1707 1350 περί
1729 1295 1833 1329 σωο

237 1380 399 1446 τῆρος
435 1371 650 1440 λεχθέν·
688 1368 713 1424 ό
758 1369 965 1442 φυσικός
1000 1389 1096 1438 μου
1121 1368 1268 1440 λόγος
1295 1370 1538 1438 συγγενής
1583 1367 1694 1420 ἐστι
1747 1366 1833 1419 καί

237 1464 550 1523 κατάλληλος
579 1459 683 1519 ὄντι
707 1463 889 1535 λογικῷ
941 1481 996 1517 τε
1041 1463 1128 1518 καί
1176 1467 1334 1532 νοερῷ
1359 1467 1447 1515 τήν
1497 1458 1715 1530 ψυχὴν.
1772 1455 1832 1518 ἧς

238 1555 380 1608 κατά
432 1554 584 1625 φύσιν
635 1553 774 1606 ὶστίν
819 1552 1144 1610 αὐτοκίνητος
1184 1551 1407 1627 ένέργειά
1442 1569 1497 1604 τε
1537 1551 1615 1603 καί
1649 1551 1829 1620 πρὼτη

233 1644 476 1715 δύναμις,
507 1645 804 1705 ἀεικίνητος,
859 1649 882 1698 ό
915 1644 1056 1718 λόγος
1088 1650 1310 1726 φυσικῶς
1333 1634 1494 1704 etim":
1541 1641 1831 1714 πγαζὲμε-

231 1752 351 1793 νος’
410 1733 464 1789 ὃν
510 1736 793 1810 ῥηματίσας
841 1755 894 1789 τε
950 1736 1036 1788 καί
1104 1741 1371 1807 γραμμαῖς
1429 1727 1484 1787 εὖ
1539 1733 1779 1805 χαράξας
1809 1770 1825 1794 ,

231 1827 450 1900 γλώσσῃ
479 1829 566 1898 μέν
591 1827 888 1902 όργανικῶς,
920 1823 1001 1882 ὅτε
1030 1830 1139 1898 χρή
1169 1826 1418 1900 προφέρω,
1449 1827 1534 1877 καὶ
1561 1821 1827 1898 γράμμασι

231 1924 499 1986 τεχνικῶς
527 1915 612 1972 διὰ
651 1925 750 1972 τῶν
779 1919 1024 1986 ἀνομοίων
1061 1922 1130 1989 μή
1160 1917 1420 1993 τραπέντα
1460 1913 1653 1974 δεικνὺς
1677 1913 1826 1968 αὐτόν

228 2008 618 2079 έξακουόμενον.
669 2009 738 2063 Οῦ
765 2010 863 2081 γὰρ
891 2008 1129 2079 γλώσσης
1149 2010 1230 2066 καὶ
1274 2009 1586 2082 γραμμάτων
1621 2005 1646 2060 ό
1674 2027 1826 2078 φυσεσ

227 2095 314 2156 κός
359 2116 462 2166 μου
505 2096 648 2168 λόγος
688 2099 803 2154 έστι
828 2114 841 2126 ·
881 2092 972 2168 κᾷν
997 2093 1066 2152 δι’
1093 2098 1255 2151 αὐτῶν
1279 2097 1436 2151 αὐτοῦ
1465 2102 1708 2162 ποιοῦμαι
1735 2098 1826 2153 τήν

227 2189 494 2262 προφορὰν
523 2207 552 2240 .’
573 2187 702 2245 Ἀλλ’
728 2191 875 2258 ἐμοῦ.
905 2195 997 2244 τοῦ
1038 2175 1180 2245 κατὰ,
1221 2187 1368 2262 φύσιν
1417 2189 1712 2252 λαλοῦντος,
1741 2191 1825 2241 καί

223 2275 514 2349 ὂιζιάμφοῖν
535 2279 696 2334 αὐτόν
726 2280 794 2339 ὡς
821 2275 943 2347 ἐμόν
980 2279 1311 2351 ἕκφωνευντος
1337 2300 1347 2310 ·
1400 2285 1492 2340 τῆς
1520 2281 1610 2349 μὲν
1642 2283 1824 2352 νοερᾶς

222 2388 329 2436 μου
386 2367 570 2438 ψυχῆς
632 2375 859 2440 φυσικῶς
907 2371 986 2426 ἀεὶ
1043 2371 1393 2442 πηγαζόμενον
1423 2409 1437 2433 ,
1495 2367 1579 2425 διὰ
1628 2367 1681 2424 δί
1731 2377 1822 2429 τῆς

220 2468 528 2530 σωματικῆς
554 2482 652 2533 μου
680 2461 917 2531 γλώσσης
946 2461 1244 2536 όργανκῶς,
1272 2465 1340 2522 ὡς
1390 2460 1532 2533 ἔφην,
1580 2459 1662 2515 ὅτε
1713 2466 1821 2534 χρὴ

223 2552 606 2625 προφερόμενον
625 2589 640 2604 .
665 2547 868 2628 Ὠσπερ
900 2546 984 2605 οὖν
1011 2553 1082 2624 ἐφ’
1112 2554 1272 2623 ἡμῶν,
1325 2550 1448 2607 ὅσον
1503 2550 1706 2606 εἰκάσαι
1758 2552 1816 2606 τό

219 2643 490 2705 παντελῶς
534 2645 848 2708 ἀνείκαστον,
884 2641 968 2699 διά
1013 2652 1102 2706 τῆς
1144 2653 1440 2714 σωματικῆς
1467 2646 1604 2717 ἡμῶν
1653 2644 1820 2716 γλώσ-

221 2760 327 2799 an;
372 2740 640 2811 ἀτρέπτως
689 2740 717 2796 ἠ
775 2739 904 2796 κατά
941 2740 1090 2810 φύσιν
1132 2746 1223 2800 τῆς
1267 2738 1449 2809 ψυχῆς
1493 2738 1667 2811 λοίγικὴ
1697 2757 1820 2812 προσ

217 2831 430 2902 φέρεται
461 2827 694 2901 δύναμις,
720 2829 857 2884 οὕτω
883 2833 968 2884 καί
997 2831 1084 2884 ἐπί
1109 2837 1201 2890 τῆς
1235 2830 1525 2904 ὑπερφυοῦς
1554 2834 1646 2884 τοῦ
1687 2833 1814 2883 Θεοῦ

217 2923 622 2991 σωματὼσεως.
655 2923 746 2975 Διὰ
771 2929 861 2980 τῆς
890 2920 1050 2974 αὐτοῦ
1098 2923 1352 2996 παναγίας
1397 2921 1602 2996 σαρκός,
1646 2919 1694 2971 έν
1743 2913 1816 2978 οἷς

217 3008 278 3067 ἂν
309 3015 490 3075 ,θεῖκῶς
521 3014 782 3092 ἐνήργησε,
833 3012 964 3085 δίχα
1012 3022 1207 3089 τροπῆς
1256 3017 1284 3074 ὁ
1335 3018 1810 3088 παντοκρατορική,

214 3108 308 3160 καὶ
361 3114 462 3160 τῶν
525 3105 654 3161 ὅλων
700 3113 935 3166 ποιητικὴ
978 3115 1070 3167 τῆς
1129 3106 1247 3168 ὅλης
1303 3107 1538 3168 θεότητος
1591 3109 1813 3178 ἐνέργεια

215 3193 584 3261 διαδείκνυται,
614 3198 784 3258 πάσης
813 3199 954 3258 ἐκτός
999 3201 1128 3254 κατά
1158 3201 1305 3271 φύσιν
1349 3207 1662 3274 περιγραῖιῆς
1701 3199 1810 3256 δια·

214 3289 468 3358 μένουσα,
501 3283 700 3358 κᾷνδιά
721 3291 912 3362 σαρκός
944 3287 1184 3361 διέλαμψε
1225 3291 1373 3362 φύσει
1395 3292 1808 3367 πεπερασμένης.

214 3380 286 3432 0-5
309 3382 418 3452 γὰρ
450 3380 640 3451 πέφυκε
685 3379 1090 3458 περιγράφεσθαε
1131 3391 1312 3456 γενητῇ
1371 3380 1528 3454 φύσει
1569 3384 1626 3437 τό
1679 3386 1812 3438 κοιτά

213 3472 372 3542 φύσιν
437 3471 738 3542 ἀγέννητον,
789 3469 878 3544 κᾷν
932 3476 1118 3547 συνέφυ
1175 3476 1314 3547 αὐτῷ
1367 3478 1500 3530 κατά
1565 3475 1812 3546 σύλληψιν

212 3565 384 3617 πάντα
423 3564 832 3638 περιγράφουσαν
887 3571 1025 3618 νοῦν’
1057 3562 1176 3620 οῦτε
1221 3570 1316 3638 pris
1356 3568 1426 3626 είς
1458 3567 1639 3622 ταύτόν
1669 3569 1810 3640 αὐτῷ

213 3655 459 3728 φέρεσθαι
511 3657 710 3725 φύσεώς
765 3675 888 3710 ποτε
952 3659 1032 3710 καί
1092 3666 1304 3729 φυσικῆς
1383 3658 1671 3732 ἐνεργείας,
1714 3660 1810 3720 ἕως

213 3739 280 3796 ἄν
326 3742 566 3814 ἓκιῗτερον
607 3753 698 3805 τῆς
745 3743 874 3806 ἰδίας
919 3747 1056 3807 ἐντός
1085 3749 1221 3818 μένει
1264 3756 1477 3818 φυσικῆς
1517 3749 1764 3823 ἀτρεψίας
1789 3765 1804 3780 ⁸

210 3837 476 3907 Ὀμοφυῶν
519 3839 616 3912 γὰρ
643 3839 807 3910 μόνων
842 3843 872 3899 ἡ
919 3842 1227 3914 ταῦτουργός
1275 3845 1384 3899 ἔστι
1427 3846 1618 3902 κίνησις
1642 3882 1655 3902 .
1707 3865 1806 3902 ση·

210 3928 473 3994 μαίνουσα
501 3932 592 3986 τήν
645 3929 836 3993 οὐσίαν,
887 3927 946 3992 ἧς
981 3937 1168 4002 φυσική
1220 3933 1498 3992 καθέστηκε·
1545 3931 1759 4002 δύναμις
1786 3972 1802 3997 ,

210 4017 523 4089 ἑτεροφυοῦς
567 4019 746 4079 οὐσίας
783 4015 910 4076 εἶναι
959 4019 1240 4078 κατουδένα
1296 4023 1470 4094 λόγον,
1514 4022 1546 4083 ἧ
1581 4023 1804 4096 γενέσθαι

209 4104 347 4182 δίχα
393 4117 590 4184 τροπῆς
631 4109 922 4183 δυναμένης.

527 4666 624 4714 τοῦ
649 4663 822 4729 αὑτοῦ,
852 4667 903 4719 ἐκ
928 4671 1018 4720 τοῦ
1041 4669 1198 4723 αὐτοῦ
1227 4669 1378 4742 λόγου
1407 4669 1470 4726 δ’.

273 4810 344 4864 Τὸ
369 4812 467 4884 γὰρ
498 4817 780 4886 μυστήριον
807 4824 897 4877 τῆς
919 4817 1064 4880 θείας
1099 4823 1436 4894 σαρκώσεως,
1487 4824 1797 4886 ἀποστόλοις

201 4921 282 4996 τε,
314 4907 396 4996 καί
419 4909 722 4978 προφήταις,
750 4915 833 4966 καί
863 4910 1184 4975 διδασκάλοις
1219 4914 1413 4981 διττὴν,
1455 4922 1536 4974 καί
1565 4917 1794 4996 διὰφςρον

201 4988 235 5044 ἒ
236 5012 345 5060 χον
372 4991 674 5064 διέγνωσται
700 5004 790 5058 τὴν
819 5002 868 5055 έν
913 5009 1049 5061 πᾶσι
1095 5013 1312 5078 φυσικήν
1356 5009 1556 5084 θεορίαν
1581 5027 1594 5042 ⁸
1627 5014 1788 5066 ἀνελ-

199 5080 385 5175 λιποῦς
439 5089 684 5163 ὑπάρχον
729 5092 962 5155 θεότητος
996 5135 1012 5160 ,
1081 5101 1167 5152 καί
1220 5101 1446 5175 πλήρους
1493 5101 1794 5158 ὲνδεικτικὶν

199 5174 599 5248 ἀνθρωπότητος
652 5178 724 5238 ὅν.
760 5180 891 5246 Ἐως
936 5181 996 5241 ἂν
1045 5191 1148 5260 οὐχ
1190 5187 1261 5254 εἷς
1307 5195 1438 5249 κατά
1483 5200 1572 5255 τὴν
1619 5197 1793 5252 οὐσίαν

200 5269 502 5339 γνωρίζεται
546 5273 691 5345 λόγος
719 5281 840 5345 μιᾶς
873 5279 1150 5352 ἕνεργείας,
1191 5282 1437 5340 οὐδέποτε
1480 5287 1587 5341 καθ’
1623 5287 1791 5343 ὁτιοῦν

202 5357 501 5433 ἀμφοτέρων
529 5367 877 5435 γνωσθήσεται
905 5372 1112 5432 κίνεσις.
1145 5384 1200 5428 ‘0
1227 5375 1325 5448 γὰρ
1360 5377 1440 5431 ἀεὶ
1480 5378 1609 5432 κατά
1638 5383 1788 5449 φύσιν

202 5449 464 5541 ῦπαρχων
523 5457 648 5516 Θεὸς
686 5498 701 5520 ,
759 5460 1090 5539 ὑπεραπείρῳ
1143 5464 1353 5536 δυνάμει
1406 5469 1666 5541 γενόμενος
1719 5473 1789 5530 ὡς

202 5539 441 5633 ἶὶθίλησεν
484 5542 750 5622 ἅνθρωπος
785 5552 1178 5629 ἀναμάρτητος,
1233 5553 1361 5633 ὅπερ
1389 5539 1443 5625 ἦ,
1484 5557 1625 5627 ἔστι,
1679 5561 1787 5630 μεθ’

202 5626 340 5685 ὅσων
368 5641 555 5691 νοεῖται
589 5640 747 5700 Θεὸς·
791 5644 876 5695 καί
906 5626 1030 5718 ὅπερ
1065 5648 1271 5718 γέγονεν
1296 5626 1471 5713 (rem,
1520 5650 1627 5722 μεθ’
1657 5626 1788 5705 όσων

198 5730 389 5778 νοεῖται
435 5731 521 5782 καί
568 5732 906 5804 γνωρίζεσθαι
975 5738 1182 5808 πέφυκεν
1231 5735 1517 5813 ἅνθρωπος.
1563 5748 1775 5796 Ἑαυτοῦ

198 5819 286 5868 καθ
335 5819 568 5878 εκεέτερον
613 5824 690 5879 ἀεὶ
741 5825 901 5894 μένων
957 5830 1296 5899 ἀνέκπτωτος,
1340 5827 1411 5893 οἷς
1453 5835 1625 5894 θετικῶς
1658 5832 1780 5903 ἐμοῦ

1936 590 2344 644 convenientem
2369 591 2573 646 habens
2587 593 2973 662 operationem,
2998 609 3062 648 ex
3085 594 3283 650 deitate
3306 596 3519 666 quidem

1934 679 2365 736 substantialiter
2385 691 2595 747 natam,
2613 699 2708 752 per
2729 684 3125 739 sanctissimam
3148 700 3278 740 vero
3297 689 3518 741 carnem

1935 771 1988 825 in
2019 772 2296 829 miraculis
2325 774 2717 844 dispensatorie
2763 775 3094 831 declaratam
3122 796 3134 830 :
3173 787 3230 831 ut
3269 777 3522 832 credatur

1935 859 2076 916 Deus
2103 878 2244 927 esse,
2275 880 2371 933 per
2401 863 2672 918 inﬁrmam
2708 874 2900 922 natura
2929 880 3146 933 carnem
3169 883 3265 938 per
3289 882 3346 923 se
3387 881 3516 936 ope-

1936 967 2062 1008 rans
2090 954 2458 1010 universitatis
2482 955 2729 1011 salutem.

2279 1105 2550 1176 Ejusdem,
2579 1125 2644 1162 ex
2670 1109 2848 1163 eodem
2877 1126 3112 1165 sermone
3136 1109 3188 1166 5.

2005 1258 2218 1313 Etenim
2255 1265 2310 1314 et
2357 1259 2510 1323 mibi,
2543 1266 2601 1312 ut
2640 1259 3009 1330 paradigmate
3056 1259 3196 1328 quod
3221 1259 3287 1314 de
3327 1259 3515 1314 Salva-

1935 1358 2052 1404 to‘re
2103 1350 2306 1404 dictum
2352 1358 2454 1415 est,
2496 1351 2815 1420 exprimam,
2851 1351 3114 1405 naturalis
3147 1366 3326 1406 sermo
3364 1366 3517 1406 meus

1934 1447 2198 1508 cognatus
2224 1448 2312 1494 est
2333 1450 2387 1494 et
2410 1449 2744 1509 competens,
2779 1455 2899 1495 cum
2929 1442 3029 1496 sim
3057 1441 3338 1496 rationalis
3356 1449 3411 1494 et
3433 1443 3517 1495 in-

1935 1531 2254 1587 tellectualis
2299 1533 2504 1596 anima,
2535 1532 2689 1602 cujus
2742 1533 3035 1588 secundum
3082 1543 3331 1588 naturam
3361 1541 3445 1588 est
3481 1547 3514 1587 a

1933 1637 1992 1678 se
2027 1623 2240 1678 mobilis
2265 1623 2509 1692 Operatio
2537 1639 2600 1678 ac
2630 1623 2807 1692 prima
2837 1623 3030 1688 virtus,
3059 1637 3279 1692 semper
3299 1622 3514 1679 mobilis

1932 1727 2112 1767 sermo
2167 1713 2487 1768 naturaliter
2539 1728 2606 1768 ex
2663 1729 2726 1770 ea
2773 1713 3084 1783 proﬂuens,
3127 1730 3288 1785 quem
3331 1715 3515 1770 verbis

1931 1801 2224 1872 prolatum,
2257 1812 2312 1856 et
2346 1803 2503 1858 lineis
2549 1813 2849 1868 exaratum,
2885 1805 3064 1874 lingua
3093 1805 3312 1876 quidem
3353 1820 3515 1876 orga-

1857 1880 1900 1939 B
1929 1892 2050 1946 nice
2085 1907 2207 1947 cum
2234 1902 2448 1964 oportet
2474 1895 2729 1964 produco,
2761 1903 2815 1950 et
2853 1895 3050 1951 litteris
3087 1895 3374 1951 artiﬁciose
3416 1911 3514 1966 per

1931 1983 2271 2039 indissimilia
2301 2001 2408 2040 non
2439 1985 2796 2056 existentem,
2829 1995 2884 2041 et
2913 1983 3266 2042 dissimilibus
3293 2001 3396 2040 non
3428 1985 3514 2039 fu-

1926 2072 2163 2144 gientem
2195 2075 2488 2130 ostendens
2514 2087 2639 2130 eum
2671 2074 3035 2130 subauditum.
3080 2074 3198 2129 Non
3237 2075 3381 2130 enim
3411 2073 3514 2128 lin-

1925 2177 2043 2234 gum
2084 2180 2148 2219 ac
2193 2165 2496 2220 litterarum
2543 2165 2806 2220 naturalis
2839 2179 3021 2220 sermo
3051 2179 3204 2222 meus
3230 2172 3339 2230 est,
3386 2163 3513 2218 licet

1923 2269 2022 2325 per
2045 2265 2146 2310 eas
2169 2256 2338 2325 ipsius
2368 2255 2627 2312 iaciamus
2649 2255 3139 2326 pronuntiationem
3164 2272 3176 2308 :
3205 2255 3300 2310 sed
3335 2269 3508 2317 meus,

1922 2344 2016 2413 qui
2037 2346 2332 2400 secundum
2356 2358 2605 2401 naturam
2629 2346 2842 2412 loquor,
2871 2353 2925 2399 et
2964 2360 3062 2414 per
3081 2352 3338 2413 utrasque
3359 2343 3507 2398 illum

1921 2442 1978 2488 ut
2017 2449 2192 2489 meum
2243 2436 2550 2504 pronuntio.
2591 2434 2674 2488 Ab
2704 2434 3047 2490 intellectuali
3082 2434 3297 2504 quidem
3325 2434 3505 2487 anima

1922 2538 2039 2578 mea
2071 2538 2285 2594 semper
2313 2525 2634 2580 naturaliter
2669 2524 2994 2580 di‘rivatum:
3045 2539 3143 2593 per
3169 2524 3504 2593 corporalem

1919 2626 2050 2666 vero
2075 2611 2312 2682 linguam
2340 2615 2515 2668 meam
2553 2614 2828 2684 organice,
2873 2621 2934 2667 ut
2961 2613 3091 2678 dixi,
3119 2613 3243 2666 cum
3267 2619 3504 2682 oportet,

1918 2701 2261 2772 productum.
2311 2703 2610 2775 Sicutergo
2655 2704 2710 2758 in
2733 2705 2910 2771 nobis,
2956 2711 3216 2774 quantum
3235 2703 3506 2758 testimare

1917 2806 2214 2861 possumus
2233 2794 2375 2863 quod
2393 2793 2572 2849 'modis
2595 2791 2848 2858 omnibus
2873 2801 2959 2848 est
2981 2791 3377 2857 inmstimabile,
3407 2804 3507 2860 per

1917 2883 2251 2958 corporalem
2275 2884 2510 2956 linguam
2556 2891 2796 2938 nostram
2839 2883 3342 2948 inconvertibiliter,
3384 2897 3506 2951 quae

1915 2975 2212 3028 secundum
2234 2983 2482 3034 naturam
2509 2989 2611 3043 est,
2635 2980 2828 3049 animae
2843 2977 3506 3047 rationabilisproducitur

1915 3064 2130 3119 virtus:
2167 3065 2238 3119 ila
2279 3067 2410 3120 etin
2445 3067 2677 3138 gloriosa
2700 3069 2794 3125 Dei
2824 3069 3214 3132 incarnatione,
3257 3083 3352 3137 per
3377 3081 3504 3121 san-

1915 3153 2212 3208 ctissimam
2242 3169 2459 3211 carnem
2485 3173 2635 3212 suam
2661 3159 2714 3212 in
2744 3159 3152 3229 quibuscunque
3175 3159 3354 3212 divine
3371 3172 3501 3226 ope-

1839 3231 1883 3293 C
1915 3254 2148 3312 raretur,
2197 3247 2315 3303 sine
2335 3251 2788 3306 convertibilitate
2827 3251 3251 3322 omnipotentiva
3295 3259 3351 3306 et
3376 3266 3501 3306 cun-

1913 3343 2126 3391 ctorum
2151 3336 2350 3394 factiva
2377 3341 2541 3396 totius
2561 3341 2776 3397 deitatis
2809 3344 3051 3414 operatio
3074 3342 3496 3406 monstrabatur,

1913 3427 2115 3498 absque
2157 3431 2303 3485 omni
2347 3433 2642 3488 secundum
2705 3443 2951 3488 naturam
3000 3433 3498 3503 circumscriptione

1911 3531 2254 3586 permanens,
2298 3520 2424 3577 licet
2472 3537 2568 3592 per
2615 3539 2831 3578 carnem
2883 3523 3109 3595 fulgeret
3145 3533 3337 3578 natura
3391 3518 3496 3578 cir-

1910 3609 2266 3664 cumﬁnitam.
2291 3611 2406 3667 Non
2427 3613 2570 3668 enim
2596 3613 3274 3671 circumscribiturfactitia
3302 3624 3495 3671 natura

1909 3699 2052 3767 quod
2075 3702 2370 3756 secundum
2417 3713 2666 3758 naturam
2699 3702 2899 3774 factum
2946 3720 3052 3760 non
3092 3715 3197 3770 est,
3229 3703 3355 3759 licet
3402 3720 3496 3760 co-

1907 3791 2114 3846 oriatur
2133 3793 2181 3847 ei
2209 3807 2306 3864 per
2331 3793 2737 3864 conceptionem
2767 3809 2978 3850 omnem
3024 3809 3240 3850 sensum
3262 3795 3496 3850 circum-

1906 3883 2274 3939 scribentem:
2315 3899 2416 3940 nee
2461 3885 2624 3940 etiam
2675 3885 2728 3939 in
2779 3885 2969 3962 eodem
3000 3885 3117 3956 ipso
3161 3885 3263 3940 sibi
3300 3893 3493 3939 natura

1905 3974 2151 4031 diﬂ‘ertur
2195 3975 2485 4047 aliquando
2557 3987 2612 4032 et
2668 3977 2928 4032 naturalis
2993 3977 3276 4047 operatio,
3320 3970 3520 4031 donec

1905 4073 2194 4134 utrumque
2220 4066 2359 4119 intra
2388 4067 2662 4136 propriam
2683 4075 2867 4122 manet
2888 4065 3186 4121 naturalem
3204 4067 3494 4121 inconver-

1903 4155 2229 4211 tibilitatem.
2259 4157 2700 4212 Connaturalinm
2744 4158 2890 4212 enim
2919 4166 3124 4212 tantum
3151 4171 3250 4226 per
3272 4171 3330 4211 se
3363 4170 3492 4226 ope-

1903 4261 2032 4301 rans
2053 4255 2137 4302 est
2161 4257 2360 4312 motus,
2389 4248 2746 4304 manifestans
2766 4249 3124 4304 substantiam
3152 4249 3305 4317 cujus
3328 4257 3487 4301 natu-

1904 4336 2075 4391 ralem
2127 4346 2341 4393 constat
2385 4353 2505 4394 esse
2545 4340 2830 4394 virtutem:
2873 4339 3099 4395 diversa:
3129 4347 3334 4393 natura
3364 4354 3488 4408 pro-

1900 4429 2146 4498 prietatis
2167 4431 2468 4485 substantia
2507 4431 2654 4485 nulla
2705 4433 2916 4487 ratione
2945 4446 3065 4488 esse
3091 4431 3176 4486 vel
3223 4430 3486 4486 ﬁeri-sine

1900 4521 2352 4576 convertibilitate
2377 4522 2610 4577 valente.

2208 4678 2495 4748 Ejusdem,
2527 4697 2594 4734 ea:
2622 4680 2802 4734 eodem
2835 4695 3076 4733 senuene
3107 4677 3163 4733 4.

1966 4829 2279 4902 Mysterium
2312 4847 2543 4902 namque
2573 4809 2767 4887 divinae
2800 4830 3190 4886 incarnationis
3218 4829 3479 4900 apostolis

1893 4931 1947 4975 et
1985 4923 2264 4991 prophetis
2301 4932 2463 4993 atque
2501 4925 2813 4980 doctoribus
2850 4923 3068 4995 duplam
3103 4938 3166 4977 ac
3205 4924 3477 4978 diversam

1894 5015 1947 5069 in
1983 5015 2234 5070 omnibus
2265 5016 2464 5071 habere
2494 5016 2792 5071 naturalem
2825 5015 3087 5071 theoriam
3119 5015 3474 5086 dignoscitur,

1892 5119 2013 5159 cum
2049 5104 2120 5158 sit
2155 5105 2406 5175 perlecta:
2445 5105 2662 5162 deitatis
2690 5114 2745 5160 et
2783 5105 2952 5175 plena:
2991 5104 3473 5160 demonstrativum

1891 5193 2265 5250 humanitatis.
2307 5196 2546 5262 Quarum
2583 5197 2754 5252 donec
2793 5212 2956 5251 unum
2997 5197 3290 5252 secundum
3340 5198 3472 5251 sub-

1889 5289 2148 5343 stantiam
2190 5305 2295 5343 non
2324 5291 2596 5360 cognitum
2629 5289 2792 5344 fuerit
2826 5287 3054 5346 Verbum
3087 5293 3247 5346 unius
3277 5307 3473 5361 opera-

1893 5377 2089 5444 tionis,
2153 5393 2275 5433 cnm
2334 5381 2616 5449 utriusque
2665 5380 2775 5446 sit,
2837 5396 3112 5452 nunquam
3185 5383 3473 5452 aliquando

1888 5470 2243 5541 cognoscetur
2276 5479 2480 5526 motus.
2541 5471 2674 5527 Cum
2711 5473 2858 5527 enim
2910 5488 3124 5544 semper
3177 5475 3472 5530 secundum

1888 5568 2134 5613 naturam
2187 5560 2386 5616 existat
2437 5562 2812 5632 superin'linita
2849 5563 3052 5618 virtute
3091 5563 3295 5627 factus,
3333 5563 3472 5616 sicut

1887 5646 2090 5712 voluit,
2147 5649 2309 5704 bomo
2357 5649 2474 5708 sine
2521 5659 2782 5719 peccato,
2835 5641 2976 5721 quod
3023 5659 3142 5705 erat
3183 5659 3295 5714 est,
3347 5666 3471 5704 cum

1885 5737 2104 5806 quantis
2132 5739 2474 5808 cognoscitur
2519 5739 2699 5794 Deus:
2742 5750 2796 5793 ct
2824 5740 2963 5810 quod
3006 5739 3179 5793 factus
3225 5748 3338 5802 est,
3387 5748 3474 5794 est

1821 5831 1829 5838 ’
1888 5844 2012 5883 cum
2068 5831 2299 5900 quantis"
2337 5848 2457 5888 esse
2513 5834 2855 5903 cognoscitur
2906 5831 3112 5889 homo:
3170 5831 3468 5888 secundum
