4016 6296
465 380 563 443 671

1636 391 1995 450 ANASTASII
2030 391 2575 452 BlBLlOTHECARll

3617 393 3724 448 67‘2

465 505 550 556 uti
579 503 902 578 ἀνθρωπίνως
948 503 1214 578 ἐνήργησε,
1268 503 1450 560 τέλειον
1494 505 1622 559 κατὰ
1673 507 1760 562 τόν
1803 507 2039 581 ἑκατέρου

2157 514 2429 574 itu-umque
2453 519 2609 560 suum
2631 518 2843 574 semper
2868 517 3191 574 permanens
3214 503 3332 560 sine
3354 520 3506 571 casu,
3527 492 3732 575 quibus

464 590 608 666 λόγον
654 597 830 659 σώζων
858 595 1042 650 ἑαυτοῦ
1071 602 1298 667 φυσικῶς
1343 595 1691 651 ἀναλλοίωτον.

778 905 882 954 Τοῦ
915 897 1092 966 αὐτοῦ,
1127 900 1182 956 ἐκ
1211 909 1306 958 τοῦ
1329 905 1484 960 αὐτοῦ
1513 901 1663 977 λόγου
1695 906 1739 962 έ.

535 1039 703 1108 Βήρων
756 1037 856 1111 γάρ
908 1059 986 1097 τις
1039 1037 1298 1111 ἔναγχος,
1353 1040 1462 1112 μεθ’
1522 1043 1704 1118 έτέρων
1743 1050 1910 1106 τινῶν,
1957 1047 2048 1103 τῆν

469 1127 763 1182 Βαλεντίνου
807 1130 1084 1200 φαντασίαν
1123 1133 1324 1203 ἀφέντες
1349 1172 1365 1196 ,
1424 1135 1621 1207 χείρονι
1660 1141 1794 1206 κακῷ
1825 1137 2050 1190 κατεπά-

468 1237 636 1289 ρησαν
663 1257 679 1282 ,
727 1217 983 1290 λέγοντες·
1034 1225 1133 1280 Τῆν
1189 1224 1278 1293 μέν
1323 1224 1740 1296 προσληφθεῖσαν
1782 1232 1856 1298 τῷ
1903 1227 2048 1298 Λόγῳ

469 1306 638 1382 σάρκα
676 1309 906 1380 γενέσθαι
957 1313 1272 1388 ταντουργόν
1318 1319 1380 1385 τῇ
1417 1313 1633 1377 θεότητι,
1663 1311 1749 1368 διὰ
1769 1318 1858 1372 τῆν
1885 1315 2049 1388 πρόσ-

465 1399 642 1468 ληξῐιν,
688 1406 777 1459 τήν
827 1402 1039 1460 θεότητα
1067 1401 1120 1457 δέ
1163 1407 1395 1476 γενέσθαι
1447 1406 1740 1466 ταύτοπαθῆ
1788 1414 1850 1481 τῆ
1893 1410 2050 1483 σάρκί

467 1485 551 1541 διὰ
583 1489 787 1544 κένωσιν
811 1505 825 1520 ⁸
865 1497 1056 1566 τροπὴν
1089 1491 1238 1562 ὁμοῦ,
1280 1497 1364 1548 καὶ
1392 1496 1561 1566 φύσιν,
1615 1499 1701 1550 καὶ
1744 1487 2046 1568 σύγχυσιν,
2083 1533 2086 1536 ~

467 1579 548 1632 καί
595 1583 686 1638 τῆν
738 1582 809 1640 εἰς
851 1581 1090 1643 ἀλλήλους
1152 1586 1448 1660 ἀμφοτέρων
1485 1587 1765 1657 μεταϐολήν
1813 1587 2051 1661 ὂογματί·

468 1669 656 1728 ζοντες.
677 1669 746 1735 ,Εἰ
770 1672 870 1741 γὰρ
903 1672 1354 1746 προσληφθεῖσαὴ
1397 1679 1526 1752 σὰρξ
1555 1679 1715 1750 γένονε
1739 1681 2052 1756 ταῦτουργός

466 1765 528 1831 τῇ
575 1759 772 1826 θεότητι
795 1801 812 1825 ,
860 1761 1086 1842 δηλονότι
1123 1767 1204 1820 καί
1233 1767 1382 1839 φύσει
1427 1771 1588 1834 Θεὸς,
1638 1769 1747 1840 μεθ’
1781 1768 1916 1827 ὅσων
1959 1792 2053 1844 φυο

2147 596 2327 650 divine
2363 596 2567 666 pariter
2615 604 2671 651 et
2717 595 2948 650 humane
2996 605 3252 664 operatus
3277 604 3395 660 est,
3430 597 3721 666 perfectio-

2145 699 2270 738 nem
2302 681 2400 753 per
2427 699 2642 738 omnem
2673 683 2956 754 utriusque
2983 684 3247 740 rationein
3273 686 3376 741 sibi
3401 686 3723 744 naturaliter

2148 773 2645 829 incommutabilem
2677 772 2912 828 salvans.

2485 903 2761 974 Ejusdem,
2790 920 2856 959 ea:
2880 904 3060 960 eodem
3083 920 3317 960 sermone
3342 906 3398 961 5.

2217 1035 2356 1090 Bero
2391 1035 2532 1089 enim
2564 1035 2784 1104 quidam
2815 1049 3008 1104 nuper,
3039 1043 3095 1090 et
3123 1035 3212 1089 alii
3242 1035 3462 1106 quidam
3481 1078 3495 1101 ,
3529 1037 3726 1092 Valen-

2151 1126 2245 1180 tini
2275 1125 2557 1196 phantasia
2586 1125 2800 1180 deserta
2821 1165 2836 1191 ,
2864 1125 3123 1180 deteriori
3163 1125 3358 1180 irretiti
3386 1135 3514 1180 sunt
3546 1128 3727 1196 pravi-

2151 1226 2297 1283 tate,
2337 1217 2581 1273 dicentes
2627 1227 2959 1287 assumptam
3008 1232 3040 1272 a
3071 1216 3250 1274 Verbo
3294 1233 3514 1274 carnem
3559 1218 3730 1274 fuisse

2149 1311 2338 1366 eadem
2369 1325 2489 1379 quae
2517 1309 2773 1380 divinitas
2802 1317 3022 1380 operata
3057 1317 3142 1365 est
3175 1318 3472 1381 operatam.
3516 1309 3727 1385 Divini-

2152 1413 2317 1474 tatem
2353 1419 2484 1460 vero
2519 1402 2953 1474 compassibilem
2975 1404 3125 1458 carni
3157 1401 3378 1474 propter
3396 1403 3727 1459 exinanitio-

2150 1508 2274 1548 nem
2304 1511 2318 1548 :
2347 1493 2856 1549 convertibilitatem
2886 1492 3042 1548 simul
3069 1503 3122 1550 et
3143 1493 3604 1560 eommistionem,
3633 1507 3730 1548 seu

2152 1581 2520 1637 confusionem
2547 1591 2708 1652 atque
2737 1581 3016 1652 utriusque
3033 1581 3087 1636 in
3119 1581 3347 1637 invicem
3370 1583 3731 1638 mutationem

2152 1674 2600 1744 dogmatizantes.
2651 1673 2710 1729 Si
2759 1671 3224 1746 enim‘assumpta
3277 1690 3406 1731 caro
3458 1657 3600 1730 facta
3649 1686 3735 1730 est

2153 1767 2494 1837 cooperatrix
2521 1766 2826 1834 divinitati,
2866 1767 3036 1837 liquet
3064 1767 3203 1836 quod
3233 1776 3288 1822 et
3319 1776 3513 1822 natura
3545 1766 3688 1821 Deus
3715 1783 3730 1818 :

470 1860 628 1914 σικῶς
657 1863 847 1910 νοεῖται
889 1853 1034 1918 Θεός.
1079 1862 1172 1914 Καὶ
1197 1864 1243 1915 εἰ
1267 1861 1438 1935 γέγονε
1489 1865 1768 1920 κενωθεῖσα
1807 1873 1870 1940 τῇ
1896 1870 2052 1943 σαρκί

2157 1871 2278 1910 cum
2303 1896 2319 1922 ,
2365 1863 2628 1926 quotquot
2672 1865 2790 1922 est,
2837 1857 3165 1926 intelligatur
3201 1857 3362 1914 Deus.
3401 1857 3468 1913 Et
3504 1857 3551 1912 si
3589 1857 3735 1912 facta

468 1947 788 2036 ταυτοπαθῆε
831 1950 862 2007 ἡ
907 1950 1079 2010 θεότης
1103 1991 1120 2018 ,
1166 1951 1391 2036 δηλονότι
1428 1959 1512 2010 καί
1539 1957 1690 2027 φύσει
1745 1959 1912 2036 σὰρξ,
1943 1961 2055 2031 μεθ’

473 2034 606 2090 ὅσων
647 2045 874 2109 φυσικῶς
907 2034 1234 2116 γνωρίζεσθαι
1264 2046 1450 2118 πέφυκε
1494 2049 1646 2118 σάρξ.
1692 2050 1766 2104 Tal
1815 2034 1916 2126 γὰρ
1969 2050 2056 2105 ἀλ·-

469 2126 633 2188 λήλος
663 2127 902 2204 ὁμοεργῆ,
945 2136 1031 2187 καὶ
1066 2136 1377 2210 ταύτουργὰ,
1426 2142 1508 2192 καί
1553 2139 1782 2212 ὁμόφυλα
1803 2143 2008 2203 πάντως
2035 2182 2052 2206 .

473 2223 559 2274 καὶ
604 2224 921 2290 ταύτοπαθῆ,
953 2224 1194 2298 διαφορὰν
1229 2231 1321 2284 ουκ
1349 2229 1656 2303 έπιδέχεται
1685 2235 1906 2304 φύσεως.
1964 2238 2056 2290 καί

472 2315 670 2384 φύσεων
720 2319 900 2378 αὐτοῖς
929 2321 1348 2391 συγκεχυμένων,
1381 2320 1534 2379 ἔσται
1588 2321 1716 2386 δυὰς
1745 2325 1771 2379 ὁ
1799 2326 2054 2402 Χριστός,

475 2405 560 2455 καί
604 2407 894 2476 προσώπων
926 2412 1306 2481 μεμερισμένων
1353 2413 1565 2488 τετρὰς,
1609 2415 1667 2468 τό
1700 2413 2052 2488 φευκτότατον.

478 2498 568 2549 καὶ
605 2504 716 2558 πῶς
756 2499 926 2559 αὐτοῖς
968 2496 1040 2560 εἷς
1067 2503 1149 2554 καί
1179 2500 1205 2556 ό
1247 2503 1400 2564 αὐτὸς
1425 2543 1440 2568 ,
1471 2506 1597 2565 Θεὸς
1638 2503 1763 2575 ὁμοῦ
1795 2502 1950 2578 φύσει
1975 2510 2056 2562 καί

476 2581 745 2660 ἄνθρωπος
771 2630 786 2655 ,
819 2587 845 2643 ὃ
873 2589 1126 2662 Χριστός;
1148 2592 1296 2646 Ποίαν
1333 2591 1388 2647 δέ
1437 2593 1550 2650 κατ’
1593 2595 1780 2657 αὐτοὺς
1816 2596 1917 2662 ἕξει
1964 2601 2056 2656 τὴν

477 2675 716 2750 ὕπαρξιν,
757 2680 1008 2756 μεταϐολῇ
1034 2682 1272 2744 θεότητος
1305 2682 1566 2757 γενόμενος
1615 2683 1879 2761 ἄνθρωπος
1909 2729 1924 2752 ,
1969 2689 2059 2744 και

477 2767 669 2842 σαρκὸς
704 2772 1038 2838 μεταποιήσει
1067 2771 1229 2838 Θεόςς
1259 2783 1311 2827 Ἦ
1338 2775 1439 2848 γάρ
1486 2778 1558 2836 εἰς
1603 2776 1816 2842 ἀλλήλας
1863 2780 2058 2836 τούτων

478 2860 852 2952 μετάπτωσιςῗ,
923 2864 1171 2924 παντελής
1233 2866 1378 2922 ὶστιν
1439 2869 1732 2946 ἀμφοτέρων
1774 2873 2052 2952 ἀναίρεσις.

481 2952 764 3007 Σκοπείσθω
806 2951 869 3012 δὴ
908 2953 1059 3010 πάλιν
1094 2957 1212 3026 ἡμῖν
1254 2957 1438 3033 έτίρως
1467 2958 1493 3014 ό
1519 2959 1680 3034 λόγος.

755 3253 858 3301 Τοῦ
904 3249 1088 3319 αὑτοῦ,
1140 3253 1190 3305 ἐκ
1213 3259 1306 3308 τοῦ
1343 3255 1504 3310 αὐτοῦ
1544 3255 1692 3330 λόγου
1735 3257 1799 3322 ς’.

555 3379 776 3440 Εὐσεϐἐς
827 3380 1105 3455 κεκύρωται
1132 3383 1296 3459 δόγμα
1347 3392 1854 3462 χριστιανοῖςνκαε
1901 3399 2058 3454 αὗτῆν

482 3487 535 3522 τε
571 3470 758 3541 φύσιν,
805 3475 892 3526 καί
939 3479 1030 3532 τήν
1067 3475 1346 3552 ἐνέργειαν,
1407 3483 1492 3534 καί
1542 3486 1646 3536 πᾶν
1679 3483 1869 3555 ἕτερον
1922 3486 2058 3556 αὐτῷ

487 3564 782 3634 προσφυὲς,
840 3565 954 3620 ἴσον
995 3564 1160 3635 έαυτῷ
1231 3571 1316 3622 καὶ
1356 3569 1536 3624 ταύτὸν
1587 3568 1714 3628 εἶναι
1763 3575 1848 3629 τόν
1892 3577 2054 3638 Θεὸν.

483 3647 639 3719 μηδὲν
683 3651 848 3723 ἑαυτῷ
881 3661 980 3708 τῶν
1015 3655 1201 3711 έαυτοῦ
1231 3659 1489 3722 παντελῶς
1519 3659 1689 3717 ἄνισον
1713 3661 1931 3734 ἔχοντα,
1971 3669 2059 3722 καί

483 3739 832 3798 ἀκατάλληλον.
861 3746 915 3796 Εἰ
951 3746 1116 3799 τοίνυν
1153 3749 1283 3803 κατᾶ
1326 3753 1526 3824 Βῆρωνα
1547 3790 1563 3815 ,
1613 3761 1706 3813 τῆς
1733 3755 1892 3815 αὐτῆς
1917 3753 2057 3826 αὖτῷ

482 3829 858 3902 προσληφθεῖσα
886 3841 1098 3906 φυσικῆς
1128 3837 1378 3910 ἐνεργείας
1417 3840 1614 3911 γέγονεν
1652 3844 1683 3900 ἡ
1729 3844 1881 3918 σὰρξ,
1921 3842 2055 3902 δηλο-

481 3919 587 3974 νότι
617 3925 699 3975 καί
733 3931 839 4000 ,τῆς
887 3926 1045 3988 αὐτῆς
1074 3929 1220 4001 αὐτῲ⁴
1241 3932 1407 4003 γέγονε
1431 3933 1630 4002 φύσεως
1657 3971 1674 3999 ,
1718 3935 1826 4006 μεθ’
1853 3933 1985 3990 ὅσων
2025 3939 2056 3996 ri

483 4009 654 4079 φύσις.
710 4015 967 4089 ἆννρχίας
991 4054 1008 4081 ,
1062 4020 1376 4090 ἁγεννησίας,
1410 4024 1666 4098 ἀπειρίας,
1725 4023 2006 4088 ἀῐδιότητος
2034 4065 2077 4092 ,-

483 4105 854 4176 ἀκαταληψίας,
904 4112 991 4163 καί
1029 4117 1128 4166 τῶν
1173 4107 1276 4166 ὅσα
1331 4111 1526 4170 τούτων
1577 4114 1688 4171 καθ’
1728 4117 1990 4196 ὑπεροχήν
2028 4118 2055 4176 ὃ

483 4194 760 4266 θεολογικός
787 4196 1058 4272 ὑπερφυῶς
1083 4199 1226 4272 ένορᾷ
1255 4209 1319 4278 τῇ
1347 4203 1543 4262 θεότητι
1565 4205 1727 4275 λόγος.
1759 4194 1849 4263 καί
1865 4217 2056 4283 τροπὴν

483 4285 741 4374 ἀμφότερα
781 4289 1040 4355 πέπονθεν,
1082 4290 1362 4368 μηδετέρου
1411 4296 1497 4352 τόν
1545 4305 1638 4358 τῆς
1685 4297 1815 4360 ἰδίας
1853 4305 2056 4374 φύσεως

482 4373 700 4467 οὐᾼσιὼδη
727 4375 864 4448 λόγον
893 4376 970 4434 ἔτι
993 4382 1261 4452 σοζόμενον
1283 4383 1520 4455 ἔχοντος.
1565 4385 1624 4442 '0
1647 4391 1746 4466 γὰρ
1771 4373 2054 4467 ἑτεροφυῶν

481 4463 624 4525 εἰδὼς
650 4468 1008 4542 ταύτουργίαν,
1033 4474 1300 4545 σύγχυσιν
1334 4474 1459 4549 ὁμοῦ
1490 4483 1702 4552 φυσικήν
1724 4520 1740 4545 .
1787 4485 1872 4540 καί
1921 4482 2054 4541 διαί-

2155 1957 2237 2003 est
2283 1948 2560 2003 exinanita
2606 1948 3002 2019 compassibilis
3045 1949 3195 2004 carni
3241 1948 3525 2014 divinitas,
3566 1948 3738 2018 liquet

2163 2039 2304 2110 quod
2335 2047 2390 2094 et
2418 2049 2612 2094 natura
2648 2053 2816 2096 caro:
2847 2054 2968 2094 cum
2997 2047 3261 2111 quotquot
3292 2048 3377 2094 est
3410 2038 3740 2094 naturaliter

2155 2146 2277 2186 esse
2327 2115 2657 2202 intelligatur
2699 2145 2849 2185 caro.
2891 2129 2966 2184 Ea
2995 2131 3193 2200 quippe
3229 2144 3348 2199 qua:
3385 2138 3576 2184 mutuo
3610 2137 3738 2183 sunt

2158 2222 2543 2292 coeperantia,
2587 2223 2863 2278 eteadem
2899 2223 3210 2292 operantia,
3250 2231 3305 2276 et
3340 2221 3585 2293 ejusdem
3625 2221 3738 2276 ori-

2157 2309 2328 2381 ginis,
2359 2309 2604 2380 profecto
2633 2320 2688 2366 et
2720 2309 3118 2381 compassib’ilia
3137 2351 3153 2378 ,
3184 2318 3393 2366 naturae
3422 2325 3534 2366 non
3562 2310 3738 2366 susci-

2154 2401 2356 2471 pientia
2391 2400 2768 2457 diderentiam.
2798 2401 2900 2468 Et,
2928 2402 3138 2458 naturis
3173 2402 3276 2457 sibi
3311 2400 3584 2469 confusis,
3630 2402 3738 2458 erit

2155 2492 2386 2548 dualitas
2416 2492 2702 2558 Christus;
2743 2500 2829 2558 et,
2866 2493 3111 2563 personis
3138 2493 3434 2563 separatis,
3468 2493 3566 2549 ﬁet
3598 2507 3733 2564 qua-

2156 2586 2418 2643 ternitas:
2451 2585 2593 2658 quod
2620 2594 2704 2642 est
2730 2586 2956 2641 nimium
2985 2584 3316 2656 fugiendum.
3357 2584 3426 2639 Et
3462 2585 3740 2655 quomodo

2155 2677 2262 2732 illis
2293 2691 2432 2732 unus
2463 2685 2516 2732 et
2549 2677 2690 2732 idem
2723 2678 2838 2746 ipse
2875 2675 2982 2732 erit
3032 2675 3176 2731 Deus
3225 2683 3416 2730 natura
3467 2674 3636 2730 simul
3681 2682 3739 2729 et

2155 2767 2318 2821 homo
2345 2765 2638 2822 Christus?
2672 2764 2844 2833 Quam
2870 2765 3034 2820 etiam
3056 2764 3352 2833 secundum
3384 2764 3533 2834 ipsos
3565 2761 3737 2816 habe-

2153 2857 2234 2913 bit
2265 2858 2557 2913 essentiam
2596 2856 2893 2912 mutatione
2923 2855 3224 2911 divinitatis
3255 2853 3428 2908 factus
3454 2854 3656 2918 homo,
3682 2860 3740 2906 et

2155 2948 2338 3003 carnis
2367 2937 2721 3004 translatione
2746 2947 2931 3003 Deus?
2957 2945 3128 3001 Casus
3175 2945 3319 3000 enim
3349 2945 3404 2999 in
3441 2943 3738 2999 alterutras

2154 3036 2461 3092 omnimoda
2480 3043 2926 3106 estutrarumque
2943 3035 3261 3106 peremptio.
3285 3032 3613 3106 lnspiciatur
3639 3033 3739 3087 ita-

2155 3141 2260 3198 que
2288 3143 2318 3182 a
2347 3127 2502 3190 nobis
2531 3127 2688 3183 aliter
2711 3141 2910 3183 sermo.
3255 3135 3260 3138 '

2492 3248 2767 3320 Ejusdem,
2797 3264 2864 3304 ea:
2890 3247 3070 3304 eodem
3099 3263 3336 3304 sermone
3363 3245 3418 3304 6.

2229 3374 2383 3431 Pium
2410 3375 2731 3433 Christianis
2759 3377 3112 3433 constitutum
3155 3383 3240 3432 est
3272 3375 3464 3448 dogma
3508 3376 3744 3432 creden-

2162 3466 2302 3522 tibus
2321 3506 2336 3533 ,
2361 3467 2655 3522 secundum
2678 3471 2923 3524 eamdem
2952 3475 3201 3523 naturam
3242 3481 3306 3522 ac
3335 3469 3740 3538 operationem,

2158 3565 2214 3610 et
2253 3571 2416 3613 omne
2462 3557 2607 3612 aliud
2652 3557 2754 3614 sibi
2804 3559 3180 3624 conveniens,»
3212 3558 3477 3630 aequalem
3527 3559 3639 3614 sibi
3684 3570 3742 3615 et

2158 3648 2404 3704 eumdem
2454 3648 2628 3718 ipsum
2672 3663 2793 3704 esse
2838 3648 3042 3716 Deum,
3083 3648 3218 3706 nihil
3275 3649 3500 3704 omnino
3539 3663 3738 3704 eorum

2159 3753 2279 3806 qua:
2306 3749 2576 3794 suasunt
2621 3739 2891 3810 inaequale
2931 3739 3216 3796 habentem
3243 3748 3299 3795 et
3327 3739 3741 3797 inconveniens.

2160 3826 2218 3883 Si
2247 3828 2434 3900 igitur,
2475 3829 2772 3885 secundum
2810 3827 3116 3895 Beronem,‘
3140 3838 3414 3900 assumpta
3460 3830 3563 3885 sibi
3609 3845 3742 3886 caro

2157 3918 2400 3989 ejusdem
2427 3921 2757 3992 operationis
2781 3919 2974 3976 ell‘ecta
3001 3929 3119 3985 est,
3163 3921 3304 3977 haud
3339 3920 3564 3976 dubium
3606 3922 3740 3992 quin

2156 4018 2211 4064 et
2237 4008 2476 4078 ejusdem
2507 4009 2650 4065 facta
2680 4018 2766 4070 est
2781 4010 2894 4070 sibi
2925 4019 3134 4065 naturae
3156 4049 3170 4076 ,
3205 4024 3328 4065 cum
3356 4019 3628 4080 quotquot
3655 4021 3740 4066 est

2158 4110 2382 4167 natura,
2414 4084 2467 4156 id
2495 4109 2613 4166 est,
2647 4099 3134 4170 inprincipalitate,
3178 4099 3506 4164 infactione,
3548 4099 3736 4154 inlini-

2159 4198 2301 4256 tate,
2333 4189 2790 4260 sempiternitate,
2822 4188 3465 4259 incomprehensibilitate
3503 4197 3561 4244 et
3588 4205 3737 4259 qum-

2156 4294 2370 4350 cunque
2400 4279 2589 4334 horum
2623 4278 2917 4335 secundum
2959 4280 3383 4348 magnitudinem
3429 4280 3736 4351 theologica

2157 4369 2486 4440 amplissime
2515 4369 2568 4424 in
2598 4369 2798 4426 deitate
2828 4369 2967 4425 ratio
3003 4369 3440 4440 contemplatur;
3475 4379 3532 4426 et
3563 4371 3734 4426 vicis-

2154 4461 2442 4517 situdinem
2491 4469 2720 4533 utraque
2768 4475 2931 4533 passa
2974 4470 3101 4517 sunt
3140 4471 3332 4518 neutro
3365 4470 3578 4517 natura:
3622 4478 3735 4518 sua:

480 4576 618 4628 ρεσιν
681 4561 848 4616 αὐτῶν
931 4565 1204 4635 εἰσηγεῖται
1275 4577 1639 4644 προσωπικῆν·
1701 4572 2050 4646 ἀδιαγνωστου

2157 4551 2567 4607 substantialem
2615 4552 2883 4608 rationem
2929 4551 3070 4607 ultra
3115 4553 3427 4608 salvandam
3475 4553 3730 4609 habente.

479 4649 735 4711 παντελῶς
759 4695 773 4718 ,
820 4660 880 4726 τῇ
934 4662 1034 4709 τῶν
1074 4655 1342 4729 ίδιομὰτων
1371 4661 1646 4737 μεταϐολῇ,
1694 4672 1788 4728 τῆς
1842 4677 2054 4738 φυσικῆς

478 4743 646 4798 αὐτῶν
675 4745 940 4816 γενομένης
968 4746 1249 4824 ὑπάρξεως.
1713 4759 1717 4762 ’

785 5134 885 5181 Τοῦ
914 5130 1087 5192 αὐτοῦ,
1120 5131 1175 5185 έκ
1195 5137 1288 5200 τοῦ
1315 5133 1468 5190 αὐτοῦ
1491 5135 1638 5209 λόγου
1665 5135 1728 5202 ζ’.

556 5245 610 5294 εἰ
659 5240 712 5297 δέ
749 5252 839 5307 τῆς
880 5249 1034 5310 αὐτῆς
1063 5251 1203 5321 αὐτῷ
1241 5257 1310 5325 μὴ
1361 5255 1531 5327 γέγονε
1567 5258 1789 5329 φύσεως,
1821 5258 1931 5316 οὐδὲ
1959 5270 2050 5323 τῆς

482 5329 642 5421 αὐτῆς
669 5338 811 5409 αὐτῷ
863 5359 982 5394 ποτε
1017 5345 1282 5414 γενήσεται
1318 5354 1530 5418 φυσικῆς
1559 5349 1828 5421 ἐνεργείας,
1858 5351 1942 5406 ἵνα
1979 5357 2049 5420 μῆ

479 5420 660 5495 δειχθῇ
687 5431 750 5498 τῆ
781 5425 924 5498 φύσει
950 5433 1038 5488 την
1061 5432 1307 5507 ἐνέργειαν
1333 5432 1510 5492 ἄνισον
1537 5436 1702 5508 ἔχων,
1734 5442 1813 5493 καί
1836 5439 2049 5496 ἆγατάλο

475 5516 640 5584 λολον,
669 5521 755 5575 καί
782 5527 874 5581 τῆς
907 5523 1064 5577 αὐτοῦ
1097 5522 1161 5579 δι’
1205 5523 1328 5582 ὅλων
1372 5537 1470 5585 τῶν
1493 5530 1678 5587 ἑαυτοῦ
1711 5539 1924 5602 φυσικῆς
1951 5529 2048 5597 ἔξω

479 5610 692 5678 γεγονὼς
717 5609 980 5679 ἰσότητος,
1011 5615 1094 5670 καί
1120 5616 1459 5682 ταυτότητος’
1494 5617 1618 5696 ὅπερ
1645 5620 1848 5681 ἀσεϐές.

2153 4641 2254 4710 Qui
2300 4643 2443 4698 enim
2485 4657 2670 4717 eorum
2710 4658 2830 4714 qua:
2873 4643 3100 4699 alterius
3143 4652 3268 4700 sunt
3295 4653 3518 4700 natura:
3566 4646 3735 4700 sentit

2153 4732 2396 4788 eamdem
2442 4733 2842 4802 operationem,
2891 4731 3260 4788 confusionem
3302 4732 3465 4788 simul
3508 4742 3734 4787 natura-

2152 4813 2257 4878 lein
2302 4832 2358 4878 et
2403 4823 2718 4879 divisionem
2759 4839 2949 4879 eorum
2990 4825 3333 4895 personalem
3387 4825 3731 4888 introducit;

2153 4913 2422 4984 incognita
2447 4927 2670 4982 prorsus
2690 4952 2707 4978 ,
2738 4914 3056 4970 idiomatum
3086 4917 3541 4983 commutatione,
3575 4928 3731 4972 natu-

2152 5003 2251 5060 rali
2277 5018 2465 5060 eorum
2495 5002 2637 5059 facta
2665 5005 2982 5061 existentia.
3209 5017 3222 5022 '

2469 5135 2721 5206 Ejusdem
2741 5175 2756 5204 ,
2787 5152 2853 5191 ea:
2879 5137 3057 5192 eodem
3085 5153 3320 5192 sermone
3349 5137 3400 5192 7.

2222 5257 2278 5315 Si
2307 5275 2436 5316 vero
2468 5261 2706 5332 ejusdem
2739 5261 2842 5318 sibi
2871 5277 2978 5319 non
3009 5261 3108 5318 fuit
3149 5271 3354 5318 naturae
3374 5303 3389 5328 ,
3430 5279 3532 5319 nec
3576 5264 3724 5334 ejus-

2151 5349 2271 5405 dem
2320 5350 2420 5405 sibi
2467 5351 2757 5422 aliquando
2807 5352 2901 5408 iiet
2942 5352 3207 5407 naturalis
3247 5353 3617 5422 operationis,
3658 5371 3726 5410 ne

2151 5448 2407 5510 appareat
2445 5441 2739 5496 secundum
2779 5451 3026 5496 naturam
3065 5443 3435 5514 operationem
3479 5445 3722 5514 inaequa-

2150 5530 2254 5586 lem
2302 5530 2501 5586 habere
2547 5539 2602 5588 et
2641 5532 3138 5600 inconvenientem,
3180 5543 3238 5590 et
3267 5549 3380 5591 sua:
3418 5534 3591 5605 ipsius
3631 5551 3726 5604 per

2148 5620 2327 5675 omnia
2365 5635 2551 5677 eorum
2591 5638 2710 5692 qum
2750 5638 2846 5678 sua
2880 5619 3291 5680 sunl'naturalis
3317 5633 3615 5682 extraneos
3643 5625 3724 5679 fa-

2151 5720 2269 5766 ctus
2295 5712 2621 5782 aiqualitatis
2648 5722 2703 5771 et
2741 5713 3072 5780 identitatis,
3101 5715 3242 5784 quod
3267 5723 3349 5773 est
3376 5716 3594 5787 penitus
3625 5716 3722 5772 int-

2149 5817 2316 5872 pium.
