4016 6296
283 375 390 430 675

598 499 697 549 τοῦ
725 487 908 560 αὐτοῦ,
937 493 991 546 ix
1015 499 1104 548 τοῦ
1133 493 1294 548 αὐτοῦ
1325 492 1474 566 λόγον
1506 497 1560 552 ri.

355 637 438 694 Εἰς
472 634 660 692 ταύτην
696 631 748 688 δέ
796 637 880 692 τήν
910 633 1100 691 πλάνην
1147 634 1503 703 κατήχθησαν.
1543 640 1709 695 κακῶς
1758 655 1871 690 πτι-

285 726 488 784 σοέντις
540 722 672 779 ἰδίαν
710 724 942 795 γενέσθαι
978 731 1071 783 τῆς
1116 723 1305 801 σαρκὸς
1351 729 1441 783 τὴν
1480 722 1546 780 δι’
1593 727 1748 785 αὐτῆς
1793 726 1872 780 ἔκ·-

283 821 554 890 φανθιῖσαν
583 819 632 871 ίν
659 823 765 876 τοῖς
801 817 1027 886 θαύμασι
1054 817 1188 870 Θείαν
1226 817 1472 889 ἒνίργειαν
1495 833 1508 846 ⁸
1570 814 1604 878 ἦ
1661 819 1720 872 τὸ
1771 822 1872 871 πᾶν

285 907 312 962 ὁ
339 909 558 982 Χριστὸς
599 907 852 968 οὼιῶσας
881 902 1038 960 καθ’δ
1072 912 1261 960 νοεῖται
1314 907 1435 966 esi:
1481 907 1692 978 συνέχει
1738 927 1873 982 κρα-

283 996 554 1068 τούμενον.
585 998 657 1050 Οὐ
685 998 786 1072 γὰρ
842 995 1104 1071 ἔγνωσαν,
1135 994 1383 1050 ἀδύνατον
1416 991 1543 1050 εἶναι
1580 997 1712 1056 θείας
1742 996 1867 1072 ἔνέρο

281 1112 426 1164 γιιαν
455 1093 654 1162 φύσεως
682 1091 1008 1167 ἕτεροφανοῦς
1048 1090 1227 1150 οὐσίας
1267 1087 1450 1161 ἰδίωμα
1487 1092 1720 1162 ’γενέσθαι
1740 1089 1873 1163 δίχα

229 1173 232 1176 ’
283 1189 519 1252 τροπῆς⁶
578 1179 694 1236 οὺδὶ
770 1189 1022 1245 συνῆκαν.
1083 1183 1151 1241 ὡς
1202 1182 1262 1236 οὐ
1311 1182 1512 1241 πάντως
1577 1179 1704 1237 ἴδιόν
1760 1184 1874 1238 ἔστι

284 1273 478 1347 σαρκὸς
503 1311 520 1335 ,
563 1272 620 1327 τὸ
663 1269 752 1332 δι’Δ
775 1273 930 1332 αὐτῆς
974 1275 1062 1343 μὲν
1094 1271 1434 1344 ίκφαινὸμινον
1455 1311 1469 1335 ,
1509 1273 1602 1326 οὐκ
1631 1275 1790 1334 αὐτῆς
1817 1270 1873 1328 δέ

283 1371 511 1436 φυσικῶς
541 1364 860 1436 ίχφυὸμινον,
909 1366 1074 1420 καίτοι
1113 1369 1304 1436 σαφοῦς
1331 1365 1501 1422 αὐτοῖς
1555 1361 1737 1426 οὔσης,
1790 1365 1876 1420 καί

283 1462 576 1528 προφανοῦς
620 1465 711 1516 τῆς
745 1455 1076 1520 ἀποδείξεως.
1112 1456 1240 1528 Ἐγὼ
1285 1459 1384 1534 γὰρ
1430 1457 1642 1530 γλὼσση
1679 1457 1872 1520 λαλῶν,

284 1550 372 1600 ναὶ
402 1548 543 1617 χειρί
577 1547 802 1621 γράφων,
843 1543 961 1615 μίαν
1005 1548 1092 1600 καί
1139 1550 1231 1606 τήν
1255 1548 1414 1605 αὐτὴν
1465 1545 1532 1601 δι’
1561 1548 1743 1619 ἀμφοῖν
1783 1555 1876 1609 τῆς

282 1643 472 1708 νοσρῶς
517 1657 617 1706 μου
650 1635 833 1706 ψυχῆς
886 1633 1102 1708 ἰκφαίνω
1132 1633 1376 1696 διάνοιαν,
1411 1637 1662 1710 ἔνὲργιιαν
1709 1637 1868 1699 αὐτῆς

283 1724 646 1799 ὑπάρχουσαν
691 1730 924 1798 φυσικήν.
971 1723 1146 1784 Ιηδενί
1173 1723 1306 1799 λόγῳ
1343 1723 1508 1792 δείξας
1531 1729 1688 1784 αὐτὴν
1711 1726 1874 1800 γλώσ·

285 1837 409 1877 σης,
439 1816 469 1875 ἦ
507 1819 685 1892 χειρὸς
708 1825 934 1891 suam);
953 1819 1262 1890 ’ἐκφυομένην
1283 1834 1297 1850 ⁶
1344 1822 1469 1889 μήτε
1498 1823 1593 1889 μὴν
1614 1821 1875 1888 γενομένην

283 1908 479 1975 αὐτῶν,
505 1907 534 1966 ἧ
563 1907 824 1980 λεγομένην
853 1905 1088 1970 διάνοιαν.
1115 1905 1199 1964 διὰ
1225 1907 1284 1964 τὸ
1305 1913 1394 1968 τήν
1415 1906 1482 1962 δι’
1509 1910 1691 1981 ἀμφοῖν
1715 1909 1874 1970 αὐτῆς

283 1997 550 2071 ἕκφανσιν.
595 1999 842 2054 Γλῶσσαν
889 2001 1009 2072 γὰρ,
1041 1998 1070 2058 ἦ
1101 2007 1254 2077 χεῖρα
1310 1996 1624 2060 διανοητικὴν
1667 2002 1876 2062 συνετὸς

282 2086 418 2145 οἶδεν
447 2088 634 2152 οὐδείς’
659 2091 833 2168 ὥσπερ
885 2089 999 2146 οὐδὲ
1029 2099 1118 2149 τήν
1140 2093 1390 2164 παναοχίαν
1413 2098 1502 2148 τοῦ
1532 2097 1662 2148 Θεοῦ
1685 2092 1874 2167 σάρκα,

283 2179 374 2235 διὰ
415 2181 473 2235 τὸ
517 2181 888 2258 προσληφθῆναι
915 2219 932 2245 ,
989 2183 1074 2235 καί
1105 2181 1164 2236 τὸ
1203 2178 1268 2236 δι’
1295 2182 1448 2242 αὐτῆς
1474 2180 1762 2255 δκφανθῆναι
1785 2185 1878 2240 τήν

280 2273 422 2326 θείαν
454 2273 719 2344 ἐνέργειαν,
750 2273 1017 2344 γενομένην
1056 2271 1170 2326 κατ’
1196 2273 1352 2327 αὐτὸν
1372 2272 1518 2344 φύσει
1543 2271 1874 2347 δημιουργὸν.

282 2359 417 2412 ’Δλλ⁹
459 2359 674 2420 ιὺσιϐῶς
711 2359 945 2431 ὁμολογεῖ
997 2361 1290 2423 πιστεύων,
1350 2359 1429 2415 ὅτι
1477 2358 1559 2416 διὰ
1611 2366 1704 2420 τήν
1739 2363 1878 2433 ἡμῶν

288 2453 551 2524 σωτηρίαν
580 2491 594 2515 ,
649 2455 734 2504 και
759 2453 818 2506 τὸ
845 2449 998 2508 δῆσαι
1024 2454 1154 2526 πρὸς
1183 2450 1430 2526 ἀτρτψίαν
1469 2452 1526 2507 τὸ
1569 2457 1694 2517 πᾶν,
1725 2451 1752 2508 ὃ
1777 2460 1876 2509 τῶν

286 2541 418 2596 ὅλων
458 2539 760 2616 δημιουργὸς
791 2543 845 2595 ἐκ
877 2549 969 2602 τῆς
995 2544 1253 2610 παναγίας
1303 2543 1631 2621 ἀειπαρθίνου
1657 2547 1872 2620 Μαρίας,

283 2629 425 2686 κατᾶ
481 2632 728 2703 σύλληψιν
780 2629 1036 2705 ἄχραντον
1063 2675 1078 2699 ,
1126 2630 1258 2704 δίχα
1305 2640 1501 2708 τροπῆς
1567 2633 1876 2696 ίνουσιώσας

287 2722 464 2794 ἑαυτῷ
509 2720 692 2793 ψυχήν
719 2725 894 2796 ωτρὰν
934 2725 1066 2794 μττὰ
1120 2724 1410 2780 αἰσθητικοῦ
1443 2725 1699 2795 σώματος,
1731 2726 1876 2798 γέγο-

287 2831 371 2864 νιν
433 2807 694 2888 ἄνθρωπος
729 2813 908 2886 φύσει,
966 2815 1144 2873 κακίας
1183 2813 1472 2888 ἀλλότριος,
1505 2811 1530 2868 ὃ
1564 2813 1708 2887 λόγος
1755 2813 1878 2876 Θεὸς

287 2901 318 2955 ὃ
349 2904 446 2956 αὐτ
476 2917 531 2963 ς·
581 2903 777 2962 θιότητι
830 2907 920 2974 μὲν
962 2906 1027 2961 τοὶ
1052 2906 1162 2959 θιῐα
1192 2903 1275 2960 διὰ
1304 2915 1396 2966 τῆς
1439 2909 1592 2962 αὐτοῦ
1621 2910 1876 2979 παναγίας

287 2995 486 3065 σαρκὸς
522 3039 534 3061 ,
566 2997 648 3049 οὐκ
690 2993 811 3051 ὄντα
863 2999 1012 3070 φύσει
1059 3006 1147 3058 τῆς
1175 2999 1380 3073 σαρκὸς,
1410 2999 1644 3072 ίνιργῶν²
1691 3001 1879 3073 ἀνθρω-

290 3087 471 3142 πὸτητι
501 3084 553 3140 δὲ
577 3089 640 3142 τὰ
678 3089 980 3162 ἀνθρώπινα,
1011 3091 1097 3143 οὐκ
1122 3085 1244 3145 ὅντα
1270 3089 1414 3162 quiest
1439 3092 1686 3156 Θιὸτητος,
1713 3093 1879 3168 ἀνοχῇ

287 3288 421 3332 σας⁶
461 3270 584 3342 μηδὲ
619 3273 980 3349 ἀνθρώπινονὸ
1021 3276 1174 3350 αὐτὸς
1211 3272 1420 3349 ἄμοιρον
1458 3273 1660 3351 δράσας
1703 3276 1875 3335 θεότη-

287 3382 400 3421 τος.
437 3370 608 3437 Τηρὼν
647 3361 813 3436 ἑαυτῷ
842 3363 949 3418 καθ’
981 3361 1032 3418 ὃν
1079 3365 1343 3440 ίνίργησεν
1396 3364 1658 3441 ἀμφότερα
1714 3387 1874 3421 καινο-

289 3461 454 3530 πρετῆ
488 3454 694 3527 τρόπον,
736 3456 796 3510 τὸ
835 3455 945 3512 κατ’
973 3454 1120 3528 ὖμςνω
1156 3464 1380 3528 φυσικῶς
1418 3458 1761 3522 ἀναλλοίωτον,
1799 3463 1873 3518 είς

290 3551 546 3601 πίστωσιν
566 3554 655 3608 τῆς
695 3548 879 3602 ἑαυτοῦ
907 3548 1098 3608 τιλιίας
1129 3549 1570 3620 ἔνανθρωπόσεως,
1603 3557 1688 3610 τῆς
1717 3546 1875 3608 ὅντως

289 3635 507 3699 ἀληθοῦς
530 3679 543 3702 ,
578 3643 656 3694 καὶ
705 3640 855 3711 μηδὲν
902 3643 1133 3712 ἐχούσης
1180 3641 1492 3713 φαυλότητος
1512 3641 1535 3693 .’
1567 3652 1622 3696 '0
1652 3645 1742 3712 μὲν
1789 3637 1876 3696 οὖν

290 3735 495 3802 Βήρων.
535 3731 694 3791 οζτως
745 3730 884 3801 ἔχων
935 3735 1004 3794 ὡς
1062 3731 1216 3804 (eam,
1271 3733 1522 3806 ίνεργείας
1560 3731 1743 3803 μονάδι
1787 3739 1877 3792 τήν

287 3822 502 3879 ϐιότητα
536 3827 626 3876 τοῦ
668 3827 892 3895 Χριστοῦ
939 3826 1020 3877 καὶ
1063 3828 1154 3882 τήν
1201 3822 1563 3896 ἀνθρωπότητα
1597 3824 1872 3897 συγχέας,

288 3910 423 3980 ἐμοῦ
472 3919 690 3982 γυσικῶς
720 3915 805 3967 καί
843 3909 1183 3986 προσωπικῶς
1217 3916 1456 3990 μερίζων,
1507 3913 1740 3969 καταλύει
1789 3915 1875 3969 τὸν

288 4001 424 4072 βίον
480 4004 728 4073 ἀγνοήσας
755 4004 907 4076 μόνης
933 4013 1022 4065 τῆς
1058 4013 1158 4060 τῶν
1185 4004 1411 4077 ὁμοφυῶν
1437 4007 1727 4078 προσώπων
1752 4003 1873 4078 ὁμο-

289 4100 452 4165 φυοῦς
501 4115 807 4156 retenturo;
857 4100 948 4156 τήν
978 4097 1320 4171 ταύτουργίαν
1352 4091 1476 4151 εἶναι
1505 4093 1799 4157 δηλωτικήν.

375 4618 400 4642 ο
429 4603 486 4660 ιιι
513 4604 704 4664 Crteco
733 4608 948 4664 additur
968 4610 1308 4680 suspensione
1331 4611 1533 4682 patiens
1557 4611 1867 4669 divinitatis.

984 372 1501 432 COLLECTANEA.
1523 372 1609 416 ⁵-
1645 374 2008 434 ANASTASII
2045 373 2498 435 APOCRISIARII
2533 367 2892 436 EPISTOLA:

1896 499 1949 557 Δ

287 3179 517 3247 πάσχων
552 3176 820 3239 θιότητος⁸.
842 3178 994 3252 μηδὲν
1021 3181 1145 3234 θεῖον
1185 3182 1374 3255 γυμνὸν
1409 3184 1647 3255 σώματος
1689 3185 1881 3258 ἐνεργή-
1911 3193 1956 3256 C

3394 407 3396 410 ν
3437 373 3544 440 οτι

2286 491 2576 564 Ejusdem,
2605 511 2671 550 ex
2702 495 2882 549 eodem
2911 508 3145 549 sermone
3173 492 3227 549 8.

2042 621 2098 676 ln
2128 623 2270 679 hunc
2301 635 2477 680 autem
2508 640 2746 680 errorem
2781 624 2915 679 illati
2945 633 3070 679 sunt
3098 625 3239 680 male
3265 626 3549 685 credentes

1919 727 1926 732 '
1971 714 2246 784 propriam
2274 715 2454 770 carnis
2477 714 2723 770 effectam
2751 715 2988 770 divinam
3015 717 3407 785 operationem,
3431 734 3550 788 qua:

1970 818 2069 874 per
2097 804 2268 874 ipsam
2297 804 2349 858 in
2379 803 2659 860 miraculis
2686 803 3028 859 manifestata
3058 813 3142 861 est
3163 846 3177 870 ,
3205 821 3308 876 qua
3328 848 3341 868 ,
3374 815 3546 862 totum

1970 892 2222 950 Christus
2275 894 2644 950 substantians
2695 896 2990 951 secundum
3027 897 3169 966 quod
3227 897 3546 969 intelligitur

1971 987 2147 1052 Deus,
2183 996 2328 1044 tenet
2356 981 2646 1044 retentum.
2693 989 2809 1045 Non
2852 990 2995 1046 enim
3039 1002 3407 1062 cognoverunt
3445 993 3549 1048 im-

1971 1077 2230 1148 possibile
2266 1093 2389 1134 esse
2433 1078 2628 1134 divina:
2670 1079 3038 1148 operationem
3076 1090 3286 1136 natura:
3329 1082 3552 1137 alterius

1973 1177 2182 1224 natura:
2213 1169 2529 1225 substantiae
2556 1165 2752 1225 idiOma
2785 1170 2902 1226 ﬁeri
2943 1173 3146 1242 absque
3185 1174 3551 1228 convertibili-

1975 1263 2129 1322 tate;
2183 1272 2358 1328 neque
2420 1257 2799 1314 intellexerunt
2849 1260 2990 1329 quod
3038 1275 3144 1315 non
3192 1261 3378 1329 utique
3424 1277 3550 1330 pro-

1923 1359 1926 1362 '
1971 1345 2148 1416 prium
2172 1347 2241 1400 sit
2259 1347 2439 1402 carnis
2459 1347 2602 1416 quod
2622 1360 2718 1417 per
2735 1361 2854 1402 eam
2876 1347 3091 1418 quidem
3131 1360 3405 1404 ostensum
3433 1361 3508 1404 est
3533 1389 3550 1413 ,

1974 1451 2082 1492 non
2111 1451 2180 1491 ex
2199 1452 2264 1492 ea
2286 1437 2603 1492 naturaliter
2639 1447 2817 1492 ortum
2839 1478 2854 1503 ,
2897 1441 3194 1510 prmscrtim
3237 1457 3366 1494 cum
3395 1440 3554 1494 clara:

1975 1524 2046 1580 sit
2095 1525 2174 1580 eis
2223 1534 2279 1580 et
2315 1526 2613 1581 manifestae
2660 1526 3008 1596 probationis.
3037 1529 3148 1600 Ego
3189 1531 3330 1583 enim
3369 1529 3550 1598 lingua

1976 1613 2205 1684 loquens
2244 1624 2300 1670 et
2333 1604 2494 1670 inanti
2536 1617 2818 1694 scribens,
2861 1617 3022 1672 unam
3065 1629 3118 1673 et
3156 1621 3400 1674 eamdem
3450 1635 3548 1691 per

1927 1731 1930 1734 ~
1976 1715 2264 1774 utramque
2293 1705 2674 1762 intellectualis
2702 1707 2896 1762 animae
2924 1711 3056 1763 mete
3096 1703 3312 1778 profero
3351 1712 3554 1780 cogita-

1980 1792 2225 1847 tionem:
2285 1793 2656 1863 operationem
2708 1793 2826 1862 ejus
2875 1795 3212 1850 existentem-
3253 1798 3549 1854 naturalem

1979 1885 2123 1940 nulla
2151 1884 2366 1939 ratione
2393 1885 2688 1942 ostendens
2715 1901 2834 1940 eam
2861 1885 3042 1956 lingua
3072 1886 3155 1941 vel
3197 1903 3356 1942 manu
3399 1897 3558 1944 natu-

1980 1976 2168 2031 raliter
2194 1983 2368 2031 ortam
2393 2016 2408 2041 ,
2449 1976 2546 2032 sed
2596 1983 2695 2031 nec
2736 1975 2982 2032 eﬂ‘ectam
3025 1991 3210 2032 carum
3244 1979 3326 2033 vel
3354 1980 3552 2034 dictam

1975 2065 2358 2138 cogitationem
2400 2073 2622 2136 propter
2647 2065 2764 2135 ejus
2793 2067 2861 2121 ex
2891 2075 3120 2137 utraque
3163 2070 3556 2124 manifestatio-

1977 2172 2125 2212 nem.
2174 2157 2436 2227 Linguam
2481 2155 2627 2212 enim
2677 2157 2762 2212 vel
2811 2173 3028 2213 manum
3079 2159 3423 2230 cogitativam
3471 2177 3562 2215 sa-

1976 2249 2189 2319 pienter
2236 2248 2384 2303 novit
2428 2263 2630 2314 nemo;
2675 2249 2817 2304 sicut
2859 2265 2962 2304 nec
3005 2252 3404 2306 sanctissimam
3460 2252 3554 2306 Dei

1931 2367 1934 2370 ~
1975 2354 2192 2394 carnem
2211 2379 2226 2402 ,
2250 2353 2348 2409 pro
2368 2353 2434 2393 eo
2455 2337 2597 2409 quod
2621 2331 2892 2408 assumpta
2916 2339 3016 2404 sit,
3035 2348 3093 2393 et
3115 2355 3211 2409 per
3232 2357 3351 2395 eam
3375 2341 3554 2394 divina

1975 2431 2047 2488 sit
2073 2431 2316 2500 operatio
2340 2429 2486 2484 clara
2516 2428 2708 2484 etiecta
2729 2470 2744 2493 ,
2775 2431 3066 2485 secundam
3099 2439 3347 2484 naturam
3373 2430 3560 2486 condi-

1978 2523 2194 2578 tricem.
2243 2519 2349 2576 Sed
2397 2520 2485 2590 pie
2531 2522 2821 2576 conlltctur
2867 2522 3126 2587 credens,
3171 2519 3294 2591 quia
3339 2529 3560 2592 propter

1977 2613 2208 2668 salutem
2237 2620 2477 2666 nostram
2497 2651 2511 2675 ,
2541 2621 2595 2665 et
2625 2622 2684 2664 nt
2727 2612 2793 2666 ad
2819 2611 3390 2666 inconvcrsibilitatem
3420 2612 3556 2682 liga-

1977 2713 2062 2756 ret
2088 2699 2492 2754 universitatem
2510 2738 2528 2765 ,
2556 2699 2930 2755 universorum
2961 2699 3205 2755 conditor
3230 2715 3300 2756 ex
3326 2701 3559 2756 sanctis-

1978 2789 2118 2844 sima
2147 2802 2361 2858 semper
2385 2787 2606 2859 Virgine
2633 2787 2801 2842 Maria
2831 2803 2928 2858 per
2953 2787 3361 2860 conceptionem
3389 2789 3560 2846 invio-

1977 2877 2192 2933 labilem
2216 2918 2231 2942 ,
2273 2877 2390 2933 sine
2431 2877 2892 2944 conversibilitate
2930 2877 3302 2936 substantians
3341 2881 3562 2937 sibimet

1937 3013 1940 3016 .
1979 2968 2218 3022 animam
2266 2966 2684 3022 intellectualem
2732 2983 2856 3023 cum
2903 2969 3119 3024 sensivo
3167 2984 3425 3040 corpore,
3457 2984 3556 3024 na-

1983 3067 2100 3111 tura
2139 3055 2312 3112 factus
2351 3067 2436 3112 est
2477 3058 2638 3113 homo
2681 3057 2898 3113 malitias
2939 3059 3187 3114 alienus:
3235 3069 3377 3115 totus
3418 3059 3560 3116 Dens

1989 3147 2135 3216 ipse,
2164 3154 2306 3201 totus
2339 3147 2501 3202 homo
2529 3147 2669 3203 idem
2699 3149 2813 3220 ipse
2831 3189 2846 3211 ,
2878 3157 3024 3205 totus
3053 3150 3193 3204 Deus
3236 3151 3440 3220 pariter
3469 3166 3562 3205 na-

1991 3247 2144 3301 tura,
2174 3246 2228 3291 et
2270 3235 2432 3291 homo
2473 3235 2614 3292 idem
2656 3237 2770 3307 ipse
2798 3256 2810 3292 :
2843 3238 3041 3306 deitate
3079 3238 3296 3309 quidem
3320 3279 3335 3304 ,
3378 3240 3557 3295 divina

1973 3344 2072 3399 per
2099 3343 2252 3382 suam
2283 3327 2450 3399 ipsius
2473 3329 2869 3384 sanctissimam
2897 3344 3115 3385 carnem
3134 3370 3150 3396 ,
3177 3346 3286 3385 non
3313 3331 3552 3384 existen-

1937 3469 1942 3474 .
1977 3421 2049 3474 tia
2081 3429 2275 3474 natura
2320 3419 2541 3485 carnis,
2584 3435 2848 3490 operans,
2891 3419 3231 3474 humanitate
3273 3435 3424 3482 vero,
3455 3419 3557 3472 hu-

1975 3524 2132 3563 mana
2153 3549 2168 3572 ,
2201 3524 2306 3563 non
2333 3509 2623 3564 existentia
2653 3519 2844 3564 natura
2874 3509 3091 3564 deitatis
3119 3521 3167 3561 ι.
3195 3507 3283 3562 Nil
3311 3509 3556 3562 divinum

1976 3596 2176 3655 nudum
2217 3612 2446 3667 corpore
2485 3605 2764 3667 operatur,
2816 3597 2888 3651 nil
2926 3597 3218 3652 humanum
3264 3596 3404 3651 idem
3445 3598 3562 3668 ipse

1975 3689 2244 3761 privatum
2271 3690 2554 3746 divinitate
2578 3704 2773 3759 gerens
2804 3709 2818 3743 :
2846 3705 3072 3745 servans
3097 3689 3313 3744 sibimet
3342 3688 3559 3744 modum

1941 3779 2270 3853 secundum
2300 3789 2594 3849 utrumque
2632 3779 3053 3844 immutabilem,
3093 3795 3190 3850 per
3229 3795 3389 3848 quem
3433 3794 3560 3848 ope-

1975 3879 2125 3925 ratus
2149 3878 2234 3926 est
2262 3879 2498 3944 utraque.
2529 3871 2742 3926 decenti
2783 3887 2966 3936 more,
3006 3871 3074 3926 ad
3115 3871 3560 3942 approbationem

1975 3960 2228 4036 perfectae
2261 3975 2338 4019 ac.
2377 3975 2520 4016 vera:
2548 3961 2787 4031 nihilque
2817 3963 3064 4017 habentis
3089 3961 3372 4032 pravitatis
3395 3961 3556 4015 inhu-

1943 4111 1946 4114 ,
1978 4052 2310 4116 manationis
2340 4068 2470 4108 sum.
2503 4053 2688 4124 Itaque
2713 4052 2850 4108 Bero
2877 4054 3092 4124 quidem
3123 4053 3202 4108 sic
3229 4067 3284 4108 se
3310 4053 3550 4117 habens,

1978 4151 2038 4197 ut
2065 4142 2176 4197 dixi
2198 4183 2213 4204 ,
2235 4143 2570 4214 operationis
2603 4144 2831 4200 mouade
2856 4143 3112 4198 deitatem
3137 4142 3338 4198 Christi
3370 4152 3424 4196 et
3455 4142 3555 4196 hu-

1979 4232 2294 4288 manitatem
2341 4231 2663 4288 naturaliter
2701 4232 2862 4288 simul
2906 4231 3277 4296 confundens,
3323 4241 3378 4285 et
3424 4246 3554 4300 par-

1984 4322 2122 4378 tiens
2159 4322 2536 4392 personaliter,
2569 4322 2811 4378 dissolvit
2834 4323 2999 4380 vitam
3022 4363 3037 4388 ,
3086 4323 3342 4392 ignorans
3383 4322 3554 4375 solius

1979 4412 2413 4480 conuaturalium
2442 4428 2794 4480 personarum
2849 4412 3215 4468 conuaturalis
3257 4411 3557 4466 identitutis

1984 4491 2231 4557 eamdem
2262 4502 2434 4571 ipsam
2465 4503 2836 4572 operationem
2866 4517 2990 4558 esse
3031 4501 3460 4576 signiﬁcativam.

307 4792 3544 4827 mm

1053 4949 1513 5030 EJUSDEM
1573 4951 2115 5032 ANASTASII
2170 4928 2800 5034 SYLLOGISMI

937 5130 1026 5218 De
1044 5127 1398 5209 suppositis
1432 5126 1740 5192 divinitus
1768 5107 2158 5208 sapientibus
2193 5130 2568 5193 testimoniis
2590 5136 2644 5192 et
2671 5127 2841 5192 aliis.

376 5290 516 5347 Ecce
537 5297 679 5346 nunc
707 5297 762 5345 et
790 5290 1188 5346 sacratissimus
1216 5290 1301 5346 hic
1325 5298 1379 5345 et
1415 5303 1639 5360 magnus
1672 5289 1878 5354 doctor,
1913 5297 1960 5357 υ
1988 5298 2068 5346 tes
2098 5300 2154 5346 et
2180 5291 2566 5347 convenientes
2587 5289 2826 5356 naturis,
2855 5284 3114 5357 divinam,
3137 5298 3197 5345 ut
3221 5291 3422 5347 dictum
3461 5299 3566 5356 est,

305 5385 657 5456 veritatisque
683 5384 837 5440 testis
863 5382 1054 5450 fidelis,
1078 5384 1418 5440 concorditer
1442 5398 1564 5439 cum
1605 5382 1726 5438 aliis
1767 5398 1885 5438 om-

307 5476 466 5530 nibus
495 5475 698 5531 sanctis
723 5475 1003 5530 catholicze
1030 5475 1124 5531 Dei
1155 5491 1218 5530 ac
1248 5475 1554 5545 apostolicae
1604 5476 1883 5532 instituto-

309 5569 459 5624 ribus
493 5567 767 5634 Ecclesite,
793 5569 925 5624 duas
951 5568 1244 5624 secundum
1291 5568 1584 5624 unitionem
1636 5568 1883 5624 inconfu-

309 5677 425 5717 sam
477 5670 533 5717 et
593 5661 972 5734 imparlibilem
1021 5660 1473 5732 quemadmodum
1521 5669 1776 5726 naturas,
1810 5661 1883 5716 ita

309 5754 628 5811 etiam'duas
655 5754 952 5812 voluntates
977 5763 1030 5810 et
1059 5753 1191 5810 duas
1220 5751 1560 5810 oncrationes
1589 5767 1887 5821 congruen-

1991 5392 2047 5438 et
2094 5382 2406 5447 humanam,
2435 5382 2728 5436 increatam
2759 5389 2812 5436 et
2837 5389 3100 5448 creatam,
3127 5397 3230 5438 non
3276 5382 3565 5447 inemptum

1989 5484 2046 5531 et
2072 5483 2328 5545 coeptam,
2374 5483 2630 5544 tanquam
2677 5474 2771 5529 Dei
2821 5475 2982 5530 simul
3035 5485 3088 5530 et
3134 5475 3371 5532 hominis
3409 5475 3569 5529 unius

1990 5567 2233 5637 ejusdem
2284 5567 2494 5622 Domini
2549 5567 2720 5623 nostri
2761 5566 2886 5624 Jesu
2941 5569 3166 5634 Christi,
3207 5581 3398 5637 magna
3438 5580 3569 5621 voce

1991 5658 2280 5714 conlltctur
2304 5673 2367 5714 ac
2396 5658 2672 5728 prmdicat,
2696 5666 2751 5713 et
2777 5657 3022 5715 conﬁteri
3045 5657 3197 5712 nobis
3222 5656 3337 5710 sine
3366 5669 3570 5724 prter-a-

1991 5749 2254 5805 ricatinnc
2295 5749 2465 5819 juhet.
2516 5748 2899 5805 Difﬁcillimum
2929 5758 3106 5804 autem
3139 5761 3278 5812 esse,
3304 5761 3365 5801 ac
3396 5745 3570 5800 modis
