3926 5398
432 426 437 433 ε
478 391 586 469 6'75
1178 387 1189 393 ’
1380 386 1389 389 ”
1432 386 1437 393 ’
1482 385 1493 392 ’
1538 385 1561 395 “’
1622 384 2012 459 ρΑΝΑδτΑεῑί

2145 384 2591 457 :LlO’PHECARll
2956 384 2959 387 ’
3640 400 3731 459 ϐ’ῖϐ

481 519 733 577 erunibus
750 513 1083 588 impossibile
1102 510 1318 579 dimnit,
1342 504 1589 568 ut-unam
1632 513 1964 568 voluntatem
2014 514 2070 568 et
2096 520 2142 578 Α
2173 517 2403 576 naturae,
2430 524 2555 565 eum
2602 507 2978 580 quntquotest
2999 516 3213 577 natura,
3238 508 3295 566 id
3310 512 3399 567 est
3425 510 3730 586 inprincipa-

481 608 879 680 Operationem,
906 612 999 660 aut
1036 612 1285 658 naturam
1315 618 1479 659 unam
1527 601 1742 658 deitatis
1770 602 2062 657 etehuma-
2107 674 2113 681 .
2165 598 2334 673 litate,
2363 599 2675 670 intactione,
2702 599 2992 667 inﬁnitate,
3035 601 3492 674 sempiternitate,
3542 605 3731 661 incom-

428 753 433 759 .
482 700 670 755 nitatis
694 697 810 766 ejus
846 694 1210 750 conliteantur
1240 692 1292 746 hi
1335 691 1427 763 qui
1485 690 1574 762 pie
1627 692 1811 747 vivere
1856 691 2060 747 volunt.
2106 764 2111 769 ᾖ

482 794 712 863 Propter
733 789 873 859 quod
902 796 959 842 et
985 786 1088 841 tale
1114 786 1242 856 quid
1272 785 1325 839 in
1367 799 1431 840 eo
1473 783 1919 853 dogmatizantes,
1946 794 2063 838 tan-

431 930 437 937 .
480 902 642 956 quam
669 882 862 952 impios
883 889 936 936 et
959 879 1162 955 alienos
1192 877 1554 932 immaculata:
1578 886 1775 932 nostra:
1800 875 2066 933 Cltrislia-
2104 946 2115 955 .

462 991 671 1030 .norum
702 974 848 1039 tidei,
875 966 1060 1041 abjicit
1100 980 1154 1027 et
1194 970 1537 1051 condemnat,
1581 985 1791 1040 uosque
1834 971 1936 1025 hoc
1983 968 2063 1023 fa-

478 1081 605 1121 cere
623 1072 975 1135 protestatur.

548 1157 625 1211 De
647 1155 855 1213 duabus
880 1153 1026 1208 enim
1057 1152 1344 1207 salvatoris
1375 1151 1549 1207 nostri
1596 1148 1801 1206 Christi
1849 1146 2059 1206 naturis

475 1254 531 1302 et
561 1243 987 1314 operationibus,
1015 1251 1074 1296 ut
1096 1242 1335 1299 breviter
1365 1257 1551 1311 pauca-
1586 1257 1649 1296 ex
1696 1241 1866 1296 sacris
1917 1242 2059 1297 illius

450 1336 703 1406 'eloquiis
732 1334 1045 1411 expediam,
1073 1334 1189 1389 btet:
1222 1334 1504 1389 evidenter
1556 1332 1753 1386 aifatur
1782 1352 1795 1386 :
1837 1352 1855 1384 ‹
1896 1332 2059 1388 Utra-

473 1444 580 1498 que
603 1428 890 1483 ostendens
912 1440 1077 1496 super
1097 1439 1216 1495 quae
1240 1422 1547 1495 dupliciter,
1564 1424 1744 1479 divine
1771 1423 1979 1479 scilicet
2001 1432 2058 1478 et

432 1574 437 1579 ,
473 1519 710 1573 humane
730 1527 987 1587 operatus
1010 1526 1094 1572 est
1116 1515 1416 1570 secundum
1446 1515 1717 1580 eamdem,
1744 1529 1866 1584 quae
1905 1529 2058 1569 vera-

471 1608 610 1662 citer
635 1620 763 1661 vera
790 1615 876 1662 est
897 1615 951 1662 et
981 1604 1242 1660 naturalis
1278 1604 1599 1671 substantia,
1633 1606 1800 1660 Deum
1828 1604 2059 1673 iutmen-
2110 1668 2119 1676 .

471 1714 591 1753 sum
621 1697 779 1752 simul
806 1705 862 1752 et
901 1696 1371 1764 circumscriptum
1417 1695 1691 1749 hominem
1734 1697 2054 1749 existentom

470 1801 526 1848 et
553 1791 908 1859 intellectum,
937 1787 1293 1844 substantiam
1334 1786 1618 1856 utriusque
1655 1785 1893 1855 perfecte
1930 1801 2054 1854 per-

2161 690 2646 763 prehensibilitate,
2674 754 2679 757 _
2704 697 2761 745 et
2820 705 3152 763 quaecunque
3211 692 3408 757 horum
3452 693 3730 749 secundum

2162 779 2590 850 magnitudinem
2623 780 2919 853 theologica
2946 781 3271 852 amplissime
3294 782 3346 835 in
3382 782 3589 838 deitate
3611 785 3731 838 ratio

2161 871 2557 943 contemplatur
2585 885 2600 924 :
2628 881 2682 927 et
2706 870 3133 941 vicissitudinem
3148 881 3378 943 utraque
3403 887 3565 941 passa
3599 882 3728 938 sunt,

2161 962 2353 1017 neutro
2404 971 2610 1017 naturae
2662 978 2774 1018 sua:
2831 962 3238 1019 substantialent
3288 964 3560 1017 rationem
3604 963 3730 1017 ultra

2158 1052 2469 1108 salvandam
2500 1053 2749 1109 habente.
2781 1073 2800 1105 ι
2830 1054 2897 1109 Et
2923 1069 3108 1110 rursus
3146 1073 3159 1107 :
3203 1064 3221 1106 ι
3257 1053 3359 1121 Qui
3385 1055 3538 1108 enim
3561 1069 3729 1109 eorum

2108 1146 2111 1149 ’
2158 1159 2277 1214 qua:
2304 1146 2527 1199 alterius
2553 1155 2679 1199 sunt
2706 1152 2936 1215 natura},
2962 1145 3206 1200 eamdem
3232 1145 3405 1214 ipsam
3428 1143 3601 1198 sentit
3621 1157 3728 1213 ope-

2158 1236 2454 1303 rationem,
2494 1236 3114 1307 confusionem‘pariter
3156 1235 3486 1301 naturalem,
3535 1243 3593 1290 et
3612 1234 3730 1289 divin

2155 1328 2369 1382 sionem.
2386 1343 2574 1383 eorum
2603 1328 2809 1384 inducit
2834 1328 3195 1400 personalem,
3218 1328 3495 1399 incognita
3524 1342 3729 1398 prorsus

2155 1416 2475 1474 idiomatum
2510 1418 2869 1476 translatione
2897 1419 3129 1474 naturali
3159 1434 3347 1475 eorum
3372 1417 3526 1474 facta
3555 1414 3725 1473 esseu-

2156 1508 2306 1567 tia.)
2338 1506 2473 1565 item
2503 1528 2518 1565 :
2556 1530 2574 1562 ί
2603 1509 2660 1565 Si
2685 1525 2814 1566 vero
2838 1509 3085 1579 ejusdem
3106 1510 3208 1567 sibi
3236 1526 3344 1565 non
3383 1510 3490 1565 fuit
3515 1520 3726 1575 natura,

2155 1616 2333 1673 neque
2356 1600 2597 1672 ejusdem
2625 1603 2726 1658 sibi
2754 1602 2848 1658 liet
2889 1602 3153 1659 naturalis
3193 1603 3560 1681 operationis.
3606 1621 3626 1654 ι
3672 1601 3728 1656 Et

2154 1694 2350 1750 iterum
2381 1713 2395 1748 :
2430 1712 2450 1746 ι
2506 1695 2563 1748 In
2619 1693 2872 1749 eumdem
2911 1703 3091 1749 autem
3142 1702 3387 1749 errorem
3434 1693 3569 1747 illati
3594 1702 3723 1758 sunt,

2153 1786 2295 1840 male
2316 1786 2599 1842 credentes
2621 1785 2893 1858 propriam
2922 1786 3118 1842 factam
3144 1788 3324 1841 carnis
3351 1787 3596 1842 divinam
3614 1800 3727 1856 ope-

469 1884 666 1938 fectam
699 1880 1135 1937 habentemcum
1165 1877 1479 1947 operatione
1507 1892 1625 1942 sua,
1658 1876 1729 1931 id‘
1754 1885 1841 1932 est
1894 1886 2061 1931 natu~
2082 1878 2129 1938 B
2157 1879 2444 1944 rationem,
2473 1894 2591 1949 qua:
2616 1878 2670 1933 in
2700 1878 2978 1934 miraculis
3004 1870 3103 1950 per
3130 1879 3301 1950 ipsam
3335 1879 3607 1949 apparuit,
3631 1892 3723 1959 qua

469 1976 570 2032 rali
597 1974 952 2046 preprietate.
988 1991 1008 2023 ι
1042 1971 1110 2025 Ει
1140 1986 1326 2026 rursus
1361 1989 1374 2025 :
1409 1988 1427 2021 ‹
1458 1970 1575 2027 Non
1616 1970 1762 2025 enim
1798 1971 1939 2026 facta
1968 1981 2053 2028 est

470 2076 665 2123 natura
694 2067 866 2122 deitas
894 2072 1253 2119 transmutata
1284 2073 1475 2118 natura
1504 2077 1652 2127 caro,
1685 2060 1828 2117 facta
1859 2072 2053 2119 natura

470 2157 767 2211 divinitatis
786 2170 945 2210 caro:
973 2153 1067 2209 sed
1095 2153 1240 2222 quod
1265 2162 1383 2209 erat
1406 2155 1569 2209 etiam
1594 2154 1777 2210 deitati
1802 2163 2052 2225 coaptata
2101 2218 2105 2225 ,

468 2248 838 2312 mansitcaro,
865 2245 1081 2300 inﬁrma
1107 2252 1164 2299 et
1192 2244 1467 2314 passibilis
1514 2253 1708 2303 natura
1757 2258 1814 2301 et
1859 2260 2054 2317 Opera-

468 2341 648 2407 tione,
688 2339 830 2395 sicut
883 2338 963 2392 ait
1010 2336 1292 2391 Salvator:
1362 2336 1592 2406 Spiritus
1638 2339 1848 2408 quidem
1880 2356 2054 2410 prom-

467 2442 606 2500 ptus,
636 2447 759 2491 caro
795 2441 969 2484 autent
1005 2427 1217 2495 inﬁrma
1242 2425 1456 2498 (Matth.
1489 2444 1647 2493 ιω,
1676 2429 1757 2501 4).
1787 2450 1807 2482 ι
1838 2430 1903 2485 Ει
1938 2428 2048 2486 ite-

422 2554 427 2559 -
468 2538 628 2577 rum:
667 2540 688 2572 ‹
720 2521 823 2576 Per
846 2534 1011 2591 quam
1051 2526 1309 2587 operatus
1360 2528 1414 2573 et
1458 2520 1670 2589 patiens
1727 2537 1848 2592 quae
1896 2529 2050 2578 erant

427 2655 433 2659 .
466 2612 645 2667 carnis
671 2612 788 2667 sine
813 2618 1064 2682 peccato,
1091 2623 1188 2678 pro
1230 2608 1388 2664 nobis
1422 2610 1682 2667 indicavit
1722 2613 2049 2670 exinanitio-

466 2719 591 2760 nem
619 2704 856 2769 deitatis,
883 2701 1158 2759 miraculis
1178 2711 1234 2757 et
1257 2703 1439 2760 carnis
1458 2704 1799 2776 passionibus
1827 2714 2051 2761 natura-

452 2793 589 2849 liter
620 2794 944 2850 roboratam.
981 2812 1000 2846 ι
1047 2795 1116 2851 Et
1165 2797 1357 2853 iterum
1389 2815 1400 2851 :
1438 2814 1456 2847 ‹
1493 2795 1805 2867 Mysterium
1855 2797 2050 2852 divintc

428 2906 433 2911 ·
465 2884 854 2940 incarnationis
878 2887 1137 2956 apostolis
1165 2896 1221 2943 et
1254 2887 1529 2958 prophetis
1556 2895 1719 2956 atque
1740 2885 2050 2942 doctoribits

463 2974 681 3043 duplam
711 2982 768 3029 et
796 2975 1064 3031 diversam
1092 2978 1648 3049 habere'dignoscitur
1669 2977 1970 3032 naturalem
1992 2978 2049 3031 in

2114 1964 2117 1967 ’
2157 1978 2324 2024 tetum
2355 1967 2605 2041 Christus
2633 1968 3003 2039 substantians
3033 1967 3333 2024 secundum
3362 1969 3515 2038 quod
3541 1967 3724 2024 intelli-

2153 2061 2299 2133 gitur
2326 2061 2489 2126 Deus,
2521 2060 2762 2115 continet
2792 2066 3085 2115 retentum.
3117 2080 3136 2112 ι
3170 2060 3237 2115 Ει
3266 2060 3468 2114 iterqu
3499 2074 3516 2112 :
3562 2078 3581 2110 ι
3618 2057 3722 2114 Non

2106 2144 2115 2153 ’
2152 2152 2296 2207 enim
2324 2160 2692 2222 cognoverant
2727 2151 3059 2222 impossibile
3081 2166 3199 2206 esse
3227 2149 3427 2205 divinae
3470 2149 3725 2223 operatio-

2153 2257 2275 2297 nem
2305 2251 2510 2296 natura:
2534 2240 2733 2297 idioma
2774 2242 2892 2296 ﬁeri
2928 2230 3559 2296 sine'eonvertibilitate.
3597 2259 3617 2293 ι
3661 2239 3723 2294 Et

2106 2324 2113 2331 ’
2152 2332 2345 2388 iterum
2363 2348 2376 2386 :
2404 2352 2420 2384 ι
2451 2333 2562 2401 Qua
2571 2334 2873 2417 rumfdonec
2886 2349 3049 2389 unum
3066 2330 3361 2388 secundum
3376 2333 3719 2388 substantiam

2153 2432 2508 2497 cognoscatur
2560 2424 2792 2481 Verbum
2847 2426 3005 2481 unius
3055 2426 3411 2497 operationis,
3462 2441 3721 2496 nunquam

2153 2515 2442 2587 aliquando
2462 2530 2527 2572 eo
2547 2516 2689 2586 quod
2712 2516 2996 2588 utriusque
3013 2518 3083 2572 sit
3103 2527 3464 2587 cognoscetur
3490 2525 3675 2571 motus.
3696 2534 3714 2567 ο

2152 2606 2219 2665 Ει
2247 2608 2440 2662 iterum
2478 2622 2493 2660 :
2530 2627 2547 2660 ‹
2587 2607 2774 2679 Itaque
2801 2605 2937 2664 Bero
2972 2609 3189 2680 quidem
3216 2610 3296 2665 sic
3322 2624 3384 2664 se
3418 2609 3720 2679 babens,ut

2152 2699 2282 2766 dixi,
2309 2699 2644 2770 operationis
2666 2699 2928 2757 unalitate
2953 2700 3207 2763 deitatem
3231 2701 3437 2759 Christi
3460 2709 3518 2756 et
3540 2703 3717 2756 huma-

2153 2790 2377 2848 nitatem
2416 2790 2576 2867 simul
2618 2790 2954 2849 oonl‘undens
2998 2792 3341 2865 naturaliter,
3387 2803 3446 2847 et
3494 2794 3716 2863 partiens

2155 2883 2535 2965 personaliter,
2558 2883 2807 2939 dissolvit
2834 2884 3022 2951 vitam,
3054 2886 3315 2956 ignorans
3343 2885 3516 2942 solius
3540 2899 3713 2941 conua—

2156 2970 2410 3024 turalium
2450 2986 2808 3041 personarum
2834 2970 3200 3038 connaturalis
3246 2975 3548 3031 identitatis
3582 2988 3712 3028 eam-

423 3063 717 3122 qonmibus
759 3064 1042 3131 theoriam,
1071 3065 1408 3121 iudiminutae
1452 3067 1670 3121 deitatis
1702 3067 1943 3122 existens
1992 3075 2050 3122 et
2152 3056 2272 3113 dem
2306 3059 2474 3130 ipsam
2510 3061 2877 3131 operationem
2900 3078 3020 3118 esse
3043 3064 3478 3134 signiﬁcativam.
3508 3085 3527 3118 ι

464 3152 636 3222 plena:
679 3154 1161 3211 demonstrativum
1219 3157 1591 3212 humanitatis.
1628 3175 1647 3208 ι
1678 3157 1749 3212 Et
1794 3158 1988 3213 iterum
2028 3174 2042 3212 :
2221 3148 2319 3206 llis
2351 3150 2513 3221 igitur
2542 3152 2618 3206 ita
2663 3161 2717 3208 et
2752 3153 2820 3208 ab
2867 3152 2970 3208 hoc
3010 3169 3222 3225 quoque
3264 3155 3630 3211 sacratissimo
3668 3163 3716 3209 ei

471 3264 490 3296 ι
528 3244 733 3311 Quibus
754 3248 933 3302 divine
960 3249 1165 3319 pariter
1182 3259 1240 3305 ει
1265 3250 1505 3305 humane
1530 3260 2048 3322 ορθηωεθδιηκιο.
2075 3243 2120 3307 C
2152 3256 2346 3314 magno
2368 3245 2588 3299 ductore
2622 3259 2686 3298 ac
2712 3253 2951 3316 martyre
2978 3246 3222 3302 veritatis
3256 3246 3335 3318 (id
3358 3247 3534 3318 ipsum
3555 3259 3712 3302 autem

461 3336 771 3405 rectionem,
795 3354 894 3408 per
912 3355 1127 3396 omnem
1149 3341 1429 3411 utriusque
1456 3342 1860 3405 rationem,sibi
1890 3350 2049 3397 natu-
2112 3344 2250 3414 πεδί.
2282 3335 2328 3389 si
2357 3334 2598 3390 dicamus
2627 3351 2657 3390 a
2701 3336 3065 3401 sanctissimo,
3112 3337 3204 3405 qui
3254 3337 3307 3391 in
3353 3353 3422 3393 eo
3475 3338 3711 3408 loquitur.

463 3428 651 3483 raliter
675 3429 1164 3487 incommutabilem
1195 3426 1433 3486 salvaus.
1478 3432 1601 3485 r‘Et
1628 3432 1866 3486 iterum:
1903 3450 1920 3483 ι
1962 3431 2049 3487 Nil

427 3519 707 3575 -divinum
766 3521 969 3575 nudum
1033 3536 1266 3592 corpore
1311 3530 1587 3592 operatus,
1629 3522 1704 3576 nil
1754 3524 2048 3577 humanum

462 3609 605 3663 idem
638 3609 753 3680 ipse
777 3611 1047 3681 privatum
1084 3613 1346 3684 dignitate
1372 3627 1567 3684 gerens
1596 3628 1617 3667 ε
1649 3627 1872 3670 servans
1920 3614 2049 3670 sibi-

432 3712 574 3757 -met
631 3702 848 3758 modum
887 3704 1179 3760 secundum
1208 3713 1497 3775 utrumque
1521 3705 1927 3774 immutabilem,
1952 3720 2050 3777 per

426 3824 433 3829 ι
460 3807 622 3861 quem
652 3801 903 3862 operatus
931 3802 1015 3849 est
1041 3805 1272 3865 utraque
1298 3797 1509 3852 decenti
1548 3811 1700 3851 more
1717 3835 1732 3861 ,
1760 3797 1827 3852 ad
1855 3811 2048 3866 appro-

428 3930 433 3933 .
463 3882 736 3937 bationem
772 3884 1027 3955 perfectas
1065 3900 1130 3940 ac
1158 3901 1299 3941 vera:
1326 3887 1568 3957 nihilque
1596 3888 1843 3943 habentis
1870 3891 2047 3958 pravi-

461 3972 590 4026 tatis
616 3972 1072 4029 inhumanationis
1094 3988 1225 4029 sum.
1262 3994 1279 4027 ι
1317 3975 1394 4031 De
1442 3976 1529 4031 his
1571 3990 1701 4032 vero
1743 3979 1835 4048 qui
1882 3992 2047 4036 unam

436 4112 439 4119 .
464 4063 682 4119 deitatis
701 4072 757 4119 et
780 4066 1131 4121 humanitatis
1155 4068 1273 4139 ejus
1296 4070 1668 4139 operationem
1714 4080 1770 4128 et
1799 4081 2044 4130 naturam

431 4167 628 4207 .unam
667 4154 1055 4226 dogmatizant,
1083 4158 1258 4214 dicit:
1294 4178 1313 4211 ι
1350 4161 1654 4217 Νοηαεηίηι
1703 4164 2047 4221 circumscri-

464 4243 845 4299 bitur'l’actttia
873 4254 1065 4301 natura
1113 4248 1166 4303 id
1212 4251 1355 4320 quod
1408 4266 1504 4322 per
1552 4262 1801 4309 naturam
1842 4254 2045 4311 factum

463 4349 569 4389 non
601 4343 705 4400 est,
726 4335 857 4391 licet
881 4338 1154 4393 cooriatur
1178 4340 1228 4395 ei
1260 4356 1358 4410 per
1385 4345 1789 4413 conceptionem
1826 4362 2044 4402 omnem

461 4423 1000 4481 circumscribentem
1018 4442 1240 4483 sensum
1274 4446 1288 4482 :
1317 4444 1417 4487 nec
1442 4433 1607 4488 etiam
1632 4434 1687 4489 in
1709 4437 1898 4491 eodem
1930 4437 2046 4507 ipSo

461 4513 562 4567 sibi
586 4522 797 4570 {natura
824 4514 1070 4572 din‘ertur
1094 4518 1383 4588 aliquando
1411 4532 1463 4577 et
1495 4525 1758 4582 naturalis
1777 4528 2042 4596 operatio,

2152 3424 2380 3497 Spiritu)
2414 3426 2750 3482 manifestius
2780 3426 2969 3493 dictis,
2993 3427 3280 3498 diligenter
3321 3430 3603 3486 intendant
3636 3429 3716 3501 qui

2148 3515 2358 3582 volunt,
2384 3525 2438 3572 et
2474 3516 2710 3571 maxime
2746 3517 2839 3588 qui
2864 3518 3265 3591 communicant
3290 3518 3377 3574 his
3404 3520 3497 3589 qui
3530 3521 3715 3574 novit»

2151 3617 2233 3664 tes
2266 3625 2407 3666 nunc
2441 3610 2648 3680 operati
2676 3618 2801 3664 sunt
2832 3627 2846 3663 :
2880 3618 2934 3664 et
2987 3610 3163 3665 sciant
3208 3611 3535 3679 certissime,
3582 3612 3714 3683 quia,

2149 3699 2238 3770 qui
2267 3700 2402 3755 duas
2429 3696 2715 3757 salvatoris
2740 3701 2909 3756 nostri
2940 3702 3141 3756 Christi
3171 3702 3479 3760 voluntates
3511 3714 3714 3762 natura-

2149 3791 2227 3846 les
2247 3801 2302 3845 et
2325 3792 2670 3863 operationcs
2696 3793 2966 3866 denegant
2990 3804 3044 3848 et
3080 3793 3371 3863 abjiciunt,
3414 3805 3471 3851 et
3515 3796 3713 3867 impiam

2148 3897 2212 3938 ac
2240 3882 2471 3938 alienam
2504 3882 2847 3939 Cbristianici
2878 3886 3144 3957 dogmatis
3173 3895 3283 3941 tam
3313 3902 3527 3944 sacram
3550 3896 3603 3945 et
3635 3903 3713 3943 or-

2150 3973 2438 4029 thodoxam
2464 3975 2861 4030 con'esslonem
2888 3975 3181 4046 appellant,
3210 3993 3490 4048 unamque
3514 3979 3711 4034 deitatis

2147 4074 2201 4119 et
2222 4065 2574 4121 humanitatis
2606 4066 2722 4135 ejus
2745 4067 3074 4123 voluntatem
3122 4076 3176 4123 et
3224 4069 3599 4140 operationem
3635 4070 3713 4124 do—

2147 4158 2465 4227 gmatizant,
2491 4171 2587 4213 eos
2614 4158 2704 4227 qui
2732 4158 2912 4214 taliter
2958 4159 3060 4214 sibi
3108 4173 3346 4215 consone
3395 4175 3504 4216 non
3561 4158 3711 4216 conli-

2149 4256 2328 4303 tentnr
2360 4251 2906 4317 anathematizantes,
2955 4253 3176 4323 liquido,
3235 4254 3444 4331 absque
3490 4254 3596 4310 ullo
3647 4263 3711 4308 te-

2148 4348 2307 4412 gente
2353 4341 2621 4396 velamine
2674 4352 2892 4398 sanctos
2953 4344 3266 4415 prephetas,
3310 4354 3371 4400 et
3412 4345 3709 4415 apostolos,

2146 4439 2307 4500 atque
2334 4430 2617 4500 doctores;
2645 4432 2729 4488 vel
2778 4434 2969 4499 etiam,
2997 4443 3056 4489 ut
3106 4435 3286 4491 verius
3318 4435 3553 4500 dicatur,
3597 4450 3709 4490 san-

2147 4523 2448 4579 ctissimum
2500 4522 2760 4594 Spiritum
2790 4524 2881 4595 qui
2911 4526 3018 4580 illis
3066 4526 3277 4581 loeutus
3332 4538 3437 4592 est,
3488 4527 3710 4597 quiuimo

462 4603 637 4660 donec
675 4614 962 4677 utrumque
1009 4608 1150 4663 intra
1193 4613 1466 4681 propriam
1514 4625 1695 4671 manet
1743 4619 2041 4675 naturalem
2069 4615 2121 4676 D
2145 4623 2200 4670 et
2227 4613 2486 4684 loquitur,
2512 4617 3071 4681 anathematizant,‘et
3089 4620 3158 4673 ab
3185 4633 3251 4674 eo
3278 4632 3378 4690 per
3413 4619 3536 4677 illos
3565 4620 3710 4675 tradi-

462 4694 1051 4752 inconversibilitatem.
1093 4719 1112 4751 ι
1161 4700 1228 4754 Et
1287 4703 1415 4758 item
1468 4722 1482 4759 :
1533 4723 1551 4756 ε
1602 4707 2045 4766 Connaturalium

446 4787 661 4857 .quippe
685 4795 892 4842 tantum
914 4797 1001 4843 est
1021 4791 1208 4846 eadem
1232 4796 1347 4862 ipsa
1362 4808 1830 4867 operans’motus,
1856 4814 2046 4858 essen-
2090 4813 2099 4818 ’

465 4881 591 4934 tiam
614 4881 878 4947 indicans,
893 4880 1043 4951 cujus
1064 4885 1361 4941 naturalem
1384 4898 1596 4943 constat
1618 4904 1738 4947 esse
1765 4892 2041 4963 virtutem,

461 4975 685 5031 alterius
704 4984 907 5031 naturae
933 4967 1258 5047 prepriettfte
1286 4967 1609 5039 substantiae
1621 4987 1912 5044 secundum
1932 4993 2045 5047 nul-

464 5068 569 5114 lam
595 5067 857 5121 rationem
872 5083 993 5122 esse
1009 5068 1090 5123 vel
1113 5069 1226 5124 ﬁeri
1252 5071 1368 5147 sine
1394 5076 1845 5146 convertibilitate
1866 5081 2050 5135 valen-

1530 5173 2039 5220 ~“Mimnermus.

2150 4715 2259 4760 tam
2285 4705 2442 4761 nobis
2483 4720 2691 4760 sacram
2720 4717 2776 4762 et
2799 4707 3155 4763 orthodoxam
3191 4708 3587 4765 confessionem
3629 4710 3709 4763 ab-

2107 4807 2433 4870 ‘negant'et
2475 4798 2738 4869 abjiciunt
2806 4808 2983 4871 "atque
3026 4801 3249 4872 impiam
3302 4811 3359 4858 et
3418 4798 3707 4859 alienatus

2086 4963 2095 4967 ν
2130 4892 2452 4969 Christiano
2494 4892 2743 4965 dogmate
2793 4909 2927 4964 esse~
2961 4905 3295 4963 asseverant,
3347 4906 3404 4953 et
3451 4914 3618 4968 teque,
3659 4906 3708 4951 ut

2145 4982 2435 5054 praedictus
2476 4984 2791 5053 haereticus,
2835 4985 2967 5056 quin
3012 4987 3219 5057 potius,
3268 4996 3328 5042 ut
3353 5003 3546 5045 omnes
3569 4985 3706 5044 simul

2147 5075 2359 5147 profani
2388 5077 2625 5141 haeretici
2651 5078 2743 5147 qui
2784 5077 2837 5132 in
2881 5077 3192 5134 confusione
3230 5087 3287 5134 et
3334 5080 3614 5150 phantasia
3661 5088 3706 5133 et

2147 5168 2411 5216 divisione
2475 5168 2681 5218 decenti
2739 5178 2893 5222 sunt.
2954 5171 3125 5226 solttm
3190 5174 3705 5230 supersubstantialis
