3926 5742
135 417 232 471 677

808 407 1330 467 COLLECTANEA.
1366 437 1435 446 —-
1472 401 1832 460 ANASTASII
1875 396 2357 458 AI‘OCRASIARII
2399 392 2748 451 EPISTOLA.

3291 391 3396 450 678

136 545 254 586 nem
279 543 344 583 ac
370 523 804 588 mutabilitatem,
851 521 1331 590 coufusionemque
1371 532 1435 573 ac
1481 517 1710 588 phanta-
1741 522 1784 576 Α
1818 511 2074 565 idiomata
2103 515 2248 562 sunt.
2281 505 2347 559 Et
2375 503 2551 558 onmis
2574 501 2815 572 operatio
2853 499 3112 557 naturalis
3149 501 3400 558 substan-

135 622 265 676 siam
297 627 354 674 et
379 616 696 672 divisionem
730 613 1009 683 utriusque
1050 621 1255 666 natura:
1285 610 1453 680 ipsius
1483 622 1719 679 pronun-

136 717 353 776 tiantes,
381 721 437 767 et
465 709 582 781 puri
606 724 702 780 per
730 708 833 762 hoc
860 706 1111 770 hominis,
1142 704 1224 759 vel
1262 701 1490 782 prodigii
1539 699 1719 770 cujus-

135 809 257 861 dam
282 813 518 861 matrem
548 809 788 857 sanctam
817 814 1032 868 semper
1059 796 1334 868 Virginem
1359 809 1424 848 ac
1450 792 1543 848 Dei
1568 791 1721 863 geni—

133 898 324 951 tricem
381 902 611 948 matrem
658 891 974 946 scribentes.
1026 885 1227 942 Deinde
1256 900 1386 940 vero
1413 883 1568 945 hanc,
1601 896 1722 951 qua:

134 986 391 1043 videlicet
431 985 483 1038 in
509 998 575 1038 eo
610 982 678 1036 ab
702 980 808 1035 illis
834 978 1192 1050 dogmatizata
1217 985 1324 1040 est,
1347 988 1508 1028 unam
1536 970 1722 1027 volun-

135 1089 299 1134 tatem
327 1086 386 1133 et
431 1090 593 1130 unam
647 1072 1018 1142 operationem
1061 1076 1401 1138 respuentes,
1447 1072 1503 1120 ει
1547 1076 1724 1133 neque

132 1185 322 1234 unam,
357 1180 531 1236 neque
557 1165 714 1230 duas,
740 1163 790 1217 id
819 1170 902 1216 est
927 1161 1166 1215 divinam
1196 1167 1251 1214 et
1293 1159 1584 1212 humanam
1629 1170 1726 1210 vo-

131 1261 402 1315 luntatem
458 1255 540 1312 vel
583 1255 948 1326 operationem
999 1252 1053 1307 in
1099 1266 1186 1324 eo,
1219 1249 1299 1304 vel
1331 1247 1620 1320 quamdam
1656 1261 1724 1302 ex

132 1353 390 1408 omnibus
417 1347 665 1406 conﬁteri
688 1346 954 1408 volentes,
983 1357 1087 1398 non
1116 1341 1290 1398 solum
1348 1339 1626 1394 instabiles
1669 1345 1725 1392 et

133 1444 610 1514 tergiversatores,
640 1437 732 1492 sed
761 1446 813 1492 et
844 1434 1137 1500 haereticis,
1161 1433 1254 1504 qui
1300 1432 1352 1485 in
1407 1429 1726 1486 confusione

132 1550 197 1589 ac
232 1531 520 1604 phantasia
543 1541 596 1584 et
627 1527 890 1583 divisione
913 1532 1266 1586 erraverunt,
1315 1521 1486 1592 magis
1534 1520 1725 1588 impios

134 1624 238 1694 ipsi
269 1623 481 1692 seipsos
509 1619 741 1690 propriis
763 1616 942 1670 verbis
963 1624 1018 1670 et
1039 1613 1378 1685 dogmatibus
1398 1616 1722 1678 monstrant.

133 1717 271 1772 Nam
307 1716 380 1770 illi
408 1715 626 1785 quidem
659 1711 739 1766 vel
773 1726 957 1778 unam,
990 1707 1064 1763 illi
1096 1721 1226 1762 vero
1279 1720 1380 1760 nec
1423 1718 1582 1768 unam
1632 1716 1726 1758 vo-

132 1810 398 1863 luntatem
431 1805 516 1860 vel
542 1804 906 1875 operationem
933 1816 1053 1856 eum
1085 1800 1287 1854 habere
1308 1797 1514 1861 volunt,
1537 1810 1601 1849 ac
1627 1809 1725 1866 per

1825 601 1957 654 tiam
1999 598 2220 661 indicat,
2247 612 2312 650 ex
2337 610 2440 664 qua
2471 592 2714 664 procedit
2740 599 2795 646 et
2824 591 2963 646 inest
2991 591 3020 631 ι)
3049 608 3064 648 :
3095 599 3148 646 et
3199 591 3402 647 indica-

1823 693 1990 746 tivum
2048 688 2470 756 uniuscujusque
2530 693 2735 738 natura:
2788 683 3052 754 operatio,
3099 692 3155 739 et
3201 694 3304 751 est,
3349 694 3405 740 et

1824 780 2170 850 cognoscitur
2193 778 2469 833 naturalis.
2503 778 2569 832 Et
2593 777 2770 833 omnis
2796 787 2987 832 natura
3017 779 3248 848 propria:
3275 793 3404 848 ope-

1825 874 2047 928 rationis
2083 873 2420 928 substantiali
2480 871 2692 925 ratione
2748 872 3110 942 cognoscitur,
3140 881 3196 926 et
3227 871 3405 926 omnis

1824 973 2016 1018 natura
2046 964 2454 1020 convenientem
2483 961 2583 1016 sibi
2615 976 2780 1032 seque
2809 962 3200 1032 signiﬁcantem
3243 963 3405 1016 habet

1823 1055 2192 1125 0pzu‘ationent
2224 1055 2364 1108 hanc
2405 1052 2472 1107 ab
2513 1053 2632 1107 aliis
2676 1053 3091 1120 discernentem,
3135 1052 3409 1108 diﬁiuitio—

1824 1162 2028 1217 nesque
2071 1145 2495 1201 substantiarum
2535 1145 2810 1199 naturales
2840 1159 3027 1199 earum
3069 1147 3410 1215 Operationes

1825 1251 1949 1291 vera
1984 1237 2118 1291 ratio
2147 1237 2316 1291 novit.
2360 1236 2447 1300 Et,
2495 1244 2553 1289 ut
2601 1235 2982 1305 compendiose
3029 1236 3258 1300 dicatur,
3307 1250 3410 1289 nec

1826 1338 2076 1383 naturam
2115 1327 2231 1382 sine
2269 1326 2587 1396 operatione
2629 1341 2748 1396 quae
2801 1326 2946 1380 illam
2985 1327 3412 1383 substantialitcr

1828 1423 2244 1487 characterizet,
2281 1437 2380 1477 nec
2419 1437 2606 1476 rursus
2649 1421 2975 1477 voluntatem
3012 1422 3098 1477 vel
3142 1422 3413 1492 operatio-

1831 1532 1954 1570 nem
2024 1521 2241 1569 constat
2293 1529 2412 1568 esse
2443 1513 2561 1568 sine
2593 1513 2824 1582 quadam
2873 1513 3209 1578 substantia,
3239 1514 3292 1568 id
3329 1522 3413 1568 est

1824 1602 2081 1673 possibile
2109 1613 2157 1667 ε,
2190 1601 2636 1670 quemadmodum
2670 1600 2849 1654 divina
2880 1601 3273 1656 eoucionantur
3293 1602 3410 1658 elo-

1826 1696 1974 1765 quia,
2007 1703 2062 1749 et
2103 1695 2221 1763 ipsa
2260 1707 2440 1747 rerum
2468 1701 2660 1746 natura
2699 1692 2917 1747 clamat.
2961 1693 3126 1762 Igitur
3171 1694 3415 1764 volunta-

1829 1800 1934 1844 tem
1966 1796 2020 1843 et
2043 1786 2413 1856 operationem
2454 1801 2614 1840 unam
2641 1793 2849 1855 praeter
2870 1785 3006 1840 duas
3033 1787 3177 1841 circa
3227 1786 3415 1842 Salva-

135 1900 238 1953 hoc
268 1892 742 1951 insubstantialem
787 1891 937 1946 illum
983 1898 1039 1945 et
1087 1886 1510 1950 inessentialem;
1543 1885 1720 1939 minus
1749 1884 1795 1942 B
1828 1893 1999 1936 torem
2051 1881 2327 1936 Christum
2360 1880 2646 1952 ﬁngentes,
2689 1889 2746 1936 et
2791 1881 3118 1937 necessitate
3159 1881 3187 1921 ἀ
3250 1881 3414 1937 etiam

131 1989 281 2042 enim
311 1994 396 2040 est
426 1985 606 2040 dicere
635 1983 753 2038 sine
784 1980 1081 2046 voluntate,
1114 1993 1178 2034 ac
1213 1979 1492 2046 impotem,
1534 1989 1728 2029 secun-

131 2081 264 2133 dum
289 2088 548 2146 utrasque
579 2083 801 2129 naturas
828 2071 1209 2144 pronuntiant:
1231 2085 1350 2124 cum
1366 2066 1520 2137 juxta
1544 2080 1728 2121 sacras

132 2168 487 2224 diﬁiuitiones
513 2176 568 2223 et
591 2166 828 2221 rationes
853 2162 1150 2232 corruptio,
1177 2161 1227 2215 id
1257 2169 1340 2215 est
1385 2158 1729 2228 interemptio

133 2272 188 2316 et
214 2259 567 2316 inexistentia
600 2267 828 2321 natura},
875 2254 1202 2310 naturalium
1250 2250 1622 2306 habitudinqu
1674 2256 1729 2303 et

132 2352 516 2424 Operationum
558 2359 720 2418 atque
761 2347 1018 2401 virtutum
1051 2343 1338 2398 inﬁrmitas
1389 2349 1442 2396 et
1490 2339 1729 2396 defectus

133 2449 362 2511 cxistat,
383 2454 442 2499 et
469 2443 612 2514 quod
644 2438 1025 2495 universaliter
1070 2435 1347 2491 voluntate
1396 2433 1626 2488 naturali
1665 2446 1729 2486 ac

135 2535 486 2592 substantiali
535 2531 850 2604 operatione
896 2530 1155 2599 privatur,
1188 2542 1362 2597 neque
1411 2534 1730 2594 est,neque
1806 2578 1810 2582 ,

134 2628 345 2698 aliquid
376 2633 477 2690 est,
509 2638 684 2692 neque
711 2629 790 2677 est
817 2619 1020 2692 quaevis
1049 2619 1164 2690 ejus
1201 2616 1456 2672 essentia.
1507 2614 1573 2668 Et
1622 2628 1728 2668 non

138 2721 316 2790 ipsum
349 2724 583 2780 tantum,
609 2713 702 2768 sed
727 2720 782 2765 et
808 2710 1047 2772 Patrem,
1077 2717 1132 2762 et
1154 2706 1414 2776 Spiritum
1456 2711 1724 2767 sanctum,

138 2809 602 2865 insubstantivum
634 2811 903 2869 astruunt,
932 2811 987 2858 et
1035 2801 1431 2856 inexistentem.
1477 2796 1726 2865 Ejusdem

135 2899 288 2953 enim
318 2897 567 2965 utrisque
594 2894 701 2949 illis
726 2893 1059 2955 substantiaa,
1095 2891 1146 2944 id
1175 2897 1258 2944 est
1285 2888 1523 2953 deitatis,
1552 2897 1607 2942 et
1635 2903 1730 2943 vo-

134 2988 491 3051 luntatis,ac
517 2981 849 3054 operationis
901 2981 1142 3035 salvator
1185 2978 1390 3042 existit,
1434 2976 1728 3032 secundum

132 3075 285 3146 quod
319 3085 406 3132 est
429 3085 485 3130 et
515 3074 712 3128 dicitur
742 3077 929 3125 natura
961 3071 1102 3125 Deus
1141 3087 1154 3123 :
1191 3069 1265 3123 ita
1302 3077 1361 3122 ut
1393 3068 1727 3138 subsequen-

134 3178 244 3231 ter,
274 3174 330 3220 et
356 3166 630 3220 dominam
667 3173 908 3218 nostram
957 3176 1085 3218 vere
1125 3161 1522 3216 sanctissimam
1568 3174 1730 3230 super

1829 1973 1992 2027 aliam
2031 1981 2279 2027 naturam
2309 1979 2506 2043 praeter
2535 1972 2806 2036 divinam,
2839 1981 2898 2026 ut
2943 1971 3148 2027 dictum
3203 1983 3305 2037 est,
3360 1982 3413 2027 ct

1829 2066 2120 2120 humanam
2187 2074 2498 2120 extraneam
2549 2067 2840 2134 quamdam
2901 2065 3246 2122 existentium
3302 2079 3418 2120 om-

1829 2156 1978 2211 nium
2016 2157 2246 2210 alienam
2278 2156 2604 2226 plasmantes
2630 2157 2902 2226 applicant
2932 2159 3002 2222 ei,
3034 2158 3188 2228 cujus
3223 2172 3343 2212 esse
3390 2168 3415 2195 ο

1808 2245 1937 2320 jam
1959 2249 2158 2302 dictam
2182 2265 2212 2302 a
2234 2263 2292 2302 se
2319 2263 2480 2302 unam
2504 2249 2991 2318 voluntatem,quze
3013 2249 3171 2303 inane
3194 2247 3419 2318 ﬁgmen-

1806 2347 1944 2391 tum
1973 2338 2110 2393 ﬁcta:
2136 2338 2482 2409 cogitationis
2511 2347 2614 2405 est,
2646 2349 2701 2393 et
2731 2355 2954 2410 germen
2978 2340 3120 2408 quod
3150 2342 3218 2394 ab
3246 2339 3416 2394 idolo.

131 3272 332 3312 omnes
363 3264 582 3312 sanctos
612 3253 973 3310 venerandam
997 3253 1202 3309 scilicet
1227 3261 1282 3307 et
1304 3251 1648 3317 laudandam,
1673 3259 1731 3304 ut
1757 3234 1802 3296 C

131 3349 367 3418 proprie
406 3363 469 3402 ac
515 3361 622 3400 non
666 3343 954 3410 fallaciter,
987 3344 1256 3400 veraciter
1290 3343 1383 3398 Dei
1414 3342 1732 3412 genitricem

131 3451 473 3506 semperque
503 3434 800 3506 Virginem,
834 3449 939 3489 non
969 3434 1188 3504 proprie
1225 3447 1289 3487 ac
1323 3433 1586 3487 veraciter
1615 3446 1733 3485 ma-

134 3540 285 3583 trcm
320 3529 415 3582 Dei
444 3527 776 3590 describant,
809 3527 902 3582 sed
935 3526 1050 3597 ejus
1089 3526 1179 3596 qui
1207 3524 1514 3580 nullomodo
1544 3539 1736 3579 secun-

130 3623 272 3673 dum
301 3621 450 3689 ipsos
474 3618 679 3674 existit.
712 3618 778 3672 Et
821 3619 908 3673 isti
955 3617 1173 3687 quidem
1219 3616 1523 3671 talibus'ac
1570 3616 1735 3669 tantis

131 3709 520 3780 Empietatibus
546 3711 710 3782 capti,
740 3724 837 3780 per
858 3726 952 3766 sua
985 3711 1224 3782 ipsorum
1263 3711 1516 3780 dogmata
1542 3723 1736 3779 propa-

130 3806 357 3856 lantur.

216 3891 288 3945 Hi
321 3905 471 3955 vero,
501 3891 595 3961 qui
628 3889 788 3946 simul
836 3906 958 3946 cum
1011 3892 1221 3947 duabus
1271 3890 1636 3946 voluntatibus
1681 3899 1738 3945 et

125 3981 582 4051 operationibus,
605 3995 726 4050 quae
765 3981 967 4036 sanctis
1015 3979 1291 4035 catholicae
1336 3980 1737 4036 iustitutorihus

125 4071 412 4126 Ecclesia:
443 4072 530 4142 pie
558 4071 614 4125 in
640 4071 906 4128 salvatore
956 4081 1144 4128 nostro
1198 4071 1418 4127 Christo
1463 4073 1735 4137 dicuntur,

124 4161 312 4215 aliam
338 4177 503 4217 unam
539 4163 721 4217 nescio
752 4164 890 4218 unde
937 4161 1200 4236 fingentes
1239 4162 1487 4218 conﬁteri
1530 4162 1734 4230 volunt,

121 4264 185 4306 et
226 4251 702 4306 anathematizant
741 4268 836 4308 eos
869 4253 960 4324 qui
1002 4237 1107 4308 non
1154 4270 1389 4310 consone
1427 4255 1527 4310 sibi
1577 4270 1736 4309 unam

117 4354 187 4397 et
233 4343 403 4404 duas,
435 4344 485 4397 id
509 4352 594 4398 est
621 4353 733 4399 tres
760 4344 1060 4401 voluntates
1088 4355 1143 4401 et
1173 4347 1518 4416 operationes
1564 4347 1616 4400 in
1673 4360 1740 4401 eo

118 4435 526 4490 conﬁtentur:
558 4435 908 4493 nihilominus
944 4449 998 4493 et
1045 4439 1133 4494 isti
1185 4447 1403 4494 sanctos
1449 4439 1738 4509 prophetas

116 4538 186 4582 et
219 4526 510 4594 apostolos
527 4541 592 4582 ae
617 4526 888 4592 doctores,
912 4529 1042 4598 quin
1069 4537 1123 4583 et
1174 4543 1338 4600 super
1385 4530 1484 4584 hos
1535 4530 1626 4598 qui
1683 4530 1734 4583 in

116 4617 288 4687 ipsis
315 4613 530 4670 locutus
559 4625 662 4676 est.
697 4617 804 4672 imo
839 4625 892 4672 et
920 4634 1064 4674 nunc
1089 4634 1187 4689 per
1217 4634 1310 4674 eos
1351 4617 1565 4683 affatur,
1609 4634 1737 4672 san-

87 4704 460 4761 ”ctissitnum
484 4703 747 4775 Spiritum
776 4709 1256 4775 anathematizant,
1277 4719 1333 4764 et
1355 4709 1606 4763 traditam
1641 4721 1735 4778 per

103 4807 234 4855 eos
292 4795 450 4851 nobis
489 4797 559 4852 ab
600 4796 692 4852 illo
737 4808 983 4854 sanctam
1033 4809 1090 4855 et
1129 4800 1528 4856 immaculatam
1578 4799 1738 4856 ﬁdem

113 4889 316 4944 novis
380 4887 742 4944 adulterantes
791 4891 1262 4955 adinvenlionibus
1326 4892 1634 4963 abnegant,
1689 4902 1744 4947 et

97 4984 323 5039 aliam
351 4981 404 5033 in
429 4980 699 5036 salvatore
719 4979 942 5036 Christo
969 4991 1220 5038 naturam
1266 4993 1464 5054 prmter
1507 4983 1741 5039 divinam

108 5087 183 5134 et
228 5077 569 5139 humanam,
595 5082 912 5130 extraneam
941 5077 1228 5144 quamdam
1257 5086 1314 5132 et
1340 5076 1580 5132 omnium
1609 5076 1744 5133 alie-

109 5184 278 5226 nam
335 5166 680 5221 existentium
732 5167 948 5236 tingunt
975 5174 1024 5231 ⁸,
1053 5166 1208 5237 cujus
1235 5183 1355 5225 esse
1375 5169 1564 5224 volunt
1601 5186 1631 5225 a
1685 5183 1745 5225 se

109 5261 350 5317 fictam
381 5255 434 5308 in
477 5255 568 5310 illo
609 5273 770 5312 unam
817 5255 1152 5315 voluntatem
1202 5270 1258 5316 et
1307 5263 1690 5330 operationem
1727 5279 1742 5314 :

109 5347 421 5424 quoniam
461 5348 636 5404 omnis
670 5349 923 5405 voluntas
966 5352 1224 5406 naturalis
1263 5359 1319 5407 et
1378 5337 1750 5407 substantialis

101 5438 410 5516 operatio
439 5448 640 5495 natura:
661 5441 916 5512 profecto
964 5440 1306 5499 voluntativa:
1351 5454 1416 5498 ac
1459 5445 1746 5513 operativze

196 5591 231 5617 ι
265 5571 634 5648 A_b<_npuibus_
649 5581 764 5644 qua:
789 5573 998 5629 suntin
1024 5577 1184 5634 rebus
1198 5593 1247 5632 a.
1268 5577 1491 5648 fingunt.
1511 5578 1724 5641 ϐομβεῖ

193 5649 232 5686 ιι
287 5641 404 5695 Cui
436 5643 590 5696 inest.
607 5641 685 5697 ‘lo'.

193 5727 222 5742 ρ
285 5710 568 5742 έἾΛιι-οιηιοιι
613 5715 723 5742 ,ιζ-ιιι
773 5713 1011 5742 ’.κῆλα-η
1073 5717 1218 5742 nul...-

1230 5727 1370 5742 Ann-IK“
1443 5728 1516 5742 A-‘
1567 5735 1688 5742 —-_..

1765 4588 1812 4646 D

1830 2431 1987 2484 latria
2020 2429 2094 2485 nil
2117 2431 2332 2500 penitus
2354 2429 2549 2487 differt.

1903 2523 2043 2577 Deus
2064 2524 2207 2576 enim
2236 2523 2392 2578 simul
2421 2532 2476 2578 et
2504 2523 2664 2579 homo
2713 2522 2952 2579 salvator
2990 2523 3248 2589 existens,
3282 2523 3420 2579 duas

1833 2620 2040 2666 tantum
2073 2623 2430 2682 congruentes
2479 2611 2580 2666 sibi
2629 2621 2849 2668 naturas
2899 2620 2956 2667 et
3007 2612 3317 2667 voluntates
3360 2621 3420 2666 et

1831 2704 2194 2775 operationes,
2244 2705 2297 2759 id
2346 2714 2428 2760 est
2477 2704 2713 2760 divinam
2774 2712 2829 2759 et
2883 2705 3174 2759 humanam
3229 2704 3419 2772 habet,

1814 2796 2284 2867 quemadmodum
2323 2793 2512 2866 inclyti
2550 2804 2914 2866 praeceptores
2945 2796 3115 2851 nostri
3140 2810 3204 2852 ac
3227 2796 3417 2851 docto-

1816 2905 1921 2943 res
1973 2887 2241 2944 afﬁrmant
2279 2910 2291 2944 :
2335 2904 2442 2944 non
2493 2905 2654 2945 unam
2686 2899 2741 2945 et
2777 2890 2943 2957 duas,
2975 2891 3028 2945 id
3057 2899 3142 2946 est
3171 2898 3300 2958 tres,
3357 2897 3420 2945 ut

1831 2967 2126 3038 adversarii
2154 2983 2546 3056 dogmatizant,
2569 2999 2678 3055 quo
2705 2984 2834 3041 illud
2868 2985 3274 3042 evidentissime
3324 2999 3420 3057 ge-

1835 3087 1977 3139 rant,
2027 3077 2170 3145 quod
2223 3077 2349 3131 olim
2397 3092 2430 3131 a
2477 3077 2586 3131 Deo
2636 3091 2732 3146 per
2778 3076 2972 3132 Isaiam
3010 3077 3332 3148 prophetam
3362 3077 3418 3132 in

1835 3166 2163 3221 calumniam
2220 3167 2447 3232 dicitur,
2498 3167 2551 3222 id
2606 3174 2692 3220 est
2739 3184 2751 3221 :
2808 3165 3084 3238 Caupones
3119 3168 3195 3236 tui
3243 3168 3418 3222 vinum

1833 3274 1968 3326 aqua
2023 3257 2237 3310 miscent
2302 3255 2439 3325 (Isa.
2492 3272 2529 3322 ι,
2565 3255 2681 3326 22).
2734 3255 2803 3311 Ut
2865 3257 3010 3311 enim
3077 3266 3320 3326 apparet,
3364 3265 3421 3311 et

1823 3348 1946 3412 .isti,
1979 3348 2197 3404 verbum
2237 3349 2482 3403 veritatis
2511 3364 2813 3419 cauponum
2839 3363 2990 3404 more
3038 3347 3414 3413 adulterando,

1834 3441 2140 3495 naturalem
2189 3439 2506 3495 dualitatem
2550 3440 2888 3495 voluntatum
2941 3447 2996 3494 et
3043 3440 3418 3510 Operationum

1825 3530 2121 3598 salvatoris
2144 3530 2315 3584 nostri
2336 3529 2537 3584 Christi
2576 3545 2681 3584 una
2713 3529 2986 3584 voluntate
3017 3543 3080 3584 ac
3105 3529 3424 3598 operatione

1835 3635 1973 3689 quae,
2002 3620 2053 3673 in
2083 3620 2201 3688 ipso
2239 3620 2306 3674 ab
2333 3619 2604 3675 haareticis
2632 3621 2722 3690 qui
2759 3620 2812 3674 in
2837 3619 3151 3675 confusione
3178 3635 3241 3675 ac
3279 3619 3420 3675 divi-

1835 3712 1986 3765 sione
2017 3725 2111 3765 seu
2146 3712 2432 3780 phantasia
2460 3711 2670 3784 decepti
2694 3720 2840 3778 sunt,
2865 3712 3028 3782 impie
3052 3713 3418 3782 dogmatizata

1835 3814 1937 3869 est,
1973 3803 2160 3876 veluti]
2179 3806 2361 3859 vinum
2390 3819 2528 3875 aqua
2569 3805 2884 3871 miscentes,
2935 3813 3195 3875 utrasque
3242 3815 3424 3861 sectas

1835 3894 2084 3950 conﬁteri
2114 3895 2444 3965 compellunt
2475 3913 2491 3950 :
2521 3896 2663 3966 quod
2691 3896 2913 3965 impium
2939 3897 3208 3952 veraciter
3238 3905 3323 3951 est
3369 3907 3424 3952 et

1837 3983 2072 4040 alienum
2137 3985 2495 4040 immaculata:
2545 3986 2913 4051 ﬁdeivnostra!
2967 3983 3422 4040 Christianorum.

1831 4074 1940 4141 Qui
1966 4092 2031 4130 ex
2057 4076 2342 4142 diametro,
2369 4076 2619 4132 similiter
2642 4085 2699 4130 ut
2730 4073 3090 4147 praecessores
3128 4078 3235 4143 sui,
3257 4078 3426 4133 etiam

1841 4180 1936 4234 per
1962 4166 2103 4221 hunc
2123 4182 2152 4220 a
2177 4167 2405 4222 veritate
2427 4166 2679 4221 decidunt
2702 4166 2940 4220 modum.
2969 4158 3198 4236 [Equale
3225 4167 3424 4236 quippe

1838 4269 1905 4309 ex
1937 4256 2203 4322 diametro
2225 4265 2281 4311 et
2304 4257 2478 4312 simile
2509 4256 2710 4310 malum
2754 4266 2836 4310 est
2861 4271 2985 4310 cum
3019 4257 3272 4310 haeretica
3306 4257 3425 4326 opi-

1840 4347 2000 4404 nione
2025 4356 2305 4420 paternam
2333 4346 2596 4418 projicere
2625 4362 2688 4401 ac
2716 4347 3003 4415 reprobare
3023 4348 3426 4411 orthodoxiam,

1840 4452 1893 4496 et
1921 4455 1952 4494 e
1980 4441 2193 4494 diverso
2219 4455 2338 4494 cum
2379 4441 2480 4493 hac
2525 4439 2728 4508 pariter
2774 4446 2829 4491 et
2878 4437 3020 4491 illam
3073 4437 3318 4492 conliteri
3371 4449 3426 4494 et

1843 4530 2156 4602 approbare.
2196 4529 2326 4594 Qum
2357 4529 2491 4582 enim
2527 4528 2860 4598 participatio
2892 4527 3116 4597 justitiw
3157 4539 3204 4582 et
3235 4529 3434 4600 iniqui--

1837 4623 1932 4675 tuti
1949 4622 1975 4675 Ρ
2002 4631 2092 4674 aut
2123 4637 2238 4692 qua:
2258 4621 2476 4675 societas
2500 4619 2604 4673 luci
2637 4619 2706 4673 ad
2732 4619 3004 4673 tenebras?
3040 4630 3130 4674 aut
3156 4637 3272 4691 quw
3303 4639 3433 4677 con-

1842 4711 2012 4766 ventio
2040 4707 2235 4765 Christi
2258 4708 2326 4764 ad
2348 4707 2561 4763 Belial?
2582 4717 2672 4763 aut
2696 4724 2814 4779 qua:
2845 4724 2966 4778 pars
3004 4709 3176 4779 fidelis
3195 4727 3312 4764 cum
3340 4712 3428 4764 in-

1843 4803 1984 4872 fideii
2003 4804 2026 4856 1’
2045 4805 2134 4873 qui
2157 4811 2330 4857 autem
2351 4817 2631 4855 consensus
2655 4799 2842 4871 templo
2871 4799 2965 4854 Dei
2987 4817 3105 4856 cum
3127 4802 3282 4856 idolis
3299 4804 3326 4856 ?
3349 4803 3437 4857 dic

1847 4898 2020 4968 vinus
2042 4897 2118 4951 ait
2157 4893 2441 4965 Apostolus
2471 4893 2556 4964 (II
2587 4893 2706 4948 Cor.
2738 4908 2814 4958 vt,
2843 4893 2934 4959 M,
2963 4894 3050 4962 15,
3077 4895 3186 4969 i6).
3210 4895 3436 4964 Inquam

1845 5003 1976 5042 vero
2005 4998 2060 5042 et
2090 4989 2204 5058 ipse
2237 5004 2251 5039 :
2293 4985 2423 5054 Qua:
2467 4983 2830 5055 partieipatio,
2859 4983 2942 5039 vel
2991 4987 3439 5050 communicatio,

1847 5086 1942 5131 aut
1993 5077 2321 5144 conventio,
2365 5083 2459 5130 aut
2519 5091 2663 5148 pars,
2698 5081 2791 5128 aut
2847 5088 3147 5136 consensus
3193 5075 3443 5134 Paterna:

1844 5170 2183 5228 orthodoxia:
2246 5170 2314 5225 ad
2358 5181 2592 5238 nequam
2652 5164 3041 5224 hereticorum
3085 5170 3393 5244 opinionem
3423 5209 3443 5234 ,

1837 5257 1914 5314 -'ut
1941 5275 2063 5315 cum
2108 5263 2278 5318 altera
2318 5258 2489 5313 altera
2518 5257 2842 5329 prtedicetur
2879 5257 2971 5310 vel
3006 5263 3174 5319 etiam
3225 5274 3446 5330 respua-

1839 5351 1984 5403 tur?

1927 5442 1992 5496 Et
2060 5445 2163 5501 hoc
2228 5454 2439 5512 quoque
2502 5439 2790 5514 diligenter
2856 5437 3167 5515 intendant,
3214 5443 3356 5515 quia,
3403 5439 3451 5494 si

1932 5575 1956 5614 «³
1990 5577 2071 5633 Ex
2085 5579 2442 5648 necessitate.
2470 5575 2548 5630 in.

1935 5657 1954 5684 σε
1987 5645 2152 5718 Cujus
2190 5649 2356 5704 velint
2384 5658 2525 5701 esse.
2555 5645 2637 5727 ID.
