  <div class='ocr_page' id='page_1' title='image "/cluster/home/n/w/nwhite01/storage/ocr_20150623/129/hvd.32044015471709/345.png"; bbox 0 0 3926 5286; ppageno 0'>
   <div class='ocr_carea' id='block_1_1' title="bbox 574 349 680 405">
    <p class='ocr_par' dir='ltr' id='par_1_1' title="bbox 574 349 680 405">
     <span class='ocr_line' id='line_1_1' title="bbox 574 349 680 405; baseline 0.009 -1"><span class='ocrx_word' id='word_1_1' title='bbox 574 349 680 405; x_wconf 75' lang='lat'><strong>679</strong></span> 
     </span>
    </p>
   </div>
   <div class='ocr_carea' id='block_1_2' title="bbox 1733 347 2667 406">
    <p class='ocr_par' dir='ltr' id='par_1_2' title="bbox 1733 347 2667 406">
     <span class='ocr_line' id='line_1_2' title="bbox 1733 347 2667 406; baseline -0.001 -3"><span class='ocrx_word' id='word_1_2' title='bbox 1733 347 2093 406; x_wconf 69' lang='lat' dir='ltr'><strong>ANASTASII</strong></span> <span class='ocrx_word' id='word_1_3' title='bbox 2131 347 2667 406; x_wconf 75' lang='lat' dir='ltr'><strong>BIBLIOTIIECARII</strong></span> 
     </span>
    </p>
   </div>
   <div class='ocr_carea' id='block_1_3' title="bbox 3714 349 3806 408">
    <p class='ocr_par' dir='ltr' id='par_1_3' title="bbox 3714 349 3806 408">
     <span class='ocr_line' id='line_1_3' title="bbox 3714 349 3806 408; baseline 0 0"><span class='ocrx_word' id='word_1_4' title='bbox 3714 349 3806 408; x_wconf 73' lang='lat'><strong>680</strong></span> 
     </span>
    </p>
   </div>
   <div class='ocr_carea' id='block_1_4' title="bbox 575 453 3808 534">
    <p class='ocr_par' dir='ltr' id='par_1_4' title="bbox 575 453 3808 534">
     <span class='ocr_line' id='line_1_4' title="bbox 575 453 3808 534; baseline 0.003 -23"><span class='ocrx_word' id='word_1_5' title='bbox 575 457 1021 529; x_wconf 69' lang='lat' dir='ltr'><strong>quemaomoilum</strong></span> <span class='ocrx_word' id='word_1_6' title='bbox 1048 472 1273 526; x_wconf 83' lang='lat' dir='ltr'><strong>magnus</strong></span> <span class='ocrx_word' id='word_1_7' title='bbox 1302 453 1369 509; x_wconf 89' lang='lat' dir='ltr'><strong>ab</strong></span> <span class='ocrx_word' id='word_1_8' title='bbox 1421 456 1821 514; x_wconf 75' lang='lat' dir='ltr'><strong>immortalitate</strong></span> <span class='ocrx_word' id='word_1_9' title='bbox 1868 461 2140 531; x_wconf 80' lang='lat' dir='ltr'><strong>cognomi—</strong></span> <span class='ocrx_word' id='word_1_10' title='bbox 2170 467 2214 523; x_wconf 82' lang='grc' dir='ltr'>Α</span> <span class='ocrx_word' id='word_1_11' title='bbox 2244 469 2408 524; x_wconf 90' lang='lat' dir='ltr'><strong>atam,</strong></span> <span class='ocrx_word' id='word_1_12' title='bbox 2449 459 2564 515; x_wconf 87' lang='lat' dir='ltr'><strong>sine</strong></span> <span class='ocrx_word' id='word_1_13' title='bbox 2619 459 2940 530; x_wconf 77' lang='lat' dir='ltr'><strong>incmptione</strong></span> <span class='ocrx_word' id='word_1_14' title='bbox 2982 468 3175 517; x_wconf 93' lang='lat' dir='ltr'><strong>etcum</strong></span> <span class='ocrx_word' id='word_1_15' title='bbox 3220 460 3564 533; x_wconf 73' lang='lat' dir='ltr'><strong>incmptione,</strong></span> <span class='ocrx_word' id='word_1_16' title='bbox 3614 462 3668 518; x_wconf 90' lang='lat' dir='ltr'><strong>iu</strong></span> <span class='ocrx_word' id='word_1_17' title='bbox 3706 466 3808 534; x_wconf 87' lang='lat' dir='ltr'><strong>ipso</strong></span> 
     </span>
    </p>
   </div>
   <div class='ocr_carea' id='block_1_5' title="bbox 574 552 2140 616">
    <p class='ocr_par' dir='ltr' id='par_1_5' title="bbox 574 552 2140 616">
     <span class='ocr_line' id='line_1_5' title="bbox 574 552 2140 616; baseline 0 -10"><span class='ocrx_word' id='word_1_18' title='bbox 574 561 749 616; x_wconf 90' lang='lat' dir='ltr'><strong>natus,</strong></span> <span class='ocrx_word' id='word_1_19' title='bbox 793 552 900 606; x_wconf 90' lang='lat' dir='ltr'><strong>imo</strong></span> <span class='ocrx_word' id='word_1_20' title='bbox 943 565 1069 605; x_wconf 89' lang='lat' dir='ltr'><strong>vero</strong></span> <span class='ocrx_word' id='word_1_21' title='bbox 1122 560 1348 603; x_wconf 90' lang='lat' dir='ltr'><strong>cunctus</strong></span> <span class='ocrx_word' id='word_1_22' title='bbox 1395 558 1702 604; x_wconf 89' lang='lat' dir='ltr'><strong>sanctorum</strong></span> <span class='ocrx_word' id='word_1_23' title='bbox 1753 552 1951 608; x_wconf 87' lang='lat' dir='ltr'><strong>chorus</strong></span> <span class='ocrx_word' id='word_1_24' title='bbox 1996 553 2140 606; x_wconf 80' lang='lat' dir='ltr'><strong>aﬁir-</strong></span> 
     </span>
    </p>
   </div>
   <div class='ocr_carea' id='block_1_6' title="bbox 573 641 2141 714">
    <p class='ocr_par' dir='ltr' id='par_1_6' title="bbox 573 641 2141 714">
     <span class='ocr_line' id='line_1_6' title="bbox 573 641 2141 714; baseline 0 -15"><span class='ocrx_word' id='word_1_25' title='bbox 573 653 705 708; x_wconf 88' lang='lat' dir='ltr'><strong>mat,</strong></span> <span class='ocrx_word' id='word_1_26' title='bbox 735 645 874 714; x_wconf 87' lang='lat' dir='ltr'><strong>quod</strong></span> <span class='ocrx_word' id='word_1_27' title='bbox 899 658 1034 712; x_wconf 83' lang='lat' dir='ltr'><strong>pene</strong></span> <span class='ocrx_word' id='word_1_28' title='bbox 1061 642 1190 696; x_wconf 85' lang='lat' dir='ltr'><strong>ﬁdes</strong></span> <span class='ocrx_word' id='word_1_29' title='bbox 1219 641 1505 696; x_wconf 74' lang='lat' dir='ltr'><strong>salvatoris</strong></span> <span class='ocrx_word' id='word_1_30' title='bbox 1535 643 1704 696; x_wconf 86' lang='lat' dir='ltr'><strong>nostri</strong></span> <span class='ocrx_word' id='word_1_31' title='bbox 1733 659 1840 698; x_wconf 90' lang='lat' dir='ltr'><strong>non</strong></span> <span class='ocrx_word' id='word_1_32' title='bbox 1872 643 2141 708; x_wconf 82' lang='lat' dir='ltr'><strong>admittat,</strong></span> 
     </span>
    </p>
   </div>
   <div class='ocr_carea' id='block_1_7' title="bbox 573 731 2144 802">
    <p class='ocr_par' dir='ltr' id='par_1_7' title="bbox 573 731 2144 802">
     <span class='ocr_line' id='line_1_7' title="bbox 573 731 2144 802; baseline 0 -14"><span class='ocrx_word' id='word_1_33' title='bbox 573 749 693 788; x_wconf 90' lang='lat' dir='ltr'><strong>cum</strong></span> <span class='ocrx_word' id='word_1_34' title='bbox 721 735 822 788; x_wconf 92' lang='lat' dir='ltr'><strong>hoc</strong></span> <span class='ocrx_word' id='word_1_35' title='bbox 870 731 1117 786; x_wconf 91' lang='lat' dir='ltr'><strong>instabile</strong></span> <span class='ocrx_word' id='word_1_36' title='bbox 1153 731 1403 800; x_wconf 77' lang='lat' dir='ltr'><strong>quiddam</strong></span> <span class='ocrx_word' id='word_1_37' title='bbox 1456 734 1745 786; x_wconf 88' lang='lat' dir='ltr'><strong>secundum</strong></span> <span class='ocrx_word' id='word_1_38' title='bbox 1787 748 1936 787; x_wconf 91' lang='lat' dir='ltr'><strong>suam</strong></span> <span class='ocrx_word' id='word_1_39' title='bbox 1979 733 2144 802; x_wconf 80' lang='lat' dir='ltr'><strong>ipsius</strong></span> 
     </span>
    </p>
   </div>
   <div class='ocr_carea' id='block_1_8' title="bbox 573 822 2143 894">
    <p class='ocr_par' dir='ltr' id='par_1_8' title="bbox 573 822 2143 894">
     <span class='ocr_line' id='line_1_8' title="bbox 573 822 2143 894; baseline 0.001 -17"><span class='ocrx_word' id='word_1_40' title='bbox 573 826 834 877; x_wconf 88' lang='lat' dir='ltr'><strong>rationem</strong></span> <span class='ocrx_word' id='word_1_41' title='bbox 864 822 1077 876; x_wconf 80' lang='lat' dir='ltr'><strong>existat.</strong></span> <span class='ocrx_word' id='word_1_42' title='bbox 1125 822 1275 888; x_wconf 84' lang='lat' dir='ltr'><strong>Quod</strong></span> <span class='ocrx_word' id='word_1_43' title='bbox 1299 822 1341 875; x_wconf 90' lang='lat' dir='ltr'><strong>si</strong></span> <span class='ocrx_word' id='word_1_44' title='bbox 1397 823 1495 876; x_wconf 92' lang='lat' dir='ltr'><strong>hoc</strong></span> <span class='ocrx_word' id='word_1_45' title='bbox 1528 822 1688 876; x_wconf 86' lang='lat' dir='ltr'><strong>fuerit</strong></span> <span class='ocrx_word' id='word_1_46' title='bbox 1710 837 1888 892; x_wconf 87' lang='lat' dir='ltr'><strong>passa,</strong></span> <span class='ocrx_word' id='word_1_47' title='bbox 1919 833 1974 878; x_wconf 86' lang='lat' dir='ltr'><strong>et</strong></span> <span class='ocrx_word' id='word_1_48' title='bbox 2001 825 2143 894; x_wconf 93' lang='lat' dir='ltr'><strong>quod</strong></span> 
     </span>
    </p>
   </div>
   <div class='ocr_carea' id='block_1_9' title="bbox 573 913 2145 982">
    <p class='ocr_par' dir='ltr' id='par_1_9' title="bbox 573 913 2145 982">
     <span class='ocr_line' id='line_1_9' title="bbox 573 913 2145 982; baseline 0.003 -15"><span class='ocrx_word' id='word_1_49' title='bbox 573 914 695 968; x_wconf 87' lang='lat' dir='ltr'><strong>lmic</strong></span> <span class='ocrx_word' id='word_1_50' title='bbox 720 925 801 968; x_wconf 90' lang='lat' dir='ltr'><strong>est</strong></span> <span class='ocrx_word' id='word_1_51' title='bbox 827 913 1153 966; x_wconf 89' lang='lat' dir='ltr'><strong>contrarium</strong></span> <span class='ocrx_word' id='word_1_52' title='bbox 1184 913 1368 982; x_wconf 89' lang='lat' dir='ltr'><strong>procul</strong></span> <span class='ocrx_word' id='word_1_53' title='bbox 1404 914 1565 968; x_wconf 86' lang='lat' dir='ltr'><strong>dubio</strong></span> <span class='ocrx_word' id='word_1_54' title='bbox 1603 915 1906 980; x_wconf 81' lang='lat' dir='ltr'><strong>sustinebit,</strong></span> <span class='ocrx_word' id='word_1_55' title='bbox 1938 917 2145 971; x_wconf 87' lang='lat' dir='ltr'><strong>addita-</strong></span> 
     </span>
    </p>
   </div>
   <div class='ocr_carea' id='block_1_10' title="bbox 572 1003 2144 1071">
    <p class='ocr_par' dir='ltr' id='par_1_10' title="bbox 572 1003 2144 1071">
     <span class='ocr_line' id='line_1_10' title="bbox 572 1003 2144 1071; baseline 0.004 -15"><span class='ocrx_word' id='word_1_56' title='bbox 572 1014 807 1056; x_wconf 85' lang='lat' dir='ltr'><strong>mentum</strong></span> <span class='ocrx_word' id='word_1_57' title='bbox 839 1003 1063 1066; x_wconf 78' lang='lat' dir='ltr'><strong>scilicet,</strong></span> <span class='ocrx_word' id='word_1_58' title='bbox 1096 1013 1150 1055; x_wconf 90' lang='lat' dir='ltr'><strong>et</strong></span> <span class='ocrx_word' id='word_1_59' title='bbox 1175 1005 1441 1071; x_wconf 90' lang='lat' dir='ltr'><strong>quomodo</strong></span> <span class='ocrx_word' id='word_1_60' title='bbox 1471 1005 1707 1060; x_wconf 82' lang='lat' dir='ltr'><strong>manebit</strong></span> <span class='ocrx_word' id='word_1_61' title='bbox 1749 1007 1970 1062; x_wconf 90' lang='lat' dir='ltr'><strong>ulterius</strong></span> <span class='ocrx_word' id='word_1_62' title='bbox 2014 1008 2144 1063; x_wconf 88' lang='lat' dir='ltr'><strong>ﬁdes</strong></span> 
     </span>
    </p>
   </div>
   <div class='ocr_carea' id='block_1_11' title="bbox 571 1079 2141 1166">
    <p class='ocr_par' dir='ltr' id='par_1_11' title="bbox 571 1079 2141 1166">
     <span class='ocr_line' id='line_1_11' title="bbox 571 1079 2141 1166; baseline 0.005 -22"><span class='ocrx_word' id='word_1_63' title='bbox 571 1080 869 1145; x_wconf 78' lang='lat' dir='ltr'><strong>defectibus</strong></span> <span class='ocrx_word' id='word_1_64' title='bbox 889 1085 959 1145; x_wconf 78' lang='lat' dir='ltr'><strong>ac‘</strong></span> <span class='ocrx_word' id='word_1_65' title='bbox 977 1089 1307 1161; x_wconf 89' lang='lat' dir='ltr'><strong>profectibus</strong></span> <span class='ocrx_word' id='word_1_66' title='bbox 1355 1079 1678 1146; x_wconf 83' lang='lat' dir='ltr'><strong>immutata?</strong></span> <span class='ocrx_word' id='word_1_67' title='bbox 1708 1093 1917 1160; x_wconf 90' lang='lat' dir='ltr'><strong>Dicant,</strong></span> <span class='ocrx_word' id='word_1_68' title='bbox 1949 1097 2141 1166; x_wconf 87' lang='lat' dir='ltr'><strong>inquit,</strong></span> 
     </span>
    </p>
   </div>
   <div class='ocr_carea' id='block_1_12' title="bbox 569 1181 2144 1252">
    <p class='ocr_par' dir='ltr' id='par_1_12' title="bbox 569 1181 2144 1252">
     <span class='ocr_line' id='line_1_12' title="bbox 569 1181 2144 1252; baseline 0.004 -18"><span class='ocrx_word' id='word_1_69' title='bbox 569 1182 744 1246; x_wconf 85' lang='lat' dir='ltr'><strong>nobis,</strong></span> <span class='ocrx_word' id='word_1_70' title='bbox 776 1182 866 1252; x_wconf 88' lang='lat' dir='ltr'><strong>qui</strong></span> <span class='ocrx_word' id='word_1_71' title='bbox 889 1198 984 1252; x_wconf 91' lang='lat' dir='ltr'><strong>per</strong></span> <span class='ocrx_word' id='word_1_72' title='bbox 1021 1181 1257 1251; x_wconf 89' lang='lat' dir='ltr'><strong>singulos</strong></span> <span class='ocrx_word' id='word_1_73' title='bbox 1288 1183 1402 1236; x_wconf 90' lang='lat' dir='ltr'><strong>dies</strong></span> <span class='ocrx_word' id='word_1_74' title='bbox 1442 1183 1573 1237; x_wconf 82' lang='lat' dir='ltr'><strong>ﬁlcs</strong></span> <span class='ocrx_word' id='word_1_75' title='bbox 1619 1193 1825 1250; x_wconf 87' lang='lat' dir='ltr'><strong>creant,</strong></span> <span class='ocrx_word' id='word_1_76' title='bbox 1873 1185 1980 1239; x_wconf 91' lang='lat' dir='ltr'><strong>imo</strong></span> <span class='ocrx_word' id='word_1_77' title='bbox 2015 1186 2144 1241; x_wconf 87' lang='lat' dir='ltr'><strong>deos</strong></span> 
     </span>
    </p>
   </div>
   <div class='ocr_carea' id='block_1_13' title="bbox 570 1263 2143 1344">
    <p class='ocr_par' dir='ltr' id='par_1_13' title="bbox 570 1263 2143 1344">
     <span class='ocr_line' id='line_1_13' title="bbox 570 1263 2143 1344; baseline 0.003 -17"><span class='ocrx_word' id='word_1_78' title='bbox 570 1273 672 1327; x_wconf 88' lang='lat' dir='ltr'><strong>sibi</strong></span> <span class='ocrx_word' id='word_1_79' title='bbox 699 1273 936 1327; x_wconf 85' lang='lat' dir='ltr'><strong>diversos</strong></span> <span class='ocrx_word' id='word_1_80' title='bbox 961 1273 1187 1344; x_wconf 81' lang='lat' dir='ltr'><strong>fingunt,</strong></span> <span class='ocrx_word' id='word_1_81' title='bbox 1214 1273 1467 1342; x_wconf 91' lang='lat' dir='ltr'><strong>quoniam</strong></span> <span class='ocrx_word' id='word_1_82' title='bbox 1513 1289 1633 1329; x_wconf 89' lang='lat' dir='ltr'><strong>cum</strong></span> <span class='ocrx_word' id='word_1_83' title='bbox 1665 1275 1786 1329; x_wconf 88' lang='lat' dir='ltr'><strong>ﬁdei</strong></span> <span class='ocrx_word' id='word_1_84' title='bbox 1834 1277 1998 1330; x_wconf 84' lang='lat' dir='ltr'><strong>verbo</strong></span> <span class='ocrx_word' id='word_1_85' title='bbox 2026 1263 2143 1330; x_wconf 87' lang='lat' dir='ltr'><strong>mu-</strong></span> 
     </span>
    </p>
   </div>
   <div class='ocr_carea' id='block_1_14' title="bbox 571 1363 2139 1435">
    <p class='ocr_par' dir='ltr' id='par_1_14' title="bbox 571 1363 2139 1435">
     <span class='ocr_line' id='line_1_14' title="bbox 571 1363 2139 1435; baseline 0.003 -19"><span class='ocrx_word' id='word_1_86' title='bbox 571 1372 720 1416; x_wconf 89' lang='lat' dir='ltr'><strong>tatur</strong></span> <span class='ocrx_word' id='word_1_87' title='bbox 743 1371 900 1432; x_wconf 91' lang='lat' dir='ltr'><strong>atquc</strong></span> <span class='ocrx_word' id='word_1_88' title='bbox 931 1363 1314 1433; x_wconf 86' lang='lat' dir='ltr'><strong>multiplicatur</strong></span> <span class='ocrx_word' id='word_1_89' title='bbox 1337 1379 1366 1417; x_wconf 91' lang='lat' dir='ltr'><strong>a</strong></span> <span class='ocrx_word' id='word_1_90' title='bbox 1399 1364 1592 1420; x_wconf 85' lang='lat' dir='ltr'><strong>talibus</strong></span> <span class='ocrx_word' id='word_1_91' title='bbox 1622 1365 1672 1420; x_wconf 94' lang='lat' dir='ltr'><strong>id</strong></span> <span class='ocrx_word' id='word_1_92' title='bbox 1713 1366 1853 1435; x_wconf 90' lang='lat' dir='ltr'><strong>quod</strong></span> <span class='ocrx_word' id='word_1_93' title='bbox 1884 1367 2139 1421; x_wconf 80' lang='lat' dir='ltr'><strong>creditur.</strong></span> 
     </span>
    </p>
   </div>
   <div class='ocr_carea' id='block_1_15' title="bbox 569 1453 2138 1522">
    <p class='ocr_par' dir='ltr' id='par_1_15' title="bbox 569 1453 2138 1522">
     <span class='ocr_line' id='line_1_15' title="bbox 569 1453 2138 1522; baseline 0.004 -17"><span class='ocrx_word' id='word_1_94' title='bbox 569 1453 712 1522; x_wconf 83' lang='lat' dir='ltr'><strong>Ergo</strong></span> <span class='ocrx_word' id='word_1_95' title='bbox 766 1462 820 1507; x_wconf 93' lang='lat' dir='ltr'><strong>et</strong></span> <span class='ocrx_word' id='word_1_96' title='bbox 875 1453 1166 1507; x_wconf 84' lang='lat' dir='ltr'><strong>adversarii</strong></span> <span class='ocrx_word' id='word_1_97' title='bbox 1215 1453 1348 1508; x_wconf 89' lang='lat' dir='ltr'><strong>ﬁdes</strong></span> <span class='ocrx_word' id='word_1_98' title='bbox 1407 1454 1506 1509; x_wconf 86' lang='lat' dir='ltr'><strong>sibi</strong></span> <span class='ocrx_word' id='word_1_99' title='bbox 1547 1455 1840 1510; x_wconf 84' lang='lat' dir='ltr'><strong>candentes</strong></span> <span class='ocrx_word' id='word_1_100' title='bbox 1881 1457 2138 1521; x_wconf 87' lang='lat' dir='ltr'><strong>diversas,</strong></span> 
     </span>
    </p>
   </div>
   <div class='ocr_carea' id='block_1_16' title="bbox 570 1543 2144 1616">
    <p class='ocr_par' dir='ltr' id='par_1_16' title="bbox 570 1543 2144 1616">
     <span class='ocr_line' id='line_1_16' title="bbox 570 1543 2144 1616; baseline 0.005 -22"><span class='ocrx_word' id='word_1_101' title='bbox 570 1545 774 1612; x_wconf 85' lang='lat' dir='ltr'><strong>absque</strong></span> <span class='ocrx_word' id='word_1_102' title='bbox 797 1543 941 1597; x_wconf 91' lang='lat' dir='ltr'><strong>omni</strong></span> <span class='ocrx_word' id='word_1_103' title='bbox 963 1543 1386 1599; x_wconf 83' lang='lat' dir='ltr'><strong>contradictione</strong></span> <span class='ocrx_word' id='word_1_104' title='bbox 1408 1545 1700 1600; x_wconf 88' lang='lat' dir='ltr'><strong>secundum</strong></span> <span class='ocrx_word' id='word_1_105' title='bbox 1721 1546 2063 1616; x_wconf 86' lang='lat' dir='ltr'><strong>qualitatem,</strong></span> <span class='ocrx_word' id='word_1_106' title='bbox 2087 1555 2144 1602; x_wconf 89' lang='lat' dir='ltr'><strong>et</strong></span> 
     </span>
    </p>
   </div>
   <div class='ocr_carea' id='block_1_17' title="bbox 569 1633 2138 1707">
    <p class='ocr_par' dir='ltr' id='par_1_17' title="bbox 569 1633 2138 1707">
     <span class='ocr_line' id='line_1_17' title="bbox 569 1633 2138 1707; baseline 0.004 -21"><span class='ocrx_word' id='word_1_107' title='bbox 569 1634 924 1702; x_wconf 84' lang='lat' dir='ltr'><strong>quantitatem</strong></span> <span class='ocrx_word' id='word_1_108' title='bbox 953 1643 1113 1702; x_wconf 89' lang='lat' dir='ltr'><strong>atque</strong></span> <span class='ocrx_word' id='word_1_109' title='bbox 1138 1634 1564 1689; x_wconf 89' lang='lat' dir='ltr'><strong>immutationem</strong></span> <span class='ocrx_word' id='word_1_110' title='bbox 1588 1633 1896 1707; x_wconf 47' lang='lat' dir='ltr'><strong>do&#39;gtnatum</strong></span> <span class='ocrx_word' id='word_1_111' title='bbox 1919 1653 2138 1693; x_wconf 90' lang='lat' dir='ltr'><strong>suorum</strong></span> 
     </span>
    </p>
   </div>
   <div class='ocr_carea' id='block_1_18' title="bbox 568 1726 2142 1798">
    <p class='ocr_par' dir='ltr' id='par_1_18' title="bbox 568 1726 2142 1798">
     <span class='ocr_line' id='line_1_18' title="bbox 568 1726 2142 1798; baseline 0.003 -16"><span class='ocrx_word' id='word_1_112' title='bbox 568 1728 856 1782; x_wconf 89' lang='lat' dir='ltr'><strong>immutant</strong></span> <span class='ocrx_word' id='word_1_113' title='bbox 895 1726 1052 1782; x_wconf 90' lang='lat' dir='ltr'><strong>simul</strong></span> <span class='ocrx_word' id='word_1_114' title='bbox 1079 1735 1127 1780; x_wconf 89' lang='lat' dir='ltr'><strong>et</strong></span> <span class='ocrx_word' id='word_1_115' title='bbox 1157 1726 1507 1796; x_wconf 87' lang='lat' dir='ltr'><strong>multiplicant</strong></span> <span class='ocrx_word' id='word_1_116' title='bbox 1537 1728 1588 1782; x_wconf 92' lang='lat' dir='ltr'><strong>id</strong></span> <span class='ocrx_word' id='word_1_117' title='bbox 1631 1729 1770 1798; x_wconf 91' lang='lat' dir='ltr'><strong>quod</strong></span> <span class='ocrx_word' id='word_1_118' title='bbox 1801 1731 2054 1794; x_wconf 87' lang='lat' dir='ltr'><strong>creditur,</strong></span> <span class='ocrx_word' id='word_1_119' title='bbox 2086 1739 2142 1786; x_wconf 90' lang='lat' dir='ltr'><strong>et</strong></span> 
     </span>
    </p>
   </div>
   <div class='ocr_carea' id='block_1_19' title="bbox 2247 549 3808 622">
    <p class='ocr_par' dir='ltr' id='par_1_19' title="bbox 2247 549 3808 622">
     <span class='ocr_line' id='line_1_19' title="bbox 2247 549 3808 622; baseline 0.004 -20"><span class='ocrx_word' id='word_1_120' title='bbox 2247 549 2566 603; x_wconf 90' lang='lat' dir='ltr'><strong>conﬁtentur</strong></span> <span class='ocrx_word' id='word_1_121' title='bbox 2585 557 2638 603; x_wconf 92' lang='lat' dir='ltr'><strong>et</strong></span> <span class='ocrx_word' id='word_1_122' title='bbox 2663 549 2906 604; x_wconf 88' lang='lat' dir='ltr'><strong>conﬁteri</strong></span> <span class='ocrx_word' id='word_1_123' title='bbox 2939 551 3092 606; x_wconf 89' lang='lat' dir='ltr'><strong>nobis</strong></span> <span class='ocrx_word' id='word_1_124' title='bbox 3115 551 3452 622; x_wconf 67' lang='lat' dir='ltr'><strong>praecipiunt.</strong></span> <span class='ocrx_word' id='word_1_125' title='bbox 3477 553 3592 608; x_wconf 85' lang='lat' dir='ltr'><strong>Non</strong></span> <span class='ocrx_word' id='word_1_126' title='bbox 3616 565 3808 618; x_wconf 86' lang='lat' dir='ltr'><strong>autem,</strong></span> 
     </span>
    </p>
   </div>
   <div class='ocr_carea' id='block_1_20' title="bbox 2242 638 3808 706">
    <p class='ocr_par' dir='ltr' id='par_1_20' title="bbox 2242 638 3808 706">
     <span class='ocr_line' id='line_1_20' title="bbox 2242 638 3808 706; baseline 0.003 -12"><span class='ocrx_word' id='word_1_127' title='bbox 2242 649 2302 694; x_wconf 94' lang='lat' dir='ltr'><strong>ut</strong></span> <span class='ocrx_word' id='word_1_128' title='bbox 2327 641 2379 694; x_wconf 94' lang='lat' dir='ltr'><strong>hi</strong></span> <span class='ocrx_word' id='word_1_129' title='bbox 2421 655 2562 695; x_wconf 92' lang='lat' dir='ltr'><strong>nunc</strong></span> <span class='ocrx_word' id='word_1_130' title='bbox 2595 640 2863 695; x_wconf 81' lang='lat' dir='ltr'><strong>novitates</strong></span> <span class='ocrx_word' id='word_1_131' title='bbox 2900 638 3162 706; x_wconf 89' lang='lat' dir='ltr'><strong>fecerunt,</strong></span> <span class='ocrx_word' id='word_1_132' title='bbox 3207 657 3366 696; x_wconf 92' lang='lat' dir='ltr'><strong>unam</strong></span> <span class='ocrx_word' id='word_1_133' title='bbox 3411 653 3466 697; x_wconf 88' lang='lat' dir='ltr'><strong>et</strong></span> <span class='ocrx_word' id='word_1_134' title='bbox 3516 657 3618 698; x_wconf 87' lang='lat' dir='ltr'><strong>nec</strong></span> <span class='ocrx_word' id='word_1_135' title='bbox 3661 660 3808 698; x_wconf 85' lang='lat' dir='ltr'><strong>unam</strong></span> 
     </span>
    </p>
   </div>
   <div class='ocr_carea' id='block_1_21' title="bbox 2242 729 3812 796">
    <p class='ocr_par' dir='ltr' id='par_1_21' title="bbox 2242 729 3812 796">
     <span class='ocr_line' id='line_1_21' title="bbox 2242 729 3812 796; baseline 0.005 -14"><span class='ocrx_word' id='word_1_136' title='bbox 2242 743 2344 783; x_wconf 88' lang='lat' dir='ltr'><strong>nec</strong></span> <span class='ocrx_word' id='word_1_137' title='bbox 2380 729 2533 794; x_wconf 90' lang='lat' dir='ltr'><strong>duas,</strong></span> <span class='ocrx_word' id='word_1_138' title='bbox 2581 738 2636 784; x_wconf 90' lang='lat' dir='ltr'><strong>et</strong></span> <span class='ocrx_word' id='word_1_139' title='bbox 2663 745 2850 784; x_wconf 86' lang='lat' dir='ltr'><strong>rursus</strong></span> <span class='ocrx_word' id='word_1_140' title='bbox 2889 745 3052 784; x_wconf 92' lang='lat' dir='ltr'><strong>unam</strong></span> <span class='ocrx_word' id='word_1_141' title='bbox 3081 739 3136 787; x_wconf 89' lang='lat' dir='ltr'><strong>et</strong></span> <span class='ocrx_word' id='word_1_142' title='bbox 3171 733 3325 796; x_wconf 91' lang='lat' dir='ltr'><strong>duas,</strong></span> <span class='ocrx_word' id='word_1_143' title='bbox 3363 732 3416 785; x_wconf 92' lang='lat' dir='ltr'><strong>id</strong></span> <span class='ocrx_word' id='word_1_144' title='bbox 3464 742 3548 787; x_wconf 90' lang='lat' dir='ltr'><strong>est</strong></span> <span class='ocrx_word' id='word_1_145' title='bbox 3587 742 3700 789; x_wconf 87' lang='lat' dir='ltr'><strong>tres</strong></span> <span class='ocrx_word' id='word_1_146' title='bbox 3727 750 3812 790; x_wconf 82' lang='lat' dir='ltr'><strong>vo-</strong></span> 
     </span>
    </p>
   </div>
   <div class='ocr_carea' id='block_1_22' title="bbox 2241 816 3606 891">
    <p class='ocr_par' dir='ltr' id='par_1_22' title="bbox 2241 816 3606 891">
     <span class='ocr_line' id='line_1_22' title="bbox 2241 816 3606 891; baseline 0.005 -20"><span class='ocrx_word' id='word_1_147' title='bbox 2241 816 2476 874; x_wconf 90' lang='lat' dir='ltr'><strong>luntates</strong></span> <span class='ocrx_word' id='word_1_148' title='bbox 2499 828 2554 875; x_wconf 90' lang='lat' dir='ltr'><strong>et</strong></span> <span class='ocrx_word' id='word_1_149' title='bbox 2580 821 2918 891; x_wconf 87' lang='lat' dir='ltr'><strong>operationes</strong></span> <span class='ocrx_word' id='word_1_150' title='bbox 2945 822 3143 877; x_wconf 90' lang='lat' dir='ltr'><strong>habere</strong></span> <span class='ocrx_word' id='word_1_151' title='bbox 3170 822 3314 878; x_wconf 91' lang='lat' dir='ltr'><strong>illum</strong></span> <span class='ocrx_word' id='word_1_152' title='bbox 3340 823 3606 880; x_wconf 88' lang='lat' dir='ltr'><strong>fatentur.</strong></span> 
     </span>
    </p>
   </div>
   <div class='ocr_carea' id='block_1_23' title="bbox 2241 905 3812 982">
    <p class='ocr_par' dir='ltr' id='par_1_23' title="bbox 2241 905 3812 982">
     <span class='ocr_line' id='line_1_23' title="bbox 2241 905 3812 982; baseline 0.006 -21"><span class='ocrx_word' id='word_1_153' title='bbox 2241 905 2243 908; x_wconf 44' lang='grc'><em>⁴</em></span> <span class='ocrx_word' id='word_1_154' title='bbox 2313 906 2486 977; x_wconf 87' lang='lat' dir='ltr'><strong>Super</strong></span> <span class='ocrx_word' id='word_1_155' title='bbox 2514 910 2628 964; x_wconf 59' lang='lat' dir='ltr'><strong>haec</strong></span> <span class='ocrx_word' id='word_1_156' title='bbox 2654 919 2834 966; x_wconf 89' lang='lat' dir='ltr'><strong>autem</strong></span> <span class='ocrx_word' id='word_1_157' title='bbox 2864 911 3041 966; x_wconf 89' lang='lat' dir='ltr'><strong>omnia</strong></span> <span class='ocrx_word' id='word_1_158' title='bbox 3072 928 3190 982; x_wconf 73' lang='lat' dir='ltr'><strong>qua:</strong></span> <span class='ocrx_word' id='word_1_159' title='bbox 3221 914 3364 968; x_wconf 87' lang='lat' dir='ltr'><strong>dicta</strong></span> <span class='ocrx_word' id='word_1_160' title='bbox 3402 924 3553 980; x_wconf 92' lang='lat' dir='ltr'><strong>sunt,</strong></span> <span class='ocrx_word' id='word_1_161' title='bbox 3590 926 3648 969; x_wconf 90' lang='lat' dir='ltr'><strong>et</strong></span> <span class='ocrx_word' id='word_1_162' title='bbox 3696 915 3812 970; x_wconf 86' lang='lat' dir='ltr'><strong>illud</strong></span> 
     </span>
    </p>
   </div>
   <div class='ocr_carea' id='block_1_24' title="bbox 2241 997 3812 1072">
    <p class='ocr_par' dir='ltr' id='par_1_24' title="bbox 2241 997 3812 1072">
     <span class='ocr_line' id='line_1_24' title="bbox 2241 997 3812 1072; baseline 0.01 -27"><span class='ocrx_word' id='word_1_163' title='bbox 2241 1007 2454 1064; x_wconf 90' lang='lat' dir='ltr'><strong>quoque</strong></span> <span class='ocrx_word' id='word_1_164' title='bbox 2500 997 2799 1054; x_wconf 86' lang='lat' dir='ltr'><strong>certissime</strong></span> <span class='ocrx_word' id='word_1_165' title='bbox 2848 1001 3124 1064; x_wconf 81' lang='lat' dir='ltr'><strong>noverint,</strong></span> <span class='ocrx_word' id='word_1_166' title='bbox 3183 1002 3437 1072; x_wconf 83' lang='lat' dir='ltr'><strong>quoniam</strong></span> <span class='ocrx_word' id='word_1_167' title='bbox 3503 1019 3666 1058; x_wconf 91' lang='lat' dir='ltr'><strong>uuam</strong></span> <span class='ocrx_word' id='word_1_168' title='bbox 3725 1021 3812 1060; x_wconf 86' lang='lat' dir='ltr'><strong>nec</strong></span> 
     </span>
    </p>
   </div>
   <div class='ocr_carea' id='block_1_25' title="bbox 2242 1087 3810 1155">
    <p class='ocr_par' dir='ltr' id='par_1_25' title="bbox 2242 1087 3810 1155">
     <span class='ocr_line' id='line_1_25' title="bbox 2242 1087 3810 1155; baseline 0.008 -19"><span class='ocrx_word' id='word_1_169' title='bbox 2242 1097 2423 1148; x_wconf 91' lang='lat' dir='ltr'><strong>unam,</strong></span> <span class='ocrx_word' id='word_1_170' title='bbox 2457 1099 2631 1155; x_wconf 88' lang='lat' dir='ltr'><strong>neque</strong></span> <span class='ocrx_word' id='word_1_171' title='bbox 2678 1087 2832 1153; x_wconf 89' lang='lat' dir='ltr'><strong>duas,</strong></span> <span class='ocrx_word' id='word_1_172' title='bbox 2861 1098 2916 1144; x_wconf 88' lang='lat' dir='ltr'><strong>et</strong></span> <span class='ocrx_word' id='word_1_173' title='bbox 2946 1089 3141 1145; x_wconf 89' lang='lat' dir='ltr'><strong>iterum</strong></span> <span class='ocrx_word' id='word_1_174' title='bbox 3183 1107 3342 1146; x_wconf 91' lang='lat' dir='ltr'><strong>unam</strong></span> <span class='ocrx_word' id='word_1_175' title='bbox 3382 1101 3441 1147; x_wconf 89' lang='lat' dir='ltr'><strong>et</strong></span> <span class='ocrx_word' id='word_1_176' title='bbox 3469 1093 3607 1149; x_wconf 91' lang='lat' dir='ltr'><strong>duas</strong></span> <span class='ocrx_word' id='word_1_177' title='bbox 3632 1095 3810 1149; x_wconf 79' lang='lat' dir='ltr'><strong>volun-</strong></span> 
     </span>
    </p>
   </div>
   <div class='ocr_carea' id='block_1_26' title="bbox 2243 1178 3810 1248">
    <p class='ocr_par' dir='ltr' id='par_1_26' title="bbox 2243 1178 3810 1248">
     <span class='ocr_line' id='line_1_26' title="bbox 2243 1178 3810 1248; baseline 0.006 -20"><span class='ocrx_word' id='word_1_178' title='bbox 2243 1181 2382 1231; x_wconf 85' lang='lat' dir='ltr'><strong>tates</strong></span> <span class='ocrx_word' id='word_1_179' title='bbox 2407 1185 2462 1231; x_wconf 92' lang='lat' dir='ltr'><strong>et</strong></span> <span class='ocrx_word' id='word_1_180' title='bbox 2495 1178 2855 1248; x_wconf 89' lang='lat' dir='ltr'><strong>operationes,</strong></span> <span class='ocrx_word' id='word_1_181' title='bbox 2896 1189 2952 1235; x_wconf 91' lang='lat' dir='ltr'><strong>et</strong></span> <span class='ocrx_word' id='word_1_182' title='bbox 2991 1181 3169 1236; x_wconf 91' lang='lat' dir='ltr'><strong>omnia</strong></span> <span class='ocrx_word' id='word_1_183' title='bbox 3212 1198 3334 1237; x_wconf 93' lang='lat' dir='ltr'><strong>cum</strong></span> <span class='ocrx_word' id='word_1_184' title='bbox 3364 1185 3810 1248; x_wconf 88' lang='lat' dir='ltr'><strong>anathematibus,</strong></span> 
     </span>
    </p>
   </div>
   <div class='ocr_carea' id='block_1_27' title="bbox 2239 1266 3813 1342">
    <p class='ocr_par' dir='ltr' id='par_1_27' title="bbox 2239 1266 3813 1342">
     <span class='ocr_line' id='line_1_27' title="bbox 2239 1266 3813 1342; baseline 0.004 -23"><span class='ocrx_word' id='word_1_185' title='bbox 2239 1274 2297 1319; x_wconf 87' lang='lat' dir='ltr'><strong>et</strong></span> <span class='ocrx_word' id='word_1_186' title='bbox 2337 1266 2800 1337; x_wconf 86' lang='lat' dir='ltr'><strong>depositionibus,</strong></span> <span class='ocrx_word' id='word_1_187' title='bbox 2853 1284 2918 1324; x_wconf 90' lang='lat' dir='ltr'><strong>ac</strong></span> <span class='ocrx_word' id='word_1_188' title='bbox 2962 1271 3521 1326; x_wconf 74' lang='lat' dir='ltr'><strong>excommunicatione</strong></span> <span class='ocrx_word' id='word_1_189' title='bbox 3563 1273 3813 1342; x_wconf 77' lang='lat' dir='ltr'><strong>dogmati-</strong></span> 
     </span>
    </p>
   </div>
   <div class='ocr_carea' id='block_1_28' title="bbox 2241 1360 3812 1432">
    <p class='ocr_par' dir='ltr' id='par_1_28' title="bbox 2241 1360 3812 1432">
     <span class='ocr_line' id='line_1_28' title="bbox 2241 1360 3812 1432; baseline 0.004 -22"><span class='ocrx_word' id='word_1_190' title='bbox 2241 1365 2447 1423; x_wconf 85' lang='lat' dir='ltr'><strong>zantes,</strong></span> <span class='ocrx_word' id='word_1_191' title='bbox 2489 1369 2672 1428; x_wconf 85' lang='lat' dir='ltr'><strong>aperte</strong></span> <span class='ocrx_word' id='word_1_192' title='bbox 2715 1360 2814 1415; x_wconf 88' lang='lat' dir='ltr'><strong>sibi</strong></span> <span class='ocrx_word' id='word_1_193' title='bbox 2852 1369 2907 1415; x_wconf 89' lang='lat' dir='ltr'><strong>et</strong></span> <span class='ocrx_word' id='word_1_194' title='bbox 2934 1360 3206 1415; x_wconf 87' lang='lat' dir='ltr'><strong>alterutris</strong></span> <span class='ocrx_word' id='word_1_195' title='bbox 3242 1377 3547 1432; x_wconf 88' lang='lat' dir='ltr'><strong>repugnare</strong></span> <span class='ocrx_word' id='word_1_196' title='bbox 3595 1364 3812 1431; x_wconf 79' lang='lat' dir='ltr'><strong>proban-</strong></span> 
     </span>
    </p>
   </div>
   <div class='ocr_carea' id='block_1_29' title="bbox 2240 1448 3810 1520">
    <p class='ocr_par' dir='ltr' id='par_1_29' title="bbox 2240 1448 3810 1520">
     <span class='ocr_line' id='line_1_29' title="bbox 2240 1448 3810 1520; baseline 0.003 -18"><span class='ocrx_word' id='word_1_197' title='bbox 2240 1456 2356 1502; x_wconf 89' lang='lat' dir='ltr'><strong>tur:</strong></span> <span class='ocrx_word' id='word_1_198' title='bbox 2398 1457 2452 1503; x_wconf 89' lang='lat' dir='ltr'><strong>et</strong></span> <span class='ocrx_word' id='word_1_199' title='bbox 2499 1448 2599 1519; x_wconf 89' lang='lat' dir='ltr'><strong>ipsi</strong></span> <span class='ocrx_word' id='word_1_200' title='bbox 2641 1464 2740 1519; x_wconf 87' lang='lat' dir='ltr'><strong>per</strong></span> <span class='ocrx_word' id='word_1_201' title='bbox 2783 1449 2989 1520; x_wconf 89' lang='lat' dir='ltr'><strong>seipsos</strong></span> <span class='ocrx_word' id='word_1_202' title='bbox 3034 1459 3088 1506; x_wconf 90' lang='lat' dir='ltr'><strong>et</strong></span> <span class='ocrx_word' id='word_1_203' title='bbox 3138 1451 3368 1506; x_wconf 80' lang='lat' dir='ltr'><strong>invicem</strong></span> <span class='ocrx_word' id='word_1_204' title='bbox 3416 1454 3733 1507; x_wconf 80' lang='lat' dir='ltr'><strong>subvertant</strong></span> <span class='ocrx_word' id='word_1_205' title='bbox 3755 1469 3810 1507; x_wconf 79' lang='lat' dir='ltr'><strong>ac</strong></span> 
     </span>
    </p>
   </div>
   <div class='ocr_carea' id='block_1_30' title="bbox 2240 1538 3809 1613">
    <p class='ocr_par' dir='ltr' id='par_1_30' title="bbox 2240 1538 3809 1613">
     <span class='ocr_line' id='line_1_30' title="bbox 2240 1538 3809 1613; baseline 0.002 -21"><span class='ocrx_word' id='word_1_206' title='bbox 2240 1538 2542 1604; x_wconf 90' lang='lat' dir='ltr'><strong>destruunt,</strong></span> <span class='ocrx_word' id='word_1_207' title='bbox 2573 1538 2778 1595; x_wconf 90' lang='lat' dir='ltr'><strong>alterna</strong></span> <span class='ocrx_word' id='word_1_208' title='bbox 2802 1541 2966 1596; x_wconf 87' lang='lat' dir='ltr'><strong>verba</strong></span> <span class='ocrx_word' id='word_1_209' title='bbox 2992 1550 3046 1596; x_wconf 94' lang='lat' dir='ltr'><strong>et</strong></span> <span class='ocrx_word' id='word_1_210' title='bbox 3073 1540 3343 1613; x_wconf 79' lang='lat' dir='ltr'><strong>dogmata,</strong></span> <span class='ocrx_word' id='word_1_211' title='bbox 3393 1557 3564 1612; x_wconf 84' lang='lat' dir='ltr'><strong>seque</strong></span> <span class='ocrx_word' id='word_1_212' title='bbox 3601 1543 3741 1612; x_wconf 88' lang='lat' dir='ltr'><strong>ipsos</strong></span> <span class='ocrx_word' id='word_1_213' title='bbox 3763 1554 3809 1597; x_wconf 86' lang='lat' dir='ltr'><strong>et</strong></span> 
     </span>
    </p>
   </div>
   <div class='ocr_carea' id='block_1_31' title="bbox 2238 1628 3808 1702">
    <p class='ocr_par' dir='ltr' id='par_1_31' title="bbox 2238 1628 3808 1702">
     <span class='ocr_line' id='line_1_31' title="bbox 2238 1628 3808 1702; baseline 0.003 -20"><span class='ocrx_word' id='word_1_214' title='bbox 2238 1628 2548 1696; x_wconf 87' lang='lat' dir='ltr'><strong>alterutros,</strong></span> <span class='ocrx_word' id='word_1_215' title='bbox 2573 1640 2628 1685; x_wconf 86' lang='lat' dir='ltr'><strong>et</strong></span> <span class='ocrx_word' id='word_1_216' title='bbox 2659 1644 2754 1687; x_wconf 89' lang='lat' dir='ltr'><strong>eos</strong></span> <span class='ocrx_word' id='word_1_217' title='bbox 2781 1632 2873 1702; x_wconf 90' lang='lat' dir='ltr'><strong>qui</strong></span> <span class='ocrx_word' id='word_1_218' title='bbox 2911 1632 3011 1687; x_wconf 91' lang='lat' dir='ltr'><strong>sibi</strong></span> <span class='ocrx_word' id='word_1_219' title='bbox 3051 1633 3476 1698; x_wconf 87' lang='lat' dir='ltr'><strong>communicant,</strong></span> <span class='ocrx_word' id='word_1_220' title='bbox 3508 1635 3808 1688; x_wconf 81' lang='lat' dir='ltr'><strong>anathema-</strong></span> 
     </span>
    </p>
   </div>
   <div class='ocr_carea' id='block_1_32' title="bbox 2239 1719 3807 1796">
    <p class='ocr_par' dir='ltr' id='par_1_32' title="bbox 2239 1719 3807 1796">
     <span class='ocr_line' id='line_1_32' title="bbox 2239 1719 3807 1796; baseline 0.004 -22"><span class='ocrx_word' id='word_1_221' title='bbox 2239 1719 2429 1785; x_wconf 85' lang='lat' dir='ltr'><strong>tizant,</strong></span> <span class='ocrx_word' id='word_1_222' title='bbox 2459 1722 2607 1776; x_wconf 90' lang='lat' dir='ltr'><strong>etab</strong></span> <span class='ocrx_word' id='word_1_223' title='bbox 2629 1722 2775 1776; x_wconf 92' lang='lat' dir='ltr'><strong>omni</strong></span> <span class='ocrx_word' id='word_1_224' title='bbox 2805 1738 2961 1778; x_wconf 90' lang='lat' dir='ltr'><strong>sacra</strong></span> <span class='ocrx_word' id='word_1_225' title='bbox 2981 1723 3240 1795; x_wconf 79' lang='lat' dir='ltr'><strong>dignitate</strong></span> <span class='ocrx_word' id='word_1_226' title='bbox 3277 1741 3343 1781; x_wconf 90' lang='lat' dir='ltr'><strong>ac</strong></span> <span class='ocrx_word' id='word_1_227' title='bbox 3372 1726 3682 1780; x_wconf 89' lang='lat' dir='ltr'><strong>ministerio</strong></span> <span class='ocrx_word' id='word_1_228' title='bbox 3705 1727 3807 1796; x_wconf 82' lang='lat' dir='ltr'><strong>pel-</strong></span> 
     </span>
    </p>
   </div>
   <div class='ocr_carea' id='block_1_33' title="bbox 567 1813 3810 1886">
    <p class='ocr_par' dir='ltr' id='par_1_33' title="bbox 567 1813 3810 1886">
     <span class='ocr_line' id='line_1_33' title="bbox 567 1813 3810 1886; baseline 0.002 -18"><span class='ocrx_word' id='word_1_229' title='bbox 567 1817 805 1886; x_wconf 85' lang='lat' dir='ltr'><strong>quinque</strong></span> <span class='ocrx_word' id='word_1_230' title='bbox 854 1815 1098 1870; x_wconf 91' lang='lat' dir='ltr'><strong>Chrislos</strong></span> <span class='ocrx_word' id='word_1_231' title='bbox 1138 1823 1362 1871; x_wconf 87' lang='lat' dir='ltr'><strong>eatenus</strong></span> <span class='ocrx_word' id='word_1_232' title='bbox 1410 1816 1704 1886; x_wconf 83' lang='lat' dir='ltr'><strong>plasmasse</strong></span> <span class='ocrx_word' id='word_1_233' title='bbox 1749 1829 2136 1874; x_wconf 81' lang='lat' dir='ltr'><strong>monstrantur.</strong></span> <span class='ocrx_word' id='word_1_234' title='bbox 2172 1817 2216 1876; x_wconf 86' lang='grc' dir='ltr'><strong><em>Β</em></strong></span> <span class='ocrx_word' id='word_1_235' title='bbox 2242 1813 2542 1886; x_wconf 80' lang='lat' dir='ltr'><strong>lnntatqno</strong></span> <span class='ocrx_word' id='word_1_236' title='bbox 2576 1815 2864 1884; x_wconf 80' lang='lat' dir='ltr'><strong>deponunt.</strong></span> <span class='ocrx_word' id='word_1_237' title='bbox 2899 1814 3113 1871; x_wconf 84' lang='lat' dir='ltr'><strong>Necnon</strong></span> <span class='ocrx_word' id='word_1_238' title='bbox 3156 1830 3186 1868; x_wconf 87' lang='lat' dir='ltr'><strong>a</strong></span> <span class='ocrx_word' id='word_1_239' title='bbox 3231 1815 3583 1885; x_wconf 76' lang='lat' dir='ltr'><strong>perceptione</strong></span> <span class='ocrx_word' id='word_1_240' title='bbox 3612 1816 3810 1870; x_wconf 73' lang='lat' dir='ltr'><strong>illibata:</strong></span> 
     </span>
    </p>
   </div>
   <div class='ocr_carea' id='block_1_34' title="bbox 571 1909 2142 1978">
    <p class='ocr_par' dir='ltr' id='par_1_34' title="bbox 571 1909 2142 1978">
     <span class='ocr_line' id='line_1_34' title="bbox 571 1909 2142 1978; baseline 0.004 -15"><span class='ocrx_word' id='word_1_241' title='bbox 571 1909 724 1964; x_wconf 82' lang='lat' dir='ltr'><strong>Hunc</strong></span> <span class='ocrx_word' id='word_1_242' title='bbox 771 1909 985 1977; x_wconf 89' lang='lat' dir='ltr'><strong>quidem</strong></span> <span class='ocrx_word' id='word_1_243' title='bbox 1034 1923 1195 1963; x_wconf 90' lang='lat' dir='ltr'><strong>unam</strong></span> <span class='ocrx_word' id='word_1_244' title='bbox 1241 1910 1629 1978; x_wconf 88' lang='lat' dir='ltr'><strong>operationem,</strong></span> <span class='ocrx_word' id='word_1_245' title='bbox 1677 1911 1824 1966; x_wconf 90' lang='lat' dir='ltr'><strong>illum</strong></span> <span class='ocrx_word' id='word_1_246' title='bbox 1869 1928 1997 1968; x_wconf 93' lang='lat' dir='ltr'><strong>vero</strong></span> <span class='ocrx_word' id='word_1_247' title='bbox 2041 1930 2142 1970; x_wconf 91' lang='lat' dir='ltr'><strong>nec</strong></span> 
     </span>
    </p>
   </div>
   <div class='ocr_carea' id='block_1_35' title="bbox 568 1998 2142 2070">
    <p class='ocr_par' dir='ltr' id='par_1_35' title="bbox 568 1998 2142 2070">
     <span class='ocr_line' id='line_1_35' title="bbox 568 1998 2142 2070; baseline 0.005 -18"><span class='ocrx_word' id='word_1_248' title='bbox 568 2014 732 2054; x_wconf 91' lang='lat' dir='ltr'><strong>unam</strong></span> <span class='ocrx_word' id='word_1_249' title='bbox 777 1998 1144 2068; x_wconf 85' lang='lat' dir='ltr'><strong>operationem</strong></span> <span class='ocrx_word' id='word_1_250' title='bbox 1186 2009 1241 2054; x_wconf 92' lang='lat' dir='ltr'><strong>et</strong></span> <span class='ocrx_word' id='word_1_251' title='bbox 1283 2000 1445 2054; x_wconf 91' lang='lat' dir='ltr'><strong>alium</strong></span> <span class='ocrx_word' id='word_1_252' title='bbox 1494 2017 1652 2056; x_wconf 91' lang='lat' dir='ltr'><strong>unam</strong></span> <span class='ocrx_word' id='word_1_253' title='bbox 1697 2003 2047 2070; x_wconf 69' lang='lat' dir='ltr'><strong>voluntatem,</strong></span> <span class='ocrx_word' id='word_1_254' title='bbox 2087 2016 2142 2062; x_wconf 90' lang='lat' dir='ltr'><strong>et</strong></span> 
     </span>
    </p>
   </div>
   <div class='ocr_carea' id='block_1_36' title="bbox 568 2091 2141 2165">
    <p class='ocr_par' dir='ltr' id='par_1_36' title="bbox 568 2091 2141 2165">
     <span class='ocr_line' id='line_1_36' title="bbox 568 2091 2141 2165; baseline 0.005 -21"><span class='ocrx_word' id='word_1_255' title='bbox 568 2091 795 2146; x_wconf 88' lang='lat' dir='ltr'><strong>alterum</strong></span> <span class='ocrx_word' id='word_1_256' title='bbox 811 2106 910 2147; x_wconf 89' lang='lat' dir='ltr'><strong>nec</strong></span> <span class='ocrx_word' id='word_1_257' title='bbox 935 2107 1093 2146; x_wconf 88' lang='lat' dir='ltr'><strong>unam</strong></span> <span class='ocrx_word' id='word_1_258' title='bbox 1117 2092 1444 2148; x_wconf 90' lang='lat' dir='ltr'><strong>voluntatem</strong></span> <span class='ocrx_word' id='word_1_259' title='bbox 1470 2111 1483 2147; x_wconf 92' lang='lat'>:</span> <span class='ocrx_word' id='word_1_260' title='bbox 1516 2108 1677 2163; x_wconf 91' lang='lat' dir='ltr'><strong>porro</strong></span> <span class='ocrx_word' id='word_1_261' title='bbox 1709 2096 1952 2165; x_wconf 90' lang='lat' dir='ltr'><strong>quintum</strong></span> <span class='ocrx_word' id='word_1_262' title='bbox 1981 2113 2141 2152; x_wconf 90' lang='lat' dir='ltr'><strong>unam</strong></span> 
     </span>
    </p>
   </div>
   <div class='ocr_carea' id='block_1_37' title="bbox 567 2183 2142 2255">
    <p class='ocr_par' dir='ltr' id='par_1_37' title="bbox 567 2183 2142 2255">
     <span class='ocr_line' id='line_1_37' title="bbox 567 2183 2142 2255; baseline 0.002 -17"><span class='ocrx_word' id='word_1_263' title='bbox 567 2191 623 2238; x_wconf 87' lang='lat' dir='ltr'><strong>et</strong></span> <span class='ocrx_word' id='word_1_264' title='bbox 650 2183 801 2248; x_wconf 90' lang='lat' dir='ltr'><strong>duas,</strong></span> <span class='ocrx_word' id='word_1_265' title='bbox 839 2191 1000 2251; x_wconf 88' lang='lat' dir='ltr'><strong>atque</strong></span> <span class='ocrx_word' id='word_1_266' title='bbox 1027 2190 1186 2237; x_wconf 89' lang='lat' dir='ltr'><strong>unam</strong></span> <span class='ocrx_word' id='word_1_267' title='bbox 1212 2191 1267 2238; x_wconf 90' lang='lat' dir='ltr'><strong>et</strong></span> <span class='ocrx_word' id='word_1_268' title='bbox 1292 2183 1442 2249; x_wconf 89' lang='lat' dir='ltr'><strong>duas,</strong></span> <span class='ocrx_word' id='word_1_269' title='bbox 1478 2183 1527 2237; x_wconf 91' lang='lat' dir='ltr'><strong>id</strong></span> <span class='ocrx_word' id='word_1_270' title='bbox 1555 2193 1639 2239; x_wconf 89' lang='lat' dir='ltr'><strong>est</strong></span> <span class='ocrx_word' id='word_1_271' title='bbox 1667 2193 1776 2240; x_wconf 90' lang='lat' dir='ltr'><strong>tres</strong></span> <span class='ocrx_word' id='word_1_272' title='bbox 1802 2186 2142 2255; x_wconf 89' lang='lat' dir='ltr'><strong>operationes</strong></span> 
     </span>
    </p>
   </div>
   <div class='ocr_carea' id='block_1_38' title="bbox 568 2272 2139 2342">
    <p class='ocr_par' dir='ltr' id='par_1_38' title="bbox 568 2272 2139 2342">
     <span class='ocr_line' id='line_1_38' title="bbox 568 2272 2139 2342; baseline 0.003 -16"><span class='ocrx_word' id='word_1_273' title='bbox 568 2283 620 2327; x_wconf 89' lang='lat' dir='ltr'><strong>ct</strong></span> <span class='ocrx_word' id='word_1_274' title='bbox 661 2281 769 2328; x_wconf 90' lang='lat' dir='ltr'><strong>tres</strong></span> <span class='ocrx_word' id='word_1_275' title='bbox 806 2272 1127 2336; x_wconf 89' lang='lat' dir='ltr'><strong>voluntates,</strong></span> <span class='ocrx_word' id='word_1_276' title='bbox 1177 2282 1235 2328; x_wconf 93' lang='lat' dir='ltr'><strong>ut</strong></span> <span class='ocrx_word' id='word_1_277' title='bbox 1276 2273 1449 2339; x_wconf 89' lang='lat' dir='ltr'><strong>aiunt,</strong></span> <span class='ocrx_word' id='word_1_278' title='bbox 1500 2274 1802 2330; x_wconf 82' lang='lat' dir='ltr'><strong>habentem.</strong></span> <span class='ocrx_word' id='word_1_279' title='bbox 1836 2276 1903 2329; x_wconf 87' lang='lat' dir='ltr'><strong>Et</strong></span> <span class='ocrx_word' id='word_1_280' title='bbox 1939 2275 2139 2342; x_wconf 85' lang='lat' dir='ltr'><strong>dicant,</strong></span> 
     </span>
    </p>
   </div>
   <div class='ocr_carea' id='block_1_39' title="bbox 568 2363 2143 2436">
    <p class='ocr_par' dir='ltr' id='par_1_39' title="bbox 568 2363 2143 2436">
     <span class='ocr_line' id='line_1_39' title="bbox 568 2363 2143 2436; baseline 0.003 -18"><span class='ocrx_word' id='word_1_281' title='bbox 568 2364 613 2418; x_wconf 89' lang='lat' dir='ltr'><strong>si</strong></span> <span class='ocrx_word' id='word_1_282' title='bbox 645 2365 829 2419; x_wconf 87' lang='lat' dir='ltr'><strong>volunt</strong></span> <span class='ocrx_word' id='word_1_283' title='bbox 851 2363 922 2418; x_wconf 93' lang='lat' dir='ltr'><strong>illi</strong></span> <span class='ocrx_word' id='word_1_284' title='bbox 957 2365 1056 2434; x_wconf 89' lang='lat' dir='ltr'><strong>ipsi</strong></span> <span class='ocrx_word' id='word_1_285' title='bbox 1092 2363 1181 2433; x_wconf 88' lang='lat' dir='ltr'><strong>qui</strong></span> <span class='ocrx_word' id='word_1_286' title='bbox 1230 2363 1351 2418; x_wconf 88' lang='lat' dir='ltr'><strong>talia</strong></span> <span class='ocrx_word' id='word_1_287' title='bbox 1375 2375 1649 2434; x_wconf 80' lang='lat' dir='ltr'><strong>exponunt</strong></span> <span class='ocrx_word' id='word_1_288' title='bbox 1673 2365 1918 2436; x_wconf 87' lang='lat' dir='ltr'><strong>dogmata</strong></span> <span class='ocrx_word' id='word_1_289' title='bbox 1960 2375 2015 2421; x_wconf 89' lang='lat' dir='ltr'><strong>et</strong></span> <span class='ocrx_word' id='word_1_290' title='bbox 2051 2367 2143 2436; x_wconf 88' lang='lat' dir='ltr'><strong>qui</strong></span> 
     </span>
    </p>
   </div>
   <div class='ocr_carea' id='block_1_40' title="bbox 567 2445 2140 2524">
    <p class='ocr_par' dir='ltr' id='par_1_40' title="bbox 567 2445 2140 2524">
     <span class='ocr_line' id='line_1_40' title="bbox 567 2445 2140 2524; baseline 0.003 -17"><span class='ocrx_word' id='word_1_291' title='bbox 567 2455 966 2509; x_wconf 84' lang='lat' dir='ltr'><strong>communicant</strong></span> <span class='ocrx_word' id='word_1_292' title='bbox 995 2455 1096 2520; x_wconf 90' lang='lat' dir='ltr'><strong>eis,</strong></span> <span class='ocrx_word' id='word_1_293' title='bbox 1136 2455 1187 2508; x_wconf 91' lang='lat' dir='ltr'><strong>in</strong></span> <span class='ocrx_word' id='word_1_294' title='bbox 1215 2469 1374 2524; x_wconf 87' lang='lat' dir='ltr'><strong>quem</strong></span> <span class='ocrx_word' id='word_1_295' title='bbox 1401 2455 1581 2508; x_wconf 90' lang='lat' dir='ltr'><strong>talium</strong></span> <span class='ocrx_word' id='word_1_296' title='bbox 1611 2469 1674 2511; x_wconf 86' lang='lat' dir='ltr'><strong>ac</strong></span> <span class='ocrx_word' id='word_1_297' title='bbox 1703 2463 1782 2512; x_wconf 85' lang='lat' dir='ltr'><strong>tot</strong></span> <span class='ocrx_word' id='word_1_298' title='bbox 1805 2445 2140 2512; x_wconf 87' lang='lat' dir='ltr'><strong>Christorum</strong></span> 
     </span>
    </p>
   </div>
   <div class='ocr_carea' id='block_1_41' title="bbox 567 2547 2142 2619">
    <p class='ocr_par' dir='ltr' id='par_1_41' title="bbox 567 2547 2142 2619">
     <span class='ocr_line' id='line_1_41' title="bbox 567 2547 2142 2619; baseline 0.002 -18"><span class='ocrx_word' id='word_1_299' title='bbox 567 2565 596 2601; x_wconf 89' lang='lat' dir='ltr'><strong>a</strong></span> <span class='ocrx_word' id='word_1_300' title='bbox 627 2563 683 2603; x_wconf 93' lang='lat' dir='ltr'><strong>se</strong></span> <span class='ocrx_word' id='word_1_301' title='bbox 717 2547 960 2602; x_wconf 86' lang='lat' dir='ltr'><strong>ﬁctorutn</strong></span> <span class='ocrx_word' id='word_1_302' title='bbox 988 2548 1267 2602; x_wconf 90' lang='lat' dir='ltr'><strong>credentes</strong></span> <span class='ocrx_word' id='word_1_303' title='bbox 1294 2548 1544 2617; x_wconf 87' lang='lat' dir='ltr'><strong>baptizati</strong></span> <span class='ocrx_word' id='word_1_304' title='bbox 1581 2557 1726 2614; x_wconf 90' lang='lat' dir='ltr'><strong>sunt,</strong></span> <span class='ocrx_word' id='word_1_305' title='bbox 1755 2548 1840 2603; x_wconf 88' lang='lat' dir='ltr'><strong>vel</strong></span> <span class='ocrx_word' id='word_1_306' title='bbox 1864 2549 2142 2619; x_wconf 90' lang='lat' dir='ltr'><strong>baptizan-</strong></span> 
     </span>
    </p>
   </div>
   <div class='ocr_carea' id='block_1_42' title="bbox 569 2639 2145 2708">
    <p class='ocr_par' dir='ltr' id='par_1_42' title="bbox 569 2639 2145 2708">
     <span class='ocr_line' id='line_1_42' title="bbox 569 2639 2145 2708; baseline 0.003 -17"><span class='ocrx_word' id='word_1_307' title='bbox 569 2647 686 2693; x_wconf 92' lang='lat' dir='ltr'><strong>tur:</strong></span> <span class='ocrx_word' id='word_1_308' title='bbox 711 2647 804 2692; x_wconf 91' lang='lat' dir='ltr'><strong>aut</strong></span> <span class='ocrx_word' id='word_1_309' title='bbox 828 2639 980 2708; x_wconf 88' lang='lat' dir='ltr'><strong>cujus</strong></span> <span class='ocrx_word' id='word_1_310' title='bbox 1018 2653 1204 2693; x_wconf 91' lang='lat' dir='ltr'><strong>eorum</strong></span> <span class='ocrx_word' id='word_1_311' title='bbox 1255 2652 1448 2708; x_wconf 92' lang='lat' dir='ltr'><strong>corpus</strong></span> <span class='ocrx_word' id='word_1_312' title='bbox 1477 2646 1532 2694; x_wconf 91' lang='lat' dir='ltr'><strong>et</strong></span> <span class='ocrx_word' id='word_1_313' title='bbox 1563 2641 1875 2708; x_wconf 88' lang='lat' dir='ltr'><strong>sanguinem</strong></span> <span class='ocrx_word' id='word_1_314' title='bbox 1925 2649 2145 2696; x_wconf 87' lang='lat' dir='ltr'><strong>sumunt</strong></span> 
     </span>
    </p>
   </div>
   <div class='ocr_carea' id='block_1_43' title="bbox 567 2721 2144 2798">
    <p class='ocr_par' dir='ltr' id='par_1_43' title="bbox 567 2721 2144 2798">
     <span class='ocr_line' id='line_1_43' title="bbox 567 2721 2144 2798; baseline 0.002 -17"><span class='ocrx_word' id='word_1_315' title='bbox 567 2737 727 2798; x_wconf 86' lang='lat' dir='ltr'><strong>atque</strong></span> <span class='ocrx_word' id='word_1_316' title='bbox 749 2727 1117 2782; x_wconf 90' lang='lat' dir='ltr'><strong>distribuunt?</strong></span> <span class='ocrx_word' id='word_1_317' title='bbox 1144 2735 1320 2780; x_wconf 90' lang='lat' dir='ltr'><strong>utrum</strong></span> <span class='ocrx_word' id='word_1_318' title='bbox 1358 2725 1472 2794; x_wconf 87' lang='lat' dir='ltr'><strong>ejus</strong></span> <span class='ocrx_word' id='word_1_319' title='bbox 1501 2727 1590 2796; x_wconf 90' lang='lat' dir='ltr'><strong>qui</strong></span> <span class='ocrx_word' id='word_1_320' title='bbox 1623 2721 1804 2794; x_wconf 87' lang='lat' dir='ltr'><strong>unam,</strong></span> <span class='ocrx_word' id='word_1_321' title='bbox 1835 2743 1903 2782; x_wconf 89' lang='lat' dir='ltr'><strong>an</strong></span> <span class='ocrx_word' id='word_1_322' title='bbox 1930 2730 2019 2798; x_wconf 88' lang='lat' dir='ltr'><strong>qui</strong></span> <span class='ocrx_word' id='word_1_323' title='bbox 2045 2743 2144 2784; x_wconf 89' lang='lat' dir='ltr'><strong>nec</strong></span> 
     </span>
    </p>
   </div>
   <div class='ocr_carea' id='block_1_44' title="bbox 519 2815 2142 2886">
    <p class='ocr_par' dir='ltr' id='par_1_44' title="bbox 519 2815 2142 2886">
     <span class='ocr_line' id='line_1_44' title="bbox 519 2815 2142 2886; baseline 0.002 -16"><span class='ocrx_word' id='word_1_324' title='bbox 519 2871 526 2878; x_wconf 28' lang='grc' dir='ltr'><strong><em>κ</em></strong></span> <span class='ocrx_word' id='word_1_325' title='bbox 566 2833 725 2871; x_wconf 88' lang='lat' dir='ltr'><strong>unam</strong></span> <span class='ocrx_word' id='word_1_326' title='bbox 753 2817 1154 2886; x_wconf 85' lang='lat' dir='ltr'><strong>operationem;</strong></span> <span class='ocrx_word' id='word_1_327' title='bbox 1203 2815 1318 2884; x_wconf 89' lang='lat' dir='ltr'><strong>ejus</strong></span> <span class='ocrx_word' id='word_1_328' title='bbox 1358 2816 1449 2885; x_wconf 90' lang='lat' dir='ltr'><strong>qui</strong></span> <span class='ocrx_word' id='word_1_329' title='bbox 1491 2831 1651 2871; x_wconf 89' lang='lat' dir='ltr'><strong>unam</strong></span> <span class='ocrx_word' id='word_1_330' title='bbox 1678 2817 2029 2884; x_wconf 87' lang='lat' dir='ltr'><strong>voluntatem,</strong></span> <span class='ocrx_word' id='word_1_331' title='bbox 2073 2833 2142 2873; x_wconf 90' lang='lat' dir='ltr'><strong>an</strong></span> 
     </span>
    </p>
   </div>
   <div class='ocr_carea' id='block_1_45' title="bbox 565 2907 2142 2977">
    <p class='ocr_par' dir='ltr' id='par_1_45' title="bbox 565 2907 2142 2977">
     <span class='ocr_line' id='line_1_45' title="bbox 565 2907 2142 2977; baseline 0.002 -16"><span class='ocrx_word' id='word_1_332' title='bbox 565 2908 680 2977; x_wconf 82' lang='lat' dir='ltr'><strong>ejus</strong></span> <span class='ocrx_word' id='word_1_333' title='bbox 709 2909 800 2976; x_wconf 89' lang='lat' dir='ltr'><strong>qui</strong></span> <span class='ocrx_word' id='word_1_334' title='bbox 829 2921 990 2962; x_wconf 91' lang='lat' dir='ltr'><strong>unam</strong></span> <span class='ocrx_word' id='word_1_335' title='bbox 1021 2916 1076 2962; x_wconf 90' lang='lat' dir='ltr'><strong>et</strong></span> <span class='ocrx_word' id='word_1_336' title='bbox 1101 2907 1253 2972; x_wconf 89' lang='lat' dir='ltr'><strong>duas,</strong></span> <span class='ocrx_word' id='word_1_337' title='bbox 1294 2915 1352 2961; x_wconf 90' lang='lat' dir='ltr'><strong>et</strong></span> <span class='ocrx_word' id='word_1_338' title='bbox 1377 2922 1538 2962; x_wconf 92' lang='lat' dir='ltr'><strong>unam</strong></span> <span class='ocrx_word' id='word_1_339' title='bbox 1565 2917 1620 2962; x_wconf 89' lang='lat' dir='ltr'><strong>et</strong></span> <span class='ocrx_word' id='word_1_340' title='bbox 1662 2907 1814 2974; x_wconf 91' lang='lat' dir='ltr'><strong>duas,</strong></span> <span class='ocrx_word' id='word_1_341' title='bbox 1846 2909 1897 2963; x_wconf 93' lang='lat' dir='ltr'><strong>id</strong></span> <span class='ocrx_word' id='word_1_342' title='bbox 1924 2918 2006 2964; x_wconf 89' lang='lat' dir='ltr'><strong>est</strong></span> <span class='ocrx_word' id='word_1_343' title='bbox 2035 2918 2142 2965; x_wconf 85' lang='lat' dir='ltr'><strong>tres</strong></span> 
     </span>
    </p>
   </div>
   <div class='ocr_carea' id='block_1_46' title="bbox 565 2996 2141 3070">
    <p class='ocr_par' dir='ltr' id='par_1_46' title="bbox 565 2996 2141 3070">
     <span class='ocr_line' id='line_1_46' title="bbox 565 2996 2141 3070; baseline 0.003 -20"><span class='ocrx_word' id='word_1_344' title='bbox 565 2998 904 3067; x_wconf 88' lang='lat' dir='ltr'><strong>operationes</strong></span> <span class='ocrx_word' id='word_1_345' title='bbox 945 3006 999 3052; x_wconf 91' lang='lat' dir='ltr'><strong>et</strong></span> <span class='ocrx_word' id='word_1_346' title='bbox 1021 3005 1131 3053; x_wconf 91' lang='lat' dir='ltr'><strong>tres</strong></span> <span class='ocrx_word' id='word_1_347' title='bbox 1161 2996 1518 3063; x_wconf 82' lang='lat' dir='ltr'><strong>voluntates,‘</strong></span> <span class='ocrx_word' id='word_1_348' title='bbox 1541 3007 1596 3054; x_wconf 90' lang='lat' dir='ltr'><strong>et</strong></span> <span class='ocrx_word' id='word_1_349' title='bbox 1622 3009 1898 3068; x_wconf 84' lang='lat' dir='ltr'><strong>propterea</strong></span> <span class='ocrx_word' id='word_1_350' title='bbox 1933 3000 2044 3070; x_wconf 89' lang='lat' dir='ltr'><strong>jam</strong></span> <span class='ocrx_word' id='word_1_351' title='bbox 2073 3016 2141 3056; x_wconf 82' lang='lat' dir='ltr'><strong>ex</strong></span> 
     </span>
    </p>
   </div>
   <div class='ocr_carea' id='block_1_47' title="bbox 569 3087 2140 3144">
    <p class='ocr_par' dir='ltr' id='par_1_47' title="bbox 569 3087 2140 3144">
     <span class='ocr_line' id='line_1_47' title="bbox 569 3087 2140 3144; baseline 0.002 -3"><span class='ocrx_word' id='word_1_352' title='bbox 569 3088 891 3142; x_wconf 87' lang='lat' dir='ltr'><strong>necessitate</strong></span> <span class='ocrx_word' id='word_1_353' title='bbox 933 3097 1042 3142; x_wconf 90' lang='lat' dir='ltr'><strong>tres</strong></span> <span class='ocrx_word' id='word_1_354' title='bbox 1072 3087 1232 3142; x_wconf 85' lang='lat' dir='ltr'><strong>etiam</strong></span> <span class='ocrx_word' id='word_1_355' title='bbox 1272 3097 1490 3144; x_wconf 83' lang='lat' dir='ltr'><strong>naturas</strong></span> <span class='ocrx_word' id='word_1_356' title='bbox 1526 3088 1737 3143; x_wconf 80' lang='lat' dir='ltr'><strong>habet?</strong></span> <span class='ocrx_word' id='word_1_357' title='bbox 1776 3088 1880 3144; x_wconf 90' lang='lat' dir='ltr'><strong>Sed</strong></span> <span class='ocrx_word' id='word_1_358' title='bbox 1904 3106 2006 3143; x_wconf 81' lang='lat' dir='ltr'><strong>non</strong></span> <span class='ocrx_word' id='word_1_359' title='bbox 2029 3101 2140 3144; x_wconf 82' lang='lat' dir='ltr'><strong>erat</strong></span> 
     </span>
    </p>
   </div>
   <div class='ocr_carea' id='block_1_48' title="bbox 567 3164 2212 3253">
    <p class='ocr_par' dir='ltr' id='par_1_48' title="bbox 567 3164 2212 3253">
     <span class='ocr_line' id='line_1_48' title="bbox 567 3164 2212 3253; baseline 0.004 -23"><span class='ocrx_word' id='word_1_360' title='bbox 567 3194 686 3242; x_wconf 75' lang='lat' dir='ltr'><strong>vox,</strong></span> <span class='ocrx_word' id='word_1_361' title='bbox 713 3189 758 3230; x_wconf 84' lang='lat' dir='ltr'><strong>et</strong></span> <span class='ocrx_word' id='word_1_362' title='bbox 786 3194 886 3232; x_wconf 85' lang='lat' dir='ltr'><strong>non</strong></span> <span class='ocrx_word' id='word_1_363' title='bbox 907 3186 1017 3230; x_wconf 78' lang='lat' dir='ltr'><strong>erat</strong></span> <span class='ocrx_word' id='word_1_364' title='bbox 1043 3178 1243 3232; x_wconf 81' lang='lat' dir='ltr'><strong>auditio</strong></span> <span class='ocrx_word' id='word_1_365' title='bbox 1267 3178 1380 3250; x_wconf 83' lang='grc'><strong>(111</strong></span> <span class='ocrx_word' id='word_1_366' title='bbox 1409 3178 1532 3250; x_wconf 82' lang='lat' dir='ltr'><strong>Reg.</strong></span> <span class='ocrx_word' id='word_1_367' title='bbox 1567 3196 1720 3244; x_wconf 78' lang='lat' dir='ltr'><strong>xvttt,</strong></span> <span class='ocrx_word' id='word_1_368' title='bbox 1741 3178 1855 3253; x_wconf 67' lang='lat'><strong>26),</strong></span> <span class='ocrx_word' id='word_1_369' title='bbox 1884 3183 2133 3252; x_wconf 84' lang='lat' dir='ltr'><strong>quemad-</strong></span> <span class='ocrx_word' id='word_1_370' title='bbox 2166 3164 2212 3228; x_wconf 70' lang='grc' dir='ltr'>Ο</span> 
     </span>
    </p>
   </div>
   <div class='ocr_carea' id='block_1_49' title="bbox 569 3267 2141 3340">
    <p class='ocr_par' dir='ltr' id='par_1_49' title="bbox 569 3267 2141 3340">
     <span class='ocr_line' id='line_1_49' title="bbox 569 3267 2141 3340; baseline 0.004 -18"><span class='ocrx_word' id='word_1_371' title='bbox 569 3270 782 3322; x_wconf 84' lang='lat' dir='ltr'><strong>modum</strong></span> <span class='ocrx_word' id='word_1_372' title='bbox 809 3269 885 3323; x_wconf 87' lang='lat' dir='ltr'><strong>ait</strong></span> <span class='ocrx_word' id='word_1_373' title='bbox 926 3269 1186 3339; x_wconf 87' lang='lat' dir='ltr'><strong>propheta</strong></span> <span class='ocrx_word' id='word_1_374' title='bbox 1228 3285 1454 3340; x_wconf 90' lang='lat' dir='ltr'><strong>magnus</strong></span> <span class='ocrx_word' id='word_1_375' title='bbox 1482 3271 1625 3326; x_wconf 85' lang='lat' dir='ltr'><strong>Elias</strong></span> <span class='ocrx_word' id='word_1_376' title='bbox 1671 3267 1926 3327; x_wconf 80' lang='lat' dir='ltr'><strong>scelestos</strong></span> <span class='ocrx_word' id='word_1_377' title='bbox 1964 3286 2141 3328; x_wconf 87' lang='lat' dir='ltr'><strong>sacer-</strong></span> 
     </span>
    </p>
   </div>
   <div class='ocr_carea' id='block_1_50' title="bbox 567 3357 2138 3438">
    <p class='ocr_par' dir='ltr' id='par_1_50' title="bbox 567 3357 2138 3438">
     <span class='ocr_line' id='line_1_50' title="bbox 567 3357 2138 3438; baseline 0.004 -29"><span class='ocrx_word' id='word_1_378' title='bbox 567 3357 719 3410; x_wconf 81' lang='lat' dir='ltr'><strong>dotes</strong></span> <span class='ocrx_word' id='word_1_379' title='bbox 759 3365 814 3421; x_wconf 87' lang='lat' dir='ltr'><strong>et</strong></span> <span class='ocrx_word' id='word_1_380' title='bbox 865 3358 1360 3428; x_wconf 83' lang='lat' dir='ltr'><strong>pseudoprophetas</strong></span> <span class='ocrx_word' id='word_1_381' title='bbox 1406 3358 1736 3414; x_wconf 78' lang='lat' dir='ltr'><strong>confusionis</strong></span> <span class='ocrx_word' id='word_1_382' title='bbox 1795 3359 2138 3438; x_wconf 86' lang='lat' dir='ltr'><strong>redarguens.</strong></span> 
     </span>
    </p>
   </div>
   <div class='ocr_carea' id='block_1_51' title="bbox 567 3447 2144 3522">
    <p class='ocr_par' dir='ltr' id='par_1_51' title="bbox 567 3447 2144 3522">
     <span class='ocr_line' id='line_1_51' title="bbox 567 3447 2144 3522; baseline 0.005 -22"><span class='ocrx_word' id='word_1_383' title='bbox 567 3447 722 3514; x_wconf 78' lang='lat' dir='ltr'><strong>Nam,</strong></span> <span class='ocrx_word' id='word_1_384' title='bbox 752 3448 1012 3519; x_wconf 89' lang='lat' dir='ltr'><strong>quidquid</strong></span> <span class='ocrx_word' id='word_1_385' title='bbox 1038 3449 1228 3503; x_wconf 88' lang='lat' dir='ltr'><strong>horum</strong></span> <span class='ocrx_word' id='word_1_386' title='bbox 1254 3451 1512 3517; x_wconf 78' lang='lat' dir='ltr'><strong>dixerint,</strong></span> <span class='ocrx_word' id='word_1_387' title='bbox 1546 3451 1690 3507; x_wconf 89' lang='lat' dir='ltr'><strong>illinc</strong></span> <span class='ocrx_word' id='word_1_388' title='bbox 1715 3467 1836 3508; x_wconf 88' lang='lat' dir='ltr'><strong>cum</strong></span> <span class='ocrx_word' id='word_1_389' title='bbox 1870 3454 2144 3522; x_wconf 87' lang='lat' dir='ltr'><strong>impietate</strong></span> 
     </span>
    </p>
   </div>
   <div class='ocr_carea' id='block_1_52' title="bbox 565 3541 2138 3612">
    <p class='ocr_par' dir='ltr' id='par_1_52' title="bbox 565 3541 2138 3612">
     <span class='ocr_line' id='line_1_52' title="bbox 565 3541 2138 3612; baseline 0.004 -19"><span class='ocrx_word' id='word_1_390' title='bbox 565 3541 729 3594; x_wconf 89' lang='lat' dir='ltr'><strong>etiam</strong></span> <span class='ocrx_word' id='word_1_391' title='bbox 789 3541 1220 3611; x_wconf 88' lang='lat' dir='ltr'><strong>redargutionem</strong></span> <span class='ocrx_word' id='word_1_392' title='bbox 1275 3557 1456 3597; x_wconf 89' lang='lat' dir='ltr'><strong>sermo</strong></span> <span class='ocrx_word' id='word_1_393' title='bbox 1523 3559 1707 3598; x_wconf 88' lang='lat' dir='ltr'><strong>eorum</strong></span> <span class='ocrx_word' id='word_1_394' title='bbox 1773 3543 2138 3612; x_wconf 88' lang='lat' dir='ltr'><strong>circumferet,</strong></span> 
     </span>
    </p>
   </div>
   <div class='ocr_carea' id='block_1_53' title="bbox 565 3632 2140 3702">
    <p class='ocr_par' dir='ltr' id='par_1_53' title="bbox 565 3632 2140 3702">
     <span class='ocr_line' id='line_1_53' title="bbox 565 3632 2140 3702; baseline 0.005 -18"><span class='ocrx_word' id='word_1_395' title='bbox 565 3632 817 3702; x_wconf 90' lang='lat' dir='ltr'><strong>quoniam</strong></span> <span class='ocrx_word' id='word_1_396' title='bbox 869 3648 974 3688; x_wconf 92' lang='lat' dir='ltr'><strong>non</strong></span> <span class='ocrx_word' id='word_1_397' title='bbox 1024 3634 1076 3688; x_wconf 92' lang='lat' dir='ltr'><strong>in</strong></span> <span class='ocrx_word' id='word_1_398' title='bbox 1129 3649 1313 3689; x_wconf 89' lang='lat' dir='ltr'><strong>verum</strong></span> <span class='ocrx_word' id='word_1_399' title='bbox 1364 3644 1420 3690; x_wconf 91' lang='lat' dir='ltr'><strong>et</strong></span> <span class='ocrx_word' id='word_1_400' title='bbox 1491 3638 1754 3693; x_wconf 84' lang='lat' dir='ltr'><strong>veraciter</strong></span> <span class='ocrx_word' id='word_1_401' title='bbox 1823 3639 2140 3693; x_wconf 76' lang='lat' dir='ltr'><strong>existentem</strong></span> 
     </span>
    </p>
   </div>
   <div class='ocr_carea' id='block_1_54' title="bbox 567 3723 2142 3800">
    <p class='ocr_par' dir='ltr' id='par_1_54' title="bbox 567 3723 2142 3800">
     <span class='ocr_line' id='line_1_54' title="bbox 567 3723 2142 3800; baseline 0.003 -23"><span class='ocrx_word' id='word_1_402' title='bbox 567 3723 838 3778; x_wconf 90' lang='lat' dir='ltr'><strong>Christum</strong></span> <span class='ocrx_word' id='word_1_403' title='bbox 866 3724 1092 3780; x_wconf 89' lang='lat' dir='ltr'><strong>credunt</strong></span> <span class='ocrx_word' id='word_1_404' title='bbox 1125 3735 1287 3795; x_wconf 90' lang='lat' dir='ltr'><strong>atque</strong></span> <span class='ocrx_word' id='word_1_405' title='bbox 1314 3727 1607 3796; x_wconf 79' lang='lat' dir='ltr'><strong>haptiaant,</strong></span> <span class='ocrx_word' id='word_1_406' title='bbox 1650 3743 1748 3784; x_wconf 91' lang='lat' dir='ltr'><strong>nec</strong></span> <span class='ocrx_word' id='word_1_407' title='bbox 1777 3729 1916 3784; x_wconf 92' lang='lat' dir='ltr'><strong>illius</strong></span> <span class='ocrx_word' id='word_1_408' title='bbox 1948 3745 2142 3800; x_wconf 89' lang='lat' dir='ltr'><strong>corpus</strong></span> 
     </span>
    </p>
   </div>
   <div class='ocr_carea' id='block_1_55' title="bbox 567 3819 2139 3890">
    <p class='ocr_par' dir='ltr' id='par_1_55' title="bbox 567 3819 2139 3890">
     <span class='ocr_line' id='line_1_55' title="bbox 567 3819 2139 3890; baseline 0.004 -19"><span class='ocrx_word' id='word_1_409' title='bbox 567 3827 622 3871; x_wconf 90' lang='lat' dir='ltr'><strong>ct</strong></span> <span class='ocrx_word' id='word_1_410' title='bbox 653 3819 963 3890; x_wconf 84' lang='lat' dir='ltr'><strong>sanguinem</strong></span> <span class='ocrx_word' id='word_1_411' title='bbox 1009 3820 1278 3889; x_wconf 85' lang='lat' dir='ltr'><strong>accipiunt</strong></span> <span class='ocrx_word' id='word_1_412' title='bbox 1320 3830 1376 3874; x_wconf 89' lang='lat' dir='ltr'><strong>et</strong></span> <span class='ocrx_word' id='word_1_413' title='bbox 1413 3822 1756 3877; x_wconf 89' lang='lat' dir='ltr'><strong>distribuunt.</strong></span> <span class='ocrx_word' id='word_1_414' title='bbox 1797 3822 1946 3877; x_wconf 85' lang='lat' dir='ltr'><strong>Illum</strong></span> <span class='ocrx_word' id='word_1_415' title='bbox 1976 3823 2139 3888; x_wconf 90' lang='lat' dir='ltr'><strong>enim,</strong></span> 
     </span>
    </p>
   </div>
   <div class='ocr_carea' id='block_1_56' title="bbox 571 3909 2140 3978">
    <p class='ocr_par' dir='ltr' id='par_1_56' title="bbox 571 3909 2140 3978">
     <span class='ocr_line' id='line_1_56' title="bbox 571 3909 2140 3978; baseline 0.004 -19"><span class='ocrx_word' id='word_1_416' title='bbox 571 3921 756 3961; x_wconf 89' lang='lat' dir='ltr'><strong>verum</strong></span> <span class='ocrx_word' id='word_1_417' title='bbox 787 3909 992 3964; x_wconf 87' lang='lat' dir='ltr'><strong>scilicet</strong></span> <span class='ocrx_word' id='word_1_418' title='bbox 1021 3918 1075 3964; x_wconf 92' lang='lat' dir='ltr'><strong>et</strong></span> <span class='ocrx_word' id='word_1_419' title='bbox 1098 3910 1188 3978; x_wconf 88' lang='lat' dir='ltr'><strong>qui</strong></span> <span class='ocrx_word' id='word_1_420' title='bbox 1217 3924 1344 3964; x_wconf 87' lang='lat' dir='ltr'><strong>vere</strong></span> <span class='ocrx_word' id='word_1_421' title='bbox 1379 3911 1642 3974; x_wconf 88' lang='lat' dir='ltr'><strong>consistit,</strong></span> <span class='ocrx_word' id='word_1_422' title='bbox 1679 3910 1950 3966; x_wconf 86' lang='lat' dir='ltr'><strong>Christum</strong></span> <span class='ocrx_word' id='word_1_423' title='bbox 1975 3913 2140 3966; x_wconf 88' lang='lat' dir='ltr'><strong>Deum</strong></span> 
     </span>
    </p>
   </div>
   <div class='ocr_carea' id='block_1_57' title="bbox 568 3998 2144 4072">
    <p class='ocr_par' dir='ltr' id='par_1_57' title="bbox 568 3998 2144 4072">
     <span class='ocr_line' id='line_1_57' title="bbox 568 3998 2144 4072; baseline 0.003 -20"><span class='ocrx_word' id='word_1_424' title='bbox 568 3998 726 4052; x_wconf 84' lang='lat' dir='ltr'><strong>simul</strong></span> <span class='ocrx_word' id='word_1_425' title='bbox 775 4006 830 4054; x_wconf 88' lang='lat' dir='ltr'><strong>et</strong></span> <span class='ocrx_word' id='word_1_426' title='bbox 870 3999 1138 4054; x_wconf 88' lang='lat' dir='ltr'><strong>hominem</strong></span> <span class='ocrx_word' id='word_1_427' title='bbox 1173 4000 1356 4070; x_wconf 87' lang='lat' dir='ltr'><strong>inclyti</strong></span> <span class='ocrx_word' id='word_1_428' title='bbox 1404 4001 1647 4071; x_wconf 77' lang='lat' dir='ltr'><strong>magistri</strong></span> <span class='ocrx_word' id='word_1_429' title='bbox 1699 4003 1867 4056; x_wconf 91' lang='lat' dir='ltr'><strong>nostri</strong></span> <span class='ocrx_word' id='word_1_430' title='bbox 1917 4017 1980 4057; x_wconf 91' lang='lat' dir='ltr'><strong>ac</strong></span> <span class='ocrx_word' id='word_1_431' title='bbox 2009 4017 2144 4072; x_wconf 73' lang='lat' dir='ltr'><strong>prte-</strong></span> 
     </span>
    </p>
   </div>
   <div class='ocr_carea' id='block_1_58' title="bbox 570 4089 2145 4163">
    <p class='ocr_par' dir='ltr' id='par_1_58' title="bbox 570 4089 2145 4163">
     <span class='ocr_line' id='line_1_58' title="bbox 570 4089 2145 4163; baseline 0.006 -24"><span class='ocrx_word' id='word_1_432' title='bbox 570 4097 816 4157; x_wconf 82' lang='lat' dir='ltr'><strong>ceptorcs</strong></span> <span class='ocrx_word' id='word_1_433' title='bbox 861 4089 1112 4153; x_wconf 80' lang='lat' dir='ltr'><strong>scientes,</strong></span> <span class='ocrx_word' id='word_1_434' title='bbox 1167 4091 1300 4145; x_wconf 88' lang='lat' dir='ltr'><strong>duas</strong></span> <span class='ocrx_word' id='word_1_435' title='bbox 1346 4099 1399 4145; x_wconf 91' lang='lat' dir='ltr'><strong>et</strong></span> <span class='ocrx_word' id='word_1_436' title='bbox 1444 4093 1648 4146; x_wconf 88' lang='lat' dir='ltr'><strong>tantum</strong></span> <span class='ocrx_word' id='word_1_437' title='bbox 1700 4095 2145 4163; x_wconf 88' lang='lat' dir='ltr'><strong>quemadmodum</strong></span> 
     </span>
    </p>
   </div>
   <div class='ocr_carea' id='block_1_59' title="bbox 570 4177 2148 4255">
    <p class='ocr_par' dir='ltr' id='par_1_59' title="bbox 570 4177 2148 4255">
     <span class='ocr_line' id='line_1_59' title="bbox 570 4177 2148 4255; baseline 0.004 -24"><span class='ocrx_word' id='word_1_438' title='bbox 570 4187 812 4241; x_wconf 89' lang='lat' dir='ltr'><strong>naturas,</strong></span> <span class='ocrx_word' id='word_1_439' title='bbox 842 4177 920 4232; x_wconf 91' lang='lat' dir='ltr'><strong>sic</strong></span> <span class='ocrx_word' id='word_1_440' title='bbox 943 4178 1104 4232; x_wconf 89' lang='lat' dir='ltr'><strong>etiam</strong></span> <span class='ocrx_word' id='word_1_441' title='bbox 1130 4187 1184 4234; x_wconf 89' lang='lat' dir='ltr'><strong>et</strong></span> <span class='ocrx_word' id='word_1_442' title='bbox 1206 4179 1339 4234; x_wconf 91' lang='lat' dir='ltr'><strong>duas</strong></span> <span class='ocrx_word' id='word_1_443' title='bbox 1357 4179 1677 4255; x_wconf 67' lang='lat' dir='ltr'><strong>voluntates,</strong></span> <span class='ocrx_word' id='word_1_444' title='bbox 1704 4191 1760 4237; x_wconf 91' lang='lat' dir='ltr'><strong>et</strong></span> <span class='ocrx_word' id='word_1_445' title='bbox 1781 4184 1999 4238; x_wconf 90' lang='lat' dir='ltr'><strong>totidem</strong></span> <span class='ocrx_word' id='word_1_446' title='bbox 2024 4199 2148 4254; x_wconf 85' lang='lat' dir='ltr'><strong>ope-</strong></span> 
     </span>
    </p>
   </div>
   <div class='ocr_carea' id='block_1_60' title="bbox 570 4271 2149 4344">
    <p class='ocr_par' dir='ltr' id='par_1_60' title="bbox 570 4271 2149 4344">
     <span class='ocr_line' id='line_1_60' title="bbox 570 4271 2149 4344; baseline 0.005 -22"><span class='ocrx_word' id='word_1_447' title='bbox 570 4271 804 4325; x_wconf 86' lang='lat' dir='ltr'><strong>rationes</strong></span> <span class='ocrx_word' id='word_1_448' title='bbox 830 4281 1186 4341; x_wconf 90' lang='lat' dir='ltr'><strong>congruentes</strong></span> <span class='ocrx_word' id='word_1_449' title='bbox 1231 4273 1354 4338; x_wconf 91' lang='lat' dir='ltr'><strong>sibi,</strong></span> <span class='ocrx_word' id='word_1_450' title='bbox 1386 4273 1621 4328; x_wconf 91' lang='lat' dir='ltr'><strong>divinam</strong></span> <span class='ocrx_word' id='word_1_451' title='bbox 1667 4274 1895 4341; x_wconf 90' lang='lat' dir='ltr'><strong>scilicet,</strong></span> <span class='ocrx_word' id='word_1_452' title='bbox 1943 4285 2001 4330; x_wconf 90' lang='lat' dir='ltr'><strong>ut</strong></span> <span class='ocrx_word' id='word_1_453' title='bbox 2035 4275 2149 4344; x_wconf 86' lang='lat' dir='ltr'><strong>jam</strong></span> 
     </span>
    </p>
   </div>
   <div class='ocr_carea' id='block_1_61' title="bbox 569 4358 2156 4431">
    <p class='ocr_par' dir='ltr' id='par_1_61' title="bbox 569 4358 2156 4431">
     <span class='ocr_line' id='line_1_61' title="bbox 569 4358 2156 4431; baseline 0.006 -20"><span class='ocrx_word' id='word_1_454' title='bbox 569 4358 768 4413; x_wconf 81' lang='lat' dir='ltr'><strong>dit-tum</strong></span> <span class='ocrx_word' id='word_1_455' title='bbox 792 4369 876 4414; x_wconf 87' lang='lat' dir='ltr'><strong>est</strong></span> <span class='ocrx_word' id='word_1_456' title='bbox 901 4368 956 4416; x_wconf 93' lang='lat' dir='ltr'><strong>et</strong></span> <span class='ocrx_word' id='word_1_457' title='bbox 993 4361 1399 4431; x_wconf 87' lang='lat' dir='ltr'><strong>comprobatum</strong></span> <span class='ocrx_word' id='word_1_458' title='bbox 1421 4370 1524 4429; x_wconf 87' lang='lat' dir='ltr'><strong>est,</strong></span> <span class='ocrx_word' id='word_1_459' title='bbox 1561 4372 1617 4419; x_wconf 89' lang='lat' dir='ltr'><strong>et</strong></span> <span class='ocrx_word' id='word_1_460' title='bbox 1641 4363 1951 4429; x_wconf 89' lang='lat' dir='ltr'><strong>humanam,</strong></span> <span class='ocrx_word' id='word_1_461' title='bbox 1980 4365 2156 4421; x_wconf 82' lang='lat' dir='ltr'><strong>incre-</strong></span> 
     </span>
    </p>
   </div>
   <div class='ocr_carea' id='block_1_62' title="bbox 2241 1907 3806 1978">
    <p class='ocr_par' dir='ltr' id='par_1_62' title="bbox 2241 1907 3806 1978">
     <span class='ocr_line' id='line_1_62' title="bbox 2241 1907 3806 1978; baseline -0.001 -16"><span class='ocrx_word' id='word_1_462' title='bbox 2241 1907 2634 1963; x_wconf 89' lang='lat' dir='ltr'><strong>communionis</strong></span> <span class='ocrx_word' id='word_1_463' title='bbox 2655 1907 2850 1962; x_wconf 87' lang='lat' dir='ltr'><strong>viviﬁci</strong></span> <span class='ocrx_word' id='word_1_464' title='bbox 2873 1907 3115 1978; x_wconf 89' lang='lat' dir='ltr'><strong>corporis</strong></span> <span class='ocrx_word' id='word_1_465' title='bbox 3141 1916 3197 1961; x_wconf 90' lang='lat' dir='ltr'><strong>et</strong></span> <span class='ocrx_word' id='word_1_466' title='bbox 3216 1907 3496 1976; x_wconf 83' lang='lat' dir='ltr'><strong>sanguinis</strong></span> <span class='ocrx_word' id='word_1_467' title='bbox 3522 1909 3699 1976; x_wconf 82' lang='lat' dir='ltr'><strong>magni</strong></span> <span class='ocrx_word' id='word_1_468' title='bbox 3728 1908 3806 1961; x_wconf 84' lang='lat' dir='ltr'><strong>Dei</strong></span> 
     </span>
    </p>
   </div>
   <div class='ocr_carea' id='block_1_63' title="bbox 2241 2002 3808 2073">
    <p class='ocr_par' dir='ltr' id='par_1_63' title="bbox 2241 2002 3808 2073">
     <span class='ocr_line' id='line_1_63' title="bbox 2241 2002 3808 2073; baseline 0 -15"><span class='ocrx_word' id='word_1_469' title='bbox 2241 2012 2296 2058; x_wconf 91' lang='lat' dir='ltr'><strong>et</strong></span> <span class='ocrx_word' id='word_1_470' title='bbox 2322 2002 2605 2059; x_wconf 90' lang='lat' dir='ltr'><strong>salvatoris</strong></span> <span class='ocrx_word' id='word_1_471' title='bbox 2634 2003 2801 2058; x_wconf 91' lang='lat' dir='ltr'><strong>nostri</strong></span> <span class='ocrx_word' id='word_1_472' title='bbox 2830 2002 2957 2058; x_wconf 81' lang='lat' dir='ltr'><strong>Jesu</strong></span> <span class='ocrx_word' id='word_1_473' title='bbox 2986 2002 3183 2058; x_wconf 86' lang='lat' dir='ltr'><strong>Christi</strong></span> <span class='ocrx_word' id='word_1_474' title='bbox 3212 2013 3580 2073; x_wconf 89' lang='lat' dir='ltr'><strong>sequestrant.</strong></span> <span class='ocrx_word' id='word_1_475' title='bbox 3609 2006 3673 2059; x_wconf 83' lang='lat' dir='ltr'><strong>Et</strong></span> <span class='ocrx_word' id='word_1_476' title='bbox 3709 2006 3808 2059; x_wconf 60' lang='lat' dir='ltr'><strong>hac</strong></span> 
     </span>
    </p>
   </div>
   <div class='ocr_carea' id='block_1_64' title="bbox 2241 2089 3809 2161">
    <p class='ocr_par' dir='ltr' id='par_1_64' title="bbox 2241 2089 3809 2161">
     <span class='ocr_line' id='line_1_64' title="bbox 2241 2089 3809 2161; baseline 0.003 -17"><span class='ocrx_word' id='word_1_477' title='bbox 2241 2089 2446 2161; x_wconf 87' lang='lat' dir='ltr'><strong>liquido</strong></span> <span class='ocrx_word' id='word_1_478' title='bbox 2474 2105 2590 2156; x_wconf 91' lang='lat' dir='ltr'><strong>nos,</strong></span> <span class='ocrx_word' id='word_1_479' title='bbox 2619 2100 2675 2146; x_wconf 87' lang='lat' dir='ltr'><strong>et</strong></span> <span class='ocrx_word' id='word_1_480' title='bbox 2718 2090 2864 2146; x_wconf 87' lang='lat' dir='ltr'><strong>nullo</strong></span> <span class='ocrx_word' id='word_1_481' title='bbox 2929 2091 3168 2146; x_wconf 89' lang='lat' dir='ltr'><strong>intuente</strong></span> <span class='ocrx_word' id='word_1_482' title='bbox 3212 2099 3266 2147; x_wconf 91' lang='lat' dir='ltr'><strong>et</strong></span> <span class='ocrx_word' id='word_1_483' title='bbox 3308 2092 3518 2147; x_wconf 87' lang='lat' dir='ltr'><strong>sciente</strong></span> <span class='ocrx_word' id='word_1_484' title='bbox 3561 2093 3809 2148; x_wconf 86' lang='lat' dir='ltr'><strong>obstantis</strong></span> 
     </span>
    </p>
   </div>
   <div class='ocr_carea' id='block_1_65' title="bbox 2241 2179 3806 2250">
    <p class='ocr_par' dir='ltr' id='par_1_65' title="bbox 2241 2179 3806 2250">
     <span class='ocr_line' id='line_1_65' title="bbox 2241 2179 3806 2250; baseline 0.003 -18"><span class='ocrx_word' id='word_1_485' title='bbox 2241 2179 2530 2246; x_wconf 89' lang='lat' dir='ltr'><strong>velamine,</strong></span> <span class='ocrx_word' id='word_1_486' title='bbox 2561 2195 2669 2236; x_wconf 90' lang='lat' dir='ltr'><strong>non</strong></span> <span class='ocrx_word' id='word_1_487' title='bbox 2699 2180 2869 2234; x_wconf 93' lang='lat' dir='ltr'><strong>solum</strong></span> <span class='ocrx_word' id='word_1_488' title='bbox 2897 2189 3117 2250; x_wconf 91' lang='lat' dir='ltr'><strong>propter</strong></span> <span class='ocrx_word' id='word_1_489' title='bbox 3141 2179 3526 2234; x_wconf 82' lang='lat' dir='ltr'><strong>multiformem</strong></span> <span class='ocrx_word' id='word_1_490' title='bbox 3558 2196 3806 2244; x_wconf 86' lang='lat' dir='ltr'><strong>errorem,</strong></span> 
     </span>
    </p>
   </div>
   <div class='ocr_carea' id='block_1_66' title="bbox 2243 2270 3806 2341">
    <p class='ocr_par' dir='ltr' id='par_1_66' title="bbox 2243 2270 3806 2341">
     <span class='ocr_line' id='line_1_66' title="bbox 2243 2270 3806 2341; baseline -0.001 -18"><span class='ocrx_word' id='word_1_491' title='bbox 2243 2284 2430 2325; x_wconf 85' lang='lat' dir='ltr'><strong>verum</strong></span> <span class='ocrx_word' id='word_1_492' title='bbox 2455 2271 2619 2326; x_wconf 90' lang='lat' dir='ltr'><strong>etiam</strong></span> <span class='ocrx_word' id='word_1_493' title='bbox 2648 2279 2702 2325; x_wconf 88' lang='lat' dir='ltr'><strong>et</strong></span> <span class='ocrx_word' id='word_1_494' title='bbox 2724 2280 2944 2341; x_wconf 89' lang='lat' dir='ltr'><strong>propter</strong></span> <span class='ocrx_word' id='word_1_495' title='bbox 2987 2270 3416 2336; x_wconf 86' lang='lat' dir='ltr'><strong>instabilitatem,</strong></span> <span class='ocrx_word' id='word_1_496' title='bbox 3441 2279 3496 2326; x_wconf 86' lang='lat' dir='ltr'><strong>et</strong></span> <span class='ocrx_word' id='word_1_497' title='bbox 3526 2271 3806 2325; x_wconf 75' lang='lat' dir='ltr'><strong>absurdita-</strong></span> 
     </span>
    </p>
   </div>
   <div class='ocr_carea' id='block_1_67' title="bbox 2245 2361 3809 2433">
    <p class='ocr_par' dir='ltr' id='par_1_67' title="bbox 2245 2361 3809 2433">
     <span class='ocr_line' id='line_1_67' title="bbox 2245 2361 3809 2433; baseline -0.002 -15"><span class='ocrx_word' id='word_1_498' title='bbox 2245 2371 2376 2428; x_wconf 90' lang='lat' dir='ltr'><strong>tem,</strong></span> <span class='ocrx_word' id='word_1_499' title='bbox 2401 2377 2465 2416; x_wconf 90' lang='lat' dir='ltr'><strong>ac</strong></span> <span class='ocrx_word' id='word_1_500' title='bbox 2509 2362 2990 2433; x_wconf 90' lang='lat' dir='ltr'><strong>reciprocationem</strong></span> <span class='ocrx_word' id='word_1_501' title='bbox 3036 2361 3218 2416; x_wconf 88' lang='lat' dir='ltr'><strong>talium</strong></span> <span class='ocrx_word' id='word_1_502' title='bbox 3249 2362 3488 2418; x_wconf 91' lang='lat' dir='ltr'><strong>virorum</strong></span> <span class='ocrx_word' id='word_1_503' title='bbox 3513 2371 3571 2417; x_wconf 90' lang='lat' dir='ltr'><strong>et</strong></span> <span class='ocrx_word' id='word_1_504' title='bbox 3607 2364 3809 2433; x_wconf 81' lang='lat' dir='ltr'><strong>dogma-</strong></span> 
     </span>
    </p>
   </div>
   <div class='ocr_carea' id='block_1_68' title="bbox 2245 2453 3808 2524">
    <p class='ocr_par' dir='ltr' id='par_1_68' title="bbox 2245 2453 3808 2524">
     <span class='ocr_line' id='line_1_68' title="bbox 2245 2453 3808 2524; baseline -0.003 -15"><span class='ocrx_word' id='word_1_505' title='bbox 2245 2463 2379 2520; x_wconf 91' lang='lat' dir='ltr'><strong>tum,</strong></span> <span class='ocrx_word' id='word_1_506' title='bbox 2406 2454 2553 2510; x_wconf 91' lang='lat' dir='ltr'><strong>omni</strong></span> <span class='ocrx_word' id='word_1_507' title='bbox 2578 2454 2820 2510; x_wconf 88' lang='lat' dir='ltr'><strong>custodia</strong></span> <span class='ocrx_word' id='word_1_508' title='bbox 2843 2453 3196 2523; x_wconf 87' lang='lat' dir='ltr'><strong>nosmetipsos</strong></span> <span class='ocrx_word' id='word_1_509' title='bbox 3223 2454 3292 2508; x_wconf 88' lang='lat' dir='ltr'><strong>ab</strong></span> <span class='ocrx_word' id='word_1_510' title='bbox 3317 2453 3531 2508; x_wconf 89' lang='lat' dir='ltr'><strong>illorum</strong></span> <span class='ocrx_word' id='word_1_511' title='bbox 3556 2455 3808 2524; x_wconf 75' lang='lat' dir='ltr'><strong>impietate</strong></span> 
     </span>
    </p>
   </div>
   <div class='ocr_carea' id='block_1_69' title="bbox 2244 2543 3806 2614">
    <p class='ocr_par' dir='ltr' id='par_1_69' title="bbox 2244 2543 3806 2614">
     <span class='ocr_line' id='line_1_69' title="bbox 2244 2543 3806 2614; baseline -0.002 -14"><span class='ocrx_word' id='word_1_512' title='bbox 2244 2554 2299 2600; x_wconf 83' lang='lat' dir='ltr'><strong>et</strong></span> <span class='ocrx_word' id='word_1_513' title='bbox 2319 2546 2698 2600; x_wconf 89' lang='lat' dir='ltr'><strong>communione</strong></span> <span class='ocrx_word' id='word_1_514' title='bbox 2727 2559 3024 2610; x_wconf 86' lang='lat' dir='ltr'><strong>servemus,</strong></span> <span class='ocrx_word' id='word_1_515' title='bbox 3055 2553 3316 2614; x_wconf 86' lang='lat' dir='ltr'><strong>quotquot</strong></span> <span class='ocrx_word' id='word_1_516' title='bbox 3348 2545 3401 2599; x_wconf 92' lang='lat' dir='ltr'><strong>in</strong></span> <span class='ocrx_word' id='word_1_517' title='bbox 3437 2543 3670 2598; x_wconf 82' lang='lat' dir='ltr'><strong>veritate</strong></span> <span class='ocrx_word' id='word_1_518' title='bbox 3703 2559 3806 2598; x_wconf 87' lang='lat' dir='ltr'><strong>esse</strong></span> 
     </span>
    </p>
   </div>
   <div class='ocr_carea' id='block_1_70' title="bbox 2245 2633 3810 2704">
    <p class='ocr_par' dir='ltr' id='par_1_70' title="bbox 2245 2633 3810 2704">
     <span class='ocr_line' id='line_1_70' title="bbox 2245 2633 3810 2704; baseline -0.003 -14"><span class='ocrx_word' id='word_1_519' title='bbox 2245 2649 2310 2690; x_wconf 88' lang='lat' dir='ltr'><strong>ac</strong></span> <span class='ocrx_word' id='word_1_520' title='bbox 2335 2633 2440 2690; x_wconf 90' lang='lat' dir='ltr'><strong>dici</strong></span> <span class='ocrx_word' id='word_1_521' title='bbox 2465 2634 2758 2690; x_wconf 91' lang='lat' dir='ltr'><strong>Christiani</strong></span> <span class='ocrx_word' id='word_1_522' title='bbox 2788 2633 3054 2689; x_wconf 90' lang='lat' dir='ltr'><strong>volumus.</strong></span> <span class='ocrx_word' id='word_1_523' title='bbox 3083 2633 3333 2689; x_wconf 67' lang='lat' dir='ltr'><strong>Alienum</strong></span> <span class='ocrx_word' id='word_1_524' title='bbox 3369 2635 3569 2704; x_wconf 85' lang='lat' dir='ltr'><strong>quippe</strong></span> <span class='ocrx_word' id='word_1_525' title='bbox 3597 2649 3631 2688; x_wconf 82' lang='lat' dir='ltr'><strong>a</strong></span> <span class='ocrx_word' id='word_1_526' title='bbox 3673 2633 3810 2688; x_wconf 80' lang='lat' dir='ltr'><strong>Chri-</strong></span> 
     </span>
    </p>
   </div>
   <div class='ocr_carea' id='block_1_71' title="bbox 2245 2726 3807 2796">
    <p class='ocr_par' dir='ltr' id='par_1_71' title="bbox 2245 2726 3807 2796">
     <span class='ocr_line' id='line_1_71' title="bbox 2245 2726 3807 2796; baseline -0.003 -14"><span class='ocrx_word' id='word_1_527' title='bbox 2245 2728 2434 2783; x_wconf 90' lang='lat' dir='ltr'><strong>stianis</strong></span> <span class='ocrx_word' id='word_1_528' title='bbox 2463 2735 2563 2792; x_wconf 90' lang='lat' dir='ltr'><strong>est,</strong></span> <span class='ocrx_word' id='word_1_529' title='bbox 2593 2743 2714 2782; x_wconf 93' lang='lat' dir='ltr'><strong>cum</strong></span> <span class='ocrx_word' id='word_1_530' title='bbox 2745 2726 3063 2782; x_wconf 77' lang='lat' dir='ltr'><strong>orthodoxia</strong></span> <span class='ocrx_word' id='word_1_531' title='bbox 3095 2727 3256 2781; x_wconf 89' lang='lat' dir='ltr'><strong>etiam</strong></span> <span class='ocrx_word' id='word_1_532' title='bbox 3289 2726 3622 2796; x_wconf 84' lang='lat' dir='ltr'><strong>impietatem</strong></span> <span class='ocrx_word' id='word_1_533' title='bbox 3656 2726 3807 2780; x_wconf 68' lang='lat' dir='ltr'><strong>susci-</strong></span> 
     </span>
    </p>
   </div>
   <div class='ocr_carea' id='block_1_72' title="bbox 2242 2815 3807 2888">
    <p class='ocr_par' dir='ltr' id='par_1_72' title="bbox 2242 2815 3807 2888">
     <span class='ocr_line' id='line_1_72' title="bbox 2242 2815 3807 2888; baseline -0.003 -17"><span class='ocrx_word' id='word_1_534' title='bbox 2242 2831 2389 2888; x_wconf 88' lang='lat' dir='ltr'><strong>pere,</strong></span> <span class='ocrx_word' id='word_1_535' title='bbox 2419 2825 2510 2872; x_wconf 89' lang='lat' dir='ltr'><strong>aut</strong></span> <span class='ocrx_word' id='word_1_536' title='bbox 2532 2817 2772 2873; x_wconf 88' lang='lat' dir='ltr'><strong>conﬁteri</strong></span> <span class='ocrx_word' id='word_1_537' title='bbox 2803 2817 3019 2888; x_wconf 90' lang='lat' dir='ltr'><strong>quidem</strong></span> <span class='ocrx_word' id='word_1_538' title='bbox 3064 2817 3420 2872; x_wconf 77' lang='lat' dir='ltr'><strong>orthodoxam</strong></span> <span class='ocrx_word' id='word_1_539' title='bbox 3465 2815 3650 2878; x_wconf 86' lang='lat' dir='ltr'><strong>ﬁdem,</strong></span> <span class='ocrx_word' id='word_1_540' title='bbox 3678 2830 3807 2870; x_wconf 85' lang='lat' dir='ltr'><strong>com-</strong></span> 
     </span>
    </p>
   </div>
   <div class='ocr_carea' id='block_1_73' title="bbox 2243 2907 3807 2977">
    <p class='ocr_par' dir='ltr' id='par_1_73' title="bbox 2243 2907 3807 2977">
     <span class='ocr_line' id='line_1_73' title="bbox 2243 2907 3807 2977; baseline -0.002 -15"><span class='ocrx_word' id='word_1_541' title='bbox 2243 2909 2520 2964; x_wconf 89' lang='lat' dir='ltr'><strong>municare</strong></span> <span class='ocrx_word' id='word_1_542' title='bbox 2557 2923 2684 2963; x_wconf 90' lang='lat' dir='ltr'><strong>vero</strong></span> <span class='ocrx_word' id='word_1_543' title='bbox 2723 2908 2807 2963; x_wconf 91' lang='lat' dir='ltr'><strong>his</strong></span> <span class='ocrx_word' id='word_1_544' title='bbox 2851 2908 2941 2977; x_wconf 85' lang='lat' dir='ltr'><strong>qui</strong></span> <span class='ocrx_word' id='word_1_545' title='bbox 2970 2907 3108 2962; x_wconf 91' lang='lat' dir='ltr'><strong>hanc</strong></span> <span class='ocrx_word' id='word_1_546' title='bbox 3151 2922 3249 2977; x_wconf 89' lang='lat' dir='ltr'><strong>per</strong></span> <span class='ocrx_word' id='word_1_547' title='bbox 3290 2921 3458 2962; x_wconf 88' lang='lat' dir='ltr'><strong>novas</strong></span> <span class='ocrx_word' id='word_1_548' title='bbox 3488 2907 3807 2960; x_wconf 84' lang='lat' dir='ltr'><strong>inventiones</strong></span> 
     </span>
    </p>
   </div>
   <div class='ocr_carea' id='block_1_74' title="bbox 2245 2998 3807 3070">
    <p class='ocr_par' dir='ltr' id='par_1_74' title="bbox 2245 2998 3807 3070">
     <span class='ocr_line' id='line_1_74' title="bbox 2245 2998 3807 3070; baseline -0.003 -16"><span class='ocrx_word' id='word_1_549' title='bbox 2245 2999 2512 3069; x_wconf 89' lang='lat' dir='ltr'><strong>abnegant</strong></span> <span class='ocrx_word' id='word_1_550' title='bbox 2555 3006 2611 3052; x_wconf 91' lang='lat' dir='ltr'><strong>et</strong></span> <span class='ocrx_word' id='word_1_551' title='bbox 2657 2998 2983 3053; x_wconf 79' lang='lat' dir='ltr'><strong>adulteram.</strong></span> <span class='ocrx_word' id='word_1_552' title='bbox 3007 2998 3239 3070; x_wconf 69' lang='lat' dir='ltr'><strong>ProptEr</strong></span> <span class='ocrx_word' id='word_1_553' title='bbox 3282 2999 3426 3069; x_wconf 89' lang='lat' dir='ltr'><strong>quod</strong></span> <span class='ocrx_word' id='word_1_554' title='bbox 3463 2998 3647 3054; x_wconf 77' lang='lat' dir='ltr'><strong>divina</strong></span> <span class='ocrx_word' id='word_1_555' title='bbox 3673 2998 3807 3052; x_wconf 77' lang='lat' dir='ltr'><strong>nobis</strong></span> 
     </span>
    </p>
   </div>
   <div class='ocr_carea' id='block_1_75' title="bbox 2245 3089 3806 3161">
    <p class='ocr_par' dir='ltr' id='par_1_75' title="bbox 2245 3089 3806 3161">
     <span class='ocr_line' id='line_1_75' title="bbox 2245 3089 3806 3161; baseline -0.001 -17"><span class='ocrx_word' id='word_1_556' title='bbox 2245 3089 2331 3144; x_wconf 80' lang='lat' dir='ltr'><strong>lex</strong></span> <span class='ocrx_word' id='word_1_557' title='bbox 2361 3090 2522 3145; x_wconf 84' lang='lat' dir='ltr'><strong>simul</strong></span> <span class='ocrx_word' id='word_1_558' title='bbox 2548 3098 2602 3146; x_wconf 89' lang='lat' dir='ltr'><strong>et</strong></span> <span class='ocrx_word' id='word_1_559' title='bbox 2629 3090 2918 3161; x_wconf 73' lang='lat' dir='ltr'><strong>apestoii’ca</strong></span> <span class='ocrx_word' id='word_1_560' title='bbox 2954 3091 3128 3160; x_wconf 87' lang='lat' dir='ltr'><strong>jubet,</strong></span> <span class='ocrx_word' id='word_1_561' title='bbox 3171 3107 3264 3146; x_wconf 86' lang='lat' dir='ltr'><strong>eos</strong></span> <span class='ocrx_word' id='word_1_562' title='bbox 3305 3093 3417 3160; x_wconf 88' lang='lat' dir='ltr'><strong>qui,</strong></span> <span class='ocrx_word' id='word_1_563' title='bbox 3459 3091 3603 3145; x_wconf 87' lang='lat' dir='ltr'><strong>aliud</strong></span> <span class='ocrx_word' id='word_1_564' title='bbox 3631 3103 3806 3161; x_wconf 56' lang='grc' dir='ltr'><strong>ιιι-,ειη</strong></span> 
     </span>
    </p>
   </div>
   <div class='ocr_carea' id='block_1_76' title="bbox 2244 3183 3806 3254">
    <p class='ocr_par' dir='ltr' id='par_1_76' title="bbox 2244 3183 3806 3254">
     <span class='ocr_line' id='line_1_76' title="bbox 2244 3183 3806 3254; baseline -0.004 -15"><span class='ocrx_word' id='word_1_565' title='bbox 2244 3183 2386 3254; x_wconf 79' lang='lat' dir='ltr'><strong>quod</strong></span> <span class='ocrx_word' id='word_1_566' title='bbox 2438 3199 2468 3238; x_wconf 87' lang='lat' dir='ltr'><strong>a</strong></span> <span class='ocrx_word' id='word_1_567' title='bbox 2499 3183 2830 3240; x_wconf 86' lang='lat' dir='ltr'><strong>Christiferis</strong></span> <span class='ocrx_word' id='word_1_568' title='bbox 2863 3183 2994 3239; x_wconf 90' lang='lat' dir='ltr'><strong>viris</strong></span> <span class='ocrx_word' id='word_1_569' title='bbox 3041 3184 3364 3253; x_wconf 64' lang='lat' dir='ltr'><strong>accepimus,</strong></span> <span class='ocrx_word' id='word_1_570' title='bbox 3396 3183 3599 3238; x_wconf 89' lang='lat' dir='ltr'><strong>docere</strong></span> <span class='ocrx_word' id='word_1_571' title='bbox 3647 3183 3806 3240; x_wconf 83' lang='lat' dir='ltr'><strong>ac.in-</strong></span> 
     </span>
    </p>
   </div>
   <div class='ocr_carea' id='block_1_77' title="bbox 2245 3277 3804 3344">
    <p class='ocr_par' dir='ltr' id='par_1_77' title="bbox 2245 3277 3804 3344">
     <span class='ocr_line' id='line_1_77' title="bbox 2245 3277 3804 3344; baseline -0.004 -10"><span class='ocrx_word' id='word_1_572' title='bbox 2245 3281 2531 3335; x_wconf 89' lang='lat' dir='ltr'><strong>troducere</strong></span> <span class='ocrx_word' id='word_1_573' title='bbox 2555 3279 2731 3334; x_wconf 89' lang='lat' dir='ltr'><strong>conati</strong></span> <span class='ocrx_word' id='word_1_574' title='bbox 2767 3278 2982 3344; x_wconf 85' lang='lat' dir='ltr'><strong>fuerint,</strong></span> <span class='ocrx_word' id='word_1_575' title='bbox 3007 3288 3249 3334; x_wconf 89' lang='lat' dir='ltr'><strong>avertere</strong></span> <span class='ocrx_word' id='word_1_576' title='bbox 3266 3286 3320 3332; x_wconf 90' lang='lat' dir='ltr'><strong>et</strong></span> <span class='ocrx_word' id='word_1_577' title='bbox 3343 3277 3804 3337; x_wconf 79' lang='lat' dir='ltr'><strong>anathematizare,</strong></span> 
     </span>
    </p>
   </div>
   <div class='ocr_carea' id='block_1_78' title="bbox 2245 3367 3804 3436">
    <p class='ocr_par' dir='ltr' id='par_1_78' title="bbox 2245 3367 3804 3436">
     <span class='ocr_line' id='line_1_78' title="bbox 2245 3367 3804 3436; baseline -0.005 -11"><span class='ocrx_word' id='word_1_578' title='bbox 2245 3387 2352 3426; x_wconf 94' lang='lat' dir='ltr'><strong>non</strong></span> <span class='ocrx_word' id='word_1_579' title='bbox 2384 3380 2590 3425; x_wconf 86' lang='lat' dir='ltr'><strong>tantum</strong></span> <span class='ocrx_word' id='word_1_580' title='bbox 2625 3371 2669 3426; x_wconf 91' lang='lat' dir='ltr'><strong>si</strong></span> <span class='ocrx_word' id='word_1_581' title='bbox 2712 3372 2959 3426; x_wconf 89' lang='lat' dir='ltr'><strong>homines</strong></span> <span class='ocrx_word' id='word_1_582' title='bbox 2999 3370 3216 3434; x_wconf 83' lang='lat' dir='ltr'><strong>fuerint,</strong></span> <span class='ocrx_word' id='word_1_583' title='bbox 3263 3370 3356 3424; x_wconf 91' lang='lat' dir='ltr'><strong>sed</strong></span> <span class='ocrx_word' id='word_1_584' title='bbox 3401 3379 3459 3423; x_wconf 87' lang='lat' dir='ltr'><strong>et</strong></span> <span class='ocrx_word' id='word_1_585' title='bbox 3497 3368 3628 3423; x_wconf 84' lang='lat' dir='ltr'><strong>licet</strong></span> <span class='ocrx_word' id='word_1_586' title='bbox 3657 3367 3804 3436; x_wconf 76' lang='lat' dir='ltr'><strong>angeli</strong></span> 
     </span>
    </p>
   </div>
   <div class='ocr_carea' id='block_1_79' title="bbox 2244 3459 3806 3518">
    <p class='ocr_par' dir='ltr' id='par_1_79' title="bbox 2244 3459 3806 3518">
     <span class='ocr_line' id='line_1_79' title="bbox 2244 3459 3806 3518; baseline -0.004 -2"><span class='ocrx_word' id='word_1_587' title='bbox 2244 3460 2709 3518; x_wconf 72' lang='lat' dir='ltr'><strong>fortassisecmlo</strong></span> <span class='ocrx_word' id='word_1_588' title='bbox 2756 3462 3141 3518; x_wconf 89' lang='lat' dir='ltr'><strong>descendentes</strong></span> <span class='ocrx_word' id='word_1_589' title='bbox 3190 3459 3520 3514; x_wconf 79' lang='lat' dir='ltr'><strong>exstiterint.</strong></span> <span class='ocrx_word' id='word_1_590' title='bbox 3568 3459 3635 3512; x_wconf 84' lang='lat' dir='ltr'><strong>Et</strong></span> <span class='ocrx_word' id='word_1_591' title='bbox 3661 3460 3700 3512; x_wconf 90' lang='lat' dir='ltr'><strong>si</strong></span> <span class='ocrx_word' id='word_1_592' title='bbox 3724 3459 3806 3510; x_wconf 83' lang='lat' dir='ltr'><strong>hoc</strong></span> 
     </span>
    </p>
   </div>
   <div class='ocr_carea' id='block_1_80' title="bbox 2243 3547 3806 3621">
    <p class='ocr_par' dir='ltr' id='par_1_80' title="bbox 2243 3547 3806 3621">
     <span class='ocr_line' id='line_1_80' title="bbox 2243 3547 3806 3621; baseline -0.004 -14"><span class='ocrx_word' id='word_1_593' title='bbox 2243 3553 2533 3610; x_wconf 86' lang='lat' dir='ltr'><strong>fecerimus</strong></span> <span class='ocrx_word' id='word_1_594' title='bbox 2580 3564 2636 3609; x_wconf 90' lang='lat' dir='ltr'><strong>et</strong></span> <span class='ocrx_word' id='word_1_595' title='bbox 2669 3553 2901 3609; x_wconf 89' lang='lat' dir='ltr'><strong>divinam</strong></span> <span class='ocrx_word' id='word_1_596' title='bbox 2937 3553 3052 3607; x_wconf 89' lang='lat' dir='ltr'><strong>sine</strong></span> <span class='ocrx_word' id='word_1_597' title='bbox 3094 3551 3540 3621; x_wconf 70' lang='lat' dir='ltr'><strong>przevaricatione</strong></span> <span class='ocrx_word' id='word_1_598' title='bbox 3575 3547 3806 3616; x_wconf 63' lang='lat' dir='ltr'><strong>adimple—</strong></span> 
     </span>
    </p>
   </div>
   <div class='ocr_carea' id='block_1_81' title="bbox 2245 3639 3804 3716">
    <p class='ocr_par' dir='ltr' id='par_1_81' title="bbox 2245 3639 3804 3716">
     <span class='ocr_line' id='line_1_81' title="bbox 2245 3639 3804 3716; baseline -0.008 -16"><span class='ocrx_word' id='word_1_599' title='bbox 2245 3645 2483 3716; x_wconf 77' lang='lat' dir='ltr'><strong>verimus</strong></span> <span class='ocrx_word' id='word_1_600' title='bbox 2530 3644 2966 3714; x_wconf 72' lang='lat' dir='ltr'><strong>prteceptionem,</strong></span> <span class='ocrx_word' id='word_1_601' title='bbox 3007 3655 3322 3711; x_wconf 87' lang='lat' dir='ltr'><strong>sacramque</strong></span> <span class='ocrx_word' id='word_1_602' title='bbox 3367 3655 3431 3694; x_wconf 90' lang='lat' dir='ltr'><strong>ac</strong></span> <span class='ocrx_word' id='word_1_603' title='bbox 3473 3639 3804 3694; x_wconf 71' lang='lat' dir='ltr'><strong>orthodoxam</strong></span> 
     </span>
    </p>
   </div>
   <div class='ocr_carea' id='block_1_82' title="bbox 2248 3723 3806 3803">
    <p class='ocr_par' dir='ltr' id='par_1_82' title="bbox 2248 3723 3806 3803">
     <span class='ocr_line' id='line_1_82' title="bbox 2248 3723 3806 3803; baseline -0.004 -15"><span class='ocrx_word' id='word_1_604' title='bbox 2248 3723 2409 3788; x_wconf 74' lang='lat' dir='ltr'><strong>iidem</strong></span> <span class='ocrx_word' id='word_1_605' title='bbox 2431 3733 2631 3803; x_wconf 89' lang='lat' dir='ltr'><strong>absque</strong></span> <span class='ocrx_word' id='word_1_606' title='bbox 2657 3732 3044 3788; x_wconf 87' lang='lat' dir='ltr'><strong>adulteratione</strong></span> <span class='ocrx_word' id='word_1_607' title='bbox 3070 3731 3228 3786; x_wconf 90' lang='lat' dir='ltr'><strong>simul</strong></span> <span class='ocrx_word' id='word_1_608' title='bbox 3253 3740 3308 3785; x_wconf 88' lang='lat' dir='ltr'><strong>et</strong></span> <span class='ocrx_word' id='word_1_609' title='bbox 3336 3731 3683 3784; x_wconf 87' lang='lat' dir='ltr'><strong>innovatione</strong></span> <span class='ocrx_word' id='word_1_610' title='bbox 3703 3744 3806 3797; x_wconf 69' lang='lat' dir='ltr'><strong>pos-</strong></span> 
     </span>
    </p>
   </div>
   <div class='ocr_carea' id='block_1_83' title="bbox 2249 3816 3805 3896">
    <p class='ocr_par' dir='ltr' id='par_1_83' title="bbox 2249 3816 3805 3896">
     <span class='ocr_line' id='line_1_83' title="bbox 2249 3816 3805 3896; baseline -0.006 -16"><span class='ocrx_word' id='word_1_611' title='bbox 2249 3825 2622 3896; x_wconf 36' lang='lat' dir='ltr'><strong>sederimus&#39;et</strong></span> <span class='ocrx_word' id='word_1_612' title='bbox 2645 3823 2874 3879; x_wconf 90' lang='lat' dir='ltr'><strong>confessi</strong></span> <span class='ocrx_word' id='word_1_613' title='bbox 2915 3822 3193 3887; x_wconf 89' lang='lat' dir='ltr'><strong>fuerimus,</strong></span> <span class='ocrx_word' id='word_1_614' title='bbox 3223 3822 3290 3875; x_wconf 88' lang='lat' dir='ltr'><strong>ad</strong></span> <span class='ocrx_word' id='word_1_615' title='bbox 3325 3822 3497 3876; x_wconf 88' lang='lat' dir='ltr'><strong>vitam</strong></span> <span class='ocrx_word' id='word_1_616' title='bbox 3550 3821 3677 3874; x_wconf 86' lang='lat' dir='ltr'><strong>salvi</strong></span> <span class='ocrx_word' id='word_1_617' title='bbox 3715 3816 3805 3872; x_wconf 76' lang='lat' dir='ltr'><strong>efﬁ-</strong></span> 
     </span>
    </p>
   </div>
   <div class='ocr_carea' id='block_1_84' title="bbox 2249 3911 3800 3971">
    <p class='ocr_par' dir='ltr' id='par_1_84' title="bbox 2249 3911 3800 3971">
     <span class='ocr_line' id='line_1_84' title="bbox 2249 3911 3800 3971; baseline -0.007 0"><span class='ocrx_word' id='word_1_618' title='bbox 2249 3916 2457 3971; x_wconf 91' lang='lat' dir='ltr'><strong>ciemur</strong></span> <span class='ocrx_word' id='word_1_619' title='bbox 2501 3925 2760 3970; x_wconf 74' lang='lat' dir='ltr'><strong>reternam</strong></span> <span class='ocrx_word' id='word_1_620' title='bbox 2810 3915 2866 3969; x_wconf 90' lang='lat' dir='ltr'><strong>in</strong></span> <span class='ocrx_word' id='word_1_621' title='bbox 2929 3912 3146 3969; x_wconf 89' lang='lat' dir='ltr'><strong>Christo</strong></span> <span class='ocrx_word' id='word_1_622' title='bbox 3183 3911 3308 3966; x_wconf 86' lang='lat' dir='ltr'><strong>Jesu</strong></span> <span class='ocrx_word' id='word_1_623' title='bbox 3361 3912 3592 3966; x_wconf 87' lang='lat' dir='ltr'><strong>Domino</strong></span> <span class='ocrx_word' id='word_1_624' title='bbox 3617 3917 3800 3964; x_wconf 82' lang='lat' dir='ltr'><strong>nostro:</strong></span> 
     </span>
    </p>
   </div>
   <div class='ocr_carea' id='block_1_85' title="bbox 2249 4001 3803 4076">
    <p class='ocr_par' dir='ltr' id='par_1_85' title="bbox 2249 4001 3803 4076">
     <span class='ocr_line' id='line_1_85' title="bbox 2249 4001 3803 4076; baseline -0.006 -14"><span class='ocrx_word' id='word_1_625' title='bbox 2249 4021 2372 4062; x_wconf 91' lang='lat' dir='ltr'><strong>cum</strong></span> <span class='ocrx_word' id='word_1_626' title='bbox 2401 4020 2507 4076; x_wconf 91' lang='lat' dir='ltr'><strong>quo</strong></span> <span class='ocrx_word' id='word_1_627' title='bbox 2530 4006 2640 4060; x_wconf 89' lang='lat' dir='ltr'><strong>Deo</strong></span> <span class='ocrx_word' id='word_1_628' title='bbox 2663 4013 2717 4059; x_wconf 88' lang='lat' dir='ltr'><strong>et</strong></span> <span class='ocrx_word' id='word_1_629' title='bbox 2740 4003 2909 4070; x_wconf 89' lang='lat' dir='ltr'><strong>Patri,</strong></span> <span class='ocrx_word' id='word_1_630' title='bbox 2935 4019 3041 4058; x_wconf 89' lang='lat' dir='ltr'><strong>una</strong></span> <span class='ocrx_word' id='word_1_631' title='bbox 3070 4019 3191 4058; x_wconf 92' lang='lat' dir='ltr'><strong>cum</strong></span> <span class='ocrx_word' id='word_1_632' title='bbox 3221 4002 3570 4056; x_wconf 89' lang='lat' dir='ltr'><strong>sanctissimo</strong></span> <span class='ocrx_word' id='word_1_633' title='bbox 3615 4009 3664 4054; x_wconf 88' lang='lat' dir='ltr'><strong>et</strong></span> <span class='ocrx_word' id='word_1_634' title='bbox 3689 4001 3803 4053; x_wconf 90' lang='lat' dir='ltr'><strong>bono</strong></span> 
     </span>
    </p>
   </div>
   <div class='ocr_carea' id='block_1_86' title="bbox 2251 4090 3804 4166">
    <p class='ocr_par' dir='ltr' id='par_1_86' title="bbox 2251 4090 3804 4166">
     <span class='ocr_line' id='line_1_86' title="bbox 2251 4090 3804 4166; baseline -0.006 -15"><span class='ocrx_word' id='word_1_635' title='bbox 2251 4112 2316 4151; x_wconf 87' lang='lat' dir='ltr'><strong>ac</strong></span> <span class='ocrx_word' id='word_1_636' title='bbox 2341 4096 2554 4151; x_wconf 91' lang='lat' dir='ltr'><strong>viviﬁco</strong></span> <span class='ocrx_word' id='word_1_637' title='bbox 2576 4093 2803 4166; x_wconf 89' lang='lat' dir='ltr'><strong>Spiritu,</strong></span> <span class='ocrx_word' id='word_1_638' title='bbox 2828 4094 3015 4166; x_wconf 88' lang='lat' dir='ltr'><strong>gloria,</strong></span> <span class='ocrx_word' id='word_1_639' title='bbox 3059 4094 3250 4157; x_wconf 89' lang='lat' dir='ltr'><strong>honor,</strong></span> <span class='ocrx_word' id='word_1_640' title='bbox 3281 4093 3595 4162; x_wconf 89' lang='lat' dir='ltr'><strong>imperium,</strong></span> <span class='ocrx_word' id='word_1_641' title='bbox 3639 4100 3689 4145; x_wconf 83' lang='lat' dir='ltr'><strong>et</strong></span> <span class='ocrx_word' id='word_1_642' title='bbox 3725 4090 3804 4141; x_wconf 82' lang='lat' dir='ltr'><strong>ad-</strong></span> 
     </span>
    </p>
   </div>
   <div class='ocr_carea' id='block_1_87' title="bbox 2252 4183 3802 4255">
    <p class='ocr_par' dir='ltr' id='par_1_87' title="bbox 2252 4183 3802 4255">
     <span class='ocr_line' id='line_1_87' title="bbox 2252 4183 3802 4255; baseline -0.006 -14"><span class='ocrx_word' id='word_1_643' title='bbox 2252 4185 2428 4241; x_wconf 85' lang='lat' dir='ltr'><strong>oratio</strong></span> <span class='ocrx_word' id='word_1_644' title='bbox 2475 4201 2618 4240; x_wconf 90' lang='lat' dir='ltr'><strong>nunc</strong></span> <span class='ocrx_word' id='word_1_645' title='bbox 2643 4192 2698 4240; x_wconf 91' lang='lat' dir='ltr'><strong>et</strong></span> <span class='ocrx_word' id='word_1_646' title='bbox 2721 4200 2953 4255; x_wconf 89' lang='lat' dir='ltr'><strong>semper,</strong></span> <span class='ocrx_word' id='word_1_647' title='bbox 3011 4192 3066 4239; x_wconf 91' lang='lat' dir='ltr'><strong>et</strong></span> <span class='ocrx_word' id='word_1_648' title='bbox 3119 4183 3172 4237; x_wconf 92' lang='lat' dir='ltr'><strong>in</strong></span> <span class='ocrx_word' id='word_1_649' title='bbox 3222 4183 3407 4238; x_wconf 89' lang='lat' dir='ltr'><strong>omnia</strong></span> <span class='ocrx_word' id='word_1_650' title='bbox 3457 4194 3802 4253; x_wconf 83' lang='lat' dir='ltr'><strong>nunquamque</strong></span> 
     </span>
    </p>
   </div>
   <div class='ocr_carea' id='block_1_88' title="bbox 2254 4275 3294 4333">
    <p class='ocr_par' dir='ltr' id='par_1_88' title="bbox 2254 4275 3294 4333">
     <span class='ocr_line' id='line_1_88' title="bbox 2254 4275 3294 4333; baseline -0.001 -3"><span class='ocrx_word' id='word_1_651' title='bbox 2254 4275 2486 4332; x_wconf 89' lang='lat' dir='ltr'><strong>ﬁnienda</strong></span> <span class='ocrx_word' id='word_1_652' title='bbox 2514 4276 2707 4333; x_wconf 73' lang='lat' dir='ltr'><strong>stecula</strong></span> <span class='ocrx_word' id='word_1_653' title='bbox 2735 4277 3071 4332; x_wconf 68' lang='lat' dir='ltr'><strong>saeculorum.</strong></span> <span class='ocrx_word' id='word_1_654' title='bbox 3103 4275 3294 4330; x_wconf 78' lang='lat' dir='ltr'><strong>Amen.</strong></span> 
     </span>
    </p>
   </div>
   <div class='ocr_carea' id='block_1_89' title="bbox 2265 4520 3789 4550">
    <p class='ocr_par' dir='ltr' id='par_1_89' title="bbox 2265 4520 3789 4550">
     <span class='ocr_line' id='line_1_89' title="bbox 2265 4520 3789 4550; baseline 0.003 -7"><span class='ocrx_word' id='word_1_655' title='bbox 2265 4520 3789 4550; x_wconf 64' lang='lat'><strong>—___.___—__——_-—-</strong></span> 
     </span>
    </p>
   </div>
   <div class='ocr_carea' id='block_1_90' title="bbox 1373 4667 3011 4734">
    <p class='ocr_par' dir='ltr' id='par_1_90' title="bbox 1373 4667 3011 4734">
     <span class='ocr_line' id='line_1_90' title="bbox 1373 4667 3011 4734; baseline 0.004 -8"><span class='ocrx_word' id='word_1_656' title='bbox 1373 4667 1868 4730; x_wconf 67' lang='lat' dir='ltr'><strong>PCBTERIORA</strong></span> <span class='ocrx_word' id='word_1_657' title='bbox 1913 4667 1975 4731; x_wconf 90' lang='lat' dir='ltr'><strong>S.</strong></span> <span class='ocrx_word' id='word_1_658' title='bbox 2024 4669 2451 4734; x_wconf 83' lang='lat' dir='ltr'><strong>HIPPOLYTI</strong></span> <span class='ocrx_word' id='word_1_659' title='bbox 2495 4672 3011 4734; x_wconf 78' lang='lat' dir='ltr'><strong>TESTIMONIA.</strong></span> 
     </span>
    </p>
   </div>
   <div class='ocr_carea' id='block_1_91' title="bbox 1537 4811 2844 4885">
    <p class='ocr_par' dir='ltr' id='par_1_91' title="bbox 1537 4811 2844 4885">
     <span class='ocr_line' id='line_1_91' title="bbox 1537 4811 2844 4885; baseline 0.001 -19"><span class='ocrx_word' id='word_1_660' title='bbox 1537 4811 1645 4883; x_wconf 78' lang='lat' dir='ltr'><strong>(Ea:</strong></span> <span class='ocrx_word' id='word_1_661' title='bbox 1671 4811 1968 4882; x_wconf 77' lang='lat' dir='ltr'><strong>Combeﬁsii</strong></span> <span class='ocrx_word' id='word_1_662' title='bbox 1987 4812 2212 4868; x_wconf 80' lang='lat' dir='ltr'><strong>editione</strong></span> <span class='ocrx_word' id='word_1_663' title='bbox 2240 4811 2466 4883; x_wconf 72' lang='lat' dir='ltr'><strong>Operam</strong></span> <span class='ocrx_word' id='word_1_664' title='bbox 2489 4812 2551 4869; x_wconf 92' lang='lat' dir='ltr'><strong>S.</strong></span> <span class='ocrx_word' id='word_1_665' title='bbox 2575 4812 2844 4885; x_wconf 74' lang='lat' dir='ltr'><strong>Maximi.)</strong></span> 
     </span>
    </p>
   </div>
   <div class='ocr_carea' id='block_1_92' title="bbox 649 5066 1636 5120">
    <p class='ocr_par' dir='ltr' id='par_1_92' title="bbox 649 5066 1636 5120">
     <span class='ocr_line' id='line_1_92' title="bbox 649 5066 1636 5120; baseline -0.011 -2"><span class='ocrx_word' id='word_1_666' title='bbox 649 5105 757 5120; x_wconf 87' lang='lat'><strong>.....</strong></span> <span class='ocrx_word' id='word_1_667' title='bbox 786 5066 912 5116; x_wconf 69' lang='lat' dir='ltr'><strong>&quot;:Pt‘.</strong></span> <span class='ocrx_word' id='word_1_668' title='bbox 937 5067 1215 5116; x_wconf 67' lang='lat' dir='ltr'><strong>evidenter</strong></span> <span class='ocrx_word' id='word_1_669' title='bbox 1239 5067 1433 5114; x_wconf 63' lang='lat' dir='ltr'><strong>effatur</strong></span> <span class='ocrx_word' id='word_1_670' title='bbox 1483 5066 1604 5100; x_wconf 65' lang='grc' dir='ltr'><strong>ῐῖι-ι</strong></span> <span class='ocrx_word' id='word_1_671' title='bbox 1630 5084 1636 5085; x_wconf 50' lang='grc' dir='ltr'>ί</span> 
     </span>
    </p>
   </div>
   <div class='ocr_carea' id='block_1_93' title="bbox 2788 5069 3791 5124">
    <p class='ocr_par' dir='ltr' id='par_1_93' title="bbox 2788 5069 3791 5124">
     <span class='ocr_line' id='line_1_93' title="bbox 2788 5069 3791 5124; baseline 0.019 -25"><span class='ocrx_word' id='word_1_672' title='bbox 2788 5072 2812 5088; x_wconf 82' lang='grc' dir='ltr'><strong>ι-</strong></span> <span class='ocrx_word' id='word_1_673' title='bbox 2949 5069 3197 5122; x_wconf 65' lang='grc' dir='ltr'><strong>--ετιοιίι-ρι</strong></span> <span class='ocrx_word' id='word_1_674' title='bbox 3233 5069 3540 5124; x_wconf 85' lang='lat' dir='ltr'><strong>secundum</strong></span> <span class='ocrx_word' id='word_1_675' title='bbox 3591 5075 3791 5122; x_wconf 82' lang='lat' dir='ltr'><strong>naturam</strong></span> 
     </span>
    </p>
   </div>
   <div class='ocr_carea' id='block_1_94' title="bbox 3532 5157 3794 5198">
    <p class='ocr_par' dir='ltr' id='par_1_94' title="bbox 3532 5157 3794 5198">
     <span class='ocr_line' id='line_1_94' title="bbox 3532 5157 3794 5198; baseline 0.008 -9"><span class='ocrx_word' id='word_1_676' title='bbox 3532 5159 3550 5166; x_wconf 88' lang='grc'><strong><em>“</em></strong></span> <span class='ocrx_word' id='word_1_677' title='bbox 3585 5157 3688 5191; x_wconf 72' lang='grc' dir='ltr'><strong>ιιι-οἰ</strong></span> <span class='ocrx_word' id='word_1_678' title='bbox 3722 5167 3794 5198; x_wconf 64' lang='grc' dir='ltr'><strong>ω.</strong></span> 
     </span>
    </p>
   </div>
  </div>
