4016 6296
170 392 266 450 681

649 387 1171 452 COLLECTANEA.
1209 419 1282 434 -—
1318 379 1898 451 HYPOMNESTICON
1937 391 2027 449 DE
2061 389 2308 450 GESTIS
2347 393 2407 450 S.
2451 393 2720 462 MAXIMI,
2760 393 2912 452 ETC.

3326 395 3438 460 682

171 519 252 566 ter
298 507 674 564 conﬁrmatam
716 508 982 580 probavit.
1031 509 1097 564 Et
1147 523 1336 565 rursus
1362 527 1374 564 :
1433 507 1744 581 Mysterium
1777 525 1822 582 Α
1853 507 1925 562 illi
1949 523 2075 564 caro
2096 508 2337 579 ejusdem
2363 523 2425 563 ac
2457 507 2569 579 ipse
2593 509 2806 564 virtutis
2827 525 2919 564 seu
2941 512 3271 582 operationis
3292 499 3438 576 facta

167 603 358 658 divina:
379 602 788 666 incarnationis,
840 602 1115 672 apostolis,
1161 610 1216 657 et
1255 602 1535 673 prophetis
1577 612 1741 671 atque

165 692 476 748 doctoribus
504 694 718 764 duplam
759 709 822 748 ac
851 693 1117 749 diversam
1159 695 1212 748 in
1249 694 1500 749 omnibus
1547 693 1748 748 habere

165 793 500 854 compertum
550 793 645 840 'est
689 785 990 840 naturalem
1044 786 1569 854 considerationem;
1623 803 1746 842 cum
1787 855 1792 859 η

163 875 418 946 perfecta:
449 877 668 932 deitatis
695 886 751 932 et
782 877 954 947 plenae
1004 879 1112 933 Vim
1155 879 1351 934 habeat
1403 879 1750 934 ostendendae

165 967 541 1022 humanitatis.
590 967 656 1022 Et
700 969 928 1024 iterum:
978 969 1183 1037 Quibus
1233 970 1413 1025 divine
1463 971 1669 1041 pariter
1694 980 1752 1026 et

166 1060 402 1115 humane
427 1071 682 1132 operatus
709 1072 808 1126 est,
842 1063 1082 1135 perfecte
1108 1074 1338 1136 utroque
1370 1066 1450 1121 sui
1482 1069 1746 1122 rationem

167 1161 356 1208 natura
385 1167 612 1208 servans
636 1155 1046 1211 immutabilem.
1079 1155 1146 1210 Et
1189 1157 1379 1211 iterum
1405 1172 1418 1210 :
1450 1157 1593 1211 Nihil
1616 1159 1752 1213 divi-

165 1259 289 1300 num
316 1247 524 1301 nudum
553 1261 782 1316 corpore
804 1257 1078 1318 operatus,
1127 1248 1262 1304 nihil
1292 1251 1584 1305 humanum
1608 1251 1748 1306 idem

167 1337 274 1408 ipse
295 1354 496 1410 gerens
517 1341 658 1410 quod
679 1356 872 1412 expers
897 1351 1042 1398 esset
1069 1343 1316 1398 deitatis:
1343 1359 1448 1415 qua
1471 1344 1586 1416 ipsa
1610 1361 1749 1402 nova

164 1432 486 1503 decentique
532 1434 740 1490 ratione
779 1446 1006 1506 utraque
1039 1447 1293 1506 operatus
1333 1447 1438 1504 est,
1470 1439 1752 1510 utriusque

165 1524 376 1579 ratione
419 1525 712 1581 immunem
757 1543 815 1582 se
859 1543 890 1582 a
921 1531 1218 1586 mutatione
1257 1545 1502 1596 servans,
1534 1532 1600 1586 ad
1629 1547 1752 1602 per—

165 1618 317 1674 recta:
343 1635 457 1675 suae
500 1621 850 1678 humanitatis
878 1638 999 1692 quae
1041 1623 1198 1694 plane
1226 1640 1353 1681 vera
1400 1626 1471 1680 sit
1510 1625 1750 1698 nihilque

163 1722 252 1766 aut
281 1713 405 1768 vitii
433 1721 524 1768 aut
552 1714 686 1770 labis
709 1714 979 1782 admittat,
1009 1715 1166 1772 {idem
1199 1716 1604 1771 adstruendam.

229 1804 312 1858 De
356 1805 440 1860 his
498 1823 614 1862 vero
661 1809 749 1879 qui
819 1827 980 1864 unam
1037 1811 1249 1866 deitatis
1291 1822 1336 1866 et
1405 1811 1748 1866 humanitatis

1850 612 1953 665 est,
1987 599 2143 671 plane
2192 603 2354 657 etiam
2413 601 2654 671 ejusdem
2707 601 2847 657 facta
2895 613 2979 659 est
3034 615 3265 674 natura},
3310 625 3435 674 cum

1850 693 2045 762 quibus
2071 693 2321 749 omnibus
2375 703 2567 747 multra
2604 703 2704 758 est,
2752 695 2895 766 quod
2941 695 3193 766 principii
3219 714 3439 770 expers,

1851 789 1994 858 quod
2024 787 2285 857 ingenita,
2315 790 2458 859 quod
2488 789 2720 856 inﬁnita,
2757 791 2899 861 quod
2921 793 3273 861 sempiterna,
3293 797 3438 866 quod

1851 877 2321 950 incomprehensa,
2350 891 2404 935 et
2426 881 2468 935 si
2509 897 2611 952 qua
2636 881 2897 952 ejusmodi
2939 887 3231 939 secundum
3264 888 3444 943 excel-

1852 975 2072 1030 lentiam
2105 977 2436 1044 theologicus
2457 993 2634 1032 sermo
2655 979 2850 1033 eximie
2887 978 2938 1032 in
2979 979 3180 1034 deitate
3201 992 3442 1036 contem-

1853 1067 2068 1140 platur:
2097 1080 2152 1124 et
2182 1071 2852 1142 vicissitudinemutraque
2882 1089 3039 1144 passa
3071 1085 3215 1140 sunt,
3249 1087 3444 1134 neutro

1854 1160 2265 1215 substantialcm
2289 1171 2494 1215 natura:
2517 1178 2625 1216 sua:
2665 1163 2929 1218 rationein
2956 1165 3092 1218 ultra
3117 1166 3440 1224 incolumem

1855 1259 2128 1304 servante.
2155 1249 2219 1304 Et
2257 1265 2477 1306 rursus:
2508 1251 2607 1319 Qui
2635 1253 2777 1306 enim
2828 1268 3015 1308 eorum
3059 1271 3181 1324 qua:
3207 1266 3334 1311 sunt
3363 1259 3444 1312 di-

1856 1357 2023 1398 versae
2053 1353 2260 1399 naturae
2284 1344 2529 1400 eamdem
2561 1345 2724 1401 sentit
2749 1348 3138 1416 operationem,
3165 1349 3442 1406 confusio-

1856 1448 1978 1490 nem
2007 1435 2214 1507 pariter
2252 1437 2553 1491 naturalem
2600 1437 3028 1510 divisionemque
3071 1440 3310 1510 ipsorum
3359 1443 3446 1498 in-

1855 1523 2004 1581 ducit
2043 1526 2373 1581 naturalem:
2430 1529 2610 1598 ignota
2653 1543 2876 1598 prorsus
2923 1545 2988 1585 ac
3031 1532 3315 1587 obscurata
3344 1549 3444 1603 per

1856 1618 2168 1674 idiomatum
2195 1621 2670 1676 commutationem
2709 1623 2942 1678 naturali
2970 1639 3156 1680 eormn
3185 1629 3442 1682 substan-

1759 1779 1764 1783 η
1856 1709 1930 1764 tia
1979 1710 2394 1783 existentiaque.
2467 1713 2628 1770 Item:
2673 1713 2731 1770 Si
2776 1732 2904 1772 vero
2945 1735 3052 1774 non
3095 1719 3332 1789 ejusdem
3377 1737 3444 1778 ac

1855 1798 1942 1854 ille
1963 1798 2102 1856 facta
2126 1811 2207 1856 est
2231 1813 2457 1869 naturae,
2497 1820 2597 1859 nec
2626 1804 2864 1874 ejusdem
2917 1824 3150 1878 unquam
3202 1811 3293 1865 tiet
3321 1827 3443 1883 ope-

160 1897 272 1967 ejus
339 1902 714 1968 operationem,
771 1911 819 1956 et
872 1913 1116 1956 naturam
1167 1904 1545 1975 dogmatizant,
1591 1903 1749 1957 dicit:

1857 1893 2099 1950 rationis.
2133 1895 2200 1949 Et
2222 1895 2446 1950 iterum:
2475 1897 2530 1952 In
2556 1899 2698 1953 hunc
2729 1909 2910 1954 autem
2941 1915 3182 1957 errorem
3208 1904 3444 1976 impege-

162 1986 274 2044 Non
306 1991 456 2045 enim
503 1991 876 2049 circumscribi
926 2004 1116 2051 natura
1159 1997 1339 2066 genita
1377 2005 1748 2067 comparatum

161 2093 261 2150 est,
291 2086 440 2155 quod
461 2087 754 2142 secundum
787 2097 1038 2142 naturam
1077 2089 1375 2160 ingenitum
1402 2072 1506 2154 est,
1538 2086 1751 2143 tametsi

163 2179 208 2234 ei
236 2178 444 2234 coaluit
472 2195 566 2250 per
591 2182 1014 2250 conceptionem,
1062 2198 1184 2253 qua:
1209 2183 1319 2237 vim
1345 2196 1560 2237 omnem
1602 2196 1752 2237 men-

165 2273 229 2325 tis
249 2271 697 2328 circumscribit:
736 2289 798 2330 ac
829 2290 929 2330 nec
955 2291 1192 2345 unquam
1225 2277 1278 2332 in
1309 2278 1554 2333 eamdem
1588 2285 1748 2331 natu-

163 2378 275 2418 ram
321 2365 734 2437 naturalemque
776 2366 1031 2422 virtutem
1063 2383 1158 2425 seu
1208 2369 1576 2440 operationem
1631 2383 1754 2424 ver-

164 2464 371 2522 tantur,
404 2457 574 2514 donec
603 2468 892 2530 utrumque
950 2461 1089 2516 intra
1131 2462 1404 2534 propriam
1450 2462 1753 2526 naturalem

163 2545 735 2606 inconvertibilitatem
783 2559 988 2608 manet.
1040 2552 1128 2608 Et'
1155 2552 1285 2609 item
1314 2571 1327 2608 :
1359 2554 1560 2610 Eorum
1605 2556 1750 2611 enim

163 2637 452 2694 dumtaxat
478 2657 598 2711 quae
625 2639 864 2710 ejusdem
891 2654 1098 2700 natura:
1125 2655 1270 2712 sunt,
1303 2655 1481 2702 motus
1510 2646 1749 2717 ejusdem

161 2731 385 2787 virtutis
413 2749 477 2790 ac
497 2731 750 2792 etlieaciae
777 2745 879 2802 est,
903 2738 1263 2794 substantiam
1285 2739 1574 2811 designans
1599 2742 1752 2812 cujus

159 2831 241 2877 est
273 2823 546 2880 naturalis
569 2824 765 2892 virtus,
797 2843 921 2883 cum
950 2829 1252 2884 substantia
1295 2831 1521 2889 diversae
1543 2842 1752 2890 naturae

159 2919 514 2987 proprietatis
543 2919 688 2975 nulla
719 2923 926 2979 ratione
956 2938 1076 2980 esse
1102 2925 1273 2995 possit
1300 2935 1394 2980 aut
1416 2925 1529 2981 lieri
1549 2927 1750 2997 absque

159 3009 645 3067 convertibilitate.
685 3011 847 3068 Item:
902 3015 1138 3081 Etenim,
1171 3031 1291 3086 qua:
1319 3017 1556 3088 ejusdem
1611 3018 1752 3072 inter

161 3116 218 3158 se
245 3104 472 3160 virtutis
493 3114 639 3173 sunt,
671 3114 727 3161 et
753 3109 1103 3178 operationis,
1135 3110 1481 3182 ejusdemque
1526 3126 1751 3181 prorsus

163 3195 400 3267 originis
427 3211 490 3252 ac
517 3199 828 3254 earumdem
857 3201 1192 3270 passionum,
1217 3217 1281 3257 ea
1308 3215 1514 3258 natura:
1553 3204 1746 3260 distin-

1855 1996 2000 2054 runt,
2058 1990 2340 2046 credentes
2399 1991 2538 2046 male
2601 1993 2876 2064 propriam
2949 1995 3132 2050 carnis
3194 1996 3444 2068 effectam

1853 2077 2091 2136 divinam
2141 2081 2509 2153 operationem
2559 2100 2678 2154 quae
2705 2101 2802 2154 per
2852 2086 3024 2156 ipsam
3075 2090 3129 2142 in
3165 2087 3444 2144 miraculis

1853 2171 2140 2228 manifesta
2179 2183 2300 2240 est;
2347 2190 2452 2246 qua
2483 2173 2756 2245 Christus,
2795 2193 2974 2232 rerum
3037 2179 3140 2236 hac
3179 2180 3443 2235 universi-

1856 2274 1966 2322 tate
1993 2267 2230 2335 condita,
2271 2271 2564 2325 secundum
2589 2272 2732 2341 quod
2771 2271 3086 2345 intelligitur
3108 2273 3270 2340 Deus,
3298 2275 3446 2346 quod

1853 2355 1927 2411 ita
1958 2359 2234 2414 conditum
2261 2368 2344 2416 est
2375 2369 2522 2416 tenet
2549 2377 2614 2418 ac
2632 2373 2936 2419 conservat.
2967 2364 3036 2420 Et
3060 2365 3289 2421 iterum:
3322 2364 3444 2422 Non

1853 2451 1998 2504 enim
2021 2461 2392 2521 cognoverunt
2420 2453 2536 2508 ﬁeri
2561 2469 2670 2510 non
2700 2470 2881 2527 posse,
2910 2466 2969 2511 ut
3011 2457 3207 2512 divina:
3235 2467 3444 2514 natura:

1853 2543 2094 2613 operatio
2130 2545 2351 2600 alterius
2397 2545 2731 2619 diversaeque
2781 2550 3098 2606 substantiae
3138 2553 3444 2622 proprietas

1852 2636 2008 2691 ﬁeret
2054 2638 2258 2708 absque
2294 2640 2767 2696 convertibilitate.
2813 2641 2880 2696 Et
2932 2643 3157 2698 iterum:
3195 2643 3442 2710 Quandiu

1854 2745 1960 2785 non
1995 2746 2161 2785 unum
2206 2732 2504 2787 secundum
2539 2734 2832 2791 essentiam
2873 2736 3032 2790 unius
3057 2737 3298 2792 noscitur
3321 2753 3442 2792 ver-

1852 2821 1978 2876 bum
2009 2823 2356 2890 operationis,
2401 2823 2547 2878 nulla
2571 2841 2808 2895 unquam
2850 2827 3059 2882 ratione
3105 2828 3220 2895 liat,
3247 2838 3306 2882 ut
3329 2843 3445 2884 am-

1853 2913 2042 2968 borum
2065 2925 2242 2970 motus
2269 2926 2650 2987 cognoscatur.
2678 2917 2745 2971 Et
2781 2918 2978 2974 iterum
3006 2935 3018 2972 :
3045 2916 3256 2988 Itaque,
3280 2918 3442 2984 Bero.

1852 3004 1942 3074 qui
1971 3004 2051 3059 sic
2086 3005 2301 3072 habeat,
2339 3015 2397 3060 ut
2431 3007 2699 3072 dicebam,
2750 3024 2856 3062 una
2903 3009 3218 3078 operatione
3241 3009 3448 3065 Christi

1851 3097 2054 3166 pariter
2083 3097 2340 3153 deitatem
2369 3107 2424 3155 et
2459 3100 2850 3155 humanitatem
2882 3109 3074 3155 natura
3108 3100 3447 3156 confundens

1854 3204 1918 3243 ac
1965 3189 2212 3259 personis
2259 3191 2524 3258 dividens,
2575 3192 2742 3247 vitam
2795 3193 3069 3260 dissolvit;
3121 3196 3211 3265 qui
3249 3211 3444 3266 nempe

160 3289 406 3345 ctionem
433 3307 541 3347 non
595 3289 903 3361 admittunt,
949 3293 1294 3366 confusisque
1335 3311 1518 3352 secum
1543 3298 1752 3354 naturis
1779 3274 1824 3336 (ἶ
1857 3279 2061 3334 ηθδοίίὶί
2089 3321 2105 3346 ν
2154 3281 2398 3335 eamdem
2448 3283 2860 3353 Operaliouem:
2918 3299 3272 3356 Personarum
3325 3301 3448 3356 qua

158 3381 266 3436 erit
305 3381 555 3439 Christus
591 3383 843 3453 dualitas,
875 3386 1226 3458 personisque
1256 3388 1443 3444 divisis
1488 3389 1579 3445 ﬁet
1621 3406 1755 3462 qua-

159 3482 433 3538 ternitas:
459 3485 600 3552 quod
630 3483 871 3540 omnium
913 3486 1147 3541 maxime
1185 3488 1503 3543 cavendum.
1558 3487 1626 3543 Et
1654 3489 1755 3545 ite-

158 3589 321 3631 rum:
355 3574 418 3632 Si
442 3575 657 3646 quidem
693 3576 876 3647 igitur,
899 3583 958 3632 ut
979 3587 1168 3634 auctor
1191 3577 1330 3635 Bero
1351 3587 1455 3646 est,
1480 3591 1753 3652 assumpta

1853 3371 2096 3442 ejusdem
2148 3382 2358 3430 natura:
2398 3374 2544 3442 sint,
2599 3375 2938 3434 identitatem
2991 3377 3255 3432 duntaxat
3301 3377 3445 3434 desi-

1853 3482 2037 3538 gnare.

170 3741 3434 3773 NW

1031 3853 1492 3926 SCHOLION
1551 3855 1690 3926 sive
1748 3855 2584 3948 HYPOMNESTICUM,

157 4032 438 4124 His_qui
472 4033 780 4124 desiderio
828 4055 898 4098 ac
948 4035 1082 4098 zelo
1124 4034 1569 4124 dioiaoiegere
1602 4036 1918 4124 voluerint
1955 4037 2222 4100 breviter
2253 4037 2574 4124 declarans
2619 4059 2752 4124 quae
2779 4043 3006 4124 paucis
3039 4051 3186 4106 sunt
3225 4045 3445 4124 agnita

249 4115 355 4192 [FL
385 4117 683 4203 agitata];,
711 4115 780 4178 id
801 4125 884 4178 est
920 4135 1057 4203 cum
1091 4115 1403 4203 athleticis
1436 4115 1903 4203 certaminibus,
1952 4127 2113 4203 quot_
2139 4119 2387 4203 exsilia,
2421 4127 2474 4180 et
2505 4121 2572 4181 in
2603 4115 2829 4203 quibus
2862 4122 3018 4184 locis
3065 4143 3136 4185 ac
3172 4115 3446 4203 tenipore

239 4187 1068 4280 hertdlerintwgtartyrium,
1102 4195 1376 4276 diemque
1417 4195 1536 4276 ﬁde
1594 4197 1677 4280 ad
1723 4187 1913 4258 Deum
1953 4187 2389 4280 profectionis,
2429 4207 2484 4259 et
2529 4187 2961 4278 exhibitionis,
2993 4187 3352 4264 sanctoruin
3387 4209 3446 4261 et

247 4274 636 4356 deiferorum
657 4274 922 4361 Patrum
949 4274 1314 4361 nostrorum
1343 4274 1427 4361 ac
1447 4278 1916 4361 magistrorum,
1939 4274 2244 4361 novorum
2265 4274 2956 4361 reaera_canfessorum,
2982 4289 3053 4360 iet
3078 4299 3446 4361 magnorum

249 4355 651 4440 martyrum;
682 4356 1004 4440 praecipue
1045 4355 1372 4440 illiusqui
1411 4355 1688 4440 positam
1720 4357 1824 4440 hic
1875 4358 2199 4440 epistoiam
2239 4356 2440 4436 digito
2477 4359 2592 4419 Dei
2628 4355 2924 4440 scripsit,
2963 4355 3028 4440 eo
3070 4355 3263 4440 quod
3313 4361 3446 4440 ipse

253 4434 508 4526 quidem
539 4434 774 4530 gora—1n,
807 4434 916 4517 qui
950 4443 1090 4530 ante
1118 4454 1180 4496 se
1208 4434 1488 4530 defuncti
1515 4445 1684 4530 sunt,
1707 4434 1982 4530 Maximi
2004 4435 2241 4527 scilicet
2273 4434 2328 4530 qi
2358 4438 2680 4530 nugatoria:
2701 4434 3176 4530 discipuli‘ejtis,
3210 4434 3445 4530 siqﬁiﬁ:

251 4515 495 4578 caverit
525 4515 704 4589 diem,
735 4515 1166 4597 tit—praelatum
1198 4515 1288 4575 est
1318 4537 1332 4575 :
1368 4515 1456 4597 de
1480 4536 1540 4576 se
1571 4523 1800 4597 autem,
1831 4525 1884 4577 et
1919 4515 2227 4597 germanis
2270 4515 2580 4597 fratribus
2626 4517 2779 4597 ejus,
2820 4515 3142 4578 Theodoro
3203 4515 3441 4578 scilicet

256 4615 330 4656 ac
367 4597 712 4675 Euprepio,
751 4614 948 4676 nemo.
979 4596 1252 4676 Insuper
1287 4601 1339 4654 et
1379 4596 1652 4676 Martini
1689 4595 2069 4676 sanctissimi
2099 4602 2173 4676 et
2201 4595 2425 4656 summi
2453 4595 2791 4676 apostatici
2813 4615 2995 4676 papa:
3017 4617 3088 4658 ac
3115 4597 3438 4676 martyris,

251 4678 370 4758 qui
410 4673 597 4750 omni,
621 4674 894 4758 quaeaut)
925 4675 1052 4758 sole
1081 4673 1191 4748 est,
1212 4673 1525 4758 praecellit
1543 4675 1848 4737 hieratica:
1875 4673 2198 4754 dignitati,
2222 4683 2403 4754 atque
2422 4673 2833 4758 quorumdam
2876 4673 3150 4758 aliorum
3177 4673 3448 4758 quorum

245 4754 524 4837 firmem
557 4755 823 4836 epistola
840 4754 1361 4817 mentionem’non
1397 4754 1574 4836 facit,
1605 4771 1714 4815 nec
1748 4771 2142 4834 quacunque,
2171 4762 2244 4815 ut
2271 4754 2451 4828 reor,
2470 4754 2599 4815 alia
2633 4754 2880 4832 charta,
2910 4755 3004 4818 vel
3031 4754 3236 4818 homo.

241 4928 476 5000 Oportet
493 4941 586 4984 eos
605 4925 699 4998 qui
723 4927 838 4982 haec
867 4925 1099 4999 legerint
1120 4923 1448 4995 exemplaria
1477 4923 1760 4994 praesentis
1788 4925 1838 4985 D
1865 4923 1918 4978 in
1941 4921 2226 4995 Byzantio,
2255 4937 2362 4978 una
2402 4937 2524 4978 cum
2555 4933 2926 4981 concertatore
2953 4941 3051 4981 suo
3075 4933 3128 4982 et
3167 4941 3296 4982 vere
3323 4926 3446 4998 phi-

165 5039 348 5080 sacra:
373 5022 517 5078 illius
539 5021 680 5078 sacri
702 5020 964 5093 epistolae,
993 5021 1104 5078 Deo
1125 5019 1458 5091 parentibus,
1491 5019 1582 5088 qui
1604 5032 1757 5074 scru-

167 5124 325 5172 tatur
352 5129 512 5172 renes
543 5124 596 5170 et
623 5114 806 5180 corda,
837 5114 1142 5170 ﬁrmissime
1163 5115 1406 5178 credere,
1433 5113 1560 5184 quia
1587 5112 1640 5166 in
1669 5126 1758 5178 ea,

169 5210 292 5266 Deo
336 5216 476 5265 teste
514 5206 783 5274 veritatis,
814 5221 881 5262 ex
928 5206 1042 5276 ipsa
1077 5206 1328 5276 epistola,
1383 5219 1502 5275 quae
1540 5203 1758 5284 propria

169 5317 345 5358 manu
369 5299 509 5372 ejus,
537 5301 646 5356 imo
681 5308 742 5356 ut
767 5299 950 5355 verius
990 5307 1212 5370 propter
1245 5297 1488 5353 miraculi
1517 5296 1761 5351 dicamus

169 5393 411 5464 insigne,
465 5391 634 5464 digito
668 5391 766 5447 Dei
801 5391 1003 5463 scripta
1043 5399 1148 5456 est,
1179 5388 1352 5445 sancti
1386 5386 1634 5444 videlicet
1661 5386 1764 5442 Pa-

172 5483 282 5538 tris
332 5494 390 5538 et
431 5482 674 5554 magistri
726 5483 894 5538 nostri
950 5481 1132 5539 domni
1189 5479 1398 5537 abbatis
1456 5478 1760 5545 Anastasii,

169 5577 482 5649 presbyteri
526 5587 580 5634 et
624 5577 961 5648 apocrisiarii
1005 5575 1234 5633 senioris
1279 5582 1336 5629 et
1376 5572 1762 5644 opinatissima:

169 5667 334 5722 urbis
368 5667 574 5734 Romae,
615 5667 950 5738 multumque
1000 5666 1259 5722 certantis
1309 5664 1488 5736 magni
1536 5671 1590 5718 et
1638 5662 1762 5719 novi

171 5773 372 5814 revera
401 5759 655 5832 martyris
676 5760 919 5815 veritatis
948 5759 1268 5830 transcripta
1294 5765 1439 5825 sunt,
1471 5757 1672 5827 scripta
1694 5757 1763 5812 ab

169 5866 249 5920 eo
271 5862 557 5931 postquam
580 5867 773 5924 passus
805 5860 908 5919 est,
935 5851 1386 5925 quemadmodum
1414 5851 1616 5910 dictum
1656 5859 1762 5920 est,

618 5948 896 6024 Panos.
943 5945 1238 6022 CXXIX,

1863 5017 2124 5088 losopho,
2195 5017 2304 5072 imo
2357 5017 2632 5088 deosopho
2701 5032 3026 5091 magnOpere
3080 5029 3445 5093 commartyre

1863 5108 2063 5166 Christi
2093 5109 2205 5164 veri
2254 5108 2347 5178 Dei
2375 5120 2430 5164 et
2471 5109 2757 5166 salvatoris
2796 5111 2964 5166 nostri
2998 5109 3247 5176 Maximo,
3282 5112 3333 5166 id
3359 5120 3447 5167 est
3507 5103 3516 5188 ί

1863 5215 1986 5257 cum
2019 5203 2088 5257 ab
2113 5201 2260 5256 intus
2283 5202 2536 5258 abscissa:
2579 5203 2778 5258 fuerint
2827 5204 3078 5274 pretiosa:
3114 5204 3350 5274 ipsorum
3378 5219 3446 5262 ac

1866 5308 2056 5361 sacrae,
2107 5293 2470 5366 divinitusque
2535 5295 2805 5351 veraciter
2851 5295 3075 5354 mobiles
3133 5293 3329 5370 linguae
3379 5313 3448 5356 ac

1865 5401 2075 5452 manus,
2107 5401 2230 5442 cum
2258 5388 2572 5445 verberibus
2593 5399 2649 5444 et
2673 5389 2955 5446 tormentis
2974 5391 3346 5459 amarissimis,
3375 5405 3446 5448 ex

1863 5482 2058 5553 quibus
2086 5480 2614 5552 sanguinisﬁuorem
2643 5491 2697 5538 et
2719 5480 2967 5553 pompam
3018 5498 3114 5554 per
3149 5493 3312 5538 totam
3347 5498 3444 5538 ur-

1864 5575 1985 5630 bem
2013 5572 2254 5651 perpessi
2302 5583 2446 5638 sunt,
2498 5573 2641 5643 quod
2678 5587 2778 5628 nec
2823 5573 2979 5629 malae
3025 5590 3263 5646 unquam
3316 5574 3442 5629 vitae

1866 5681 2052 5722 revera
2083 5666 2366 5736 quisquam
2393 5665 2665 5720 sustinuit.
2691 5665 2758 5720 Et
2777 5667 2877 5723 nisi
2907 5668 3054 5722 solus
3085 5669 3224 5724 Deus
3249 5667 3339 5738 qui
3376 5682 3445 5724 ex

1865 5757 2034 5814 nihilo
2057 5763 2118 5811 ut
2142 5765 2323 5812 essent
2343 5765 2535 5812 cuncta
2557 5755 2814 5826 produxit
2839 5767 2894 5815 et
2927 5768 3165 5814 mortuos
3196 5759 3442 5827 suscitat,

1862 5865 1932 5912 ex
1960 5848 2331 5927 hujuscemodi
2359 5848 2680 5910 crudelitate
2701 5850 2940 5922 ipsorum
2971 5858 3026 5903 et
3051 5858 3200 5905 tanto
3229 5850 3446 5925 sangui-

2966 5941 3047 6008 22
