3926 5776
554 315 660 389 685

1690 307 2056 367 ΑΝΑδΤΑειι
2092 290 2637 366 Βιθιιοτιίεωυι

3716 302 3815 363 ω

554 436 642 491 nis
668 432 834 500 uttxu,
877 428 1120 487 cauterio
1145 394 1598 485 nullomodoiillis
1634 427 1860 493 indulto,
1893 414 1977 484 vel
2006 442 2137 485 coa-
2171 431 2218 495 Α
2244 424 2562 494 Alanorum,
2590 422 2746 501 quasi
2774 422 2945 495 signis
2967 421 3209 494 quinque
3242 434 3275 476 a
3299 419 3510 493 prandio
3533 419 3815 478 lict-acho-

553 523 836 596 stipatorio
872 522 1053 594 aliquo
1082 517 1472 577 abseisiouibus
1519 534 1777 576 manuum
1834 527 1995 592 atque
2044 518 2143 575 lin-

553 628 779 691 guarum
802 616 868 673 ad
899 614 1254 672 cessationem
1278 613 1553 686 sanguinis
1573 613 1727 685 juxta
1752 628 1956 670 morem
1986 627 2144 684 appo-

552 713 679 775 sito,
703 711 800 767 hos
814 716 1188 765 conservasset
1201 707 1269 764 ad
1284 706 1673 762 verecundiam
1682 706 2142 775 adversariorum,

555 803 901 860 tradidissent
949 817 1017 858 ex
1048 810 1176 858 tunc
1214 798 1517 857 desiderato
1541 815 1570 855 a
1621 814 1680 857 se
1709 798 1819 858 Deo
1840 813 1967 856 suas
1994 797 2142 869 ipso-

554 908 676 950 rum
715 900 932 950 sanctas
961 907 1148 948 revera
1180 902 1236 948 et
1266 891 1459 947 beatas
1494 888 1683 962 procul
1709 889 1872 946 dubio
1909 889 2139 946 animas.

550 980 676 1037 ilzec
702 990 881 1037 autem
925 977 1106 1035 omnia
1154 978 1223 1034 ob
1267 975 1399 1034 nihil
1443 976 1589 1033 aliud
1638 975 1693 1032 in
1738 991 1832 1033 eos
1860 984 2145 1049 gesserunt

549 1086 676 1130 vere
720 1071 1087 1145 profanissiml
1125 1076 1181 1125 et
1222 1066 1513 1127 miserrimi
1564 1077 1825 1141 apostatae
1874 1064 2140 1135 veritatis,

549 1164 650 1221 nisi
682 1172 905 1236 propter
947 1162 1237 1234 pessimam
1278 1161 1548 1218 veraciter
1595 1170 1650 1215 et
1676 1157 1846 1216 solam
1884 1154 2141 1214 invidiam

547 1270 709 1329 quam
768 1256 1023 1329 antiquus
1081 1254 1254 1312 hostis
1305 1254 1512 1311 daemon
1570 1253 1624 1309 in
1682 1254 1764 1309 eis
1816 1252 2140 1319 seminavit,

545 1350 1000 1423 quemadmodum
1045 1359 1101 1406 et
1153 1349 1207 1404 in
1255 1348 1521 1404 similibus
1574 1347 1686 1405 suis
1728 1342 1965 1415 Iudaeis,
2019 1363 2142 1403 cum

545 1457 653 1500 non
690 1444 994 1515 potuissent
1041 1439 1232 1499 saltem
1277 1441 1345 1495 ad
1393 1436 1661 1495 modicum
1706 1438 1834 1513 quid
1888 1436 2142 1494 resistere

544 1536 824 1608 sapientia:
841 1577 858 1604 ,
885 1548 1005 1607 qua:
1031 1532 1136 1591 illis
1159 1533 1352 1589 merito
1379 1530 1555 1588 fuerat
1582 1548 1612 1586 a
1637 1532 1746 1588 Deo
1773 1532 1991 1599 denata,
2022 1530 2143 1602 (pro

544 1643 672 1685 vera
700 1626 909 1685 scilicet
934 1627 1184 1693 veritate,
1218 1634 1272 1681 et
1311 1622 1483 1682 solum
1517 1639 1613 1697 pro
1654 1639 1718 1680 eo
1756 1621 1901 1695 quod
1941 1620 2141 1679 noluis-

541 1729 666 1778 sent
693 1716 771 1776 liii
795 1719 1199 1777 communicare
1223 1734 1345 1775 cum
1374 1715 1459 1773 his
1487 1716 1541 1772 in
1571 1726 1677 1772 tam
1701 1712 1916 1787 publica
1942 1726 1996 1771 et
2023 1715 2143 1771 sine

2248 520 2352 588 rio,
2383 519 2437 576 id
2460 528 2544 576 est
2565 517 2741 592 prima
2772 516 2935 574 domo
2972 514 3217 587 Gregorii
3264 514 3377 571 veri
3426 513 3594 569 amici
3642 512 3819 570 Christi

2246 613 2457 683 patricii
2487 621 2544 670 et
2571 610 2915 684 Magistratus
2953 607 3195 681 eiusdem
3243 608 3483 680 regionis
3520 606 3820 663 Alanorum.

2246 702 2411 774 Cujus
2435 716 2492 760 et
2520 703 2783 775 optimam
2823 702 3142 760 memoriam
3171 701 3367 761 merito
3390 698 3533 756 facit
3564 700 3625 755 ia
3652 699 3822 770 liuius-

2246 796 2390 854 modi
2414 796 2663 871 epistola,
2710 794 2956 852 translati
2988 793 3239 852 videlicet
3286 793 3339 848 vi
3377 802 3437 850 et
3478 791 3825 863 praeceptione

2243 891 2569 947 miserorum
2595 889 3017 963 principum-qui
3041 888 3151 947 illic
3175 897 3302 947 ante
3344 900 3408 947 le
3453 901 3634 958 usque
3675 887 3741 942 ad
3775 902 3825 943 se

2245 982 2595 1055 praefuerunt,
2642 982 2698 1037 in
2736 981 2928 1039 eodem
2956 980 3117 1037 tertio
3142 979 3335 1036 exsilio
3361 978 3596 1049 septies,
3626 976 3686 1033 in
3709 976 3824 1032 dii-

2246 1073 2520 1131 cilioribus
2543 1072 2676 1130 locis
2704 1081 2761 1130 et
2788 1069 3133 1129 tribulatione
3156 1069 3323 1126 multa
3339 1108 3356 1136 ,
3380 1070 3439 1125 in
3467 1068 3732 1139 praeditas
3748 1083 3825 1123 ca-

2245 1175 2359 1235 stro
2381 1166 2684 1225 Thusumes
2708 1165 2967 1221 dormivit
2987 1165 3043 1221 in
3064 1163 3315 1228 Domino,
3334 1177 3464 1219 cum
3490 1170 3554 1218 et
3578 1161 3695 1233 ipse
3715 1176 3820 1217 eer-

2246 1261 2450 1317 tamine
2497 1262 2640 1317 bono
2688 1267 2973 1328 certasset,
3023 1258 3379 1314 orthodoxam
3438 1269 3639 1311 revera
3684 1254 3823 1310 ﬁdem

2244 1361 2532 1420 servasset,
2571 1362 2628 1408 et
2661 1367 2879 1407 cursum
2917 1350 3164 1423 martyrii
3200 1356 3668 1413 consummasset,
3694 1363 3824 1404 taee-

2243 1447 2319 1502 sis
2345 1444 2639 1503 Octembrii
2663 1444 2750 1501 die
2777 1444 3079 1510 undecima,
3103 1441 3238 1500 feria
3260 1442 3463 1513 prima,
3490 1443 3631 1497 hora
3660 1441 3820 1505 tertia.

2244 1552 2366 1592 cum
2404 1537 2674 1592 diceretur
2719 1535 2862 1592 inter
2900 1542 3088 1591 sancta
3130 1532 3324 1601 cilicia,
3370 1531 3579 1590 Saucia
3626 1534 3820 1597 sumit,

2243 1626 2536 1684 indictione
2587 1627 2824 1691 decima,
2872 1641 2995 1683 cum
3042 1625 3382 1698 praedixisset
3427 1633 3487 1681 et
3531 1624 3650 1695 ipse
3696 1624 3822 1680 diem

2242 1731 2444 1777 sanctae
2472 1720 2819 1792 depositionis
2857 1734 2970 1776 sua:
3007 1719 3331 1791 quibusdam
3361 1717 3459 1788 qui
3482 1715 3594 1773 sibi
3619 1716 3823 1771 aderant

545 1813 655 1869 Deo
705 1812 984 1883 impietate
1035 1809 1297 1883 ipsorum)
1340 1825 1463 1865 cum
1508 1809 1625 1881 ipsa
1675 1818 1862 1865 sancta
1918 1808 2140 1864 dextera
2173 1818 2217 1879 Β
2245 1823 2370 1871 ante
2400 1830 2621 1872 menses
2655 1822 2785 1872 tres.

542 1918 705 1960 manu
737 1919 858 1971 sua,
906 1918 1025 1974 qua:
1073 1902 1314 1967 abscissa
1362 1902 1559 1969 fuerat,
1606 1899 1869 1971 cujusque
1916 1908 2139 1954 truncus

543 2006 752 2053 tantum
784 2005 1144 2063 remanserat,
1177 1996 1230 2051 id
1259 2004 1345 2052 est
1371 1996 1488 2051 sine
1513 1994 1696 2068 planta
1745 2002 1800 2049 et
1838 1988 2021 2063 digitis
2056 1991 2140 2046 in—

540 2089 761 2159 opinato
789 2097 1129 2162 argenteum,
1180 2102 1303 2145 cum
1330 2087 1576 2144 videlicet
1603 2086 1709 2143 duo
1754 2084 1971 2143 sibimet
2014 2100 2142 2156 par-

539 2183 763 2238 vissima
802 2180 947 2255 ligna
996 2188 1051 2237 et
1101 2180 1285 2237 tenuia
1325 2178 1677 2252 eolligaverit,
1710 2176 1840 2246 imo,
1873 2188 1931 2235 ut
1958 2178 2138 2235 verius

539 2271 775 2341 dicatur,
805 2273 1008 2329 virtute
1033 2280 1087 2329 ct
1113 2272 1287 2345 gratia
1318 2272 1496 2328 divina
1522 2280 1578 2328 et
1607 2269 1862 2328 invisibili
1888 2272 2137 2342 expedite

537 2363 757 2434 penitus
784 2370 840 2420 et
871 2363 988 2420 sine
1031 2362 1398 2435 prohibitione
1441 2362 1780 2434 loquebatur,
1825 2378 2135 2435 quanquam

539 2454 611 2513 ab
632 2455 779 2514 intus
806 2467 873 2513 ex
901 2457 1019 2529 ipso
1047 2454 1213 2513 fuerit
1250 2456 1415 2513 fundo
1443 2454 1696 2526 rescissa,
1743 2457 1887 2514 sicut
1930 2449 2135 2514 char-

539 2548 716 2605 nicius
745 2546 1008 2620 patricius
1031 2547 1241 2606 Lazicae
1282 2564 1404 2605 cum
1429 2545 1754 2620 juramentis
1807 2547 2141 2606 terribilibus

537 2640 815 2697 enarravit
837 2638 1014 2709 nobis,
1053 2641 1454 2713 dispensatione
1490 2638 1587 2696 Dei
1631 2639 1687 2696 in
1737 2640 1840 2697 hoc
1882 2636 2000 2712 ipso
2040 2654 2138 2711 per

539 2742 711 2791 semet
736 2732 1012 2805 inspector
1035 2731 1279 2801 effectus,
1306 2731 1552 2791 diliidens
1585 2750 1746 2805 super
1776 2734 1879 2791 hoc
1900 2732 2137 2805 glorioso

537 2834 593 2884 et
622 2826 824 2900 ingenti
858 2825 1140 2884 miraculo.
1182 2826 1324 2896 Quin
1359 2834 1414 2883 et
1450 2824 1764 2883 Theodorus
1800 2836 2138 2898 protosecre-

540 2920 712 2977 larius
768 2920 1007 2993 praetorii
1074 2918 1313 2995 praefecti
1381 2916 1965 2990 Constantinopolitani
2011 2931 2136 2976 ante

538 3014 683 3069 lmnc
727 3012 1003 3067 enarravit
1036 3012 1192 3079 mihi,
1223 3016 1276 3067 et
1302 3012 1417 3084 ipse
1442 3028 1566 3069 cum
1594 3008 1945 3071 horribilibus
1976 3012 2132 3084 jura-

538 3102 754 3168 mentis,
794 3114 916 3158 cum
955 3102 1205 3159 conscius
1230 3096 1421 3158 fuisset
1462 3111 1776 3158 sanctarum
1817 3102 2132 3174 passionum

2314 1895 2383 1961 Et
2421 1904 2540 1963 aliis
2580 1920 2796 1978 quoque
2830 1905 3075 1977 pluribus
3105 1904 3382 1961 miraculis
3411 1902 3741 1961 sanctissimi
3775 1909 3823 1957 et

2240 1982 2419 2055 omnis
2448 1994 2729 2056 eilicieutis
2762 1997 2999 2070 Spiritus
3030 1997 3438 2068 cooperatione,
3497 2005 3609 2050 tam
3644 1994 3821 2050 ibidem

2241 2106 2404 2163 quam
2437 2091 2492 2147 in
2532 2090 2740 2148 duobus
2776 2090 2981 2147 exsiliis
3021 2090 3151 2155 suis,
3200 2088 3541 2160 Trapezunti
3570 2086 3818 2151 videlicet,

2240 2191 2296 2239 et
2348 2178 2682 2239 Mesembria:
2726 2180 2987 2254 patratis,
3030 2180 3387 2252 plurimisque
3434 2177 3718 2234 conversis
3763 2174 3822 2229 ad

2238 2274 2525 2330 veritatem
2554 2284 2610 2329 et
2631 2273 2963 2330 illuminatis.
3004 2272 3107 2341 Qui
3132 2287 3254 2327 cum
3274 2269 3592 2328 conversati
3611 2268 3824 2324 fuissent

2238 2376 2293 2422 et
2321 2368 2711 2438 perdurasscut
2737 2365 2788 2420 in
2819 2366 2922 2420 hoc
2948 2372 3135 2421 saneto
3160 2371 3218 2420 et
3246 2362 3570 2420 beatissimo
3610 2370 3667 2415 et
3702 2356 3824 2414 mal—

2239 2466 2417 2514 torum
2459 2450 2715 2515 sudorum
2744 2456 3063 2523 certamine,
3102 2455 3157 2512 id
3190 2463 3274 2511 est
3318 2468 3585 2510 coronam
3630 2451 3823 2507 ferente

2238 2550 2579 2609 confessione
2607 2568 2671 2608 ac
2698 2550 3026 2617 testimonio,
3057 2549 3351 2622 praedictus
3368 2548 3596 2618 quidem
3616 2556 3823 2603 sanctus

2236 2644 2556 2701 Anastasius
2602 2643 2885 2715 presbyter
2928 2651 2982 2698 et
3019 2640 3407 2712 apocrisiarius
3447 2638 3758 2703 Romanus,
3793 2651 3823 2691 a

2238 2743 2392 2790 sexta
2436 2732 2729 2789 indictione
2772 2731 3030 2804 praeteriti
3060 2729 3195 2801 cycli
3234 2744 3411 2801 usque
3460 2729 3533 2784 ad
3573 2728 3822 2784 dotatam

2238 2824 2609 2892 indictionum,
2666 2825 2717 2878 in
2771 2822 3023 2879 omnibus
3072 2821 3346 2893 praedictis
3400 2818 3580 2874 tribus
3628 2817 3819 2874 exsiliis

2237 2924 2369 2990 suis,
2426 2916 2853 2978 traductionibus
2902 2917 3131 2975 diversis
3171 2915 3419 2982 aiiectus,
3478 2911 3825 2971 tribulationi-

2236 3014 2443 3086 busque
2465 3030 2530 3069 ac
2558 3010 2994 3078 necessitatibus,
3022 3019 3078 3066 et
3119 3007 3385 3082 angustiis
3410 3021 3520 3063 non
3552 3004 3820 3061 mediocri-

2237 3106 2338 3160 bus
2376 3120 2479 3161 nec
2518 3100 2763 3171 modicis,
2796 3102 3097 3174 permansit
3115 3096 3273 3156 anuis
3295 3098 3509 3172 viginti.
3552 3095 3824 3167 Diseipulis

540 3195 803 3267 ipsorum,
840 3200 1094 3267 tanquam
1125 3194 1375 3252 dominus
1400 3203 1454 3251 et
1477 3194 1736 3269 magister
1762 3190 2133 3266 hujuscemodi
2161 3201 2208 3264 C
2238 3216 2368 3257 vero
2397 3198 2512 3271 ejus
2537 3198 2824 3256 Theodoro
2849 3207 2904 3255 et
2934 3188 3204 3268 Euprepio
3242 3194 3525 3265 germanis
3554 3201 3612 3248 et
3636 3190 3823 3248 sanctis

538 3302 745 3357 rerum,
771 3288 1082 3362 glorificans
1108 3297 1167 3345 et
1198 3286 1423 3345 laudans
1467 3304 1532 3345 ac
1574 3287 1779 3361 gratias
1817 3302 1983 3362 agens
2023 3288 2133 3344 Deo

536 3380 701 3453 super
737 3382 828 3437 tali
864 3380 1125 3438 miraculo
1164 3386 1219 3437 et
1245 3388 1351 3436 tam
1375 3376 1612 3437 ﬁduciali
1638 3378 1839 3435 virtute
1865 3374 2129 3450 ipsorum.

538 3475 823 3545 Quoniam,
865 3476 1006 3532 sicut
1033 3474 1184 3532 canis
1232 3474 1315 3529 vel
1355 3490 1548 3531 cervus
1590 3489 1823 3530 excursu
1869 3472 2039 3529 multo
2079 3482 2136 3529 et

536 3570 625 3626 siti
657 3571 743 3626 vel
777 3580 1039 3635 caumate,
1069 3571 1145 3625 ita
1190 3569 1509 3626 iaxaverunt
1553 3577 1609 3626 et
1652 3570 1991 3626 tradiderunt
2036 3569 2133 3625 lin-

536 3677 669 3735 guas
693 3678 820 3719 suas
855 3674 916 3721 ut
951 3665 1116 3720 etiam
1159 3679 1371 3731 manus.
1418 3679 1730 3736 quanquam
1776 3663 1929 3720 brevi
1973 3663 2133 3721 valde

537 3762 744 3809 statura
791 3765 1009 3811 sanctus
1044 3764 1101 3811 et
1139 3755 1388 3811 inﬁrmus
1417 3766 1563 3823 esset
1587 3772 1815 3829 corpore
1841 3756 2130 3820 Maximus.

537 3846 696 3903 sicuti
722 3847 933 3903 cunctis
956 3855 1040 3903 est
1062 3847 1425 3903 manifestum.
1460 3876 1467 3889 ε
1942 3870 1947 3873 τ

608 3936 874 4003 Quocirca
928 3946 986 3993 et
1041 3938 1400 4015 abundantius
1463 3938 1760 3996 adversarii
1826 3939 2131 3998 sauciantes

538 4018 737 4085 sensus
758 4035 889 4086 suos
917 4040 1080 4099 super
1106 4032 1259 4085 tanta
1284 4037 1338 4086 et
1367 4028 1457 4084 tali
1487 4028 1764 4088 alacritate
1793 4039 2127 4102 sanctorum,

538 4118 871 4177 intrinsecus
924 4118 1243 4194 nequissimi
1292 4130 1346 4178 et
1400 4123 1666 4180 veraciter
1709 4124 2021 4195 inhumani,
2071 4136 2132 4184 ut

537 4220 728 4270 retera
759 4211 884 4271 ferae
907 4224 1149 4289 agrestes
1197 4215 1297 4273 has
1340 4210 1749 4276 abscindebant.
1791 4220 1907 4277 Non
1953 4221 2128 4279 solum

538 4306 648 4363 ista
684 4306 767 4362 sic
799 4306 869 4364 ab
906 4323 971 4365 eo
1003 4307 1230 4379 epistola
1251 4309 1477 4382 scripta,
1502 4311 1599 4368 sed
1621 4320 1678 4367 et
1701 4312 1820 4368 aliis
1851 4313 2037 4370 multis
2066 4310 2129 4369 ii-

446 4437 453 4445 .
536 4398 655 4456 bris
688 4415 755 4455 ac
801 4400 961 4459 tomis
1004 4400 1307 4458 studiorum
1354 4404 1541 4475 ipsius.
1580 4404 1825 4472 Quorum
1870 4406 1974 4477 ipsi
2019 4418 2129 4461 non

538 4488 717 4545 saltm
758 4490 1093 4561 inspectores
1130 4492 1317 4549 divina
1357 4496 1697 4566 providentia
1744 4492 1873 4553 facti
1918 4511 2127 4565 sumus,

2237 3291 2519 3360 fratribus,
2542 3290 2665 3348 ﬁliis
2685 3288 2884 3346 Plutiui
2903 3289 3200 3347 beatissimi
3227 3287 3571 3360 imperatorii
3592 3284 3821 3359 pistoris.

2237 3385 2287 3440 id
2309 3390 2394 3440 est
2416 3383 2507 3455 qui
2531 3399 2694 3455 super
2720 3398 2909 3439 omnes
2939 3382 3169 3453 piatorcs
3208 3381 3457 3453 publicos
3495 3391 3603 3447 est,
3649 3394 3822 3436 conm

2239 3476 2487 3533 videlicet
2523 3475 2617 3548 qui
2662 3491 2902 3533 annonas
2951 3474 3260 3531 scholarum
3306 3475 3556 3531 omnium
3603 3473 3820 3539 solvunt,

2234 3570 2377 3642 quod
2434 3568 2732 3641 appellatur
2783 3569 3125 3626 Tetransiton
3154 3610 3168 3633 ,
3221 3568 3425 3625 divitiis
3484 3568 3732 3640 pretiosis
3767 3575 3821 3623 et

2234 3660 2586 3733 dignitatibus
2652 3659 2922 3728 diversis,
2992 3660 3299 3729 divinisque
3360 3659 3660 3715 virtutibus
3691 3700 3705 3725 ,
3767 3662 3821 3713 et

2232 3755 2563 3828 virginitate,
2601 3771 2723 3826 quae
2761 3755 2850 3811 bis
2882 3754 3134 3811 omnibus
3178 3752 3354 3824 major
3389 3764 3498 3821 est,
3528 3753 3817 3818 adornatis;

2231 3858 2330 3922 per
2354 3854 2515 3921 quam
2549 3845 2778 3915 seiiicet,
2807 3849 2865 3902 ut
2891 3838 3102 3919 Opinor,
3133 3846 3294 3903 etiam
3323 3848 3538 3902 sanctis
3561 3864 3661 3919 pro
3686 3845 3821 3903 Chri

2233 3954 2317 4002 sto
2340 3944 2603 4016 agonibus
2623 3952 2678 4000 et
2698 3942 2914 4000 coronis
2940 3941 3201 4000 honorari
3222 3950 3583 4008 numerant,
3613 3950 3678 3996 ut
3698 3938 3822 3996 casti

2231 4048 2287 4096 et
2317 4039 2519 4094 mundo
2550 4036 2733 4104 cOrde,
2760 4035 3017 4108 quoniam
3050 4034 3149 4106 ipsi
3179 4032 3351 4089 Deum
3382 4033 3671 4091 videbant.
3708 4031 3822 4087 Post

2233 4131 2466 4203 primum
2509 4128 2755 4200 magistri
2801 4126 2887 4184 sui
2921 4134 2977 4182 et
3023 4125 3199 4182 nostri
3246 4127 3393 4195 apud
3428 4124 3817 4195 Trapemotem

2214 4223 2480 4278 exsilium
2511 4221 2700 4276 multis
2741 4218 3098 4290 cieemosynis
3146 4222 3207 4271 et
3242 4214 3618 4272 oblationibus
3662 4213 3818 4278 factis,

2230 4313 2537 4371 volentibus
2564 4312 2793 4373 Romam
2840 4307 3139 4381 confugere
3179 4308 3436 4378 protinus
3491 4316 3547 4364 et
3597 4308 3726 4379 ipsis
3768 4302 3816 4360 in

2230 4407 2423 4463 eadem
2476 4404 2852 4478 persecutione
2898 4410 3068 4476 prepe
3105 4401 3355 4475 Abydum
3404 4400 3815 4474 comprehch

2230 4506 2449 4572 propter
2473 4499 2720 4557 eamdem
2760 4502 2814 4554 et
2849 4494 3018 4554 solam
3048 4506 3292 4563 causam,
3332 4505 3390 4552 et
3436 4511 3539 4566 pro
3586 4512 3652 4552 eo
3692 4492 3817 4564 quod

498 4581 634 4636 'scd
668 4588 729 4636 et
767 4583 966 4653 partim
1005 4583 1061 4639 in
1098 4592 1303 4640 sortem
1342 4586 1512 4657 gratia
1554 4584 1647 4642 Dei
1679 4595 1743 4643 ex
1774 4588 1855 4644 eis
1881 4590 2128 4661 accipere
2160 4586 2210 4651 Ι)
2236 4593 2532 4650 noluissent
2557 4608 2679 4648 cum
2709 4591 2788 4648 eis
2814 4590 3173 4647 contaminari
3204 4600 3313 4644 tam
3356 4590 3615 4645 cvidente
3647 4589 3818 4658 impie-

535 4671 687 4729 illius
728 4672 1086 4746 praecpitem
1114 4677 1430 4745 meruimus,
1460 4685 1514 4735 et
1542 4677 1674 4749 ipsis
1712 4690 1927 4752 quoque
1970 4681 2132 4737 simili

536 4776 859 4841 argumento
882 4774 938 4825 et
962 4786 1145 4837 manu,
1176 4771 1304 4839 imo,
1327 4781 1386 4827 ut
1408 4774 1588 4829 verius
1612 4774 1810 4829 dictum
1837 4786 1940 4841 est,
1968 4777 2132 4845 digito

506 4863 759 4941 scriptis
778 4864 899 4933 Dei,
930 4867 1072 4923 sicut
1103 4868 1284 4939 magni
1324 4867 1495 4940 Moysi
1538 4881 1781 4939 tempore
1825 4870 2021 4941 legitur
2047 4870 2131 4926 fa-

539 4963 691 5025 ctum
720 4973 738 5014 :
766 4959 1103 5031 providentia
1152 4960 1404 5017 videlicet
1448 4970 1506 5017 et
1546 4963 1928 5033 woperatio‘ne
1965 4964 2135 5021 solius

540 5040 926 5120 omnipotentis
952 5051 1053 5107 Dei
1089 5053 1203 5122 qui,
1242 5068 1364 5108 cum
1412 5052 1487 5109 sit
1527 5064 1737 5109 amator
1777 5055 2037 5112 bonitatis
2075 5066 2135 5113 et

538 5139 851 5207 hominum,
878 5141 1006 5198 facit
1031 5145 1299 5202 mirabilia
1336 5162 1531 5219 magna
1575 5148 1631 5203 iu
1672 5148 1883 5205 sumis
1920 5151 2039 5207 suis
2077 5161 2135 5206 et

545 5232 815 5305 gloriﬁcat
857 5248 982 5288 vere
1037 5236 1404 5306 gloriﬁcantes
1445 5255 1508 5296 se
1537 5279 1552 5304 ,
1608 5248 1719 5295 tam
1766 5240 2133 5298 indeclinabiii

546 5338 716 5407 opere
732 5338 903 5411 quam
925 5324 1087 5382 verbo
1125 5336 1181 5382 et
1216 5331 1445 5387 veritate
1474 5345 1639 5387 :eum
1690 5333 1869 5388 adhuc
1912 5333 2137 5405 degeret

547 5415 607 5472 in
633 5413 847 5483 ultimo.
884 5414 938 5469 id
967 5424 1050 5470 est
1084 5422 1240 5475 tertio
1265 5423 1455 5477 exsilio
1480 5438 1582 5479 suo
1610 5422 1841 5490 basim,
1871 5426 1925 5480 in
1950 5435 2137 5482 castus

549 5507 859 5565 Thusumcs
906 5519 1230 5577 nuncupata,
1280 5514 1382 5569 suo
1426 5530 1590 5587 sum
1634 5518 1817 5572 viuum
1855 5519 2133 5586 unum”,

549 5601 786 5678 climatis
804 5594 1021 5669 Apsiliae
1054 5600 1291 5670 termini,
1315 5606 1384 5660 ad
1401 5605 1677 5664 Orientem
1704 5610 1914 5666 Pontici
1940 5614 2132 5679 maris,

551 5693 695 5763 apud
746 5693 918 5761 ipsum
964 5691 1155 5764 pedem
1203 5696 1587 5757 (lacessierunt
1632 5705 1931 5771 mirus,
1975 5705 2131 5774 juxta

2238 4698 2353 4744 tate
2372 4688 2428 4743 in
2454 4687 2682 4758 profano
2703 4695 2759 4741 et
2781 4685 2999 4756 penitus
3020 4683 3143 4740 sine
3160 4683 3271 4738 Deo
3300 4681 3661 4753 imperatorio
3682 4678 3818 4750 Tm.

2235 4781 2323 4849 qui
2350 4795 2417 4836 ex
2447 4778 2805 4834 submissione
2831 4777 3006 4832 factus
3031 4783 3114 4831 est
3144 4790 3333 4829 eorum
3384 4775 3478 4843 qui
3524 4784 3681 4829 erant
3725 4772 3817 4825 Ec—

2234 4872 2415 4928 clesia
2447 4868 3013 4940 Coth
3037 4875 3093 4924 et
3114 4866 3427 4938 publicatis,
3457 4866 3515 4920 id
3547 4874 3637 4921 est
3664 4866 3811 4919 deus

2235 4968 2373 5022 (latis
2397 4965 2549 5020 enini
2575 4964 2879 5020 substantia
2904 4976 3027 5033 qum
3046 4958 3223 5017 imm
3250 4960 3375 5028 sibi,
3401 4970 3457 5016 et
3472 4960 3819 5032 dignitatibus

2234 5075 2371 5129 quas
2396 5057 2667 5114 habebnt
2694 5073 2709 5111 :
2740 5056 3061 5128 ﬂagellisque
3087 5053 3337 5110 mortalis
3357 5065 3389 5106 ι
3422 5053 3687 5122 praeferto
3711 5066 3816 5108 suas

2234 5152 2585 5222 cipietttibtts,
2631 5157 2688 5206 et
2738 5149 3068 5206 Chersonem
3118 5149 3169 5203 in
3210 5145 3467 5202 exsiiinm
3516 5147 3727 5202 missis.
3764 5150 3813 5197 et

2236 5244 2347 5301 illic
2382 5246 2439 5299 vi
2475 5242 2675 5314 mitius
2708 5241 2779 5298 ab
2818 5243 3049 5298 invicem
3095 5240 3375 5310 separatis,
3422 5246 3481 5293 ct
3530 5239 3589 5293 in
3636 5237 3815 5294 castris

2236 5336 2479 5407 gentium
2520 5333 2724 5390 ibidem
2759 5333 3119 5404 Montium
3142 5330 3410 5402 demta-tis
3440 5329 3672 5399 :jtmior
3709 5326 3815 5399 qui-

2238 5426 2359 5482 dem
2389 5426 2583 5491 frater,
2628 5422 2738 5497 qui,
2780 5432 2845 5481 ω
2890 5435 3015 5483 vero
3062 5426 3117 5480 in
3172 5423 3378 5478 cunctis
3433 5421 3812 5493 Myrtea,

2240 5518 2515 5591 iitrprepes
2556 5520 2871 5573 Impetus
2894 5524 3008 5580 est,
3039 5509 3308 5586 smnpm!)
3342 5516 3403 5567 in
3451 5510 3812 5585 hujuscemodi

2239 5610 2335 5667 Dei
2380 5613 2556 5667 amico
2599 5622 2795 5683 agone,
2834 5620 2978 5667 anno
3022 5622 3184 5676 nono,
3234 5609 3300 5663 ad
3696 5604 3812 5660 abiit

2239 5718 2431 5763 mense
2479 5702 2775 5776 Octobrio,
2820 5706 2912 5765 die
2960 5704 3215 5763 vicesima
3267 5712 3423 5760 serta
3526 5703 3811 5759 indictione
