  <div class='ocr_page' id='page_1' title='image "/cluster/home/n/w/nwhite01/storage/ocr_20150623/129/hvd.32044015471709/348.png"; bbox 0 0 3926 5754; ppageno 0'>
   <div class='ocr_carea' id='block_1_1' title="bbox 637 358 2906 430">
    <p class='ocr_par' dir='ltr' id='par_1_1' title="bbox 637 358 2906 430">
     <span class='ocr_line' id='line_1_1' title="bbox 637 358 2906 430; baseline -0.006 -1"><span class='ocrx_word' id='word_1_1' title='bbox 637 365 1158 430; x_wconf 81' lang='lat' dir='ltr'><strong>COLLECTANEA.</strong></span> <span class='ocrx_word' id='word_1_2' title='bbox 1201 393 1272 405; x_wconf 95' lang='lat'><strong>—</strong></span> <span class='ocrx_word' id='word_1_3' title='bbox 1310 360 1894 420; x_wconf 69' lang='lat' dir='ltr'><strong>HYPOMNESTIGON</strong></span> <span class='ocrx_word' id='word_1_4' title='bbox 1933 360 2023 417; x_wconf 85' lang='lat' dir='ltr'><strong>DE</strong></span> <span class='ocrx_word' id='word_1_5' title='bbox 2060 359 2308 418; x_wconf 82' lang='lat' dir='ltr'><strong>GESTIS</strong></span> <span class='ocrx_word' id='word_1_6' title='bbox 2346 359 2405 416; x_wconf 92' lang='lat' dir='ltr'><strong>S.</strong></span> <span class='ocrx_word' id='word_1_7' title='bbox 2445 358 2716 429; x_wconf 75' lang='lat' dir='ltr'><strong>MAXIM],</strong></span> <span class='ocrx_word' id='word_1_8' title='bbox 2756 358 2906 417; x_wconf 87' lang='lat' dir='ltr'><strong>ETC.</strong></span> 
     </span>
    </p>
   </div>
   <div class='ocr_carea' id='block_1_2' title="bbox 145 469 3414 554">
    <p class='ocr_par' dir='ltr' id='par_1_2' title="bbox 145 469 3414 554">
     <span class='ocr_line' id='line_1_2' title="bbox 145 469 3414 554; baseline -0.004 -10"><span class='ocrx_word' id='word_1_9' title='bbox 145 547 154 553; x_wconf 58' lang='grc'><em>,</em></span> <span class='ocrx_word' id='word_1_10' title='bbox 191 492 350 544; x_wconf 80' lang='lat' dir='ltr'><strong>Alter</strong></span> <span class='ocrx_word' id='word_1_11' title='bbox 383 499 540 550; x_wconf 70' lang='lat' dir='ltr'><strong>vero,</strong></span> <span class='ocrx_word' id='word_1_12' title='bbox 570 483 664 554; x_wconf 99' lang='lat' dir='ltr'><strong>qui</strong></span> <span class='ocrx_word' id='word_1_13' title='bbox 691 481 923 552; x_wconf 76' lang='lat' dir='ltr'><strong>et-prior</strong></span> <span class='ocrx_word' id='word_1_14' title='bbox 946 479 1136 544; x_wconf 85' lang='lat' dir='ltr'><strong>frater,</strong></span> <span class='ocrx_word' id='word_1_15' title='bbox 1163 477 1362 548; x_wconf 88' lang='lat' dir='ltr'><strong>quique</strong></span> <span class='ocrx_word' id='word_1_16' title='bbox 1391 475 1484 532; x_wconf 89' lang='lat' dir='ltr'><strong>Dei</strong></span> <span class='ocrx_word' id='word_1_17' title='bbox 1519 475 1716 530; x_wconf 87' lang='lat' dir='ltr'><strong>donum</strong></span> <span class='ocrx_word' id='word_1_18' title='bbox 1747 479 1794 538; x_wconf 81' lang='grc' dir='ltr'>Α</span> <span class='ocrx_word' id='word_1_19' title='bbox 1824 480 1973 538; x_wconf 85' lang='lat' dir='ltr'><strong>nota,</strong></span> <span class='ocrx_word' id='word_1_20' title='bbox 2016 473 2107 544; x_wconf 90' lang='lat' dir='ltr'><strong>qui</strong></span> <span class='ocrx_word' id='word_1_21' title='bbox 2144 473 2324 529; x_wconf 82' lang='lat' dir='ltr'><strong>omnia</strong></span> <span class='ocrx_word' id='word_1_22' title='bbox 2357 473 2615 528; x_wconf 86' lang='lat' dir='ltr'><strong>nimirum</strong></span> <span class='ocrx_word' id='word_1_23' title='bbox 2667 473 2734 528; x_wconf 81' lang='lat' dir='ltr'><strong>ad</strong></span> <span class='ocrx_word' id='word_1_24' title='bbox 2784 472 3070 528; x_wconf 86' lang='lat' dir='ltr'><strong>utilitatem</strong></span> <span class='ocrx_word' id='word_1_25' title='bbox 3114 469 3414 544; x_wconf 79' lang='lat' dir='ltr'><strong>dispensat,</strong></span> 
     </span>
    </p>
   </div>
   <div class='ocr_carea' id='block_1_3' title="bbox 123 566 1718 640">
    <p class='ocr_par' dir='ltr' id='par_1_3' title="bbox 123 566 1718 640">
     <span class='ocr_line' id='line_1_3' title="bbox 123 566 1718 640; baseline -0.009 -6"><span class='ocrx_word' id='word_1_26' title='bbox 123 580 319 634; x_wconf 83' lang='lat' dir='ltr'><strong>merito</strong></span> <span class='ocrx_word' id='word_1_27' title='bbox 351 595 383 631; x_wconf 88' lang='lat' dir='ltr'><strong>a</strong></span> <span class='ocrx_word' id='word_1_28' title='bbox 410 574 638 633; x_wconf 87' lang='lat' dir='ltr'><strong>Domino</strong></span> <span class='ocrx_word' id='word_1_29' title='bbox 677 583 759 628; x_wconf 91' lang='lat' dir='ltr'><strong>est</strong></span> <span class='ocrx_word' id='word_1_30' title='bbox 789 581 1027 636; x_wconf 88' lang='lat' dir='ltr'><strong>vocatus,</strong></span> <span class='ocrx_word' id='word_1_31' title='bbox 1077 571 1377 640; x_wconf 89' lang='lat' dir='ltr'><strong>perduraus</strong></span> <span class='ocrx_word' id='word_1_32' title='bbox 1420 569 1487 622; x_wconf 90' lang='lat' dir='ltr'><strong>ab</strong></span> <span class='ocrx_word' id='word_1_33' title='bbox 1530 566 1718 622; x_wconf 85' lang='lat' dir='ltr'><strong>eadem</strong></span> 
     </span>
    </p>
   </div>
   <div class='ocr_carea' id='block_1_4' title="bbox 122 659 1721 736">
    <p class='ocr_par' dir='ltr' id='par_1_4' title="bbox 122 659 1721 736">
     <span class='ocr_line' id='line_1_4' title="bbox 122 659 1721 736; baseline -0.009 -10"><span class='ocrx_word' id='word_1_34' title='bbox 122 681 278 726; x_wconf 75' lang='lat' dir='ltr'><strong>sexta</strong></span> <span class='ocrx_word' id='word_1_35' title='bbox 306 668 603 724; x_wconf 78' lang='lat' dir='ltr'><strong>indictione</strong></span> <span class='ocrx_word' id='word_1_36' title='bbox 633 681 803 736; x_wconf 91' lang='lat' dir='ltr'><strong>usque</strong></span> <span class='ocrx_word' id='word_1_37' title='bbox 829 664 898 718; x_wconf 90' lang='lat' dir='ltr'><strong>ad</strong></span> <span class='ocrx_word' id='word_1_38' title='bbox 931 662 1048 733; x_wconf 88' lang='lat' dir='ltr'><strong>jam</strong></span> <span class='ocrx_word' id='word_1_39' title='bbox 1089 663 1287 718; x_wconf 88' lang='lat' dir='ltr'><strong>dictam</strong></span> <span class='ocrx_word' id='word_1_40' title='bbox 1328 661 1590 716; x_wconf 86' lang='lat' dir='ltr'><strong>decimam</strong></span> <span class='ocrx_word' id='word_1_41' title='bbox 1636 659 1721 714; x_wconf 89' lang='lat' dir='ltr'><strong>in-</strong></span> 
     </span>
    </p>
   </div>
   <div class='ocr_carea' id='block_1_5' title="bbox 122 755 1720 835">
    <p class='ocr_par' dir='ltr' id='par_1_5' title="bbox 122 755 1720 835">
     <span class='ocr_line' id='line_1_5' title="bbox 122 755 1720 835; baseline -0.006 -17"><span class='ocrx_word' id='word_1_42' title='bbox 122 770 420 824; x_wconf 71' lang='lat' dir='ltr'><strong>dit-tionem</strong></span> <span class='ocrx_word' id='word_1_43' title='bbox 451 765 705 821; x_wconf 79' lang='lat' dir='ltr'><strong>instantis</strong></span> <span class='ocrx_word' id='word_1_44' title='bbox 733 763 892 835; x_wconf 82' lang='lat' dir='ltr'><strong>cycli,</strong></span> <span class='ocrx_word' id='word_1_45' title='bbox 925 762 976 816; x_wconf 89' lang='lat' dir='ltr'><strong>id</strong></span> <span class='ocrx_word' id='word_1_46' title='bbox 1002 770 1088 816; x_wconf 90' lang='lat' dir='ltr'><strong>est</strong></span> <span class='ocrx_word' id='word_1_47' title='bbox 1112 775 1280 831; x_wconf 86' lang='lat' dir='ltr'><strong>usque</strong></span> <span class='ocrx_word' id='word_1_48' title='bbox 1302 759 1368 813; x_wconf 91' lang='lat' dir='ltr'><strong>ad</strong></span> <span class='ocrx_word' id='word_1_49' title='bbox 1391 755 1720 812; x_wconf 73' lang='lat' dir='ltr'><strong>sanctissimi</strong></span> 
     </span>
    </p>
   </div>
   <div class='ocr_carea' id='block_1_6' title="bbox 119 850 1716 929">
    <p class='ocr_par' dir='ltr' id='par_1_6' title="bbox 119 850 1716 929">
     <span class='ocr_line' id='line_1_6' title="bbox 119 850 1716 929; baseline -0.007 -15"><span class='ocrx_word' id='word_1_50' title='bbox 119 861 303 916; x_wconf 82' lang='lat' dir='ltr'><strong>Patris</strong></span> <span class='ocrx_word' id='word_1_51' title='bbox 323 869 382 914; x_wconf 89' lang='lat' dir='ltr'><strong>et</strong></span> <span class='ocrx_word' id='word_1_52' title='bbox 407 857 656 929; x_wconf 80' lang='lat' dir='ltr'><strong>magistri</strong></span> <span class='ocrx_word' id='word_1_53' title='bbox 681 872 870 912; x_wconf 89' lang='lat' dir='ltr'><strong>eorum</strong></span> <span class='ocrx_word' id='word_1_54' title='bbox 891 870 956 910; x_wconf 86' lang='lat' dir='ltr'><strong>ac</strong></span> <span class='ocrx_word' id='word_1_55' title='bbox 985 854 1156 909; x_wconf 84' lang='lat' dir='ltr'><strong>nostri</strong></span> <span class='ocrx_word' id='word_1_56' title='bbox 1188 851 1462 907; x_wconf 77' lang='lat' dir='ltr'><strong>Anastasii</strong></span> <span class='ocrx_word' id='word_1_57' title='bbox 1489 850 1716 919; x_wconf 82' lang='lat' dir='ltr'><strong>presby-</strong></span> 
     </span>
    </p>
   </div>
   <div class='ocr_carea' id='block_1_7' title="bbox 122 945 1717 1022">
    <p class='ocr_par' dir='ltr' id='par_1_7' title="bbox 122 945 1717 1022">
     <span class='ocr_line' id='line_1_7' title="bbox 122 945 1717 1022; baseline -0.006 -16"><span class='ocrx_word' id='word_1_58' title='bbox 122 954 244 1017; x_wconf 87' lang='lat' dir='ltr'><strong>teri,</strong></span> <span class='ocrx_word' id='word_1_59' title='bbox 276 953 372 1022; x_wconf 85' lang='lat' dir='ltr'><strong>qui</strong></span> <span class='ocrx_word' id='word_1_60' title='bbox 407 967 594 1006; x_wconf 79' lang='lat' dir='ltr'><strong>revera</strong></span> <span class='ocrx_word' id='word_1_61' title='bbox 629 949 984 1013; x_wconf 85' lang='lat' dir='ltr'><strong>miserrimus,</strong></span> <span class='ocrx_word' id='word_1_62' title='bbox 1017 957 1072 1003; x_wconf 89' lang='lat' dir='ltr'><strong>et</strong></span> <span class='ocrx_word' id='word_1_63' title='bbox 1099 945 1328 1016; x_wconf 87' lang='lat' dir='ltr'><strong>orphani</strong></span> <span class='ocrx_word' id='word_1_64' title='bbox 1359 954 1577 1014; x_wconf 88' lang='lat' dir='ltr'><strong>propter</strong></span> <span class='ocrx_word' id='word_1_65' title='bbox 1609 952 1717 997; x_wconf 88' lang='lat' dir='ltr'><strong>tam</strong></span> 
     </span>
    </p>
   </div>
   <div class='ocr_carea' id='block_1_8' title="bbox 123 1033 1722 1111">
    <p class='ocr_par' dir='ltr' id='par_1_8' title="bbox 123 1033 1722 1111">
     <span class='ocr_line' id='line_1_8' title="bbox 123 1033 1722 1111; baseline -0.006 -15"><span class='ocrx_word' id='word_1_66' title='bbox 123 1044 428 1108; x_wconf 82' lang='lat' dir='ltr'><strong>raritatem,</strong></span> <span class='ocrx_word' id='word_1_67' title='bbox 459 1051 515 1097; x_wconf 88' lang='lat' dir='ltr'><strong>et</strong></span> <span class='ocrx_word' id='word_1_68' title='bbox 546 1041 780 1111; x_wconf 80' lang='lat' dir='ltr'><strong>inopiam</strong></span> <span class='ocrx_word' id='word_1_69' title='bbox 819 1037 967 1094; x_wconf 91' lang='lat' dir='ltr'><strong>verbi</strong></span> <span class='ocrx_word' id='word_1_70' title='bbox 1004 1038 1248 1094; x_wconf 78' lang='lat' dir='ltr'><strong>veritatis</strong></span> <span class='ocrx_word' id='word_1_71' title='bbox 1273 1045 1327 1090; x_wconf 91' lang='lat' dir='ltr'><strong>et</strong></span> <span class='ocrx_word' id='word_1_72' title='bbox 1355 1035 1531 1090; x_wconf 90' lang='lat' dir='ltr'><strong>omnis</strong></span> <span class='ocrx_word' id='word_1_73' title='bbox 1559 1033 1722 1104; x_wconf 88' lang='lat' dir='ltr'><strong>spiri-</strong></span> 
     </span>
    </p>
   </div>
   <div class='ocr_carea' id='block_1_9' title="bbox 121 1129 1719 1206">
    <p class='ocr_par' dir='ltr' id='par_1_9' title="bbox 121 1129 1719 1206">
     <span class='ocr_line' id='line_1_9' title="bbox 121 1129 1719 1206; baseline -0.008 -11"><span class='ocrx_word' id='word_1_74' title='bbox 121 1138 282 1195; x_wconf 86' lang='lat' dir='ltr'><strong>tualis</strong></span> <span class='ocrx_word' id='word_1_75' title='bbox 309 1154 470 1206; x_wconf 68' lang='lat' dir='ltr'><strong>ese&#39;e,</strong></span> <span class='ocrx_word' id='word_1_76' title='bbox 502 1138 576 1192; x_wconf 92' lang='lat' dir='ltr'><strong>ita</strong></span> <span class='ocrx_word' id='word_1_77' title='bbox 605 1145 664 1192; x_wconf 89' lang='lat' dir='ltr'><strong>ut</strong></span> <span class='ocrx_word' id='word_1_78' title='bbox 684 1152 829 1191; x_wconf 86' lang='lat' dir='ltr'><strong>nunc</strong></span> <span class='ocrx_word' id='word_1_79' title='bbox 854 1135 1018 1191; x_wconf 89' lang='lat' dir='ltr'><strong>etiam</strong></span> <span class='ocrx_word' id='word_1_80' title='bbox 1042 1133 1391 1203; x_wconf 82' lang='lat' dir='ltr'><strong>adimpletum</strong></span> <span class='ocrx_word' id='word_1_81' title='bbox 1420 1132 1492 1186; x_wconf 89' lang='lat' dir='ltr'><strong>sit</strong></span> <span class='ocrx_word' id='word_1_82' title='bbox 1521 1129 1663 1199; x_wconf 90' lang='lat' dir='ltr'><strong>quod</strong></span> <span class='ocrx_word' id='word_1_83' title='bbox 1687 1143 1719 1183; x_wconf 77' lang='grc' dir='ltr'><strong>ει</strong></span> 
     </span>
    </p>
   </div>
   <div class='ocr_carea' id='block_1_10' title="bbox 120 1225 1715 1296">
    <p class='ocr_par' dir='ltr' id='par_1_10' title="bbox 120 1225 1715 1296">
     <span class='ocr_line' id='line_1_10' title="bbox 120 1225 1715 1296; baseline -0.007 -8"><span class='ocrx_word' id='word_1_84' title='bbox 120 1233 353 1288; x_wconf 76' lang='lat' dir='ltr'><strong>Domino</strong></span> <span class='ocrx_word' id='word_1_85' title='bbox 396 1231 466 1287; x_wconf 81' lang='lat' dir='ltr'><strong>de</strong></span> <span class='ocrx_word' id='word_1_86' title='bbox 494 1230 651 1286; x_wconf 82' lang='lat' dir='ltr'><strong>malis</strong></span> <span class='ocrx_word' id='word_1_87' title='bbox 687 1229 1100 1286; x_wconf 79' lang='lat' dir='ltr'><strong>novissimorum</strong></span> <span class='ocrx_word' id='word_1_88' title='bbox 1147 1236 1445 1296; x_wconf 82' lang='lat' dir='ltr'><strong>temporum</strong></span> <span class='ocrx_word' id='word_1_89' title='bbox 1497 1225 1715 1290; x_wconf 87' lang='lat' dir='ltr'><strong>dicitur,</strong></span> 
     </span>
    </p>
   </div>
   <div class='ocr_carea' id='block_1_11' title="bbox 120 1319 1716 1392">
    <p class='ocr_par' dir='ltr' id='par_1_11' title="bbox 120 1319 1716 1392">
     <span class='ocr_line' id='line_1_11' title="bbox 120 1319 1716 1392; baseline -0.004 -14"><span class='ocrx_word' id='word_1_90' title='bbox 120 1340 225 1380; x_wconf 86' lang='lat' dir='ltr'><strong>non</strong></span> <span class='ocrx_word' id='word_1_91' title='bbox 265 1323 470 1378; x_wconf 83' lang='lat' dir='ltr'><strong>famem</strong></span> <span class='ocrx_word' id='word_1_92' title='bbox 507 1323 665 1392; x_wconf 89' lang='lat' dir='ltr'><strong>panis</strong></span> <span class='ocrx_word' id='word_1_93' title='bbox 702 1321 1061 1385; x_wconf 84' lang='lat' dir='ltr'><strong>mittendam,</strong></span> <span class='ocrx_word' id='word_1_94' title='bbox 1117 1334 1291 1388; x_wconf 81' lang='lat' dir='ltr'><strong>neque</strong></span> <span class='ocrx_word' id='word_1_95' title='bbox 1345 1319 1491 1373; x_wconf 80' lang='lat' dir='ltr'><strong>sitim</strong></span> <span class='ocrx_word' id='word_1_96' title='bbox 1541 1328 1716 1386; x_wconf 66' lang='lat' dir='ltr'><strong>aquae,</strong></span> 
     </span>
    </p>
   </div>
   <div class='ocr_carea' id='block_1_12' title="bbox 120 1408 1721 1477">
    <p class='ocr_par' dir='ltr' id='par_1_12' title="bbox 120 1408 1721 1477">
     <span class='ocr_line' id='line_1_12' title="bbox 120 1408 1721 1477; baseline -0.004 -8"><span class='ocrx_word' id='word_1_97' title='bbox 120 1416 213 1470; x_wconf 86' lang='lat' dir='ltr'><strong>sed</strong></span> <span class='ocrx_word' id='word_1_98' title='bbox 244 1414 445 1469; x_wconf 81' lang='lat' dir='ltr'><strong>famem</strong></span> <span class='ocrx_word' id='word_1_99' title='bbox 481 1413 733 1468; x_wconf 86' lang='lat' dir='ltr'><strong>audiendi</strong></span> <span class='ocrx_word' id='word_1_100' title='bbox 774 1413 998 1468; x_wconf 77' lang='lat' dir='ltr'><strong>verbum</strong></span> <span class='ocrx_word' id='word_1_101' title='bbox 1034 1410 1268 1477; x_wconf 84' lang='lat' dir='ltr'><strong>Domini,</strong></span> <span class='ocrx_word' id='word_1_102' title='bbox 1315 1409 1473 1465; x_wconf 85' lang='lat' dir='ltr'><strong>sicuti</strong></span> <span class='ocrx_word' id='word_1_103' title='bbox 1513 1408 1721 1463; x_wconf 85' lang='lat' dir='ltr'><strong>dictum</strong></span> 
     </span>
    </p>
   </div>
   <div class='ocr_carea' id='block_1_13' title="bbox 120 1498 1720 1570">
    <p class='ocr_par' dir='ltr' id='par_1_13' title="bbox 120 1498 1720 1570">
     <span class='ocr_line' id='line_1_13' title="bbox 120 1498 1720 1570; baseline -0.005 -10"><span class='ocrx_word' id='word_1_104' title='bbox 120 1514 223 1570; x_wconf 88' lang='lat' dir='ltr'><strong>est,</strong></span> <span class='ocrx_word' id='word_1_105' title='bbox 255 1512 506 1560; x_wconf 87' lang='lat' dir='ltr'><strong>sanctam</strong></span> <span class='ocrx_word' id='word_1_106' title='bbox 537 1503 592 1558; x_wconf 90' lang='lat' dir='ltr'><strong>in</strong></span> <span class='ocrx_word' id='word_1_107' title='bbox 621 1503 848 1558; x_wconf 89' lang='lat' dir='ltr'><strong>Domino</strong></span> <span class='ocrx_word' id='word_1_108' title='bbox 876 1501 1286 1570; x_wconf 89' lang='lat' dir='ltr'><strong>requietionem,</strong></span> <span class='ocrx_word' id='word_1_109' title='bbox 1328 1514 1528 1554; x_wconf 89' lang='lat' dir='ltr'><strong>annum</strong></span> <span class='ocrx_word' id='word_1_110' title='bbox 1575 1498 1720 1552; x_wconf 87' lang='lat' dir='ltr'><strong>vice-</strong></span> 
     </span>
    </p>
   </div>
   <div class='ocr_carea' id='block_1_14' title="bbox 121 1589 1720 1669">
    <p class='ocr_par' dir='ltr' id='par_1_14' title="bbox 121 1589 1720 1669">
     <span class='ocr_line' id='line_1_14' title="bbox 121 1589 1720 1669; baseline -0.005 -16"><span class='ocrx_word' id='word_1_111' title='bbox 121 1599 319 1654; x_wconf 88' lang='lat' dir='ltr'><strong>simum</strong></span> <span class='ocrx_word' id='word_1_112' title='bbox 349 1598 464 1669; x_wconf 86' lang='lat' dir='ltr'><strong>agit</strong></span> <span class='ocrx_word' id='word_1_113' title='bbox 489 1597 666 1652; x_wconf 85' lang='lat' dir='ltr'><strong>adhuc</strong></span> <span class='ocrx_word' id='word_1_114' title='bbox 690 1609 1045 1667; x_wconf 83' lang='lat' dir='ltr'><strong>perseverans</strong></span> <span class='ocrx_word' id='word_1_115' title='bbox 1065 1593 1116 1648; x_wconf 93' lang='lat' dir='ltr'><strong>in</strong></span> <span class='ocrx_word' id='word_1_116' title='bbox 1142 1591 1413 1646; x_wconf 89' lang='lat' dir='ltr'><strong>athleticis</strong></span> <span class='ocrx_word' id='word_1_117' title='bbox 1435 1589 1720 1645; x_wconf 78' lang='lat' dir='ltr'><strong>sudoribus</strong></span> 
     </span>
    </p>
   </div>
   <div class='ocr_carea' id='block_1_15' title="bbox 121 1683 1719 1764">
    <p class='ocr_par' dir='ltr' id='par_1_15' title="bbox 121 1683 1719 1764">
     <span class='ocr_line' id='line_1_15' title="bbox 121 1683 1719 1764; baseline -0.004 -17"><span class='ocrx_word' id='word_1_118' title='bbox 121 1701 174 1747; x_wconf 87' lang='lat' dir='ltr'><strong>et</strong></span> <span class='ocrx_word' id='word_1_119' title='bbox 195 1691 485 1764; x_wconf 82' lang='lat' dir='ltr'><strong>agonibus,</strong></span> <span class='ocrx_word' id='word_1_120' title='bbox 517 1691 573 1746; x_wconf 91' lang='lat' dir='ltr'><strong>in</strong></span> <span class='ocrx_word' id='word_1_121' title='bbox 600 1691 789 1745; x_wconf 89' lang='lat' dir='ltr'><strong>eodem</strong></span> <span class='ocrx_word' id='word_1_122' title='bbox 817 1687 1108 1744; x_wconf 86' lang='lat' dir='ltr'><strong>Chersonis</strong></span> <span class='ocrx_word' id='word_1_123' title='bbox 1133 1685 1347 1751; x_wconf 85' lang='lat' dir='ltr'><strong>exsilio,</strong></span> <span class='ocrx_word' id='word_1_124' title='bbox 1372 1683 1488 1753; x_wconf 88' lang='lat' dir='ltr'><strong>jam</strong></span> <span class='ocrx_word' id='word_1_125' title='bbox 1518 1699 1719 1740; x_wconf 91' lang='lat' dir='ltr'><strong>memo-</strong></span> 
     </span>
    </p>
   </div>
   <div class='ocr_carea' id='block_1_16' title="bbox 124 1775 1718 1847">
    <p class='ocr_par' dir='ltr' id='par_1_16' title="bbox 124 1775 1718 1847">
     <span class='ocr_line' id='line_1_16' title="bbox 124 1775 1718 1847; baseline -0.004 -12"><span class='ocrx_word' id='word_1_126' title='bbox 124 1791 277 1836; x_wconf 88' lang='lat' dir='ltr'><strong>ratus</strong></span> <span class='ocrx_word' id='word_1_127' title='bbox 335 1781 594 1837; x_wconf 86' lang='lat' dir='ltr'><strong>videlicet</strong></span> <span class='ocrx_word' id='word_1_128' title='bbox 644 1780 817 1835; x_wconf 87' lang='lat' dir='ltr'><strong>frater</strong></span> <span class='ocrx_word' id='word_1_129' title='bbox 882 1778 1195 1834; x_wconf 88' lang='lat' dir='ltr'><strong>Theodorus</strong></span> <span class='ocrx_word' id='word_1_130' title='bbox 1260 1777 1352 1847; x_wconf 82' lang='lat' dir='ltr'><strong>qui</strong></span> <span class='ocrx_word' id='word_1_131' title='bbox 1401 1786 1457 1832; x_wconf 91' lang='lat' dir='ltr'><strong>et</strong></span> <span class='ocrx_word' id='word_1_132' title='bbox 1501 1775 1718 1846; x_wconf 88' lang='lat' dir='ltr'><strong>propria</strong></span> 
     </span>
    </p>
   </div>
   <div class='ocr_carea' id='block_1_17' title="bbox 1828 566 3414 636">
    <p class='ocr_par' dir='ltr' id='par_1_17' title="bbox 1828 566 3414 636">
     <span class='ocr_line' id='line_1_17' title="bbox 1828 566 3414 636; baseline 0.003 -16"><span class='ocrx_word' id='word_1_133' title='bbox 1828 566 2086 621; x_wconf 88' lang='lat' dir='ltr'><strong>immensa</strong></span> <span class='ocrx_word' id='word_1_134' title='bbox 2121 568 2262 622; x_wconf 88' lang='lat' dir='ltr'><strong>hune</strong></span> <span class='ocrx_word' id='word_1_135' title='bbox 2299 576 2353 622; x_wconf 91' lang='lat' dir='ltr'><strong>et</strong></span> <span class='ocrx_word' id='word_1_136' title='bbox 2391 566 2642 622; x_wconf 78' lang='lat' dir='ltr'><strong>ineffabili</strong></span> <span class='ocrx_word' id='word_1_137' title='bbox 2674 566 3009 636; x_wconf 80' lang='lat' dir='ltr'><strong>providentia</strong></span> <span class='ocrx_word' id='word_1_138' title='bbox 3034 579 3414 625; x_wconf 87' lang='lat' dir='ltr'><strong>conservante.</strong></span> 
     </span>
    </p>
   </div>
   <div class='ocr_carea' id='block_1_18' title="bbox 1825 659 3416 726">
    <p class='ocr_par' dir='ltr' id='par_1_18' title="bbox 1825 659 3416 726">
     <span class='ocr_line' id='line_1_18' title="bbox 1825 659 3416 726; baseline 0.001 -10"><span class='ocrx_word' id='word_1_139' title='bbox 1825 661 1958 716; x_wconf 84' lang='lat' dir='ltr'><strong>Cum</strong></span> <span class='ocrx_word' id='word_1_140' title='bbox 1987 659 2205 715; x_wconf 74' lang='lat' dir='ltr'><strong>fecisset</strong></span> <span class='ocrx_word' id='word_1_141' title='bbox 2236 663 2287 714; x_wconf 88' lang='lat' dir='ltr'><strong>in</strong></span> <span class='ocrx_word' id='word_1_142' title='bbox 2316 661 2525 716; x_wconf 90' lang='lat' dir='ltr'><strong>duobus</strong></span> <span class='ocrx_word' id='word_1_143' title='bbox 2555 660 2894 726; x_wconf 78' lang='lat' dir='ltr'><strong>carceribus,</strong></span> <span class='ocrx_word' id='word_1_144' title='bbox 2926 661 2978 714; x_wconf 92' lang='lat' dir='ltr'><strong>in</strong></span> <span class='ocrx_word' id='word_1_145' title='bbox 3011 661 3263 716; x_wconf 80' lang='lat' dir='ltr'><strong>excubitu</strong></span> <span class='ocrx_word' id='word_1_146' title='bbox 3310 662 3416 717; x_wconf 85' lang='lat' dir='ltr'><strong>sci-</strong></span> 
     </span>
    </p>
   </div>
   <div class='ocr_carea' id='block_1_19' title="bbox 1825 751 3418 821">
    <p class='ocr_par' dir='ltr' id='par_1_19' title="bbox 1825 751 3418 821">
     <span class='ocr_line' id='line_1_19' title="bbox 1825 751 3418 821; baseline 0.002 -15"><span class='ocrx_word' id='word_1_147' title='bbox 1825 751 1949 807; x_wconf 88' lang='lat' dir='ltr'><strong>licet</strong></span> <span class='ocrx_word' id='word_1_148' title='bbox 1987 760 2041 805; x_wconf 86' lang='lat' dir='ltr'><strong>et</strong></span> <span class='ocrx_word' id='word_1_149' title='bbox 2086 751 2326 806; x_wconf 81' lang='lat' dir='ltr'><strong>custodia</strong></span> <span class='ocrx_word' id='word_1_150' title='bbox 2369 751 2632 821; x_wconf 59' lang='lat' dir='ltr'><strong>praefecti,</strong></span> <span class='ocrx_word' id='word_1_151' title='bbox 2667 752 2719 806; x_wconf 90' lang='lat' dir='ltr'><strong>in</strong></span> <span class='ocrx_word' id='word_1_152' title='bbox 2755 752 3102 808; x_wconf 81' lang='lat' dir='ltr'><strong>tribulatione</strong></span> <span class='ocrx_word' id='word_1_153' title='bbox 3148 753 3315 808; x_wconf 87' lang='lat' dir='ltr'><strong>inulta</strong></span> <span class='ocrx_word' id='word_1_154' title='bbox 3362 762 3418 809; x_wconf 86' lang='lat' dir='ltr'><strong>et</strong></span> 
     </span>
    </p>
   </div>
   <div class='ocr_carea' id='block_1_20' title="bbox 1825 843 3423 918">
    <p class='ocr_par' dir='ltr' id='par_1_20' title="bbox 1825 843 3423 918">
     <span class='ocr_line' id='line_1_20' title="bbox 1825 843 3423 918; baseline 0.003 -21"><span class='ocrx_word' id='word_1_155' title='bbox 1825 843 2138 900; x_wconf 81' lang='lat' dir='ltr'><strong>infirmitate</strong></span> <span class='ocrx_word' id='word_1_156' title='bbox 2165 845 2483 916; x_wconf 85' lang='lat' dir='ltr'><strong>gravissima</strong></span> <span class='ocrx_word' id='word_1_157' title='bbox 2522 845 2635 901; x_wconf 85' lang='lat' dir='ltr'><strong>dies</strong></span> <span class='ocrx_word' id='word_1_158' title='bbox 2682 857 2899 900; x_wconf 85' lang='lat' dir='ltr'><strong>centum</strong></span> <span class='ocrx_word' id='word_1_159' title='bbox 2941 847 3252 918; x_wconf 74' lang='lat' dir='ltr'><strong>octoginta;</strong></span> <span class='ocrx_word' id='word_1_160' title='bbox 3302 863 3423 902; x_wconf 85' lang='lat' dir='ltr'><strong>om-</strong></span> 
     </span>
    </p>
   </div>
   <div class='ocr_carea' id='block_1_21' title="bbox 1825 935 3421 1007">
    <p class='ocr_par' dir='ltr' id='par_1_21' title="bbox 1825 935 3421 1007">
     <span class='ocr_line' id='line_1_21' title="bbox 1825 935 3421 1007; baseline 0.004 -18"><span class='ocrx_word' id='word_1_161' title='bbox 1825 952 1948 990; x_wconf 88' lang='lat' dir='ltr'><strong>nem</strong></span> <span class='ocrx_word' id='word_1_162' title='bbox 2000 952 2128 991; x_wconf 80' lang='lat' dir='ltr'><strong>vero</strong></span> <span class='ocrx_word' id='word_1_163' title='bbox 2163 935 2523 991; x_wconf 84' lang='lat' dir='ltr'><strong>tribulationis</strong></span> <span class='ocrx_word' id='word_1_164' title='bbox 2565 952 2677 992; x_wconf 68' lang='lat' dir='ltr'><strong>sua:</strong></span> <span class='ocrx_word' id='word_1_165' title='bbox 2723 953 2950 1007; x_wconf 89' lang='lat' dir='ltr'><strong>agonem</strong></span> <span class='ocrx_word' id='word_1_166' title='bbox 2980 938 3034 991; x_wconf 88' lang='lat' dir='ltr'><strong>in</strong></span> <span class='ocrx_word' id='word_1_167' title='bbox 3061 939 3218 994; x_wconf 86' lang='lat' dir='ltr'><strong>annis</strong></span> <span class='ocrx_word' id='word_1_168' title='bbox 3249 938 3421 996; x_wconf 87' lang='lat' dir='ltr'><strong>tribus</strong></span> 
     </span>
    </p>
   </div>
   <div class='ocr_carea' id='block_1_22' title="bbox 1823 1028 3420 1102">
    <p class='ocr_par' dir='ltr' id='par_1_22' title="bbox 1823 1028 3420 1102">
     <span class='ocr_line' id='line_1_22' title="bbox 1823 1028 3420 1102; baseline 0.003 -20"><span class='ocrx_word' id='word_1_169' title='bbox 1823 1037 1879 1082; x_wconf 90' lang='lat' dir='ltr'><strong>et</strong></span> <span class='ocrx_word' id='word_1_170' title='bbox 1912 1028 2070 1094; x_wconf 83' lang='lat' dir='ltr'><strong>ultra,</strong></span> <span class='ocrx_word' id='word_1_171' title='bbox 2107 1028 2287 1095; x_wconf 86' lang='lat' dir='ltr'><strong>sicuti,</strong></span> <span class='ocrx_word' id='word_1_172' title='bbox 2317 1045 2385 1083; x_wconf 78' lang='lat' dir='ltr'><strong>ex</strong></span> <span class='ocrx_word' id='word_1_173' title='bbox 2417 1030 2500 1084; x_wconf 89' lang='lat' dir='ltr'><strong>bis</strong></span> <span class='ocrx_word' id='word_1_174' title='bbox 2531 1045 2649 1098; x_wconf 70' lang='lat' dir='ltr'><strong>qua:</strong></span> <span class='ocrx_word' id='word_1_175' title='bbox 2674 1029 2741 1084; x_wconf 90' lang='lat' dir='ltr'><strong>de</strong></span> <span class='ocrx_word' id='word_1_176' title='bbox 2773 1031 2889 1100; x_wconf 88' lang='lat' dir='ltr'><strong>ipso</strong></span> <span class='ocrx_word' id='word_1_177' title='bbox 2933 1032 3242 1102; x_wconf 87' lang='lat' dir='ltr'><strong>conscripta</strong></span> <span class='ocrx_word' id='word_1_178' title='bbox 3271 1041 3420 1097; x_wconf 89' lang='lat' dir='ltr'><strong>sunt,</strong></span> 
     </span>
    </p>
   </div>
   <div class='ocr_carea' id='block_1_23' title="bbox 1822 1122 3424 1194">
    <p class='ocr_par' dir='ltr' id='par_1_23' title="bbox 1822 1122 3424 1194">
     <span class='ocr_line' id='line_1_23' title="bbox 1822 1122 3424 1194; baseline 0.004 -17"><span class='ocrx_word' id='word_1_179' title='bbox 1822 1129 1876 1177; x_wconf 83' lang='lat' dir='ltr'><strong>et</strong></span> <span class='ocrx_word' id='word_1_180' title='bbox 1905 1138 1935 1175; x_wconf 90' lang='lat' dir='ltr'><strong>a</strong></span> <span class='ocrx_word' id='word_1_181' title='bbox 1976 1122 2234 1176; x_wconf 79' lang='lat' dir='ltr'><strong>Romanis</strong></span> <span class='ocrx_word' id='word_1_182' title='bbox 2263 1122 2538 1188; x_wconf 88' lang='lat' dir='ltr'><strong>militibus,</strong></span> <span class='ocrx_word' id='word_1_183' title='bbox 2580 1134 2636 1179; x_wconf 88' lang='lat' dir='ltr'><strong>et</strong></span> <span class='ocrx_word' id='word_1_184' title='bbox 2677 1125 2913 1194; x_wconf 83' lang='lat' dir='ltr'><strong>propriis</strong></span> <span class='ocrx_word' id='word_1_185' title='bbox 2945 1125 3060 1194; x_wconf 86' lang='lat' dir='ltr'><strong>ejus</strong></span> <span class='ocrx_word' id='word_1_186' title='bbox 3108 1127 3424 1184; x_wconf 83' lang='lat' dir='ltr'><strong>hominibus</strong></span> 
     </span>
    </p>
   </div>
   <div class='ocr_carea' id='block_1_24' title="bbox 1822 1213 3422 1288">
    <p class='ocr_par' dir='ltr' id='par_1_24' title="bbox 1822 1213 3422 1288">
     <span class='ocr_line' id='line_1_24' title="bbox 1822 1213 3422 1288; baseline 0.006 -22"><span class='ocrx_word' id='word_1_187' title='bbox 1822 1213 1913 1283; x_wconf 89' lang='lat' dir='ltr'><strong>qui</strong></span> <span class='ocrx_word' id='word_1_188' title='bbox 1949 1228 2070 1268; x_wconf 89' lang='lat' dir='ltr'><strong>cum</strong></span> <span class='ocrx_word' id='word_1_189' title='bbox 2098 1229 2162 1268; x_wconf 86' lang='lat' dir='ltr'><strong>eo</strong></span> <span class='ocrx_word' id='word_1_190' title='bbox 2189 1213 2372 1268; x_wconf 87' lang='lat' dir='ltr'><strong>multis</strong></span> <span class='ocrx_word' id='word_1_191' title='bbox 2399 1215 2680 1270; x_wconf 87' lang='lat' dir='ltr'><strong>tormentis</strong></span> <span class='ocrx_word' id='word_1_192' title='bbox 2721 1215 2897 1271; x_wconf 67' lang='lat' dir='ltr'><strong>aﬂ‘eeti</strong></span> <span class='ocrx_word' id='word_1_193' title='bbox 2931 1234 3028 1288; x_wconf 87' lang='lat' dir='ltr'><strong>per</strong></span> <span class='ocrx_word' id='word_1_194' title='bbox 3055 1218 3271 1274; x_wconf 86' lang='lat' dir='ltr'><strong>diversa</strong></span> <span class='ocrx_word' id='word_1_195' title='bbox 3303 1219 3422 1276; x_wconf 85' lang='lat' dir='ltr'><strong>loca</strong></span> 
     </span>
    </p>
   </div>
   <div class='ocr_carea' id='block_1_25' title="bbox 1823 1307 3426 1380">
    <p class='ocr_par' dir='ltr' id='par_1_25' title="bbox 1823 1307 3426 1380">
     <span class='ocr_line' id='line_1_25' title="bbox 1823 1307 3426 1380; baseline 0.003 -17"><span class='ocrx_word' id='word_1_196' title='bbox 1823 1307 2072 1363; x_wconf 81' lang='lat' dir='ltr'><strong>exsilium</strong></span> <span class='ocrx_word' id='word_1_197' title='bbox 2101 1307 2388 1378; x_wconf 84' lang='lat' dir='ltr'><strong>pertulere,</strong></span> <span class='ocrx_word' id='word_1_198' title='bbox 2433 1310 2577 1364; x_wconf 90' lang='lat' dir='ltr'><strong>scire</strong></span> <span class='ocrx_word' id='word_1_199' title='bbox 2618 1310 2910 1380; x_wconf 89' lang='lat' dir='ltr'><strong>potuimus.</strong></span> <span class='ocrx_word' id='word_1_200' title='bbox 2952 1310 3125 1368; x_wconf 91' lang='lat' dir='ltr'><strong>Porro</strong></span> <span class='ocrx_word' id='word_1_201' title='bbox 3165 1312 3426 1368; x_wconf 85' lang='lat' dir='ltr'><strong>dormivit</strong></span> 
     </span>
    </p>
   </div>
   <div class='ocr_carea' id='block_1_26' title="bbox 1822 1400 3424 1475">
    <p class='ocr_par' dir='ltr' id='par_1_26' title="bbox 1822 1400 3424 1475">
     <span class='ocr_line' id='line_1_26' title="bbox 1822 1400 3424 1475; baseline 0.004 -21"><span class='ocrx_word' id='word_1_202' title='bbox 1822 1409 1878 1455; x_wconf 91' lang='lat' dir='ltr'><strong>et</strong></span> <span class='ocrx_word' id='word_1_203' title='bbox 1907 1400 2020 1470; x_wconf 76' lang='lat' dir='ltr'><strong>ipse</strong></span> <span class='ocrx_word' id='word_1_204' title='bbox 2053 1400 2105 1454; x_wconf 93' lang='lat' dir='ltr'><strong>in</strong></span> <span class='ocrx_word' id='word_1_205' title='bbox 2137 1401 2387 1465; x_wconf 91' lang='lat' dir='ltr'><strong>Domino,</strong></span> <span class='ocrx_word' id='word_1_206' title='bbox 2418 1417 2541 1456; x_wconf 89' lang='lat' dir='ltr'><strong>cum</strong></span> <span class='ocrx_word' id='word_1_207' title='bbox 2573 1418 2732 1457; x_wconf 88' lang='lat' dir='ltr'><strong>unam</strong></span> <span class='ocrx_word' id='word_1_208' title='bbox 2761 1418 2974 1475; x_wconf 88' lang='lat' dir='ltr'><strong>semper</strong></span> <span class='ocrx_word' id='word_1_209' title='bbox 3015 1414 3070 1458; x_wconf 90' lang='lat' dir='ltr'><strong>et</strong></span> <span class='ocrx_word' id='word_1_210' title='bbox 3105 1404 3278 1460; x_wconf 85' lang='lat' dir='ltr'><strong>solam</strong></span> <span class='ocrx_word' id='word_1_211' title='bbox 3305 1421 3424 1461; x_wconf 83' lang='lat' dir='ltr'><strong>san-</strong></span> 
     </span>
    </p>
   </div>
   <div class='ocr_carea' id='block_1_27' title="bbox 1823 1489 3424 1564">
    <p class='ocr_par' dir='ltr' id='par_1_27' title="bbox 1823 1489 3424 1564">
     <span class='ocr_line' id='line_1_27' title="bbox 1823 1489 3424 1564; baseline 0.006 -20"><span class='ocrx_word' id='word_1_212' title='bbox 1823 1501 1966 1544; x_wconf 89' lang='lat' dir='ltr'><strong>ctam</strong></span> <span class='ocrx_word' id='word_1_213' title='bbox 1993 1489 2314 1546; x_wconf 85' lang='lat' dir='ltr'><strong>catholicam</strong></span> <span class='ocrx_word' id='word_1_214' title='bbox 2341 1499 2396 1544; x_wconf 90' lang='lat' dir='ltr'><strong>et</strong></span> <span class='ocrx_word' id='word_1_215' title='bbox 2418 1491 2768 1560; x_wconf 80' lang='lat' dir='ltr'><strong>apostolicam</strong></span> <span class='ocrx_word' id='word_1_216' title='bbox 2791 1492 3084 1564; x_wconf 85' lang='lat' dir='ltr'><strong>gloriosum</strong></span> <span class='ocrx_word' id='word_1_217' title='bbox 3121 1493 3218 1550; x_wconf 89' lang='lat' dir='ltr'><strong>Dei</strong></span> <span class='ocrx_word' id='word_1_218' title='bbox 3250 1495 3424 1555; x_wconf 78' lang='lat' dir='ltr'><strong>nostri</strong></span> 
     </span>
    </p>
   </div>
   <div class='ocr_carea' id='block_1_28' title="bbox 1824 1583 3424 1664">
    <p class='ocr_par' dir='ltr' id='par_1_28' title="bbox 1824 1583 3424 1664">
     <span class='ocr_line' id='line_1_28' title="bbox 1824 1583 3424 1664; baseline 0.008 -26"><span class='ocrx_word' id='word_1_219' title='bbox 1824 1583 2119 1638; x_wconf 86' lang='lat' dir='ltr'><strong>Ecclesiam</strong></span> <span class='ocrx_word' id='word_1_220' title='bbox 2184 1583 2572 1640; x_wconf 88' lang='lat' dir='ltr'><strong>sacratissimis</strong></span> <span class='ocrx_word' id='word_1_221' title='bbox 2621 1593 2677 1641; x_wconf 87' lang='lat' dir='ltr'><strong>et</strong></span> <span class='ocrx_word' id='word_1_222' title='bbox 2734 1587 3018 1644; x_wconf 79' lang='lat' dir='ltr'><strong>veracibus</strong></span> <span class='ocrx_word' id='word_1_223' title='bbox 3080 1589 3424 1664; x_wconf 76' lang='lat' dir='ltr'><strong>dogmatibus</strong></span> 
     </span>
    </p>
   </div>
   <div class='ocr_carea' id='block_1_29' title="bbox 1821 1675 3428 1748">
    <p class='ocr_par' dir='ltr' id='par_1_29' title="bbox 1821 1675 3428 1748">
     <span class='ocr_line' id='line_1_29' title="bbox 1821 1675 3428 1748; baseline 0.005 -18"><span class='ocrx_word' id='word_1_224' title='bbox 1821 1676 2079 1748; x_wconf 86' lang='lat' dir='ltr'><strong>synodiee</strong></span> <span class='ocrx_word' id='word_1_225' title='bbox 2110 1675 2454 1744; x_wconf 89' lang='lat' dir='ltr'><strong>illustrasset,</strong></span> <span class='ocrx_word' id='word_1_226' title='bbox 2483 1685 2541 1732; x_wconf 89' lang='lat' dir='ltr'><strong>et</strong></span> <span class='ocrx_word' id='word_1_227' title='bbox 2579 1685 2686 1732; x_wconf 89' lang='lat' dir='ltr'><strong>tam</strong></span> <span class='ocrx_word' id='word_1_228' title='bbox 2736 1686 3051 1738; x_wconf 78' lang='lat' dir='ltr'><strong>sanctarum</strong></span> <span class='ocrx_word' id='word_1_229' title='bbox 3097 1697 3161 1740; x_wconf 84' lang='lat' dir='ltr'><strong>ac</strong></span> <span class='ocrx_word' id='word_1_230' title='bbox 3206 1685 3428 1740; x_wconf 81' lang='lat' dir='ltr'><strong>univer-</strong></span> 
     </span>
    </p>
   </div>
   <div class='ocr_carea' id='block_1_30' title="bbox 1822 1768 3428 1845">
    <p class='ocr_par' dir='ltr' id='par_1_30' title="bbox 1822 1768 3428 1845">
     <span class='ocr_line' id='line_1_30' title="bbox 1822 1768 3428 1845; baseline 0.005 -23"><span class='ocrx_word' id='word_1_231' title='bbox 1822 1768 2015 1824; x_wconf 85' lang='lat' dir='ltr'><strong>salium</strong></span> <span class='ocrx_word' id='word_1_232' title='bbox 2057 1770 2296 1840; x_wconf 88' lang='lat' dir='ltr'><strong>quinque</strong></span> <span class='ocrx_word' id='word_1_233' title='bbox 2323 1769 2654 1841; x_wconf 83' lang='lat' dir='ltr'><strong>synodorum</strong></span> <span class='ocrx_word' id='word_1_234' title='bbox 2675 1815 2692 1842; x_wconf 97' lang='lat'><strong>,</strong></span> <span class='ocrx_word' id='word_1_235' title='bbox 2720 1774 2953 1832; x_wconf 69' lang='lat' dir='ltr'><strong>Nieaanae</strong></span> <span class='ocrx_word' id='word_1_236' title='bbox 2981 1776 3252 1845; x_wconf 86' lang='lat' dir='ltr'><strong>videlicet,</strong></span> <span class='ocrx_word' id='word_1_237' title='bbox 3282 1775 3428 1832; x_wconf 60' lang='lat' dir='ltr'><strong>Con-</strong></span> 
     </span>
    </p>
   </div>
   <div class='ocr_carea' id='block_1_31' title="bbox 123 1859 3422 1942">
    <p class='ocr_par' dir='ltr' id='par_1_31' title="bbox 123 1859 3422 1942">
     <span class='ocr_line' id='line_1_31' title="bbox 123 1859 3422 1942; baseline -0.001 -16"><span class='ocrx_word' id='word_1_238' title='bbox 123 1889 292 1927; x_wconf 86' lang='lat' dir='ltr'><strong>manu</strong></span> <span class='ocrx_word' id='word_1_239' title='bbox 331 1872 502 1928; x_wconf 87' lang='lat' dir='ltr'><strong>multa</strong></span> <span class='ocrx_word' id='word_1_240' title='bbox 532 1884 845 1928; x_wconf 87' lang='lat' dir='ltr'><strong>sanctorum</strong></span> <span class='ocrx_word' id='word_1_241' title='bbox 878 1869 1135 1942; x_wconf 85' lang='lat' dir='ltr'><strong>cpuscula</strong></span> <span class='ocrx_word' id='word_1_242' title='bbox 1164 1868 1416 1939; x_wconf 78' lang='lat' dir='ltr'><strong>dignatus</strong></span> <span class='ocrx_word' id='word_1_243' title='bbox 1452 1876 1536 1922; x_wconf 90' lang='lat' dir='ltr'><strong>est</strong></span> <span class='ocrx_word' id='word_1_244' title='bbox 1563 1867 1719 1921; x_wconf 77' lang='lat' dir='ltr'><strong>exhi-</strong></span> <span class='ocrx_word' id='word_1_245' title='bbox 1754 1861 1797 1920; x_wconf 81' lang='grc' dir='ltr'><strong>Β</strong></span> <span class='ocrx_word' id='word_1_246' title='bbox 1826 1859 2338 1930; x_wconf 71' lang='lat' dir='ltr'><strong>stantiuopolitanaa,</strong></span> <span class='ocrx_word' id='word_1_247' title='bbox 2373 1861 2660 1937; x_wconf 80' lang='lat' dir='ltr'><strong>presiuae</strong></span> <span class='ocrx_word' id='word_1_248' title='bbox 2701 1866 2916 1936; x_wconf 86' lang='lat' dir='ltr'><strong>prioris,</strong></span> <span class='ocrx_word' id='word_1_249' title='bbox 2948 1865 3422 1933; x_wconf 89' lang='lat' dir='ltr'><strong>Chalcedonensis,</strong></span> 
     </span>
    </p>
   </div>
   <div class='ocr_carea' id='block_1_32' title="bbox 123 1953 1724 2033">
    <p class='ocr_par' dir='ltr' id='par_1_32' title="bbox 123 1953 1724 2033">
     <span class='ocr_line' id='line_1_32' title="bbox 123 1953 1724 2033; baseline -0.004 -16"><span class='ocrx_word' id='word_1_250' title='bbox 123 1963 253 2018; x_wconf 89' lang='lat' dir='ltr'><strong>bere</strong></span> <span class='ocrx_word' id='word_1_251' title='bbox 285 1963 459 2026; x_wconf 83' lang='lat' dir='ltr'><strong>nobis,</strong></span> <span class='ocrx_word' id='word_1_252' title='bbox 489 1963 583 2032; x_wconf 87' lang='lat' dir='ltr'><strong>qui</strong></span> <span class='ocrx_word' id='word_1_253' title='bbox 614 1962 973 2033; x_wconf 85' lang='lat' dir='ltr'><strong>pergebamus</strong></span> <span class='ocrx_word' id='word_1_254' title='bbox 1015 1960 1140 2015; x_wconf 89' lang='lat' dir='ltr'><strong>illuc</strong></span> <span class='ocrx_word' id='word_1_255' title='bbox 1178 1960 1244 2014; x_wconf 90' lang='lat' dir='ltr'><strong>ad</strong></span> <span class='ocrx_word' id='word_1_256' title='bbox 1280 1953 1642 2013; x_wconf 77' lang='lat' dir='ltr'><strong>visitationem</strong></span> <span class='ocrx_word' id='word_1_257' title='bbox 1669 1966 1724 2013; x_wconf 88' lang='lat' dir='ltr'><strong>et</strong></span> 
     </span>
    </p>
   </div>
   <div class='ocr_carea' id='block_1_33' title="bbox 125 2047 1722 2123">
    <p class='ocr_par' dir='ltr' id='par_1_33' title="bbox 125 2047 1722 2123">
     <span class='ocr_line' id='line_1_33' title="bbox 125 2047 1722 2123; baseline -0.004 -15"><span class='ocrx_word' id='word_1_258' title='bbox 125 2054 503 2108; x_wconf 85' lang='lat' dir='ltr'><strong>adorationem</strong></span> <span class='ocrx_word' id='word_1_259' title='bbox 555 2051 713 2122; x_wconf 89' lang='lat' dir='ltr'><strong>ejus,</strong></span> <span class='ocrx_word' id='word_1_260' title='bbox 773 2062 828 2108; x_wconf 89' lang='lat' dir='ltr'><strong>et</strong></span> <span class='ocrx_word' id='word_1_261' title='bbox 883 2051 1132 2123; x_wconf 71' lang='lat' dir='ltr'><strong>pretiosae</strong></span> <span class='ocrx_word' id='word_1_262' title='bbox 1185 2048 1460 2104; x_wconf 73' lang='lat' dir='ltr'><strong>memoria:</strong></span> <span class='ocrx_word' id='word_1_263' title='bbox 1507 2047 1722 2102; x_wconf 76' lang='lat' dir='ltr'><strong>Martini</strong></span> 
     </span>
    </p>
   </div>
   <div class='ocr_carea' id='block_1_34' title="bbox 124 2143 1724 2217">
    <p class='ocr_par' dir='ltr' id='par_1_34' title="bbox 124 2143 1724 2217">
     <span class='ocr_line' id='line_1_34' title="bbox 124 2143 1724 2217; baseline -0.001 -15"><span class='ocrx_word' id='word_1_264' title='bbox 124 2148 325 2202; x_wconf 89' lang='lat' dir='ltr'><strong>summi</strong></span> <span class='ocrx_word' id='word_1_265' title='bbox 355 2157 410 2203; x_wconf 87' lang='lat' dir='ltr'><strong>et</strong></span> <span class='ocrx_word' id='word_1_266' title='bbox 442 2164 568 2203; x_wconf 83' lang='lat' dir='ltr'><strong>vere</strong></span> <span class='ocrx_word' id='word_1_267' title='bbox 594 2147 914 2203; x_wconf 81' lang='lat' dir='ltr'><strong>universalis</strong></span> <span class='ocrx_word' id='word_1_268' title='bbox 955 2162 1106 2217; x_wconf 72' lang='lat' dir='ltr'><strong>papa:</strong></span> <span class='ocrx_word' id='word_1_269' title='bbox 1146 2154 1201 2200; x_wconf 91' lang='lat' dir='ltr'><strong>et</strong></span> <span class='ocrx_word' id='word_1_270' title='bbox 1244 2145 1424 2217; x_wconf 90' lang='lat' dir='ltr'><strong>magni</strong></span> <span class='ocrx_word' id='word_1_271' title='bbox 1469 2143 1724 2215; x_wconf 82' lang='lat' dir='ltr'><strong>martyris</strong></span> 
     </span>
    </p>
   </div>
   <div class='ocr_carea' id='block_1_35' title="bbox 125 2235 1721 2312">
    <p class='ocr_par' dir='ltr' id='par_1_35' title="bbox 125 2235 1721 2312">
     <span class='ocr_line' id='line_1_35' title="bbox 125 2235 1721 2312; baseline 0.003 -20"><span class='ocrx_word' id='word_1_272' title='bbox 125 2239 398 2293; x_wconf 81' lang='lat' dir='ltr'><strong>veritatis.</strong></span> <span class='ocrx_word' id='word_1_273' title='bbox 433 2237 600 2308; x_wconf 82' lang='lat' dir='ltr'><strong>Cujus</strong></span> <span class='ocrx_word' id='word_1_274' title='bbox 651 2249 705 2294; x_wconf 87' lang='lat' dir='ltr'><strong>et</strong></span> <span class='ocrx_word' id='word_1_275' title='bbox 751 2239 1011 2294; x_wconf 88' lang='lat' dir='ltr'><strong>miracula</strong></span> <span class='ocrx_word' id='word_1_276' title='bbox 1048 2237 1203 2293; x_wconf 88' lang='lat' dir='ltr'><strong>nobis</strong></span> <span class='ocrx_word' id='word_1_277' title='bbox 1231 2237 1448 2307; x_wconf 88' lang='lat' dir='ltr'><strong>copiosa</strong></span> <span class='ocrx_word' id='word_1_278' title='bbox 1472 2252 1594 2312; x_wconf 65' lang='lat' dir='ltr'><strong>qua:</strong></span> <span class='ocrx_word' id='word_1_279' title='bbox 1617 2235 1721 2298; x_wconf 78' lang='lat' dir='ltr'><strong>ibi-</strong></span> 
     </span>
    </p>
   </div>
   <div class='ocr_carea' id='block_1_36' title="bbox 126 2329 1725 2406">
    <p class='ocr_par' dir='ltr' id='par_1_36' title="bbox 126 2329 1725 2406">
     <span class='ocr_line' id='line_1_36' title="bbox 126 2329 1725 2406; baseline 0.003 -21"><span class='ocrx_word' id='word_1_280' title='bbox 126 2331 249 2385; x_wconf 84' lang='lat' dir='ltr'><strong>dem</strong></span> <span class='ocrx_word' id='word_1_281' title='bbox 277 2332 420 2386; x_wconf 84' lang='lat' dir='ltr'><strong>facta</strong></span> <span class='ocrx_word' id='word_1_282' title='bbox 445 2339 589 2396; x_wconf 83' lang='lat' dir='ltr'><strong>sunt,</strong></span> <span class='ocrx_word' id='word_1_283' title='bbox 635 2347 756 2387; x_wconf 91' lang='lat' dir='ltr'><strong>eum</strong></span> <span class='ocrx_word' id='word_1_284' title='bbox 799 2331 963 2386; x_wconf 89' lang='lat' dir='ltr'><strong>illatis</strong></span> <span class='ocrx_word' id='word_1_285' title='bbox 994 2345 1208 2402; x_wconf 86' lang='lat' dir='ltr'><strong>quoque</strong></span> <span class='ocrx_word' id='word_1_286' title='bbox 1234 2329 1342 2391; x_wconf 74' lang='lat' dir='ltr'><strong>illis</strong></span> <span class='ocrx_word' id='word_1_287' title='bbox 1372 2330 1725 2406; x_wconf 84' lang='lat' dir='ltr'><strong>importabili-</strong></span> 
     </span>
    </p>
   </div>
   <div class='ocr_carea' id='block_1_37' title="bbox 126 2421 1724 2498">
    <p class='ocr_par' dir='ltr' id='par_1_37' title="bbox 126 2421 1724 2498">
     <span class='ocr_line' id='line_1_37' title="bbox 126 2421 1724 2498; baseline 0.004 -22"><span class='ocrx_word' id='word_1_288' title='bbox 126 2422 247 2488; x_wconf 88' lang='lat' dir='ltr'><strong>bus,</strong></span> <span class='ocrx_word' id='word_1_289' title='bbox 281 2422 488 2489; x_wconf 85' lang='lat' dir='ltr'><strong>retulit,</strong></span> <span class='ocrx_word' id='word_1_290' title='bbox 521 2423 719 2478; x_wconf 88' lang='lat' dir='ltr'><strong>donata</strong></span> <span class='ocrx_word' id='word_1_291' title='bbox 749 2424 912 2482; x_wconf 83' lang='lat' dir='ltr'><strong>etiam</strong></span> <span class='ocrx_word' id='word_1_292' title='bbox 941 2421 1206 2498; x_wconf 75' lang='lat' dir='ltr'><strong>particula</strong></span> <span class='ocrx_word' id='word_1_293' title='bbox 1241 2428 1412 2483; x_wconf 84' lang='lat' dir='ltr'><strong>sancti</strong></span> <span class='ocrx_word' id='word_1_294' title='bbox 1455 2427 1640 2493; x_wconf 87' lang='lat' dir='ltr'><strong>orarii,</strong></span> <span class='ocrx_word' id='word_1_295' title='bbox 1671 2426 1724 2482; x_wconf 87' lang='lat' dir='ltr'><strong>id</strong></span> 
     </span>
    </p>
   </div>
   <div class='ocr_carea' id='block_1_38' title="bbox 124 2512 1724 2589">
    <p class='ocr_par' dir='ltr' id='par_1_38' title="bbox 124 2512 1724 2589">
     <span class='ocr_line' id='line_1_38' title="bbox 124 2512 1724 2589; baseline 0.005 -23"><span class='ocrx_word' id='word_1_296' title='bbox 124 2524 203 2566; x_wconf 81' lang='lat' dir='ltr'><strong>est</strong></span> <span class='ocrx_word' id='word_1_297' title='bbox 243 2512 478 2586; x_wconf 82' lang='lat' dir='ltr'><strong>faciaiis,</strong></span> <span class='ocrx_word' id='word_1_298' title='bbox 511 2529 637 2589; x_wconf 67' lang='lat' dir='ltr'><strong>quae</strong></span> <span class='ocrx_word' id='word_1_299' title='bbox 666 2513 768 2574; x_wconf 83' lang='lat' dir='ltr'><strong>sibi</strong></span> <span class='ocrx_word' id='word_1_300' title='bbox 795 2517 975 2574; x_wconf 82' lang='lat' dir='ltr'><strong>fuerat</strong></span> <span class='ocrx_word' id='word_1_301' title='bbox 1021 2519 1091 2573; x_wconf 90' lang='lat' dir='ltr'><strong>ab</strong></span> <span class='ocrx_word' id='word_1_302' title='bbox 1125 2534 1192 2574; x_wconf 85' lang='lat' dir='ltr'><strong>eo</strong></span> <span class='ocrx_word' id='word_1_303' title='bbox 1230 2519 1450 2574; x_wconf 81' lang='lat' dir='ltr'><strong>dimissa</strong></span> <span class='ocrx_word' id='word_1_304' title='bbox 1480 2527 1574 2572; x_wconf 89' lang='lat' dir='ltr'><strong>:et</strong></span> <span class='ocrx_word' id='word_1_305' title='bbox 1618 2533 1724 2574; x_wconf 87' lang='lat' dir='ltr'><strong>uno</strong></span> 
     </span>
    </p>
   </div>
   <div class='ocr_carea' id='block_1_39' title="bbox 125 2608 1727 2680">
    <p class='ocr_par' dir='ltr' id='par_1_39' title="bbox 125 2608 1727 2680">
     <span class='ocr_line' id='line_1_39' title="bbox 125 2608 1727 2680; baseline 0 -16"><span class='ocrx_word' id='word_1_306' title='bbox 125 2616 192 2655; x_wconf 67' lang='lat' dir='ltr'><strong>ex</strong></span> <span class='ocrx_word' id='word_1_307' title='bbox 221 2608 502 2680; x_wconf 77' lang='lat' dir='ltr'><strong>campagis</strong></span> <span class='ocrx_word' id='word_1_308' title='bbox 538 2608 676 2680; x_wconf 82' lang='lat' dir='ltr'><strong>ejus,</strong></span> <span class='ocrx_word' id='word_1_309' title='bbox 711 2608 760 2662; x_wconf 90' lang='lat' dir='ltr'><strong>id</strong></span> <span class='ocrx_word' id='word_1_310' title='bbox 803 2618 888 2666; x_wconf 74' lang='lat' dir='ltr'><strong>est</strong></span> <span class='ocrx_word' id='word_1_311' title='bbox 929 2610 1153 2680; x_wconf 82' lang='lat' dir='ltr'><strong>caligis:</strong></span> <span class='ocrx_word' id='word_1_312' title='bbox 1180 2625 1316 2679; x_wconf 89' lang='lat' dir='ltr'><strong>quos</strong></span> <span class='ocrx_word' id='word_1_313' title='bbox 1361 2609 1538 2664; x_wconf 87' lang='lat' dir='ltr'><strong>nullus</strong></span> <span class='ocrx_word' id='word_1_314' title='bbox 1590 2609 1727 2664; x_wconf 83' lang='lat' dir='ltr'><strong>alius</strong></span> 
     </span>
    </p>
   </div>
   <div class='ocr_carea' id='block_1_40' title="bbox 130 2698 1724 2770">
    <p class='ocr_par' dir='ltr' id='par_1_40' title="bbox 130 2698 1724 2770">
     <span class='ocr_line' id='line_1_40' title="bbox 130 2698 1724 2770; baseline 0 -18"><span class='ocrx_word' id='word_1_315' title='bbox 130 2698 278 2752; x_wconf 87' lang='lat' dir='ltr'><strong>inter</strong></span> <span class='ocrx_word' id='word_1_316' title='bbox 312 2699 563 2754; x_wconf 84' lang='lat' dir='ltr'><strong>homines</strong></span> <span class='ocrx_word' id='word_1_317' title='bbox 589 2708 790 2768; x_wconf 88' lang='lat' dir='ltr'><strong>portat,</strong></span> <span class='ocrx_word' id='word_1_318' title='bbox 828 2701 929 2755; x_wconf 92' lang='lat' dir='ltr'><strong>nisi</strong></span> <span class='ocrx_word' id='word_1_319' title='bbox 957 2709 1174 2755; x_wconf 86' lang='lat' dir='ltr'><strong>sanctus</strong></span> <span class='ocrx_word' id='word_1_320' title='bbox 1225 2717 1356 2770; x_wconf 71' lang='lat' dir='ltr'><strong>papa</strong></span> <span class='ocrx_word' id='word_1_321' title='bbox 1402 2699 1678 2754; x_wconf 75' lang='lat' dir='ltr'><strong>Romanus</strong></span> <span class='ocrx_word' id='word_1_322' title='bbox 1708 2714 1724 2752; x_wconf 85' lang='lat'><strong>:</strong></span> 
     </span>
    </p>
   </div>
   <div class='ocr_carea' id='block_1_41' title="bbox 125 2791 1724 2865">
    <p class='ocr_par' dir='ltr' id='par_1_41' title="bbox 125 2791 1724 2865">
     <span class='ocr_line' id='line_1_41' title="bbox 125 2791 1724 2865; baseline 0.002 -20"><span class='ocrx_word' id='word_1_323' title='bbox 125 2805 189 2845; x_wconf 90' lang='lat' dir='ltr'><strong>eo</strong></span> <span class='ocrx_word' id='word_1_324' title='bbox 213 2793 368 2861; x_wconf 80' lang='lat' dir='ltr'><strong>quod</strong></span> <span class='ocrx_word' id='word_1_325' title='bbox 384 2802 437 2847; x_wconf 82' lang='lat' dir='ltr'><strong>et</strong></span> <span class='ocrx_word' id='word_1_326' title='bbox 463 2792 578 2862; x_wconf 83' lang='lat' dir='ltr'><strong>ipse</strong></span> <span class='ocrx_word' id='word_1_327' title='bbox 599 2791 707 2848; x_wconf 83' lang='lat' dir='ltr'><strong>illic</strong></span> <span class='ocrx_word' id='word_1_328' title='bbox 732 2791 898 2847; x_wconf 83' lang='lat' dir='ltr'><strong>fuerit</strong></span> <span class='ocrx_word' id='word_1_329' title='bbox 917 2794 1108 2849; x_wconf 74' lang='lat' dir='ltr'><strong>exsilio</strong></span> <span class='ocrx_word' id='word_1_330' title='bbox 1135 2795 1416 2865; x_wconf 78' lang='lat' dir='ltr'><strong>relegatus,</strong></span> <span class='ocrx_word' id='word_1_331' title='bbox 1442 2803 1724 2865; x_wconf 82' lang='lat' dir='ltr'><strong>postquam</strong></span> 
     </span>
    </p>
   </div>
   <div class='ocr_carea' id='block_1_42' title="bbox 125 2883 1727 2954">
    <p class='ocr_par' dir='ltr' id='par_1_42' title="bbox 125 2883 1727 2954">
     <span class='ocr_line' id='line_1_42' title="bbox 125 2883 1727 2954; baseline 0.003 -18"><span class='ocrx_word' id='word_1_332' title='bbox 125 2883 313 2937; x_wconf 80' lang='lat' dir='ltr'><strong>omnia</strong></span> <span class='ocrx_word' id='word_1_333' title='bbox 361 2883 477 2940; x_wconf 87' lang='lat' dir='ltr'><strong>dira</strong></span> <span class='ocrx_word' id='word_1_334' title='bbox 513 2899 707 2954; x_wconf 86' lang='lat' dir='ltr'><strong>passus</strong></span> <span class='ocrx_word' id='word_1_335' title='bbox 751 2895 854 2950; x_wconf 84' lang='lat' dir='ltr'><strong>est,</strong></span> <span class='ocrx_word' id='word_1_336' title='bbox 901 2902 1022 2939; x_wconf 87' lang='lat' dir='ltr'><strong>cum</strong></span> <span class='ocrx_word' id='word_1_337' title='bbox 1071 2885 1430 2940; x_wconf 82' lang='lat' dir='ltr'><strong>abduceretur</strong></span> <span class='ocrx_word' id='word_1_338' title='bbox 1473 2887 1541 2941; x_wconf 88' lang='lat' dir='ltr'><strong>ab</strong></span> <span class='ocrx_word' id='word_1_339' title='bbox 1595 2886 1727 2942; x_wconf 83' lang='lat' dir='ltr'><strong>urbe</strong></span> 
     </span>
    </p>
   </div>
   <div class='ocr_carea' id='block_1_43' title="bbox 124 2973 1728 3048">
    <p class='ocr_par' dir='ltr' id='par_1_43' title="bbox 124 2973 1728 3048">
     <span class='ocr_line' id='line_1_43' title="bbox 124 2973 1728 3048; baseline 0.003 -20"><span class='ocrx_word' id='word_1_340' title='bbox 124 2973 326 3040; x_wconf 78' lang='lat' dir='ltr'><strong>Roma,</strong></span> <span class='ocrx_word' id='word_1_341' title='bbox 357 2975 449 3044; x_wconf 86' lang='lat' dir='ltr'><strong>qui</strong></span> <span class='ocrx_word' id='word_1_342' title='bbox 479 2975 719 3046; x_wconf 82' lang='lat' dir='ltr'><strong>seipsum</strong></span> <span class='ocrx_word' id='word_1_343' title='bbox 751 2976 1066 3041; x_wconf 79' lang='lat' dir='ltr'><strong>tradiderat,</strong></span> <span class='ocrx_word' id='word_1_344' title='bbox 1090 2978 1332 3048; x_wconf 81' lang='lat' dir='ltr'><strong>gestiens</strong></span> <span class='ocrx_word' id='word_1_345' title='bbox 1381 2987 1545 3046; x_wconf 85' lang='lat' dir='ltr'><strong>atque</strong></span> <span class='ocrx_word' id='word_1_346' title='bbox 1585 2977 1728 3033; x_wconf 89' lang='lat' dir='ltr'><strong>desi-</strong></span> 
     </span>
    </p>
   </div>
   <div class='ocr_carea' id='block_1_44' title="bbox 126 3066 1729 3138">
    <p class='ocr_par' dir='ltr' id='par_1_44' title="bbox 126 3066 1729 3138">
     <span class='ocr_line' id='line_1_44' title="bbox 126 3066 1729 3138; baseline 0.002 -18"><span class='ocrx_word' id='word_1_347' title='bbox 126 3067 328 3121; x_wconf 87' lang='lat' dir='ltr'><strong>derans</strong></span> <span class='ocrx_word' id='word_1_348' title='bbox 356 3066 648 3121; x_wconf 89' lang='lat' dir='ltr'><strong>admodum</strong></span> <span class='ocrx_word' id='word_1_349' title='bbox 683 3082 780 3138; x_wconf 90' lang='lat' dir='ltr'><strong>pro</strong></span> <span class='ocrx_word' id='word_1_350' title='bbox 810 3067 1025 3123; x_wconf 87' lang='lat' dir='ltr'><strong>Christo</strong></span> <span class='ocrx_word' id='word_1_351' title='bbox 1054 3070 1237 3124; x_wconf 88' lang='lat' dir='ltr'><strong>subire</strong></span> <span class='ocrx_word' id='word_1_352' title='bbox 1279 3071 1620 3138; x_wconf 78' lang='lat' dir='ltr'><strong>n&#39;iartyrium,</strong></span> <span class='ocrx_word' id='word_1_353' title='bbox 1670 3077 1729 3124; x_wconf 88' lang='lat' dir='ltr'><strong>ut</strong></span> 
     </span>
    </p>
   </div>
   <div class='ocr_carea' id='block_1_45' title="bbox 126 3159 1726 3240">
    <p class='ocr_par' dir='ltr' id='par_1_45' title="bbox 126 3159 1726 3240">
     <span class='ocr_line' id='line_1_45' title="bbox 126 3159 1726 3240; baseline 0.004 -28"><span class='ocrx_word' id='word_1_354' title='bbox 126 3159 372 3214; x_wconf 87' lang='lat' dir='ltr'><strong>imitator</strong></span> <span class='ocrx_word' id='word_1_355' title='bbox 396 3167 453 3215; x_wconf 90' lang='lat' dir='ltr'><strong>et</strong></span> <span class='ocrx_word' id='word_1_356' title='bbox 476 3173 758 3240; x_wconf 77' lang='lat' dir='ltr'><strong>successor</strong></span> <span class='ocrx_word' id='word_1_357' title='bbox 786 3160 958 3215; x_wconf 86' lang='lat' dir='ltr'><strong>sancti</strong></span> <span class='ocrx_word' id='word_1_358' title='bbox 989 3170 1043 3216; x_wconf 89' lang='lat' dir='ltr'><strong>et</strong></span> <span class='ocrx_word' id='word_1_359' title='bbox 1074 3160 1438 3230; x_wconf 86' lang='lat' dir='ltr'><strong>apostolorum</strong></span> <span class='ocrx_word' id='word_1_360' title='bbox 1466 3161 1726 3232; x_wconf 87' lang='lat' dir='ltr'><strong>principis</strong></span> 
     </span>
    </p>
   </div>
   <div class='ocr_carea' id='block_1_46' title="bbox 1825 1951 3424 2029">
    <p class='ocr_par' dir='ltr' id='par_1_46' title="bbox 1825 1951 3424 2029">
     <span class='ocr_line' id='line_1_46' title="bbox 1825 1951 3424 2029; baseline 0.005 -23"><span class='ocrx_word' id='word_1_361' title='bbox 1825 1960 1881 2006; x_wconf 88' lang='lat' dir='ltr'><strong>et</strong></span> <span class='ocrx_word' id='word_1_362' title='bbox 1909 1966 2098 2006; x_wconf 85' lang='lat' dir='ltr'><strong>rursus</strong></span> <span class='ocrx_word' id='word_1_363' title='bbox 2128 1951 2736 2029; x_wconf 70' lang='lat' dir='ltr'><strong>Constantinopolitanai</strong></span> <span class='ocrx_word' id='word_1_364' title='bbox 2780 1959 2880 2014; x_wconf 85' lang='lat' dir='ltr'><strong>sub</strong></span> <span class='ocrx_word' id='word_1_365' title='bbox 2913 1955 3218 2013; x_wconf 85' lang='lat' dir='ltr'><strong>Justiniano</strong></span> <span class='ocrx_word' id='word_1_366' title='bbox 3249 1958 3424 2028; x_wconf 86' lang='lat' dir='ltr'><strong>impe-</strong></span> 
     </span>
    </p>
   </div>
   <div class='ocr_carea' id='block_1_47' title="bbox 1825 2049 3424 2120">
    <p class='ocr_par' dir='ltr' id='par_1_47' title="bbox 1825 2049 3424 2120">
     <span class='ocr_line' id='line_1_47' title="bbox 1825 2049 3424 2120; baseline 0.004 -23"><span class='ocrx_word' id='word_1_367' title='bbox 1825 2051 2026 2114; x_wconf 81' lang='lat' dir='ltr'><strong>ratore,</strong></span> <span class='ocrx_word' id='word_1_368' title='bbox 2057 2061 2221 2120; x_wconf 84' lang='lat' dir='ltr'><strong>quam</strong></span> <span class='ocrx_word' id='word_1_369' title='bbox 2263 2050 2505 2104; x_wconf 91' lang='lat' dir='ltr'><strong>omnium</strong></span> <span class='ocrx_word' id='word_1_370' title='bbox 2535 2058 2847 2105; x_wconf 88' lang='lat' dir='ltr'><strong>sanctorum</strong></span> <span class='ocrx_word' id='word_1_371' title='bbox 2897 2049 3160 2105; x_wconf 87' lang='lat' dir='ltr'><strong>divinitus</strong></span> <span class='ocrx_word' id='word_1_372' title='bbox 3206 2049 3424 2118; x_wconf 88' lang='lat' dir='ltr'><strong>sapien-</strong></span> 
     </span>
    </p>
   </div>
   <div class='ocr_carea' id='block_1_48' title="bbox 1825 2142 3425 2212">
    <p class='ocr_par' dir='ltr' id='par_1_48' title="bbox 1825 2142 3425 2212">
     <span class='ocr_line' id='line_1_48' title="bbox 1825 2142 3425 2212; baseline 0.001 -16"><span class='ocrx_word' id='word_1_373' title='bbox 1825 2144 1962 2208; x_wconf 84' lang='lat' dir='ltr'><strong>tum,</strong></span> <span class='ocrx_word' id='word_1_374' title='bbox 1989 2152 2045 2197; x_wconf 91' lang='lat' dir='ltr'><strong>et</strong></span> <span class='ocrx_word' id='word_1_375' title='bbox 2069 2142 2424 2212; x_wconf 78' lang='lat' dir='ltr'><strong>probabilium</strong></span> <span class='ocrx_word' id='word_1_376' title='bbox 2453 2143 2676 2199; x_wconf 85' lang='lat' dir='ltr'><strong>Patrum</strong></span> <span class='ocrx_word' id='word_1_377' title='bbox 2707 2152 3040 2212; x_wconf 83' lang='lat' dir='ltr'><strong>nostrorum,</strong></span> <span class='ocrx_word' id='word_1_378' title='bbox 3066 2159 3130 2199; x_wconf 91' lang='lat' dir='ltr'><strong>ac</strong></span> <span class='ocrx_word' id='word_1_379' title='bbox 3152 2144 3425 2199; x_wconf 84' lang='lat' dir='ltr'><strong>veracium</strong></span> 
     </span>
    </p>
   </div>
   <div class='ocr_carea' id='block_1_49' title="bbox 1826 2237 3424 2310">
    <p class='ocr_par' dir='ltr' id='par_1_49' title="bbox 1826 2237 3424 2310">
     <span class='ocr_line' id='line_1_49' title="bbox 1826 2237 3424 2310; baseline 0 -18"><span class='ocrx_word' id='word_1_380' title='bbox 1826 2237 2207 2306; x_wconf 85' lang='lat' dir='ltr'><strong>magistrorum</strong></span> <span class='ocrx_word' id='word_1_381' title='bbox 2238 2249 2393 2291; x_wconf 85' lang='lat' dir='ltr'><strong>saera</strong></span> <span class='ocrx_word' id='word_1_382' title='bbox 2417 2245 2470 2291; x_wconf 89' lang='lat' dir='ltr'><strong>et</strong></span> <span class='ocrx_word' id='word_1_383' title='bbox 2498 2237 2741 2307; x_wconf 80' lang='lat' dir='ltr'><strong>piissime</strong></span> <span class='ocrx_word' id='word_1_384' title='bbox 2786 2239 3040 2310; x_wconf 84' lang='lat' dir='ltr'><strong>dogmata</strong></span> <span class='ocrx_word' id='word_1_385' title='bbox 3089 2238 3424 2304; x_wconf 80' lang='lat' dir='ltr'><strong>roborasset,</strong></span> 
     </span>
    </p>
   </div>
   <div class='ocr_carea' id='block_1_50' title="bbox 1827 2328 3424 2402">
    <p class='ocr_par' dir='ltr' id='par_1_50' title="bbox 1827 2328 3424 2402">
     <span class='ocr_line' id='line_1_50' title="bbox 1827 2328 3424 2402; baseline 0.001 -19"><span class='ocrx_word' id='word_1_386' title='bbox 1827 2329 2280 2399; x_wconf 69' lang='lat' dir='ltr'><strong>quemadmodum</strong></span> <span class='ocrx_word' id='word_1_387' title='bbox 2311 2328 2388 2395; x_wconf 89' lang='lat' dir='ltr'><strong>hi,</strong></span> <span class='ocrx_word' id='word_1_388' title='bbox 2415 2330 2508 2400; x_wconf 89' lang='lat' dir='ltr'><strong>qui</strong></span> <span class='ocrx_word' id='word_1_389' title='bbox 2539 2345 2725 2385; x_wconf 88' lang='lat' dir='ltr'><strong>amore</strong></span> <span class='ocrx_word' id='word_1_390' title='bbox 2769 2331 2859 2400; x_wconf 90' lang='lat' dir='ltr'><strong>pio</strong></span> <span class='ocrx_word' id='word_1_391' title='bbox 2904 2330 3083 2402; x_wconf 85' lang='lat' dir='ltr'><strong>legere</strong></span> <span class='ocrx_word' id='word_1_392' title='bbox 3136 2330 3424 2397; x_wconf 81' lang='lat' dir='ltr'><strong>voluerint,</strong></span> 
     </span>
    </p>
   </div>
   <div class='ocr_carea' id='block_1_51' title="bbox 1827 2415 3428 2491">
    <p class='ocr_par' dir='ltr' id='par_1_51' title="bbox 1827 2415 3428 2491">
     <span class='ocr_line' id='line_1_51' title="bbox 1827 2415 3428 2491; baseline 0.004 -21"><span class='ocrx_word' id='word_1_393' title='bbox 1827 2415 1882 2471; x_wconf 90' lang='lat' dir='ltr'><strong>in</strong></span> <span class='ocrx_word' id='word_1_394' title='bbox 1924 2417 2094 2472; x_wconf 88' lang='lat' dir='ltr'><strong>sacris</strong></span> <span class='ocrx_word' id='word_1_395' title='bbox 2135 2419 2302 2489; x_wconf 83' lang='lat' dir='ltr'><strong>gestis</strong></span> <span class='ocrx_word' id='word_1_396' title='bbox 2348 2429 2548 2474; x_wconf 73' lang='lat' dir='ltr'><strong>sancta:</strong></span> <span class='ocrx_word' id='word_1_397' title='bbox 2595 2435 2658 2475; x_wconf 89' lang='lat' dir='ltr'><strong>ac</strong></span> <span class='ocrx_word' id='word_1_398' title='bbox 2708 2420 3012 2491; x_wconf 66' lang='lat' dir='ltr'><strong>apostolicae</strong></span> <span class='ocrx_word' id='word_1_399' title='bbox 3061 2421 3428 2491; x_wconf 83' lang='lat' dir='ltr'><strong>piissimaeque</strong></span> 
     </span>
    </p>
   </div>
   <div class='ocr_carea' id='block_1_52' title="bbox 1826 2509 3424 2580">
    <p class='ocr_par' dir='ltr' id='par_1_52' title="bbox 1826 2509 3424 2580">
     <span class='ocr_line' id='line_1_52' title="bbox 1826 2509 3424 2580; baseline 0.003 -17"><span class='ocrx_word' id='word_1_400' title='bbox 1826 2509 2016 2580; x_wconf 78' lang='lat' dir='ltr'><strong>synodi</strong></span> <span class='ocrx_word' id='word_1_401' title='bbox 2044 2526 2164 2579; x_wconf 69' lang='lat' dir='ltr'><strong>quae</strong></span> <span class='ocrx_word' id='word_1_402' title='bbox 2200 2512 2268 2566; x_wconf 90' lang='lat' dir='ltr'><strong>ab</strong></span> <span class='ocrx_word' id='word_1_403' title='bbox 2309 2527 2374 2567; x_wconf 92' lang='lat' dir='ltr'><strong>eo</strong></span> <span class='ocrx_word' id='word_1_404' title='bbox 2418 2511 2604 2567; x_wconf 68' lang='lat' dir='ltr'><strong>Romae</strong></span> <span class='ocrx_word' id='word_1_405' title='bbox 2647 2513 2920 2568; x_wconf 87' lang='lat' dir='ltr'><strong>celebrata</strong></span> <span class='ocrx_word' id='word_1_406' title='bbox 2967 2522 3070 2579; x_wconf 88' lang='lat' dir='ltr'><strong>est,</strong></span> <span class='ocrx_word' id='word_1_407' title='bbox 3128 2515 3424 2580; x_wconf 88' lang='lat' dir='ltr'><strong>invenient,</strong></span> 
     </span>
    </p>
   </div>
   <div class='ocr_carea' id='block_1_53' title="bbox 1829 2603 3427 2676">
    <p class='ocr_par' dir='ltr' id='par_1_53' title="bbox 1829 2603 3427 2676">
     <span class='ocr_line' id='line_1_53' title="bbox 1829 2603 3427 2676; baseline 0.005 -21"><span class='ocrx_word' id='word_1_408' title='bbox 1829 2616 1951 2656; x_wconf 89' lang='lat' dir='ltr'><strong>cum</strong></span> <span class='ocrx_word' id='word_1_409' title='bbox 1984 2603 2037 2656; x_wconf 92' lang='lat' dir='ltr'><strong>in</strong></span> <span class='ocrx_word' id='word_1_410' title='bbox 2065 2617 2284 2659; x_wconf 86' lang='lat' dir='ltr'><strong>omnem</strong></span> <span class='ocrx_word' id='word_1_411' title='bbox 2334 2604 2510 2661; x_wconf 90' lang='lat' dir='ltr'><strong>locum</strong></span> <span class='ocrx_word' id='word_1_412' title='bbox 2557 2615 2612 2660; x_wconf 88' lang='lat' dir='ltr'><strong>et</strong></span> <span class='ocrx_word' id='word_1_413' title='bbox 2661 2622 2876 2660; x_wconf 88' lang='lat' dir='ltr'><strong>omnem</strong></span> <span class='ocrx_word' id='word_1_414' title='bbox 2923 2608 3198 2676; x_wconf 88' lang='lat' dir='ltr'><strong>regionem</strong></span> <span class='ocrx_word' id='word_1_415' title='bbox 3246 2616 3427 2663; x_wconf 83' lang='lat' dir='ltr'><strong>trans-</strong></span> 
     </span>
    </p>
   </div>
   <div class='ocr_carea' id='block_1_54' title="bbox 1831 2693 3428 2754">
    <p class='ocr_par' dir='ltr' id='par_1_54' title="bbox 1831 2693 3428 2754">
     <span class='ocr_line' id='line_1_54' title="bbox 1831 2693 3428 2754; baseline 0.006 -10"><span class='ocrx_word' id='word_1_416' title='bbox 1831 2693 1995 2747; x_wconf 85' lang='lat' dir='ltr'><strong>missa</strong></span> <span class='ocrx_word' id='word_1_417' title='bbox 2047 2693 2202 2748; x_wconf 87' lang='lat' dir='ltr'><strong>sint:</strong></span> <span class='ocrx_word' id='word_1_418' title='bbox 2251 2703 2306 2748; x_wconf 88' lang='lat' dir='ltr'><strong>et</strong></span> <span class='ocrx_word' id='word_1_419' title='bbox 2347 2695 2514 2751; x_wconf 89' lang='lat' dir='ltr'><strong>ardue</strong></span> <span class='ocrx_word' id='word_1_420' title='bbox 2560 2697 2847 2751; x_wconf 88' lang='lat' dir='ltr'><strong>veritatem</strong></span> <span class='ocrx_word' id='word_1_421' title='bbox 2903 2698 3304 2754; x_wconf 83' lang='lat' dir='ltr'><strong>manifestasset</strong></span> <span class='ocrx_word' id='word_1_422' title='bbox 3361 2713 3428 2754; x_wconf 77' lang='lat' dir='ltr'><strong>ac</strong></span> 
     </span>
    </p>
   </div>
   <div class='ocr_carea' id='block_1_55' title="bbox 1830 2787 3429 2862">
    <p class='ocr_par' dir='ltr' id='par_1_55' title="bbox 1830 2787 3429 2862">
     <span class='ocr_line' id='line_1_55' title="bbox 1830 2787 3429 2862; baseline 0.003 -20"><span class='ocrx_word' id='word_1_423' title='bbox 1830 2789 2195 2858; x_wconf 70' lang='lat' dir='ltr'><strong>praedicasset,</strong></span> <span class='ocrx_word' id='word_1_424' title='bbox 2257 2799 2312 2844; x_wconf 87' lang='lat' dir='ltr'><strong>et</strong></span> <span class='ocrx_word' id='word_1_425' title='bbox 2363 2787 2562 2861; x_wconf 82' lang='lat' dir='ltr'><strong>ﬂagitia</strong></span> <span class='ocrx_word' id='word_1_426' title='bbox 2618 2790 2852 2845; x_wconf 84' lang='lat' dir='ltr'><strong>hostium</strong></span> <span class='ocrx_word' id='word_1_427' title='bbox 2901 2791 3215 2858; x_wconf 83' lang='lat' dir='ltr'><strong>reievasset,</strong></span> <span class='ocrx_word' id='word_1_428' title='bbox 3264 2800 3429 2862; x_wconf 88' lang='lat' dir='ltr'><strong>atque</strong></span> 
     </span>
    </p>
   </div>
   <div class='ocr_carea' id='block_1_56' title="bbox 1830 2877 3427 2954">
    <p class='ocr_par' dir='ltr' id='par_1_56' title="bbox 1830 2877 3427 2954">
     <span class='ocr_line' id='line_1_56' title="bbox 1830 2877 3427 2954; baseline 0.003 -19"><span class='ocrx_word' id='word_1_429' title='bbox 1830 2877 2084 2952; x_wconf 75' lang='lat' dir='ltr'><strong>liquidius</strong></span> <span class='ocrx_word' id='word_1_430' title='bbox 2130 2883 2458 2954; x_wconf 83' lang='lat' dir='ltr'><strong>publicasset</strong></span> <span class='ocrx_word' id='word_1_431' title='bbox 2500 2884 2644 2939; x_wconf 90' lang='lat' dir='ltr'><strong>bono</strong></span> <span class='ocrx_word' id='word_1_432' title='bbox 2690 2883 3028 2954; x_wconf 85' lang='lat' dir='ltr'><strong>multumque</strong></span> <span class='ocrx_word' id='word_1_433' title='bbox 3060 2883 3161 2940; x_wconf 84' lang='lat' dir='ltr'><strong>sibi</strong></span> <span class='ocrx_word' id='word_1_434' title='bbox 3205 2884 3427 2939; x_wconf 82' lang='lat' dir='ltr'><strong>amabili</strong></span> 
     </span>
    </p>
   </div>
   <div class='ocr_carea' id='block_1_57' title="bbox 1829 2979 3432 3051">
    <p class='ocr_par' dir='ltr' id='par_1_57' title="bbox 1829 2979 3432 3051">
     <span class='ocr_line' id='line_1_57' title="bbox 1829 2979 3432 3051; baseline 0.002 -18"><span class='ocrx_word' id='word_1_435' title='bbox 1829 2991 2002 3051; x_wconf 85' lang='lat' dir='ltr'><strong>agone</strong></span> <span class='ocrx_word' id='word_1_436' title='bbox 2029 2980 2351 3050; x_wconf 76' lang='lat' dir='ltr'><strong>agonizaus,</strong></span> <span class='ocrx_word' id='word_1_437' title='bbox 2377 2987 2433 3034; x_wconf 83' lang='lat' dir='ltr'><strong>et</strong></span> <span class='ocrx_word' id='word_1_438' title='bbox 2462 2979 2532 3035; x_wconf 84' lang='lat' dir='ltr'><strong>ad</strong></span> <span class='ocrx_word' id='word_1_439' title='bbox 2559 2979 2924 3034; x_wconf 79' lang='lat' dir='ltr'><strong>desideratum</strong></span> <span class='ocrx_word' id='word_1_440' title='bbox 2967 2979 3276 3046; x_wconf 90' lang='lat' dir='ltr'><strong>Dominum,</strong></span> <span class='ocrx_word' id='word_1_441' title='bbox 3326 2994 3432 3050; x_wconf 86' lang='lat' dir='ltr'><strong>pro</strong></span> 
     </span>
    </p>
   </div>
   <div class='ocr_carea' id='block_1_58' title="bbox 1829 3071 3426 3143">
    <p class='ocr_par' dir='ltr' id='par_1_58' title="bbox 1829 3071 3426 3143">
     <span class='ocr_line' id='line_1_58' title="bbox 1829 3071 3426 3143; baseline 0 -17"><span class='ocrx_word' id='word_1_442' title='bbox 1829 3089 1938 3143; x_wconf 88' lang='lat' dir='ltr'><strong>quo</strong></span> <span class='ocrx_word' id='word_1_443' title='bbox 1968 3079 2022 3128; x_wconf 89' lang='lat' dir='ltr'><strong>et</strong></span> <span class='ocrx_word' id='word_1_444' title='bbox 2045 3073 2321 3142; x_wconf 87' lang='lat' dir='ltr'><strong>proprium</strong></span> <span class='ocrx_word' id='word_1_445' title='bbox 2351 3073 2694 3142; x_wconf 81' lang='lat' dir='ltr'><strong>sanguinem,</strong></span> <span class='ocrx_word' id='word_1_446' title='bbox 2737 3081 2997 3142; x_wconf 83' lang='lat' dir='ltr'><strong>quantum</strong></span> <span class='ocrx_word' id='word_1_447' title='bbox 3040 3071 3096 3126; x_wconf 90' lang='lat' dir='ltr'><strong>in</strong></span> <span class='ocrx_word' id='word_1_448' title='bbox 3143 3071 3260 3142; x_wconf 85' lang='lat' dir='ltr'><strong>ipso</strong></span> <span class='ocrx_word' id='word_1_449' title='bbox 3305 3072 3426 3139; x_wconf 81' lang='lat' dir='ltr'><strong>fuit,</strong></span> 
     </span>
    </p>
   </div>
   <div class='ocr_carea' id='block_1_59' title="bbox 1830 3165 3428 3238">
    <p class='ocr_par' dir='ltr' id='par_1_59' title="bbox 1830 3165 3428 3238">
     <span class='ocr_line' id='line_1_59' title="bbox 1830 3165 3428 3238; baseline -0.001 -15"><span class='ocrx_word' id='word_1_450' title='bbox 1830 3166 2038 3235; x_wconf 83' lang='lat' dir='ltr'><strong>effudit,</strong></span> <span class='ocrx_word' id='word_1_451' title='bbox 2075 3167 2129 3222; x_wconf 91' lang='lat' dir='ltr'><strong>in</strong></span> <span class='ocrx_word' id='word_1_452' title='bbox 2165 3167 2350 3222; x_wconf 72' lang='lat' dir='ltr'><strong>laetitia</strong></span> <span class='ocrx_word' id='word_1_453' title='bbox 2389 3169 2603 3238; x_wconf 87' lang='lat' dir='ltr'><strong>copiosa</strong></span> <span class='ocrx_word' id='word_1_454' title='bbox 2632 3167 2907 3238; x_wconf 86' lang='lat' dir='ltr'><strong>profectus</strong></span> <span class='ocrx_word' id='word_1_455' title='bbox 2952 3181 3138 3222; x_wconf 86' lang='lat' dir='ltr'><strong>mense</strong></span> <span class='ocrx_word' id='word_1_456' title='bbox 3180 3165 3428 3238; x_wconf 79' lang='lat' dir='ltr'><strong>Septem-</strong></span> 
     </span>
    </p>
   </div>
   <div class='ocr_carea' id='block_1_60' title="bbox 124 3240 3424 3331">
    <p class='ocr_par' dir='ltr' id='par_1_60' title="bbox 124 3240 3424 3331">
     <span class='ocr_line' id='line_1_60' title="bbox 124 3240 3424 3331; baseline 0.004 -27"><span class='ocrx_word' id='word_1_457' title='bbox 124 3249 298 3317; x_wconf 86' lang='lat' dir='ltr'><strong>Petri,</strong></span> <span class='ocrx_word' id='word_1_458' title='bbox 333 3261 445 3306; x_wconf 88' lang='lat' dir='ltr'><strong>tam</strong></span> <span class='ocrx_word' id='word_1_459' title='bbox 477 3251 532 3306; x_wconf 94' lang='lat' dir='ltr'><strong>in</strong></span> <span class='ocrx_word' id='word_1_460' title='bbox 559 3251 792 3324; x_wconf 71' lang='lat' dir='ltr'><strong>navigio,</strong></span> <span class='ocrx_word' id='word_1_461' title='bbox 833 3267 995 3323; x_wconf 86' lang='lat' dir='ltr'><strong>quam</strong></span> <span class='ocrx_word' id='word_1_462' title='bbox 1020 3254 1073 3308; x_wconf 93' lang='lat' dir='ltr'><strong>in</strong></span> <span class='ocrx_word' id='word_1_463' title='bbox 1100 3253 1216 3323; x_wconf 88' lang='lat' dir='ltr'><strong>ipso</strong></span> <span class='ocrx_word' id='word_1_464' title='bbox 1247 3253 1528 3325; x_wconf 79' lang='lat' dir='ltr'><strong>Byzantio,</strong></span> <span class='ocrx_word' id='word_1_465' title='bbox 1562 3255 1638 3310; x_wconf 89' lang='lat' dir='ltr'><strong>ita</strong></span> <span class='ocrx_word' id='word_1_466' title='bbox 1667 3264 1727 3311; x_wconf 90' lang='lat' dir='ltr'><strong>ut</strong></span> <span class='ocrx_word' id='word_1_467' title='bbox 1753 3240 1972 3328; x_wconf 62' lang='lat' dir='ltr'><strong>Cibi-io,</strong></span> <span class='ocrx_word' id='word_1_468' title='bbox 2011 3261 2098 3315; x_wconf 91' lang='lat' dir='ltr'><strong>die</strong></span> <span class='ocrx_word' id='word_1_469' title='bbox 2143 3261 2566 3326; x_wconf 81' lang='lat' dir='ltr'><strong>sexta&#39;deoima,</strong></span> <span class='ocrx_word' id='word_1_470' title='bbox 2610 3261 2909 3316; x_wconf 84' lang='lat' dir='ltr'><strong>indictione</strong></span> <span class='ocrx_word' id='word_1_471' title='bbox 2950 3271 3144 3331; x_wconf 83' lang='lat' dir='ltr'><strong>quarta</strong></span> <span class='ocrx_word' id='word_1_472' title='bbox 3193 3262 3424 3329; x_wconf 81' lang='lat' dir='ltr'><strong>decima,</strong></span> 
     </span>
    </p>
   </div>
   <div class='ocr_carea' id='block_1_61' title="bbox 122 3343 1330 3416">
    <p class='ocr_par' dir='ltr' id='par_1_61' title="bbox 122 3343 1330 3416">
     <span class='ocr_line' id='line_1_61' title="bbox 122 3343 1330 3416; baseline 0.003 -19"><span class='ocrx_word' id='word_1_473' title='bbox 122 3343 304 3415; x_wconf 88' lang='lat' dir='ltr'><strong>palam</strong></span> <span class='ocrx_word' id='word_1_474' title='bbox 335 3345 510 3416; x_wconf 87' lang='lat' dir='ltr'><strong>alapis</strong></span> <span class='ocrx_word' id='word_1_475' title='bbox 537 3347 836 3405; x_wconf 64' lang='lat' dir='ltr'><strong>mederetur</strong></span> <span class='ocrx_word' id='word_1_476' title='bbox 859 3346 927 3401; x_wconf 88' lang='lat' dir='ltr'><strong>ab</strong></span> <span class='ocrx_word' id='word_1_477' title='bbox 956 3346 1190 3403; x_wconf 85' lang='lat' dir='ltr'><strong>inimicis</strong></span> <span class='ocrx_word' id='word_1_478' title='bbox 1215 3347 1330 3402; x_wconf 91' lang='lat' dir='ltr'><strong>Dei.</strong></span> 
     </span>
    </p>
   </div>
   <div class='ocr_carea' id='block_1_62' title="bbox 195 3435 1727 3512">
    <p class='ocr_par' dir='ltr' id='par_1_62' title="bbox 195 3435 1727 3512">
     <span class='ocr_line' id='line_1_62' title="bbox 195 3435 1727 3512; baseline 0.005 -22"><span class='ocrx_word' id='word_1_479' title='bbox 195 3435 435 3507; x_wconf 81' lang='lat' dir='ltr'><strong>Dignum</strong></span> <span class='ocrx_word' id='word_1_480' title='bbox 495 3443 695 3508; x_wconf 86' lang='lat' dir='ltr'><strong>autem</strong></span> <span class='ocrx_word' id='word_1_481' title='bbox 739 3447 893 3509; x_wconf 84' lang='lat' dir='ltr'><strong>patre</strong></span> <span class='ocrx_word' id='word_1_482' title='bbox 944 3455 1044 3495; x_wconf 87' lang='lat' dir='ltr'><strong>suo</strong></span> <span class='ocrx_word' id='word_1_483' title='bbox 1099 3440 1314 3496; x_wconf 80' lang='lat' dir='ltr'><strong>diabolo</strong></span> <span class='ocrx_word' id='word_1_484' title='bbox 1355 3451 1727 3512; x_wconf 87' lang='lat' dir='ltr'><strong>perpetrantes</strong></span> 
     </span>
    </p>
   </div>
   <div class='ocr_carea' id='block_1_63' title="bbox 123 3530 1726 3605">
    <p class='ocr_par' dir='ltr' id='par_1_63' title="bbox 123 3530 1726 3605">
     <span class='ocr_line' id='line_1_63' title="bbox 123 3530 1726 3605; baseline 0.007 -26"><span class='ocrx_word' id='word_1_485' title='bbox 123 3541 258 3597; x_wconf 82' lang='lat' dir='ltr'><strong>opus</strong></span> <span class='ocrx_word' id='word_1_486' title='bbox 303 3530 361 3582; x_wconf 90' lang='lat' dir='ltr'><strong>in</strong></span> <span class='ocrx_word' id='word_1_487' title='bbox 405 3544 556 3594; x_wconf 88' lang='lat' dir='ltr'><strong>cum,</strong></span> <span class='ocrx_word' id='word_1_488' title='bbox 608 3538 714 3584; x_wconf 86' lang='lat' dir='ltr'><strong>tam</strong></span> <span class='ocrx_word' id='word_1_489' title='bbox 758 3541 904 3587; x_wconf 79' lang='lat' dir='ltr'><strong>veste</strong></span> <span class='ocrx_word' id='word_1_490' title='bbox 951 3531 1100 3586; x_wconf 91' lang='lat' dir='ltr'><strong>illum</strong></span> <span class='ocrx_word' id='word_1_491' title='bbox 1129 3549 1224 3588; x_wconf 83' lang='lat' dir='ltr'><strong>sua</strong></span> <span class='ocrx_word' id='word_1_492' title='bbox 1250 3543 1536 3600; x_wconf 77' lang='lat' dir='ltr'><strong>exuerunt,</strong></span> <span class='ocrx_word' id='word_1_493' title='bbox 1563 3551 1726 3605; x_wconf 87' lang='lat' dir='ltr'><strong>quam</strong></span> 
     </span>
    </p>
   </div>
   <div class='ocr_carea' id='block_1_64' title="bbox 124 3617 1727 3693">
    <p class='ocr_par' dir='ltr' id='par_1_64' title="bbox 124 3617 1727 3693">
     <span class='ocr_line' id='line_1_64' title="bbox 124 3617 1727 3693; baseline 0.007 -23"><span class='ocrx_word' id='word_1_494' title='bbox 124 3617 428 3676; x_wconf 88' lang='lat' dir='ltr'><strong>ferreorum</strong></span> <span class='ocrx_word' id='word_1_495' title='bbox 458 3621 771 3693; x_wconf 79' lang='lat' dir='ltr'><strong>gravamiua</strong></span> <span class='ocrx_word' id='word_1_496' title='bbox 811 3623 1144 3679; x_wconf 88' lang='lat' dir='ltr'><strong>vinculorum</strong></span> <span class='ocrx_word' id='word_1_497' title='bbox 1177 3633 1231 3680; x_wconf 88' lang='lat' dir='ltr'><strong>et</strong></span> <span class='ocrx_word' id='word_1_498' title='bbox 1258 3635 1570 3681; x_wconf 86' lang='lat' dir='ltr'><strong>catenarum</strong></span> <span class='ocrx_word' id='word_1_499' title='bbox 1603 3643 1727 3682; x_wconf 84' lang='lat' dir='ltr'><strong>san-</strong></span> 
     </span>
    </p>
   </div>
   <div class='ocr_carea' id='block_1_65' title="bbox 121 3703 1728 3789">
    <p class='ocr_par' dir='ltr' id='par_1_65' title="bbox 121 3703 1728 3789">
     <span class='ocr_line' id='line_1_65' title="bbox 121 3703 1728 3789; baseline 0.006 -25"><span class='ocrx_word' id='word_1_500' title='bbox 121 3719 210 3766; x_wconf 88' lang='lat' dir='ltr'><strong>eto</strong></span> <span class='ocrx_word' id='word_1_501' title='bbox 235 3710 362 3780; x_wconf 88' lang='lat' dir='ltr'><strong>ejus</strong></span> <span class='ocrx_word' id='word_1_502' title='bbox 390 3712 532 3768; x_wconf 87' lang='lat' dir='ltr'><strong>collo</strong></span> <span class='ocrx_word' id='word_1_503' title='bbox 583 3723 638 3768; x_wconf 90' lang='lat' dir='ltr'><strong>et</strong></span> <span class='ocrx_word' id='word_1_504' title='bbox 685 3715 938 3784; x_wconf 83' lang='lat' dir='ltr'><strong>pretiosis</strong></span> <span class='ocrx_word' id='word_1_505' title='bbox 986 3716 1211 3786; x_wconf 87' lang='lat' dir='ltr'><strong>reliquis</strong></span> <span class='ocrx_word' id='word_1_506' title='bbox 1258 3703 1514 3773; x_wconf 82' lang='lat' dir='ltr'><strong>membris</strong></span> <span class='ocrx_word' id='word_1_507' title='bbox 1560 3719 1728 3789; x_wconf 88' lang='lat' dir='ltr'><strong>impo-</strong></span> 
     </span>
    </p>
   </div>
   <div class='ocr_carea' id='block_1_66' title="bbox 119 3804 1726 3881">
    <p class='ocr_par' dir='ltr' id='par_1_66' title="bbox 119 3804 1726 3881">
     <span class='ocr_line' id='line_1_66' title="bbox 119 3804 1726 3881; baseline 0.007 -25"><span class='ocrx_word' id='word_1_508' title='bbox 119 3813 373 3858; x_wconf 84' lang='lat' dir='ltr'><strong>suerunt.</strong></span> <span class='ocrx_word' id='word_1_509' title='bbox 437 3804 643 3859; x_wconf 89' lang='lat' dir='ltr'><strong>Deinde</strong></span> <span class='ocrx_word' id='word_1_510' title='bbox 701 3823 822 3861; x_wconf 89' lang='lat' dir='ltr'><strong>eum</strong></span> <span class='ocrx_word' id='word_1_511' title='bbox 882 3809 1084 3864; x_wconf 89' lang='lat' dir='ltr'><strong>eisdem</strong></span> <span class='ocrx_word' id='word_1_512' title='bbox 1134 3809 1325 3866; x_wconf 90' lang='lat' dir='ltr'><strong>ferreis</strong></span> <span class='ocrx_word' id='word_1_513' title='bbox 1379 3811 1726 3881; x_wconf 84' lang='lat' dir='ltr'><strong>compedibus</strong></span> 
     </span>
    </p>
   </div>
   <div class='ocr_carea' id='block_1_67' title="bbox 119 3896 1727 3974">
    <p class='ocr_par' dir='ltr' id='par_1_67' title="bbox 119 3896 1727 3974">
     <span class='ocr_line' id='line_1_67' title="bbox 119 3896 1727 3974; baseline 0.006 -22"><span class='ocrx_word' id='word_1_514' title='bbox 119 3906 449 3967; x_wconf 86' lang='lat' dir='ltr'><strong>pompantcs</strong></span> <span class='ocrx_word' id='word_1_515' title='bbox 480 3913 578 3968; x_wconf 88' lang='lat' dir='ltr'><strong>per</strong></span> <span class='ocrx_word' id='word_1_516' title='bbox 611 3908 776 3954; x_wconf 88' lang='lat' dir='ltr'><strong>totam</strong></span> <span class='ocrx_word' id='word_1_517' title='bbox 834 3896 1068 3972; x_wconf 87' lang='lat' dir='ltr'><strong>plateam</strong></span> <span class='ocrx_word' id='word_1_518' title='bbox 1127 3913 1409 3959; x_wconf 76' lang='lat' dir='ltr'><strong>traxerunt</strong></span> <span class='ocrx_word' id='word_1_519' title='bbox 1452 3919 1483 3958; x_wconf 86' lang='lat' dir='ltr'><strong>a</strong></span> <span class='ocrx_word' id='word_1_520' title='bbox 1525 3905 1727 3974; x_wconf 87' lang='lat' dir='ltr'><strong>palatio</strong></span> 
     </span>
    </p>
   </div>
   <div class='ocr_carea' id='block_1_68' title="bbox 118 3991 1723 4070">
    <p class='ocr_par' dir='ltr' id='par_1_68' title="bbox 118 3991 1723 4070">
     <span class='ocr_line' id='line_1_68' title="bbox 118 3991 1723 4070; baseline 0.008 -27"><span class='ocrx_word' id='word_1_521' title='bbox 118 4005 295 4060; x_wconf 88' lang='lat' dir='ltr'><strong>usque</strong></span> <span class='ocrx_word' id='word_1_522' title='bbox 328 3991 398 4046; x_wconf 89' lang='lat' dir='ltr'><strong>ad</strong></span> <span class='ocrx_word' id='word_1_523' title='bbox 432 3992 743 4060; x_wconf 55' lang='lat' dir='ltr'><strong>praetorium</strong></span> <span class='ocrx_word' id='word_1_524' title='bbox 774 3994 1035 4065; x_wconf 67' lang='lat' dir='ltr'><strong>praefecti,</strong></span> <span class='ocrx_word' id='word_1_525' title='bbox 1059 4011 1181 4050; x_wconf 89' lang='lat' dir='ltr'><strong>cum</strong></span> <span class='ocrx_word' id='word_1_526' title='bbox 1219 3997 1412 4064; x_wconf 70' lang='lat' dir='ltr'><strong>vigilite</strong></span> <span class='ocrx_word' id='word_1_527' title='bbox 1439 3999 1723 4070; x_wconf 84' lang='lat' dir='ltr'><strong>magistro,</strong></span> 
     </span>
    </p>
   </div>
   <div class='ocr_carea' id='block_1_69' title="bbox 120 4081 1724 4160">
    <p class='ocr_par' dir='ltr' id='par_1_69' title="bbox 120 4081 1724 4160">
     <span class='ocr_line' id='line_1_69' title="bbox 120 4081 1724 4160; baseline 0.009 -26"><span class='ocrx_word' id='word_1_528' title='bbox 120 4081 176 4134; x_wconf 89' lang='lat' dir='ltr'><strong>id</strong></span> <span class='ocrx_word' id='word_1_529' title='bbox 207 4090 292 4136; x_wconf 86' lang='lat' dir='ltr'><strong>est</strong></span> <span class='ocrx_word' id='word_1_530' title='bbox 328 4082 509 4152; x_wconf 89' lang='lat' dir='ltr'><strong>primo</strong></span> <span class='ocrx_word' id='word_1_531' title='bbox 539 4083 870 4149; x_wconf 82' lang='lat' dir='ltr'><strong>carnificum,</strong></span> <span class='ocrx_word' id='word_1_532' title='bbox 902 4087 1236 4157; x_wconf 85' lang='lat' dir='ltr'><strong>colligatum,</strong></span> <span class='ocrx_word' id='word_1_533' title='bbox 1278 4097 1334 4143; x_wconf 87' lang='lat' dir='ltr'><strong>et</strong></span> <span class='ocrx_word' id='word_1_534' title='bbox 1385 4105 1507 4144; x_wconf 88' lang='lat' dir='ltr'><strong>cum</strong></span> <span class='ocrx_word' id='word_1_535' title='bbox 1546 4091 1724 4160; x_wconf 86' lang='lat' dir='ltr'><strong>gladio</strong></span> 
     </span>
    </p>
   </div>
   <div class='ocr_carea' id='block_1_70' title="bbox 120 4175 1720 4248">
    <p class='ocr_par' dir='ltr' id='par_1_70' title="bbox 120 4175 1720 4248">
     <span class='ocr_line' id='line_1_70' title="bbox 120 4175 1720 4248; baseline 0.006 -20"><span class='ocrx_word' id='word_1_536' title='bbox 120 4175 466 4241; x_wconf 69' lang='lat' dir='ltr'><strong>prmcedebat</strong></span> <span class='ocrx_word' id='word_1_537' title='bbox 495 4189 620 4230; x_wconf 87' lang='lat' dir='ltr'><strong>eum</strong></span> <span class='ocrx_word' id='word_1_538' title='bbox 656 4177 892 4245; x_wconf 89' lang='lat' dir='ltr'><strong>quidam,</strong></span> <span class='ocrx_word' id='word_1_539' title='bbox 925 4186 985 4232; x_wconf 91' lang='lat' dir='ltr'><strong>ut</strong></span> <span class='ocrx_word' id='word_1_540' title='bbox 1009 4179 1349 4234; x_wconf 87' lang='lat' dir='ltr'><strong>membratim</strong></span> <span class='ocrx_word' id='word_1_541' title='bbox 1392 4181 1720 4248; x_wconf 87' lang='lat' dir='ltr'><strong>concideret,</strong></span> 
     </span>
    </p>
   </div>
   <div class='ocr_carea' id='block_1_71' title="bbox 117 4266 1726 4341">
    <p class='ocr_par' dir='ltr' id='par_1_71' title="bbox 117 4266 1726 4341">
     <span class='ocr_line' id='line_1_71' title="bbox 117 4266 1726 4341; baseline 0.007 -21"><span class='ocrx_word' id='word_1_542' title='bbox 117 4266 466 4324; x_wconf 86' lang='lat' dir='ltr'><strong>deliberante</strong></span> <span class='ocrx_word' id='word_1_543' title='bbox 520 4284 584 4324; x_wconf 86' lang='lat' dir='ltr'><strong>ac</strong></span> <span class='ocrx_word' id='word_1_544' title='bbox 634 4272 977 4341; x_wconf 59' lang='lat' dir='ltr'><strong>praecipiente</strong></span> <span class='ocrx_word' id='word_1_545' title='bbox 1037 4271 1362 4328; x_wconf 60' lang='lat' dir='ltr'><strong>Bucoletmte</strong></span> <span class='ocrx_word' id='word_1_546' title='bbox 1419 4275 1726 4332; x_wconf 85' lang='lat' dir='ltr'><strong>detestabili</strong></span> 
     </span>
    </p>
   </div>
   <div class='ocr_carea' id='block_1_72' title="bbox 117 4355 1726 4433">
    <p class='ocr_par' dir='ltr' id='par_1_72' title="bbox 117 4355 1726 4433">
     <span class='ocr_line' id='line_1_72' title="bbox 117 4355 1726 4433; baseline 0.007 -22"><span class='ocrx_word' id='word_1_547' title='bbox 117 4359 454 4426; x_wconf 81' lang='lat' dir='ltr'><strong>sacellario,</strong></span> <span class='ocrx_word' id='word_1_548' title='bbox 503 4369 559 4416; x_wconf 79' lang='lat' dir='ltr'><strong>et</strong></span> <span class='ocrx_word' id='word_1_549' title='bbox 613 4355 770 4432; x_wconf 81' lang='lat' dir='ltr'><strong>digne</strong></span> <span class='ocrx_word' id='word_1_550' title='bbox 816 4364 1135 4433; x_wconf 81' lang='lat' dir='ltr'><strong>sanguinem</strong></span> <span class='ocrx_word' id='word_1_551' title='bbox 1187 4365 1495 4419; x_wconf 82' lang='lat' dir='ltr'><strong>devorantis</strong></span> <span class='ocrx_word' id='word_1_552' title='bbox 1536 4367 1726 4423; x_wconf 56' lang='lat' dir='ltr'><strong>bestia</strong></span> 
     </span>
    </p>
   </div>
   <div class='ocr_carea' id='block_1_73' title="bbox 117 4453 1724 4525">
    <p class='ocr_par' dir='ltr' id='par_1_73' title="bbox 117 4453 1724 4525">
     <span class='ocr_line' id='line_1_73' title="bbox 117 4453 1724 4525; baseline 0.006 -20"><span class='ocrx_word' id='word_1_553' title='bbox 117 4453 532 4522; x_wconf 81' lang='lat' dir='ltr'><strong>cognominata,</strong></span> <span class='ocrx_word' id='word_1_554' title='bbox 561 4462 811 4523; x_wconf 86' lang='lat' dir='ltr'><strong>tanquam</strong></span> <span class='ocrx_word' id='word_1_555' title='bbox 842 4455 934 4524; x_wconf 85' lang='lat' dir='ltr'><strong>qui</strong></span> <span class='ocrx_word' id='word_1_556' title='bbox 973 4464 1029 4510; x_wconf 89' lang='lat' dir='ltr'><strong>et</strong></span> <span class='ocrx_word' id='word_1_557' title='bbox 1065 4471 1232 4525; x_wconf 86' lang='lat' dir='ltr'><strong>opera</strong></span> <span class='ocrx_word' id='word_1_558' title='bbox 1279 4457 1493 4511; x_wconf 86' lang='lat' dir='ltr'><strong>bestiali</strong></span> <span class='ocrx_word' id='word_1_559' title='bbox 1537 4458 1724 4515; x_wconf 83' lang='lat' dir='ltr'><strong>furore</strong></span> 
     </span>
    </p>
   </div>
   <div class='ocr_carea' id='block_1_74' title="bbox 121 4545 1720 4616">
    <p class='ocr_par' dir='ltr' id='par_1_74' title="bbox 121 4545 1720 4616">
     <span class='ocr_line' id='line_1_74' title="bbox 121 4545 1720 4616; baseline 0.005 -17"><span class='ocrx_word' id='word_1_560' title='bbox 121 4545 326 4600; x_wconf 80' lang='lat' dir='ltr'><strong>referta</strong></span> <span class='ocrx_word' id='word_1_561' title='bbox 366 4545 691 4616; x_wconf 85' lang='lat' dir='ltr'><strong>possideret,</strong></span> <span class='ocrx_word' id='word_1_562' title='bbox 744 4549 971 4603; x_wconf 88' lang='lat' dir='ltr'><strong>scientia</strong></span> <span class='ocrx_word' id='word_1_563' title='bbox 1013 4558 1068 4605; x_wconf 89' lang='lat' dir='ltr'><strong>et</strong></span> <span class='ocrx_word' id='word_1_564' title='bbox 1112 4551 1336 4606; x_wconf 85' lang='lat' dir='ltr'><strong>consilio</strong></span> <span class='ocrx_word' id='word_1_565' title='bbox 1381 4552 1720 4607; x_wconf 79' lang='lat' dir='ltr'><strong>Constantini</strong></span> 
     </span>
    </p>
   </div>
   <div class='ocr_carea' id='block_1_75' title="bbox 117 4634 1727 4711">
    <p class='ocr_par' dir='ltr' id='par_1_75' title="bbox 117 4634 1727 4711">
     <span class='ocr_line' id='line_1_75' title="bbox 117 4634 1727 4711; baseline 0.007 -24"><span class='ocrx_word' id='word_1_566' title='bbox 117 4634 498 4706; x_wconf 77' lang='lat' dir='ltr'><strong>imperatoris,</strong></span> <span class='ocrx_word' id='word_1_567' title='bbox 548 4641 639 4708; x_wconf 86' lang='lat' dir='ltr'><strong>qui</strong></span> <span class='ocrx_word' id='word_1_568' title='bbox 684 4647 740 4692; x_wconf 90' lang='lat' dir='ltr'><strong>et</strong></span> <span class='ocrx_word' id='word_1_569' title='bbox 782 4639 1096 4708; x_wconf 76' lang='lat' dir='ltr'><strong>praedictum</strong></span> <span class='ocrx_word' id='word_1_570' title='bbox 1130 4639 1423 4694; x_wconf 88' lang='lat' dir='ltr'><strong>obscenum</strong></span> <span class='ocrx_word' id='word_1_571' title='bbox 1461 4651 1518 4696; x_wconf 91' lang='lat' dir='ltr'><strong>et</strong></span> <span class='ocrx_word' id='word_1_572' title='bbox 1557 4642 1727 4711; x_wconf 77' lang='lat' dir='ltr'><strong>pessi-</strong></span> 
     </span>
    </p>
   </div>
   <div class='ocr_carea' id='block_1_76' title="bbox 117 4729 1726 4806">
    <p class='ocr_par' dir='ltr' id='par_1_76' title="bbox 117 4729 1726 4806">
     <span class='ocr_line' id='line_1_76' title="bbox 117 4729 1726 4806; baseline 0.006 -23"><span class='ocrx_word' id='word_1_573' title='bbox 117 4745 274 4784; x_wconf 89' lang='lat' dir='ltr'><strong>mum</strong></span> <span class='ocrx_word' id='word_1_574' title='bbox 306 4729 518 4802; x_wconf 83' lang='lat' dir='ltr'><strong>Typum</strong></span> <span class='ocrx_word' id='word_1_575' title='bbox 553 4733 811 4798; x_wconf 86' lang='lat' dir='ltr'><strong>condidit,</strong></span> <span class='ocrx_word' id='word_1_576' title='bbox 841 4733 1103 4804; x_wconf 79' lang='lat' dir='ltr'><strong>Gregorio</strong></span> <span class='ocrx_word' id='word_1_577' title='bbox 1129 4735 1383 4790; x_wconf 72' lang='lat' dir='ltr'><strong>euitucbo</strong></span> <span class='ocrx_word' id='word_1_578' title='bbox 1433 4743 1488 4790; x_wconf 90' lang='lat' dir='ltr'><strong>et</strong></span> <span class='ocrx_word' id='word_1_579' title='bbox 1538 4737 1726 4806; x_wconf 69' lang='lat' dir='ltr'><strong>praefe-</strong></span> 
     </span>
    </p>
   </div>
   <div class='ocr_carea' id='block_1_77' title="bbox 117 4825 1724 4900">
    <p class='ocr_par' dir='ltr' id='par_1_77' title="bbox 117 4825 1724 4900">
     <span class='ocr_line' id='line_1_77' title="bbox 117 4825 1724 4900; baseline 0.006 -21"><span class='ocrx_word' id='word_1_580' title='bbox 117 4832 214 4879; x_wconf 90' lang='lat' dir='ltr'><strong>cto</strong></span> <span class='ocrx_word' id='word_1_581' title='bbox 243 4826 459 4881; x_wconf 71' lang='lat' dir='ltr'><strong>misera:</strong></span> <span class='ocrx_word' id='word_1_582' title='bbox 481 4825 626 4882; x_wconf 85' lang='lat' dir='ltr'><strong>illius</strong></span> <span class='ocrx_word' id='word_1_583' title='bbox 655 4828 824 4883; x_wconf 89' lang='lat' dir='ltr'><strong>urbis.</strong></span> <span class='ocrx_word' id='word_1_584' title='bbox 867 4829 1020 4895; x_wconf 83' lang='lat' dir='ltr'><strong>Quod</strong></span> <span class='ocrx_word' id='word_1_585' title='bbox 1058 4829 1245 4900; x_wconf 86' lang='lat' dir='ltr'><strong>utique</strong></span> <span class='ocrx_word' id='word_1_586' title='bbox 1276 4830 1389 4900; x_wconf 85' lang='lat' dir='ltr'><strong>jam</strong></span> <span class='ocrx_word' id='word_1_587' title='bbox 1429 4840 1486 4885; x_wconf 92' lang='lat' dir='ltr'><strong>et</strong></span> <span class='ocrx_word' id='word_1_588' title='bbox 1524 4830 1724 4887; x_wconf 79' lang='lat' dir='ltr'><strong>factum</strong></span> 
     </span>
    </p>
   </div>
   <div class='ocr_carea' id='block_1_78' title="bbox 118 4914 1726 4994">
    <p class='ocr_par' dir='ltr' id='par_1_78' title="bbox 118 4914 1726 4994">
     <span class='ocr_line' id='line_1_78' title="bbox 118 4914 1726 4994; baseline 0.008 -25"><span class='ocrx_word' id='word_1_589' title='bbox 118 4914 321 4984; x_wconf 84' lang='lat' dir='ltr'><strong>fuisset</strong></span> <span class='ocrx_word' id='word_1_590' title='bbox 356 4928 623 4989; x_wconf 89' lang='lat' dir='ltr'><strong>quantum</strong></span> <span class='ocrx_word' id='word_1_591' title='bbox 661 4922 730 4976; x_wconf 88' lang='lat' dir='ltr'><strong>ad</strong></span> <span class='ocrx_word' id='word_1_592' title='bbox 772 4922 1122 4976; x_wconf 82' lang='lat' dir='ltr'><strong>temerariam</strong></span> <span class='ocrx_word' id='word_1_593' title='bbox 1151 4924 1269 4994; x_wconf 85' lang='lat' dir='ltr'><strong>ejus</strong></span> <span class='ocrx_word' id='word_1_594' title='bbox 1305 4923 1639 4980; x_wconf 82' lang='lat' dir='ltr'><strong>alacritatem</strong></span> <span class='ocrx_word' id='word_1_595' title='bbox 1670 4933 1726 4982; x_wconf 77' lang='lat' dir='ltr'><strong>et</strong></span> 
     </span>
    </p>
   </div>
   <div class='ocr_carea' id='block_1_79' title="bbox 113 5009 1727 5081">
    <p class='ocr_par' dir='ltr' id='par_1_79' title="bbox 113 5009 1727 5081">
     <span class='ocr_line' id='line_1_79' title="bbox 113 5009 1727 5081; baseline 0.007 -21"><span class='ocrx_word' id='word_1_596' title='bbox 113 5009 467 5079; x_wconf 85' lang='lat' dir='ltr'><strong>propositum</strong></span> <span class='ocrx_word' id='word_1_597' title='bbox 495 5012 812 5081; x_wconf 87' lang='lat' dir='ltr'><strong>pertineret,</strong></span> <span class='ocrx_word' id='word_1_598' title='bbox 846 5013 947 5067; x_wconf 89' lang='lat' dir='ltr'><strong>nisi</strong></span> <span class='ocrx_word' id='word_1_599' title='bbox 983 5015 1474 5071; x_wconf 82' lang='lat' dir='ltr'><strong>niisericordissimi</strong></span> <span class='ocrx_word' id='word_1_600' title='bbox 1497 5025 1552 5070; x_wconf 90' lang='lat' dir='ltr'><strong>et</strong></span> <span class='ocrx_word' id='word_1_601' title='bbox 1578 5017 1727 5072; x_wconf 86' lang='lat' dir='ltr'><strong>beni-</strong></span> 
     </span>
    </p>
   </div>
   <div class='ocr_carea' id='block_1_80' title="bbox 114 5100 1727 5175">
    <p class='ocr_par' dir='ltr' id='par_1_80' title="bbox 114 5100 1727 5175">
     <span class='ocr_line' id='line_1_80' title="bbox 114 5100 1727 5175; baseline 0.01 -21"><span class='ocrx_word' id='word_1_602' title='bbox 114 5100 375 5170; x_wconf 84' lang='lat' dir='ltr'><strong>gnissimi</strong></span> <span class='ocrx_word' id='word_1_603' title='bbox 405 5103 502 5159; x_wconf 90' lang='lat' dir='ltr'><strong>Dei</strong></span> <span class='ocrx_word' id='word_1_604' title='bbox 530 5105 846 5175; x_wconf 64' lang='lat' dir='ltr'><strong>praisidium</strong></span> <span class='ocrx_word' id='word_1_605' title='bbox 893 5104 990 5160; x_wconf 86' lang='lat' dir='ltr'><strong>hos</strong></span> <span class='ocrx_word' id='word_1_606' title='bbox 1023 5107 1374 5174; x_wconf 83' lang='lat' dir='ltr'><strong>inhibuisset,</strong></span> <span class='ocrx_word' id='word_1_607' title='bbox 1405 5117 1460 5162; x_wconf 86' lang='lat' dir='ltr'><strong>et</strong></span> <span class='ocrx_word' id='word_1_608' title='bbox 1487 5125 1594 5165; x_wconf 91' lang='lat' dir='ltr'><strong>non</strong></span> <span class='ocrx_word' id='word_1_609' title='bbox 1631 5115 1727 5171; x_wconf 70' lang='lat' dir='ltr'><strong>bis-</strong></span> 
     </span>
    </p>
   </div>
   <div class='ocr_carea' id='block_1_81' title="bbox 111 5189 1724 5268">
    <p class='ocr_par' dir='ltr' id='par_1_81' title="bbox 111 5189 1724 5268">
     <span class='ocr_line' id='line_1_81' title="bbox 111 5189 1724 5268; baseline 0.007 -17"><span class='ocrx_word' id='word_1_610' title='bbox 111 5196 218 5268; x_wconf 84' lang='lat' dir='ltr'><strong>jus</strong></span> <span class='ocrx_word' id='word_1_611' title='bbox 246 5189 676 5258; x_wconf 85' lang='lat' dir='ltr'><strong>robustissimam</strong></span> <span class='ocrx_word' id='word_1_612' title='bbox 721 5199 1099 5257; x_wconf 80' lang='lat' dir='ltr'><strong>fortitudinem</strong></span> <span class='ocrx_word' id='word_1_613' title='bbox 1138 5203 1324 5261; x_wconf 81' lang='lat' dir='ltr'><strong>hostes</strong></span> <span class='ocrx_word' id='word_1_614' title='bbox 1362 5204 1724 5264; x_wconf 80' lang='lat' dir='ltr'><strong>erubuissent.</strong></span> 
     </span>
    </p>
   </div>
   <div class='ocr_carea' id='block_1_82' title="bbox 116 5289 1724 5370">
    <p class='ocr_par' dir='ltr' id='par_1_82' title="bbox 116 5289 1724 5370">
     <span class='ocr_line' id='line_1_82' title="bbox 116 5289 1724 5370; baseline 0.007 -27"><span class='ocrx_word' id='word_1_615' title='bbox 116 5289 576 5350; x_wconf 79' lang='lat' dir='ltr'><strong>Noveruntcuim</strong></span> <span class='ocrx_word' id='word_1_616' title='bbox 625 5294 732 5352; x_wconf 80' lang='lat' dir='ltr'><strong>hoc</strong></span> <span class='ocrx_word' id='word_1_617' title='bbox 775 5292 894 5362; x_wconf 85' lang='lat' dir='ltr'><strong>pati</strong></span> <span class='ocrx_word' id='word_1_618' title='bbox 944 5291 1250 5364; x_wconf 82' lang='lat' dir='ltr'><strong>frequenter</strong></span> <span class='ocrx_word' id='word_1_619' title='bbox 1294 5296 1459 5352; x_wconf 83' lang='lat' dir='ltr'><strong>etiam</strong></span> <span class='ocrx_word' id='word_1_620' title='bbox 1511 5299 1724 5370; x_wconf 79' lang='lat' dir='ltr'><strong>tyranni</strong></span> 
     </span>
    </p>
   </div>
   <div class='ocr_carea' id='block_1_83' title="bbox 119 5385 1724 5454">
    <p class='ocr_par' dir='ltr' id='par_1_83' title="bbox 119 5385 1724 5454">
     <span class='ocr_line' id='line_1_83' title="bbox 119 5385 1724 5454; baseline 0.006 -16"><span class='ocrx_word' id='word_1_621' title='bbox 119 5393 313 5440; x_wconf 85' lang='lat' dir='ltr'><strong>truces</strong></span> <span class='ocrx_word' id='word_1_622' title='bbox 330 5394 384 5440; x_wconf 86' lang='lat' dir='ltr'><strong>et</strong></span> <span class='ocrx_word' id='word_1_623' title='bbox 410 5387 712 5454; x_wconf 86' lang='lat' dir='ltr'><strong>inhumani,</strong></span> <span class='ocrx_word' id='word_1_624' title='bbox 741 5385 881 5440; x_wconf 86' lang='lat' dir='ltr'><strong>licet</strong></span> <span class='ocrx_word' id='word_1_625' title='bbox 908 5385 1066 5443; x_wconf 85' lang='lat' dir='ltr'><strong>nimis</strong></span> <span class='ocrx_word' id='word_1_626' title='bbox 1109 5389 1566 5447; x_wconf 78' lang='lat' dir='ltr'><strong>immisericordcs</strong></span> <span class='ocrx_word' id='word_1_627' title='bbox 1615 5396 1724 5450; x_wconf 88' lang='lat' dir='ltr'><strong>sint</strong></span> 
     </span>
    </p>
   </div>
   <div class='ocr_carea' id='block_1_84' title="bbox 113 5479 1724 5556">
    <p class='ocr_par' dir='ltr' id='par_1_84' title="bbox 113 5479 1724 5556">
     <span class='ocr_line' id='line_1_84' title="bbox 113 5479 1724 5556; baseline 0.006 -23"><span class='ocrx_word' id='word_1_628' title='bbox 113 5486 176 5533; x_wconf 89' lang='lat' dir='ltr'><strong>et</strong></span> <span class='ocrx_word' id='word_1_629' title='bbox 228 5479 483 5546; x_wconf 84' lang='lat' dir='ltr'><strong>crudeles,</strong></span> <span class='ocrx_word' id='word_1_630' title='bbox 527 5482 834 5539; x_wconf 83' lang='lat' dir='ltr'><strong>secundum</strong></span> <span class='ocrx_word' id='word_1_631' title='bbox 881 5493 1002 5533; x_wconf 89' lang='lat' dir='ltr'><strong>eum</strong></span> <span class='ocrx_word' id='word_1_632' title='bbox 1054 5483 1146 5552; x_wconf 90' lang='lat' dir='ltr'><strong>qui</strong></span> <span class='ocrx_word' id='word_1_633' title='bbox 1193 5491 1452 5556; x_wconf 85' lang='lat' dir='ltr'><strong>operatur</strong></span> <span class='ocrx_word' id='word_1_634' title='bbox 1509 5485 1564 5540; x_wconf 88' lang='lat' dir='ltr'><strong>in</strong></span> <span class='ocrx_word' id='word_1_635' title='bbox 1619 5488 1724 5543; x_wconf 82' lang='lat' dir='ltr'><strong>illis</strong></span> 
     </span>
    </p>
   </div>
   <div class='ocr_carea' id='block_1_85' title="bbox 114 5567 1721 5646">
    <p class='ocr_par' dir='ltr' id='par_1_85' title="bbox 114 5567 1721 5646">
     <span class='ocr_line' id='line_1_85' title="bbox 114 5567 1721 5646; baseline 0.002 -22"><span class='ocrx_word' id='word_1_636' title='bbox 114 5567 298 5624; x_wconf 76' lang='lat' dir='ltr'><strong>Saturi</strong></span> <span class='ocrx_word' id='word_1_637' title='bbox 329 5588 341 5622; x_wconf 74' lang='grc' dir='ltr'><strong><em>Ζ</em></strong></span> <span class='ocrx_word' id='word_1_638' title='bbox 373 5576 629 5646; x_wconf 62' lang='grc' dir='ltr'><strong>ωειηςιοίο</strong></span> <span class='ocrx_word' id='word_1_639' title='bbox 653 5575 776 5627; x_wconf 61' lang='lat' dir='ltr'><strong>eiu“</strong></span> <span class='ocrx_word' id='word_1_640' title='bbox 811 5570 1034 5612; x_wconf 56' lang='grc' dir='ltr'><strong>ῢ¹¹¹⁶λί¹⁹¹¹¹</strong></span> <span class='ocrx_word' id='word_1_641' title='bbox 1072 5576 1394 5625; x_wconf 62' lang='grc' dir='ltr'><strong>ίηνὶιιηιιιραι</strong></span> <span class='ocrx_word' id='word_1_642' title='bbox 1425 5584 1721 5626; x_wconf 63' lang='lat' dir='ltr'><strong>Wlmrlnm</strong></span> 
     </span>
    </p>
   </div>
   <div class='ocr_carea' id='block_1_86' title="bbox 109 5668 461 5732">
    <p class='ocr_par' dir='ltr' id='par_1_86' title="bbox 109 5668 461 5732">
     <span class='ocr_line' id='line_1_86' title="bbox 109 5668 461 5732; baseline 0.003 -10"><span class='ocrx_word' id='word_1_643' title='bbox 109 5668 355 5732; x_wconf 60' lang='lat' dir='ltr'><strong>sitniier“</strong></span> <span class='ocrx_word' id='word_1_644' title='bbox 435 5673 461 5678; x_wconf 86' lang='grc'>”</span> 
     </span>
    </p>
   </div>
   <div class='ocr_carea' id='block_1_87' title="bbox 1827 3341 3423 3425">
    <p class='ocr_par' dir='ltr' id='par_1_87' title="bbox 1827 3341 3423 3425">
     <span class='ocr_line' id='line_1_87' title="bbox 1827 3341 3423 3425; baseline -0.001 -16"><span class='ocrx_word' id='word_1_645' title='bbox 1827 3370 1932 3425; x_wconf 89' lang='lat' dir='ltr'><strong>qua</strong></span> <span class='ocrx_word' id='word_1_646' title='bbox 1957 3365 2010 3409; x_wconf 89' lang='lat' dir='ltr'><strong>et</strong></span> <span class='ocrx_word' id='word_1_647' title='bbox 2044 3353 2398 3409; x_wconf 86' lang='lat' dir='ltr'><strong>custodientis</strong></span> <span class='ocrx_word' id='word_1_648' title='bbox 2434 3354 2709 3424; x_wconf 85' lang='lat' dir='ltr'><strong>pietatem,</strong></span> <span class='ocrx_word' id='word_1_649' title='bbox 2742 3341 3065 3423; x_wconf 78' lang='lat' dir='ltr'><strong>copioseque</strong></span> <span class='ocrx_word' id='word_1_650' title='bbox 3093 3353 3423 3420; x_wconf 85' lang='lat' dir='ltr'><strong>eertatricis,</strong></span> 
     </span>
    </p>
   </div>
   <div class='ocr_carea' id='block_1_88' title="bbox 1825 3443 3426 3516">
    <p class='ocr_par' dir='ltr' id='par_1_88' title="bbox 1825 3443 3426 3516">
     <span class='ocr_line' id='line_1_88' title="bbox 1825 3443 3426 3516; baseline -0.001 -17"><span class='ocrx_word' id='word_1_651' title='bbox 1825 3455 1881 3499; x_wconf 90' lang='lat' dir='ltr'><strong>et</strong></span> <span class='ocrx_word' id='word_1_652' title='bbox 1909 3454 2070 3501; x_wconf 67' lang='lat' dir='ltr'><strong>castra</strong></span> <span class='ocrx_word' id='word_1_653' title='bbox 2113 3445 2334 3516; x_wconf 85' lang='lat' dir='ltr'><strong>virginis</strong></span> <span class='ocrx_word' id='word_1_654' title='bbox 2375 3457 2440 3500; x_wconf 89' lang='lat' dir='ltr'><strong>ac</strong></span> <span class='ocrx_word' id='word_1_655' title='bbox 2487 3444 2740 3514; x_wconf 84' lang='lat' dir='ltr'><strong>martyris</strong></span> <span class='ocrx_word' id='word_1_656' title='bbox 2769 3443 3079 3513; x_wconf 70' lang='lat' dir='ltr'><strong>Eupiremia:</strong></span> <span class='ocrx_word' id='word_1_657' title='bbox 3106 3443 3426 3498; x_wconf 85' lang='lat' dir='ltr'><strong>honoranda</strong></span> 
     </span>
    </p>
   </div>
   <div class='ocr_carea' id='block_1_89' title="bbox 1827 3535 3426 3608">
    <p class='ocr_par' dir='ltr' id='par_1_89' title="bbox 1827 3535 3426 3608">
     <span class='ocr_line' id='line_1_89' title="bbox 1827 3535 3426 3608; baseline -0.001 -16"><span class='ocrx_word' id='word_1_658' title='bbox 1827 3537 2084 3592; x_wconf 85' lang='lat' dir='ltr'><strong>memoria</strong></span> <span class='ocrx_word' id='word_1_659' title='bbox 2118 3551 2216 3608; x_wconf 88' lang='lat' dir='ltr'><strong>per</strong></span> <span class='ocrx_word' id='word_1_660' title='bbox 2242 3547 2412 3592; x_wconf 80' lang='lat' dir='ltr'><strong>annos</strong></span> <span class='ocrx_word' id='word_1_661' title='bbox 2455 3535 2694 3607; x_wconf 83' lang='lat' dir='ltr'><strong>singulos</strong></span> <span class='ocrx_word' id='word_1_662' title='bbox 2750 3535 3072 3599; x_wconf 82' lang='lat' dir='ltr'><strong>celebratur,</strong></span> <span class='ocrx_word' id='word_1_663' title='bbox 3114 3535 3426 3592; x_wconf 86' lang='lat' dir='ltr'><strong>reconditus</strong></span> 
     </span>
    </p>
   </div>
   <div class='ocr_carea' id='block_1_90' title="bbox 1827 3625 3427 3698">
    <p class='ocr_par' dir='ltr' id='par_1_90' title="bbox 1827 3625 3427 3698">
     <span class='ocr_line' id='line_1_90' title="bbox 1827 3625 3427 3698; baseline 0.001 -16"><span class='ocrx_word' id='word_1_664' title='bbox 1827 3629 1970 3685; x_wconf 82' lang='lat' dir='ltr'><strong>inter</strong></span> <span class='ocrx_word' id='word_1_665' title='bbox 1996 3629 2229 3685; x_wconf 86' lang='lat' dir='ltr'><strong>tumulos</strong></span> <span class='ocrx_word' id='word_1_666' title='bbox 2255 3637 2563 3684; x_wconf 82' lang='lat' dir='ltr'><strong>sanctorum</strong></span> <span class='ocrx_word' id='word_1_667' title='bbox 2594 3629 2646 3682; x_wconf 88' lang='lat' dir='ltr'><strong>in</strong></span> <span class='ocrx_word' id='word_1_668' title='bbox 2668 3627 2830 3683; x_wconf 89' lang='lat' dir='ltr'><strong>domo</strong></span> <span class='ocrx_word' id='word_1_669' title='bbox 2846 3625 3167 3698; x_wconf 85' lang='lat' dir='ltr'><strong>percolenda</strong></span> <span class='ocrx_word' id='word_1_670' title='bbox 3195 3629 3427 3685; x_wconf 80' lang='lat' dir='ltr'><strong>sanctis-</strong></span> 
     </span>
    </p>
   </div>
   <div class='ocr_carea' id='block_1_91' title="bbox 1826 3720 3430 3793">
    <p class='ocr_par' dir='ltr' id='par_1_91' title="bbox 1826 3720 3430 3793">
     <span class='ocr_line' id='line_1_91' title="bbox 1826 3720 3430 3793; baseline 0 -16"><span class='ocrx_word' id='word_1_671' title='bbox 1826 3723 1978 3777; x_wconf 76' lang='lat' dir='ltr'><strong>sima:</strong></span> <span class='ocrx_word' id='word_1_672' title='bbox 2017 3722 2348 3776; x_wconf 66' lang='lat' dir='ltr'><strong>intemerata!</strong></span> <span class='ocrx_word' id='word_1_673' title='bbox 2379 3736 2444 3776; x_wconf 87' lang='lat' dir='ltr'><strong>ac</strong></span> <span class='ocrx_word' id='word_1_674' title='bbox 2470 3732 2684 3790; x_wconf 83' lang='lat' dir='ltr'><strong>semper</strong></span> <span class='ocrx_word' id='word_1_675' title='bbox 2710 3720 2991 3776; x_wconf 71' lang='lat' dir='ltr'><strong>laudanda:</strong></span> <span class='ocrx_word' id='word_1_676' title='bbox 3040 3722 3291 3793; x_wconf 62' lang='lat' dir='ltr'><strong>gratiosa:</strong></span> <span class='ocrx_word' id='word_1_677' title='bbox 3330 3735 3430 3777; x_wconf 83' lang='lat' dir='ltr'><strong>ve-</strong></span> 
     </span>
    </p>
   </div>
   <div class='ocr_carea' id='block_1_92' title="bbox 1827 3811 3428 3885">
    <p class='ocr_par' dir='ltr' id='par_1_92' title="bbox 1827 3811 3428 3885">
     <span class='ocr_line' id='line_1_92' title="bbox 1827 3811 3428 3885; baseline 0.001 -17"><span class='ocrx_word' id='word_1_678' title='bbox 1827 3829 1994 3882; x_wconf 88' lang='lat' dir='ltr'><strong>reque</strong></span> <span class='ocrx_word' id='word_1_679' title='bbox 2026 3828 2240 3882; x_wconf 88' lang='lat' dir='ltr'><strong>semper</strong></span> <span class='ocrx_word' id='word_1_680' title='bbox 2271 3811 2518 3882; x_wconf 78' lang='lat' dir='ltr'><strong>gloriosae</strong></span> <span class='ocrx_word' id='word_1_681' title='bbox 2544 3812 2776 3868; x_wconf 72' lang='lat' dir='ltr'><strong>dominre</strong></span> <span class='ocrx_word' id='word_1_682' title='bbox 2803 3820 3022 3880; x_wconf 74' lang='lat' dir='ltr'><strong>nostrae,</strong></span> <span class='ocrx_word' id='word_1_683' title='bbox 3074 3821 3260 3885; x_wconf 86' lang='lat' dir='ltr'><strong>utpote</strong></span> <span class='ocrx_word' id='word_1_684' title='bbox 3305 3827 3428 3883; x_wconf 69' lang='lat' dir='ltr'><strong>qua</strong></span> 
     </span>
    </p>
   </div>
   <div class='ocr_carea' id='block_1_93' title="bbox 1825 3905 3428 3976">
    <p class='ocr_par' dir='ltr' id='par_1_93' title="bbox 1825 3905 3428 3976">
     <span class='ocr_line' id='line_1_93' title="bbox 1825 3905 3428 3976; baseline 0.002 -17"><span class='ocrx_word' id='word_1_685' title='bbox 1825 3906 2043 3976; x_wconf 87' lang='lat' dir='ltr'><strong>proprie</strong></span> <span class='ocrx_word' id='word_1_686' title='bbox 2071 3915 2261 3959; x_wconf 83' lang='lat' dir='ltr'><strong>natura</strong></span> <span class='ocrx_word' id='word_1_687' title='bbox 2289 3913 2344 3958; x_wconf 89' lang='lat' dir='ltr'><strong>et</strong></span> <span class='ocrx_word' id='word_1_688' title='bbox 2371 3906 2577 3975; x_wconf 79' lang='lat' dir='ltr'><strong>absque</strong></span> <span class='ocrx_word' id='word_1_689' title='bbox 2621 3905 2906 3960; x_wconf 82' lang='lat' dir='ltr'><strong>mendacio</strong></span> <span class='ocrx_word' id='word_1_690' title='bbox 2932 3919 2997 3961; x_wconf 89' lang='lat' dir='ltr'><strong>ac</strong></span> <span class='ocrx_word' id='word_1_691' title='bbox 3026 3907 3294 3962; x_wconf 86' lang='lat' dir='ltr'><strong>veraciter</strong></span> <span class='ocrx_word' id='word_1_692' title='bbox 3339 3913 3428 3962; x_wconf 87' lang='lat' dir='ltr'><strong>est</strong></span> 
     </span>
    </p>
   </div>
   <div class='ocr_carea' id='block_1_94' title="bbox 1827 3993 3428 4070">
    <p class='ocr_par' dir='ltr' id='par_1_94' title="bbox 1827 3993 3428 4070">
     <span class='ocr_line' id='line_1_94' title="bbox 1827 3993 3428 4070; baseline 0.002 -20"><span class='ocrx_word' id='word_1_693' title='bbox 1827 3998 1920 4052; x_wconf 84' lang='lat' dir='ltr'><strong>Dei</strong></span> <span class='ocrx_word' id='word_1_694' title='bbox 1965 3997 2215 4068; x_wconf 80' lang='lat' dir='ltr'><strong>genitrix,</strong></span> <span class='ocrx_word' id='word_1_695' title='bbox 2247 4006 2301 4050; x_wconf 87' lang='lat' dir='ltr'><strong>et</strong></span> <span class='ocrx_word' id='word_1_696' title='bbox 2335 4005 2551 4066; x_wconf 78' lang='lat' dir='ltr'><strong>semper</strong></span> <span class='ocrx_word' id='word_1_697' title='bbox 2576 3996 2729 4066; x_wconf 86' lang='lat' dir='ltr'><strong>virgo</strong></span> <span class='ocrx_word' id='word_1_698' title='bbox 2754 3993 2944 4063; x_wconf 83' lang='lat' dir='ltr'><strong>Maria,</strong></span> <span class='ocrx_word' id='word_1_699' title='bbox 2975 4010 3096 4068; x_wconf 75' lang='lat' dir='ltr'><strong>quae</strong></span> <span class='ocrx_word' id='word_1_700' title='bbox 3125 3999 3428 4070; x_wconf 84' lang='lat' dir='ltr'><strong>appellatur</strong></span> 
     </span>
    </p>
   </div>
   <div class='ocr_carea' id='block_1_95' title="bbox 1825 4087 3426 4162">
    <p class='ocr_par' dir='ltr' id='par_1_95' title="bbox 1825 4087 3426 4162">
     <span class='ocr_line' id='line_1_95' title="bbox 1825 4087 3426 4162; baseline 0.002 -15"><span class='ocrx_word' id='word_1_701' title='bbox 1825 4094 2175 4157; x_wconf 83' lang='lat' dir='ltr'><strong>Bluchernes,</strong></span> <span class='ocrx_word' id='word_1_702' title='bbox 2217 4095 2370 4146; x_wconf 77' lang='lat' dir='ltr'><strong>extra</strong></span> <span class='ocrx_word' id='word_1_703' title='bbox 2413 4105 2598 4145; x_wconf 86' lang='lat' dir='ltr'><strong>muros</strong></span> <span class='ocrx_word' id='word_1_704' title='bbox 2635 4106 2664 4144; x_wconf 89' lang='lat' dir='ltr'><strong>a</strong></span> <span class='ocrx_word' id='word_1_705' title='bbox 2695 4087 2872 4146; x_wconf 82' lang='lat' dir='ltr'><strong>stadio</strong></span> <span class='ocrx_word' id='word_1_706' title='bbox 2901 4102 3007 4146; x_wconf 88' lang='lat' dir='ltr'><strong>uno</strong></span> <span class='ocrx_word' id='word_1_707' title='bbox 3038 4093 3204 4162; x_wconf 86' lang='lat' dir='ltr'><strong>ipsius</strong></span> <span class='ocrx_word' id='word_1_708' title='bbox 3230 4095 3295 4149; x_wconf 84' lang='lat' dir='ltr'><strong>de</strong></span> <span class='ocrx_word' id='word_1_709' title='bbox 3321 4109 3426 4150; x_wconf 68' lang='lat' dir='ltr'><strong>ea:-</strong></span> 
     </span>
    </p>
   </div>
   <div class='ocr_carea' id='block_1_96' title="bbox 1828 4182 3427 4255">
    <p class='ocr_par' dir='ltr' id='par_1_96' title="bbox 1828 4182 3427 4255">
     <span class='ocr_line' id='line_1_96' title="bbox 1828 4182 3427 4255; baseline -0.001 -13"><span class='ocrx_word' id='word_1_710' title='bbox 1828 4198 1942 4243; x_wconf 83' lang='lat' dir='ltr'><strong>tero</strong></span> <span class='ocrx_word' id='word_1_711' title='bbox 1964 4187 2264 4242; x_wconf 61' lang='lat' dir='ltr'><strong>ben-edicta:</strong></span> <span class='ocrx_word' id='word_1_712' title='bbox 2298 4182 2444 4240; x_wconf 83' lang='lat' dir='ltr'><strong>urbis</strong></span> <span class='ocrx_word' id='word_1_713' title='bbox 2475 4185 2789 4240; x_wconf 74' lang='lat' dir='ltr'><strong>Cliersonis.</strong></span> <span class='ocrx_word' id='word_1_714' title='bbox 2833 4186 2888 4238; x_wconf 90' lang='lat' dir='ltr'><strong>In</strong></span> <span class='ocrx_word' id='word_1_715' title='bbox 2914 4199 3018 4255; x_wconf 85' lang='lat' dir='ltr'><strong>qua</strong></span> <span class='ocrx_word' id='word_1_716' title='bbox 3046 4194 3234 4241; x_wconf 78' lang='lat' dir='ltr'><strong>saneta</strong></span> <span class='ocrx_word' id='word_1_717' title='bbox 3266 4185 3427 4243; x_wconf 90' lang='lat' dir='ltr'><strong>domo</strong></span> 
     </span>
    </p>
   </div>
   <div class='ocr_carea' id='block_1_97' title="bbox 1825 4274 3420 4349">
    <p class='ocr_par' dir='ltr' id='par_1_97' title="bbox 1825 4274 3420 4349">
     <span class='ocr_line' id='line_1_97' title="bbox 1825 4274 3420 4349; baseline -0.001 -16"><span class='ocrx_word' id='word_1_718' title='bbox 1825 4281 1988 4334; x_wconf 88' lang='lat' dir='ltr'><strong>etiam</strong></span> <span class='ocrx_word' id='word_1_719' title='bbox 2011 4278 2126 4349; x_wconf 85' lang='lat' dir='ltr'><strong>jam</strong></span> <span class='ocrx_word' id='word_1_720' title='bbox 2164 4285 2495 4331; x_wconf 84' lang='lat' dir='ltr'><strong>memoratus</strong></span> <span class='ocrx_word' id='word_1_721' title='bbox 2532 4286 2751 4330; x_wconf 83' lang='lat' dir='ltr'><strong>sanctus</strong></span> <span class='ocrx_word' id='word_1_722' title='bbox 2777 4274 3078 4346; x_wconf 81' lang='lat' dir='ltr'><strong>Euprepius</strong></span> <span class='ocrx_word' id='word_1_723' title='bbox 3106 4279 3420 4346; x_wconf 85' lang='lat' dir='ltr'><strong>requiescit,</strong></span> 
     </span>
    </p>
   </div>
   <div class='ocr_carea' id='block_1_98' title="bbox 1812 4365 3425 4446">
    <p class='ocr_par' dir='ltr' id='par_1_98' title="bbox 1812 4365 3425 4446">
     <span class='ocr_line' id='line_1_98' title="bbox 1812 4365 3425 4446; baseline 0 -24"><span class='ocrx_word' id='word_1_724' title='bbox 1812 4376 1972 4446; x_wconf 74' lang='lat' dir='ltr'><strong>juxta</strong></span> <span class='ocrx_word' id='word_1_725' title='bbox 2001 4372 2250 4426; x_wconf 83' lang='lat' dir='ltr'><strong>eumdem</strong></span> <span class='ocrx_word' id='word_1_726' title='bbox 2296 4376 2645 4438; x_wconf 74' lang='lat' dir='ltr'><strong>per-ornatum</strong></span> <span class='ocrx_word' id='word_1_727' title='bbox 2690 4382 2756 4422; x_wconf 83' lang='lat' dir='ltr'><strong>ac</strong></span> <span class='ocrx_word' id='word_1_728' title='bbox 2796 4381 2916 4422; x_wconf 80' lang='lat' dir='ltr'><strong>vere</strong></span> <span class='ocrx_word' id='word_1_729' title='bbox 2955 4365 3297 4438; x_wconf 85' lang='lat' dir='ltr'><strong>magistrum,-</strong></span> <span class='ocrx_word' id='word_1_730' title='bbox 3331 4367 3425 4438; x_wconf 85' lang='lat' dir='ltr'><strong>qui</strong></span> 
     </span>
    </p>
   </div>
   <div class='ocr_carea' id='block_1_99' title="bbox 1823 4461 3423 4535">
    <p class='ocr_par' dir='ltr' id='par_1_99' title="bbox 1823 4461 3423 4535">
     <span class='ocr_line' id='line_1_99' title="bbox 1823 4461 3423 4535; baseline -0.002 -15"><span class='ocrx_word' id='word_1_731' title='bbox 1823 4464 2204 4535; x_wconf 80' lang='lat' dir='ltr'><strong>Evangelicam</strong></span> <span class='ocrx_word' id='word_1_732' title='bbox 2233 4471 2422 4518; x_wconf 72' lang='lat' dir='ltr'><strong>vacem</strong></span> <span class='ocrx_word' id='word_1_733' title='bbox 2451 4467 2615 4530; x_wconf 82' lang='lat' dir='ltr'><strong>opere</strong></span> <span class='ocrx_word' id='word_1_734' title='bbox 2658 4461 2989 4531; x_wconf 83' lang='lat' dir='ltr'><strong>adimplevit,</strong></span> <span class='ocrx_word' id='word_1_735' title='bbox 3037 4474 3142 4531; x_wconf 81' lang='lat' dir='ltr'><strong>qua</strong></span> <span class='ocrx_word' id='word_1_736' title='bbox 3183 4462 3423 4517; x_wconf 86' lang='lat' dir='ltr'><strong>dicitur:</strong></span> 
     </span>
    </p>
   </div>
   <div class='ocr_carea' id='block_1_100' title="bbox 1833 4553 3426 4623">
    <p class='ocr_par' dir='ltr' id='par_1_100' title="bbox 1833 4553 3426 4623">
     <span class='ocr_line' id='line_1_100' title="bbox 1833 4553 3426 4623; baseline -0.001 -13"><span class='ocrx_word' id='word_1_737' title='bbox 1833 4556 2024 4610; x_wconf 72' lang='lat' dir='ltr'><strong>Pastor</strong></span> <span class='ocrx_word' id='word_1_738' title='bbox 2067 4556 2232 4609; x_wconf 70' lang='lat' dir='ltr'><strong>bonus</strong></span> <span class='ocrx_word' id='word_1_739' title='bbox 2273 4555 2508 4608; x_wconf 66' lang='lat' dir='ltr'><strong>uiciniam</strong></span> <span class='ocrx_word' id='word_1_740' title='bbox 2548 4563 2704 4606; x_wconf 74' lang='lat' dir='ltr'><strong>suam</strong></span> <span class='ocrx_word' id='word_1_741' title='bbox 2747 4554 2893 4623; x_wconf 75' lang='lat' dir='ltr'><strong>ponit</strong></span> <span class='ocrx_word' id='word_1_742' title='bbox 2946 4563 3041 4622; x_wconf 81' lang='lat' dir='ltr'><strong>pro</strong></span> <span class='ocrx_word' id='word_1_743' title='bbox 3087 4554 3268 4608; x_wconf 72' lang='lat' dir='ltr'><strong>ovibus</strong></span> <span class='ocrx_word' id='word_1_744' title='bbox 3312 4553 3426 4608; x_wconf 72' lang='lat' dir='ltr'><strong>suis</strong></span> 
     </span>
    </p>
   </div>
   <div class='ocr_carea' id='block_1_101' title="bbox 1757 4619 2278 4721">
    <p class='ocr_par' dir='ltr' id='par_1_101' title="bbox 1757 4619 2278 4721">
     <span class='ocr_line' id='line_1_101' title="bbox 1757 4619 2278 4721; baseline -0.006 -18"><span class='ocrx_word' id='word_1_745' title='bbox 1757 4619 1808 4676; x_wconf 66' lang='grc' dir='ltr'>υ</span> <span class='ocrx_word' id='word_1_746' title='bbox 1833 4641 2012 4721; x_wconf 73' lang='lat' dir='ltr'><strong>(10am</strong></span> <span class='ocrx_word' id='word_1_747' title='bbox 2049 4661 2128 4714; x_wconf 74' lang='grc' dir='ltr'><strong>ιι,</strong></span> <span class='ocrx_word' id='word_1_748' title='bbox 2168 4644 2278 4717; x_wconf 75' lang='grc' dir='ltr'><strong>Η)ι</strong></span> 
     </span>
    </p>
   </div>
   <div class='ocr_carea' id='block_1_102' title="bbox 1901 4733 3430 4810">
    <p class='ocr_par' dir='ltr' id='par_1_102' title="bbox 1901 4733 3430 4810">
     <span class='ocr_line' id='line_1_102' title="bbox 1901 4733 3430 4810; baseline -0.002 -14"><span class='ocrx_word' id='word_1_749' title='bbox 1901 4741 2089 4808; x_wconf 75' lang='lat' dir='ltr'><strong>Porro,-</strong></span> <span class='ocrx_word' id='word_1_750' title='bbox 2123 4747 2342 4798; x_wconf 79' lang='lat' dir='ltr'><strong>sanctus</strong></span> <span class='ocrx_word' id='word_1_751' title='bbox 2367 4745 2424 4795; x_wconf 85' lang='lat' dir='ltr'><strong>et</strong></span> <span class='ocrx_word' id='word_1_752' title='bbox 2459 4733 2827 4794; x_wconf 82' lang='lat' dir='ltr'><strong>memorabilis</strong></span> <span class='ocrx_word' id='word_1_753' title='bbox 2862 4741 2926 4794; x_wconf 80' lang='lat' dir='ltr'><strong>ae</strong></span> <span class='ocrx_word' id='word_1_754' title='bbox 2964 4739 3202 4810; x_wconf 85' lang='lat' dir='ltr'><strong>optimus</strong></span> <span class='ocrx_word' id='word_1_755' title='bbox 3235 4744 3290 4794; x_wconf 81' lang='lat' dir='ltr'><strong>et</strong></span> <span class='ocrx_word' id='word_1_756' title='bbox 3329 4743 3430 4808; x_wconf 77' lang='lat' dir='ltr'><strong>per</strong></span> 
     </span>
    </p>
   </div>
   <div class='ocr_carea' id='block_1_103' title="bbox 1828 4829 3432 4906">
    <p class='ocr_par' dir='ltr' id='par_1_103' title="bbox 1828 4829 3432 4906">
     <span class='ocr_line' id='line_1_103' title="bbox 1828 4829 3432 4906; baseline -0.002 -15"><span class='ocrx_word' id='word_1_757' title='bbox 1828 4836 2010 4891; x_wconf 82' lang='lat' dir='ltr'><strong>omnia</strong></span> <span class='ocrx_word' id='word_1_758' title='bbox 2051 4835 2290 4906; x_wconf 76' lang='lat' dir='ltr'><strong>sapiens,</strong></span> <span class='ocrx_word' id='word_1_759' title='bbox 2337 4836 2448 4890; x_wconf 83' lang='lat' dir='ltr'><strong>imo</strong></span> <span class='ocrx_word' id='word_1_760' title='bbox 2487 4829 2745 4888; x_wconf 64' lang='lat' dir='ltr'><strong>dirinitus</strong></span> <span class='ocrx_word' id='word_1_761' title='bbox 2794 4833 3041 4904; x_wconf 77' lang='lat' dir='ltr'><strong>sapiens,</strong></span> <span class='ocrx_word' id='word_1_762' title='bbox 3094 4843 3432 4905; x_wconf 81' lang='lat' dir='ltr'><strong>magnusque</strong></span> 
     </span>
    </p>
   </div>
   <div class='ocr_carea' id='block_1_104' title="bbox 1829 4917 3426 5000">
    <p class='ocr_par' dir='ltr' id='par_1_104' title="bbox 1829 4917 3426 5000">
     <span class='ocr_line' id='line_1_104' title="bbox 1829 4917 3426 5000; baseline -0.004 -16"><span class='ocrx_word' id='word_1_763' title='bbox 1829 4927 2070 4984; x_wconf 79' lang='lat' dir='ltr'><strong>veritatis</strong></span> <span class='ocrx_word' id='word_1_764' title='bbox 2097 4931 2466 5000; x_wconf 74' lang='lat' dir='ltr'><strong>propugnator</strong></span> <span class='ocrx_word' id='word_1_765' title='bbox 2486 4930 2543 4982; x_wconf 85' lang='lat' dir='ltr'><strong>et</strong></span> <span class='ocrx_word' id='word_1_766' title='bbox 2565 4931 2897 4998; x_wconf 78' lang='lat' dir='ltr'><strong>commartyr</strong></span> <span class='ocrx_word' id='word_1_767' title='bbox 2923 4935 3113 4984; x_wconf 82' lang='lat' dir='ltr'><strong>eorum</strong></span> <span class='ocrx_word' id='word_1_768' title='bbox 3144 4917 3426 4998; x_wconf 73' lang='lat' dir='ltr'><strong>Megistus,</strong></span> 
     </span>
    </p>
   </div>
   <div class='ocr_carea' id='block_1_105' title="bbox 1829 5017 3428 5090">
    <p class='ocr_par' dir='ltr' id='par_1_105' title="bbox 1829 5017 3428 5090">
     <span class='ocr_line' id='line_1_105' title="bbox 1829 5017 3428 5090; baseline -0.003 -17"><span class='ocrx_word' id='word_1_769' title='bbox 1829 5019 1918 5088; x_wconf 87' lang='lat' dir='ltr'><strong>qui</strong></span> <span class='ocrx_word' id='word_1_770' title='bbox 1955 5025 2010 5073; x_wconf 89' lang='lat' dir='ltr'><strong>et</strong></span> <span class='ocrx_word' id='word_1_771' title='bbox 2045 5017 2330 5087; x_wconf 79' lang='lat' dir='ltr'><strong>Maximus,-</strong></span> <span class='ocrx_word' id='word_1_772' title='bbox 2359 5019 2488 5090; x_wconf 84' lang='lat' dir='ltr'><strong>(hoc</strong></span> <span class='ocrx_word' id='word_1_773' title='bbox 2525 5020 2693 5084; x_wconf 81' lang='lat' dir='ltr'><strong>enim,</strong></span> <span class='ocrx_word' id='word_1_774' title='bbox 2737 5019 2796 5071; x_wconf 81' lang='lat' dir='ltr'><strong>ut</strong></span> <span class='ocrx_word' id='word_1_775' title='bbox 2845 5025 3003 5073; x_wconf 82' lang='lat' dir='ltr'><strong>antea</strong></span> <span class='ocrx_word' id='word_1_776' title='bbox 3049 5017 3428 5080; x_wconf 78' lang='lat' dir='ltr'><strong>indicavimus,</strong></span> 
     </span>
    </p>
   </div>
   <div class='ocr_carea' id='block_1_106' title="bbox 1837 5106 3437 5184">
    <p class='ocr_par' dir='ltr' id='par_1_106' title="bbox 1837 5106 3437 5184">
     <span class='ocr_line' id='line_1_106' title="bbox 1837 5106 3437 5184; baseline -0.003 -18"><span class='ocrx_word' id='word_1_777' title='bbox 1837 5112 2071 5168; x_wconf 89' lang='lat' dir='ltr'><strong>dictione</strong></span> <span class='ocrx_word' id='word_1_778' title='bbox 2117 5112 2313 5168; x_wconf 88' lang='lat' dir='ltr'><strong>Latina</strong></span> <span class='ocrx_word' id='word_1_779' title='bbox 2355 5109 2580 5168; x_wconf 77' lang='lat' dir='ltr'><strong>Maximi</strong></span> <span class='ocrx_word' id='word_1_780' title='bbox 2621 5117 2813 5168; x_wconf 68' lang='lat' dir='ltr'><strong>nomen</strong></span> <span class='ocrx_word' id='word_1_781' title='bbox 2855 5106 3141 5184; x_wconf 86' lang='lat' dir='ltr'><strong>inslnuat,)</strong></span> <span class='ocrx_word' id='word_1_782' title='bbox 3168 5108 3323 5183; x_wconf 83' lang='lat' dir='ltr'><strong>cujus</strong></span> <span class='ocrx_word' id='word_1_783' title='bbox 3380 5107 3437 5162; x_wconf 86' lang='lat' dir='ltr'><strong>et</strong></span> 
     </span>
    </p>
   </div>
   <div class='ocr_carea' id='block_1_107' title="bbox 1831 5199 3439 5277">
    <p class='ocr_par' dir='ltr' id='par_1_107' title="bbox 1831 5199 3439 5277">
     <span class='ocr_line' id='line_1_107' title="bbox 1831 5199 3439 5277; baseline -0.007 -14"><span class='ocrx_word' id='word_1_784' title='bbox 1831 5212 2077 5263; x_wconf 87' lang='lat' dir='ltr'><strong>sanetum</strong></span> <span class='ocrx_word' id='word_1_785' title='bbox 2119 5209 2538 5260; x_wconf 81' lang='lat' dir='ltr'><strong>monumentum</strong></span> <span class='ocrx_word' id='word_1_786' title='bbox 2574 5217 2672 5277; x_wconf 82' lang='lat' dir='ltr'><strong>per</strong></span> <span class='ocrx_word' id='word_1_787' title='bbox 2710 5202 2948 5273; x_wconf 83' lang='lat' dir='ltr'><strong>singulas</strong></span> <span class='ocrx_word' id='word_1_788' title='bbox 2997 5211 3186 5264; x_wconf 76' lang='lat' dir='ltr'><strong>noctes”</strong></span> <span class='ocrx_word' id='word_1_789' title='bbox 3234 5199 3439 5270; x_wconf 85' lang='lat' dir='ltr'><strong>lampa-</strong></span> 
     </span>
    </p>
   </div>
   <div class='ocr_carea' id='block_1_108' title="bbox 1831 5291 3442 5369">
    <p class='ocr_par' dir='ltr' id='par_1_108' title="bbox 1831 5291 3442 5369">
     <span class='ocr_line' id='line_1_108' title="bbox 1831 5291 3442 5369; baseline -0.007 -15"><span class='ocrx_word' id='word_1_790' title='bbox 1831 5300 1924 5354; x_wconf 83' lang='lat' dir='ltr'><strong>des</strong></span> <span class='ocrx_word' id='word_1_791' title='bbox 1955 5299 2176 5355; x_wconf 80' lang='lat' dir='ltr'><strong>exhibet</strong></span> <span class='ocrx_word' id='word_1_792' title='bbox 2217 5311 2247 5351; x_wconf 88' lang='lat' dir='ltr'><strong>a</strong></span> <span class='ocrx_word' id='word_1_793' title='bbox 2293 5298 2384 5354; x_wconf 81' lang='lat' dir='ltr'><strong>die</strong></span> <span class='ocrx_word' id='word_1_794' title='bbox 2428 5307 2540 5364; x_wconf 82' lang='lat' dir='ltr'><strong>qua</strong></span> <span class='ocrx_word' id='word_1_795' title='bbox 2585 5291 2852 5356; x_wconf 77' lang='lat' dir='ltr'><strong>dormiSSe</strong></span> <span class='ocrx_word' id='word_1_796' title='bbox 2877 5293 3234 5369; x_wconf 79' lang='lat' dir='ltr'><strong>dignescitur,</strong></span> <span class='ocrx_word' id='word_1_797' title='bbox 3263 5295 3442 5361; x_wconf 75' lang='lat' dir='ltr'><strong>usque</strong></span> 
     </span>
    </p>
   </div>
   <div class='ocr_carea' id='block_1_109' title="bbox 1829 5378 3440 5464">
    <p class='ocr_par' dir='ltr' id='par_1_109' title="bbox 1829 5378 3440 5464">
     <span class='ocr_line' id='line_1_109' title="bbox 1829 5378 3440 5464; baseline -0.003 -19"><span class='ocrx_word' id='word_1_798' title='bbox 1829 5392 1883 5448; x_wconf 92' lang='lat' dir='ltr'><strong>in</strong></span> <span class='ocrx_word' id='word_1_799' title='bbox 1923 5405 2161 5463; x_wconf 64' lang='lat' dir='ltr'><strong>prmsens</strong></span> <span class='ocrx_word' id='word_1_800' title='bbox 2188 5398 2242 5444; x_wconf 87' lang='lat' dir='ltr'><strong>et</strong></span> <span class='ocrx_word' id='word_1_801' title='bbox 2270 5390 2326 5444; x_wconf 87' lang='lat' dir='ltr'><strong>iu</strong></span> <span class='ocrx_word' id='word_1_802' title='bbox 2355 5395 2685 5459; x_wconf 78' lang='lat' dir='ltr'><strong>perpetuum</strong></span> <span class='ocrx_word' id='word_1_803' title='bbox 2715 5388 2966 5446; x_wconf 67' lang='lat' dir='ltr'><strong>Mmibtts</strong></span> <span class='ocrx_word' id='word_1_804' title='bbox 2997 5393 3339 5450; x_wconf 84' lang='lat' dir='ltr'><strong>illucescens,</strong></span> <span class='ocrx_word' id='word_1_805' title='bbox 3382 5378 3440 5464; x_wconf 57' lang='lat' dir='ltr'><strong>ei</strong></span> 
     </span>
    </p>
   </div>
   <div class='ocr_carea' id='block_1_110' title="bbox 1833 5463 3438 5556">
    <p class='ocr_par' dir='ltr' id='par_1_110' title="bbox 1833 5463 3438 5556">
     <span class='ocr_line' id='line_1_110' title="bbox 1833 5463 3438 5556; baseline -0.007 -18"><span class='ocrx_word' id='word_1_806' title='bbox 1833 5464 2162 5556; x_wconf 76' lang='lat' dir='ltr'><strong>patefaciens</strong></span> <span class='ocrx_word' id='word_1_807' title='bbox 2205 5477 2598 5540; x_wconf 80' lang='lat' dir='ltr'><strong>confidentiam</strong></span> <span class='ocrx_word' id='word_1_808' title='bbox 2647 5491 2801 5538; x_wconf 80' lang='lat' dir='ltr'><strong>suam</strong></span> <span class='ocrx_word' id='word_1_809' title='bbox 2850 5495 3014 5552; x_wconf 81' lang='lat' dir='ltr'><strong>quam</strong></span> <span class='ocrx_word' id='word_1_810' title='bbox 3059 5483 3262 5543; x_wconf 87' lang='lat' dir='ltr'><strong>obtinet</strong></span> <span class='ocrx_word' id='word_1_811' title='bbox 3296 5463 3438 5544; x_wconf 79' lang='lat' dir='ltr'><strong>apud</strong></span> 
     </span>
    </p>
   </div>
   <div class='ocr_carea' id='block_1_111' title="bbox 1837 5567 3438 5620">
    <p class='ocr_par' dir='ltr' id='par_1_111' title="bbox 1837 5567 3438 5620">
     <span class='ocr_line' id='line_1_111' title="bbox 1837 5567 3438 5620; baseline 0.002 -13"><span class='ocrx_word' id='word_1_812' title='bbox 1837 5580 2026 5618; x_wconf 57' lang='lat' dir='ltr'><strong>nam“,</strong></span> <span class='ocrx_word' id='word_1_813' title='bbox 2056 5579 2210 5620; x_wconf 51' lang='lat' dir='ltr'><strong>dum.</strong></span> <span class='ocrx_word' id='word_1_814' title='bbox 2249 5570 2546 5610; x_wconf 60' lang='lat' dir='ltr'><strong>cunmm-Mos</strong></span> <span class='ocrx_word' id='word_1_815' title='bbox 2584 5577 2924 5614; x_wconf 58' lang='lat' dir='ltr'><strong>anmnﬁnr</strong></span> <span class='ocrx_word' id='word_1_816' title='bbox 2953 5577 3180 5614; x_wconf 59' lang='lat' dir='ltr'><strong>&quot;Mein-iet</strong></span> <span class='ocrx_word' id='word_1_817' title='bbox 3208 5583 3220 5601; x_wconf 83' lang='lat'><strong>&#39;-</strong></span> <span class='ocrx_word' id='word_1_818' title='bbox 3247 5573 3298 5606; x_wconf 73' lang='lat' dir='ltr'><strong>nl</strong></span> <span class='ocrx_word' id='word_1_819' title='bbox 3338 5567 3438 5602; x_wconf 57' lang='lat' dir='ltr'><strong>nn&quot;!</strong></span> 
     </span>
    </p>
   </div>
  </div>
