4016 6296
507 387 612 458 687

1652 376 2012 444 ANASTASII
2050 373 2596 445 BiBIJOTllECARll

3681 376 3810 447 σει

503 525 636 579 bant
663 563 678 579 .
713 513 896 578 effecti
929 531 1133 577 sumus.
1193 513 1392 574 Eorum
1428 527 1558 570 vero
1596 511 1686 584 qui
1735 512 1922 567 obtutu
1960 525 2088 580 pro-
2119 512 2168 572 Α
2194 523 2300 578 que
2363 523 2468 562 non
2519 502 2902 574 mediocribus,
2933 501 3229 562 secundum
3254 502 3397 576 quod
3424 501 3586 559 nobis
3612 501 3810 574 possi-

501 615 620 685 prio
665 619 907 669 viderant
943 613 1059 677 has,
1097 625 1236 666 unus
1278 609 1439 664 etiam
1489 608 1603 677 ipse
1647 619 1829 660 comes
1851 604 2090 675 ejusdem

504 707 832 763 Chemareos
859 707 1046 769 castri,
1075 705 1291 759 nomine
1313 702 1642 765 Mistrianus,
1681 699 1886 764 existit,
1917 699 2008 768 qui
2040 706 2094 752 et

502 799 730 870 vigilans
762 813 883 851 cum
913 795 1172 850 militibus
1201 795 1300 849 has
1334 782 1440 848 non
1468 790 1633 846 semel
1661 805 1759 845 nec
1789 790 1894 855 bis,
1925 787 2020 844 sed
2040 796 2095 843 et

502 889 781 946 multoties
829 885 1226 956 contemplatus
1265 891 1367 950 est,
1413 892 1468 939 et
1499 882 1704 954 primus
1736 888 1988 952 patenter
2029 880 2094 934 dc

501 981 587 1037 bis
607 979 860 1034 omnibus
883 976 1220 1048 praedicavit,
1251 975 1407 1030 nobis
1436 973 1561 1028 illuc
1583 987 1810 1045 pergere
1852 987 1959 1026 non
2005 985 2093 1025 va-

497 1071 732 1128 lentibus
758 1079 979 1141 propter
1013 1068 1212 1124 montis
1240 1066 1381 1122 illius
1409 1079 1713 1130 ascensum,
1743 1062 1795 1118 id
1822 1071 1904 1118 est
1931 1060 2096 1117 verti-

499 1166 578 1221 cis
603 1165 987 1220 Caucasiorum
1013 1204 1027 1228 ,
1053 1178 1161 1233 quo
1187 1159 1452 1217 excelsior
1492 1174 1648 1214 mons
1687 1173 1848 1229 super
1895 1165 2093 1212 terram

502 1273 607 1313 non
639 1266 741 1318 est,
772 1255 1163 1318 difﬁcultatem,
1191 1263 1244 1308 et
1276 1261 1486 1320 tempus
1517 1249 1736 1315 hiemis,
1775 1249 1998 1318 insuper
2041 1249 2096 1300 et

497 1347 869 1404 confusionem
903 1344 1141 1415 gentium
1169 1359 1288 1412 qtiac
1317 1342 1374 1396 fit
1410 1341 1463 1395 in
1496 1339 1740 1411 partibus
1779 1337 1902 1393 illis.
1945 1336 2098 1391 Pari-

502 1449 584 1495 ter
613 1448 668 1492 et
701 1437 1021 1492 Anastasius
1056 1433 1351 1503 discipulus
1387 1431 1506 1502 ejus
1533 1431 1602 1486 ab
1630 1430 1910 1484 undecima
1955 1427 2096 1483 indi-

500 1532 680 1587 ctione
706 1529 963 1601 przcteriti
991 1527 1126 1599 cycli
1157 1542 1252 1596 per
1277 1526 1376 1580 tria
1401 1525 1612 1590 exsilia,
1653 1523 1842 1595 Bizyes
1863 1523 2091 1588 scilicet,

501 1635 555 1680 et
581 1623 832 1678 Perberei
867 1620 1256 1676 Thracensium
1289 1617 1555 1690 regionis,
1583 1626 1743 1688 atque
1777 1617 2093 1686 praedictum

499 1718 752 1773 Lazicum
775 1757 790 1782 ,
822 1718 874 1770 in
907 1715 1089 1770 multis
1113 1712 1528 1769 contritionibus
1570 1722 1626 1767 ct
1665 1709 2094 1765 intolerabilibus

499 1810 936 1872 necessitatibus,
979 1816 1142 1876 atque
1181 1804 1548 1876 hujuscemodi
1600 1803 1872 1858 athleticis
1918 1810 2092 1858 certa-

2191 600 2297 656 bile
2351 598 2471 666 fuit,
2501 615 2600 670 per
2651 600 2777 655 deos
2828 607 3077 669 acceptas
3105 612 3293 654 eorum
3353 611 3586 668 preces,
3631 593 3808 649 nobis

2192 703 2518 763 cooperante
2549 692 2667 763 ipso
2692 693 2784 762 qui
2835 693 3034 764 eripuit
3079 707 3177 747 nos
3221 690 3416 761 saepius
3466 689 3531 744 de
3587 688 3808 758 iniquis

2193 783 2443 838 manibus
2476 783 3100 854 impiorum,-marisque
3153 781 3406 852 periculis
3445 797 3510 836 ac
3555 779 3810 835 diversis

2195 876 2637 946 tempestatibus,
2661 874 2973 930 ministrare
2994 875 3060 930 de
3087 873 3412 946 paupercula
3447 888 3571 944 qua:
3607 872 3808 927 inerat

2195 967 2351 1024 nobis
2375 984 2442 1024 ex
2473 977 2759 1040 parentum
2811 967 3188 1023 benedictione
3233 966 3376 1021 sicut
3417 965 3472 1020 in
3531 965 3806 1029 Domino,

2195 1067 2254 1113 ut
2275 1067 2455 1114 autem
2485 1060 2669 1116 verius
2707 1059 2975 1125 dicamus,
3018 1058 3112 1114 Dei
3152 1073 3394 1124 munere,
3431 1066 3488 1114 et
3542 1073 3652 1112 non
3731 1071 3808 1111 ex

2195 1149 2410 1216 alienis,
2442 1149 2535 1206 sed
2562 1160 2618 1206 et
2643 1151 2868 1222 reliquis
2894 1151 2968 1205 nil
2991 1151 3171 1206 minus
3218 1166 3402 1206 eorum
3447 1157 3810 1206 concertato-

2196 1241 2346 1296 ribus
2369 1249 2424 1296 et
2438 1240 2930 1312 commartyribus:
2961 1249 3016 1296 et
3052 1248 3112 1295 ut
3146 1240 3403 1296 ﬁeremus
3450 1240 3809 1310 inspectores

2195 1331 2506 1402 stigmatum
2531 1331 2770 1403 ipsorum
2802 1341 2857 1388 et
2881 1331 3194 1402 passionum
3218 1348 3338 1402 qua:
3365 1341 3587 1402 propter
3629 1330 3809 1387 Chri-

2193 1435 2335 1481 stum
2361 1440 2544 1480 verum
2579 1425 2748 1480 Deum
2801 1433 3046 1480 nostrum
3093 1424 3452 1496 pertulerunt.
3489 1424 3627 1493 Quin
3682 1425 3808 1478 imo

2194 1528 2248 1574 et
2266 1521 2543 1576 auditores
2564 1536 2661 1591 per
2685 1536 2785 1576 nos
2808 1519 3008 1585 effecti,
3042 1521 3304 1580 divinitus
3328 1536 3543 1592 quoque
3573 1521 3808 1593 sapien-

2197 1614 2266 1669 tis
2295 1623 2457 1684 atque
2485 1615 2746 1670 salvantis
2787 1623 3040 1686 expertes
3084 1627 3272 1669 eorum
3333 1614 3810 1670 constitueremur

2195 1708 2475 1774 doctrinae,
2511 1716 2568 1763 et
2609 1709 2718 1764 Deo
2749 1707 3210 1780 persuadibilibus
3253 1716 3309 1764 et
3352 1709 3491 1764 bene
3546 1709 3808 1780 acceptis

2197 1800 2434 1869 ipsorum
2461 1799 2800 1855 orationibus
2821 1799 3146 1864 frueremur,
3164 1799 3473 1871 etqutedam
3495 1800 3808 1854 vestimen-

500 1905 754 1967 minihns,
781 1903 939 1959 annis
955 1901 1140 1955 decem
1165 1899 1417 1970 peractis,
1443 1899 1510 1952 ad
1532 1913 1756 1968 regnum
1787 1895 2088 1966 migraverc
2119 1885 2163 1942 Β
2194 1901 2368 1946 torum
2383 1893 2566 1962 quaein
2583 1893 2834 1963 passione
2851 1892 2950 1948 sibi
2966 1893 3131 1948 scissa
3156 1892 3522 1964 suntprOpriis
3533 1892 3806 1947 manibus

498 2011 811 2066 supcrnmn.
854 1992 1086 2048 Sanctus
1118 1992 1333 2062 quidem
1377 1988 1662 2056 Maximus,
1709 1986 1848 2042 sicut
1885 1984 2086 2040 diclum

497 2097 601 2152 est,
646 2101 828 2141 mense
875 2085 1134 2156 Augusto,
1175 2082 1262 2136 die
1312 2081 1468 2136 tertia
1519 2079 1750 2144 decima,
1797 2075 2091 2130 indictione

499 2181 708 2250 quinta,
739 2195 862 2234 cum
903 2175 1237 2248 praedixisset
1263 2189 1330 2228 ex
1367 2172 1548 2226 divina
1579 2168 1904 2225 revelatione
1937 2181 2088 2221 suam

501 2273 555 2327 in
597 2271 822 2326 Domino
869 2277 995 2323 ante
1022 2268 1139 2322 dies
1167 2263 1472 2335 quindecim
1525 2260 1904 2317 dormitionem
1943 2257 2089 2312 futu-

499 2381 636 2429 ram,
668 2362 825 2418 sicuti
859 2362 970 2433 jam
998 2359 1336 2431 praemissum
1360 2363 1472 2420 cst;
1499 2362 1746 2408 sanclum
1779 2366 1908 2406 vero
1932 2365 2087 2406 suum

496 2471 598 2528 pro
622 2457 849 2511 veritate
885 2455 938 2508 in
981 2453 1197 2507 Christo
1228 2452 1338 2505 Deo
1374 2455 1559 2503 nostro
1603 2444 1920 2518 martyrium
1964 2451 2090 2498 ante

498 2565 604 2605 non
641 2562 840 2618 paucos
881 2561 1071 2600 annos.
1114 2541 1418 2613 Discipulus
1453 2554 1584 2595 vero
1623 2537 1739 2606 ejus
1770 2536 2092 2593 Anastasius

497 2655 683 2697 mense
709 2637 873 2703 Julio,
915 2637 1004 2693 die
1032 2635 1291 2707 vigesima
1337 2640 1553 2704 quarta,
1594 2629 1906 2686 indictionis
1949 2628 2092 2700 ejus~

499 2731 643 2788 dem.

570 2824 735 2895 Igitur
773 2822 935 2879 missa
967 2819 1122 2876 nobis
1165 2827 1249 2875 est
1289 2815 1595 2889 hujusmodi
1631 2813 1998 2871 sacratissima
2034 2819 2092 2867 et

497 2917 786 2987 praeposita
841 2913 1072 2984 propria:
1129 2925 1319 2966 manus
1381 2910 1490 2964 imo
1546 2908 1806 2964 divinitus
1867 2912 2089 2961 exarata

498 3007 744 3077 epistola,
782 3021 886 3060 una
917 3021 1038 3060 cum
1068 3001 1358 3074 suppositis
1394 3001 1498 3056 sibi
1535 2999 1800 3070 dciloquis
1847 2998 2089 3053 testimo-

501 3100 605 3155 niis
642 3108 696 3154 et
731 3095 1070 3168 syllogismis,
1102 3096 1170 3150 ab
1205 3091 1392 3148 eodem
1423 3093 1662 3161 ipsorum
1692 3089 1902 3156 exsilio,
1931 3089 1982 3144 id
2004 3096 2092 3144 est

499 3189 715 3250 Lazico,
751 3203 913 3259 quam
944 3194 997 3240 et
1026 3185 1285 3240 habemus
1311 3192 1367 3238 et
1413 3198 1812 3245 conservamus,
1840 3197 1962 3238 cum
1994 3196 2087 3238 eo-

2192 1983 2260 2038 ab
2280 1985 2360 2039 eis
2383 1993 2603 2056 accepta
2627 1984 2980 2050 deferremus,
3001 2001 3105 2040 una
3128 2000 3251 2040 cum
3279 1984 3625 2040 sanctiﬁcatis
3643 1999 3803 2055 pan-

2193 2077 2276 2132 nis
2302 2077 2646 2147 pretiosoque
2667 2078 2932 2149 sanguine
2964 2077 3278 2144 rubricatis;
3303 2077 3392 2147 qui
3415 2073 3802 2146 circumpositi

2191 2166 2404 2223 fuerant
2430 2171 2632 2226 sanctis
2651 2184 2839 2224 eorum
2866 2185 2984 2240 qua:
3003 2168 3257 2225 abscissae
3278 2167 3488 2223 fuerant
3511 2165 3801 2232 manibus,

2191 2275 2353 2314 causa
2390 2262 2708 2332 sanguinem
2739 2260 3136 2316 medicinaliter
3173 2259 3552 2331 restringendi.
3584 2256 3800 2314 Utros-

2191 2368 2296 2423 que
2347 2361 2527 2408 autem
2569 2353 2852 2424 complecti
2894 2368 2958 2408 ac
3008 2353 3322 2417 memorari,
3361 2367 3464 2407 non
3495 2351 3610 2406 sine
3654 2366 3803 2406 con-

2191 2443 2543 2510 sideratione,
2571 2453 2631 2500 nt
2652 2460 2799 2512 reor,
2824 2444 3227 2516 perpendimus,
3249 2459 3348 2516 pro
3369 2459 3432 2498 eo
3452 2443 3594 2515 quod
3617 2458 3800 2497 unum

2191 2545 2246 2590 et
2267 2536 2407 2592 idem
2441 2538 2613 2608 ipsum
2643 2537 2697 2592 in
2718 2537 3018 2593 certamine
3041 2545 3244 2593 sancta:
3273 2551 3459 2592 revera
3507 2544 3562 2590 et
3601 2535 3802 2592 ortho-

2191 2627 2345 2683 doxae
2363 2628 2508 2694 fidei,
2531 2639 2586 2684 et
2605 2628 2658 2683 in
2679 2628 2896 2684 vinculo
2917 2628 3069 2700 pacis
3089 2635 3147 2684 et
3164 2627 3451 2684 cbaritatis
3469 2625 3801 2696 dignoscan-

2193 2727 2281 2774 tur
2299 2719 2498 2776 etfecti.

2261 2811 2336 2868 De
2388 2823 2587 2869 caetero
2637 2813 2849 2873 infinita
2901 2813 3191 2871 multitudo
3235 2829 3426 2871 eorum
3453 2813 3544 2884 qui
3573 2813 3627 2869 in
3654 2829 3799 2886 pra-

2193 2903 2334 2960 dicta
2367 2921 2475 2960 non
2509 2904 2732 2961 ferenda
2763 2915 2819 2962 et
2843 2905 3169 2962 intolerabili
3195 2906 3576 2978 persecutione
3605 2905 3796 2961 diver-

2192 2999 2267 3055 sis
2301 2999 2626 3056 verberibus
2655 3009 2714 3056 et
2759 3001 3198 3059 tribulationibus
3226 3001 3404 3073 palam
3459 3009 3516 3058 et
3577 3002 3799 3058 occulte

2192 3091 2514 3162 martyrium
2541 3091 2868 3158 inferebant,
2902 3100 3081 3148 astuto
3111 3108 3175 3149 ac
3217 3101 3436 3149 versuto
3488 3092 3794 3158 molimine,

2192 3182 2289 3236 has
2317 3182 2461 3237 illius
2496 3182 2654 3237 aliter
2680 3193 2843 3253 atque
2865 3183 3044 3249 aliter,
3075 3185 3231 3255 quasi
3269 3201 3374 3240 non
3407 3200 3508 3255 pro
3535 3184 3667 3250 fide,
3699 3185 3796 3240 sed

500 3285 624 3340 dem
661 3296 767 3352 quo
805 3276 1075 3336 scribebat
1103 3274 1298 3330 tradito
1322 3273 1424 3329 sibi
1456 3273 1712 3328 divinitus
1740 3283 2078 3344 argumento,
2106 3261 2155 3327 C
2187 3276 2286 3331 sub
2307 3285 2574 3347 praetextu
2607 3277 2837 3333 aliarum
2883 3278 3200 3352 ingerebant
3229 3279 3580 3335 occasionum
3629 3287 3796 3349 atque

499 3376 553 3432 id
574 3382 657 3431 est
685 3369 956 3443 praedictis
979 3366 1190 3423 duobus
1226 3363 1487 3421 exsilibns
1529 3362 1814 3428 fusticulis,
1863 3373 1918 3417 et
1963 3363 2084 3417 aliis

498 3463 962 3525 benedictionibus
1017 3475 1081 3515 ac
1125 3457 1439 3514 muneribus
1486 3455 1604 3526 ejus
1659 3454 1965 3524 sanctisque
2021 3469 2084 3507 ac

497 3555 913 3620 venerabilibus,
939 3567 1145 3609 necnon
1169 3560 1225 3606 et
1247 3549 1498 3605 omnibus
1527 3556 1646 3618 post
1687 3546 1856 3601 Deum
1907 3545 2084 3611 bonis,

499 3652 757 3707 librorum
807 3645 1054 3702 videlicet
1112 3641 1228 3710 ejus
1271 3641 1463 3696 studiis
1510 3648 1566 3695 et
1617 3640 1848 3710 propriae
1897 3653 2089 3692 manus

499 3736 995 3810 compositionibus,
1045 3743 1300 3804 tanquam
1342 3747 1530 3787 revera
1572 3730 1932 3786 sacrosanctis
1973 3729 2088 3783 lau-

499 3832 655 3888 dibus
682 3839 737 3884 et
760 3829 1020 3899 reliquiis.
1062 3826 1194 3880 Data
1227 3840 1354 3880 vero
1379 3832 1464 3880 est
1491 3823 1644 3879 nobis
1669 3839 1798 3878 vere
1825 3823 2086 3889 minimis,

499 3899 802 3985 Theodoro,
826 3917 1096 3990 germanis
1115 3927 1169 3972 et
1187 3917 1302 3972 sine
1339 3915 1460 3971 dolo
1501 3914 1762 3969 fratribus
1797 3915 2088 3970 humilibus

453 4031 456 4034 '
499 4025 550 4072 et
571 4015 942 4087 peccatoribus
962 4012 1262 4076 monachis,
1297 4027 1392 4081 per
1413 4010 1732 4081 Gregorium
1761 4011 2086 4066 monachum

499 4119 555 4164 et
580 4107 827 4162 abbatem
857 4104 1167 4160 monasterii
1191 4103 1366 4159 sancti
1391 4100 1616 4156 Joannis
1636 4101 1891 4172 Baptista:
1914 4103 2088 4173 regio-

500 4201 586 4257 nis
623 4201 980 4264 Albanorum,
1022 4198 1163 4268 quod
1207 4195 1504 4267 appellatur
1533 4194 1840 4261 Bavararu,
1888 4195 2089 4250 mensis

497 4293 725 4364 Augusti
748 4293 836 4349 die
851 4291 1131 4355 vicesima,
1165 4290 1474 4346 indictionis
1496 4289 1794 4345 undecima
1815 4305 1935 4359 qua:
1953 4303 2088 4360 prae-

500 4385 648 4440 teriit
671 4399 767 4441 nos
802 4385 893 4454 qui
925 4382 1331 4439 revertebamur
1360 4397 1391 4437 a
1419 4382 1638 4453 regione
1659 4395 1799 4452 saepe
1819 4382 1958 4438 dicta
1984 4381 2087 4437 La-

499 4493 708 4532 zorum.
748 4476 877 4532 Illuc
914 4477 1059 4532 enim
1097 4475 1320 4546 profecti
1358 4474 1656 4542 fueramus,
1679 4475 1804 4531 licet
1823 4475 1977 4532 valde
2003 4477 2086 4531 in-

500 4564 641 4621 ﬁrmi
663 4574 719 4622 et
735 4580 997 4637 pauperes
1016 4574 1070 4620 et
1093 4565 1296 4635 indigni
1317 4581 1582 4632 essemus,
1624 4565 1916 4621 secundum
1955 4580 2084 4628 eone

499 4657 838 4712 suetudinem
857 4657 924 4711 ad
945 4657 1306 4712 visitationem
1327 4672 1538 4723 eorum,
1560 4673 1666 4713 non
1683 4657 1853 4713 solum
1869 4668 2087 4730 propter

497 4744 606 4815 iam
628 4748 829 4804 dictum
849 4747 1114 4803 creditum
1131 4747 1286 4802 nobis
1298 4748 1505 4817 pondus
1518 4747 1907 4818 conscriptum,
1931 4749 1983 4805 id
2003 4759 2088 4806 est

499 4839 912 4909 praeceptionem
927 4852 1069 4908 sape
1083 4837 1366 4892 memorati
1386 4838 1558 4892 sancti
1571 4853 1635 4893 ac
1650 4838 1846 4893 summi
1871 4849 2086 4909 aposto-

502 4929 589 4984 lici
618 4943 769 4998 papa:
793 4928 1020 4983 Romani
1049 4926 1289 4993 Martini,
1312 4929 1669 4997 personaliter
1689 4928 1756 4983 ad
1777 4944 1900 4984 eum
1927 4929 1980 4983 in
2000 4945 2087 4986 ea-

501 5021 622 5075 dem
652 5020 830 5091 magni
853 5019 1087 5084 nominis
1118 5020 1254 5074 urbe
1294 5018 1726 5086 advenientibus,
1753 5028 1809 5076 et
1860 5021 2084 5075 certitu-

501 5111 681 5166 dinem
721 5111 946 5181 propria:
975 5126 1169 5166 manus
1202 5110 1270 5165 de
1299 5109 1384 5164 his
1431 5125 1554 5179 quae
1603 5110 1671 5164 ab
1717 5125 1784 5166 eo
1828 5111 2083 5181 synodice

501 5200 817 5256 confirmata
845 5211 989 5266 sunt,
1017 5216 1084 5256 ex
1112 5202 1228 5272 ipso
1248 5201 1586 5256 sumentibus
1637 5209 1692 5256 et
1740 5202 2084 5258 audientibus

497 5309 638 5366 papa
659 5303 714 5348 et
734 5295 839 5349 alio
858 5311 922 5349 ex
946 5295 1030 5351 his
1055 5295 1331 5375 qt'ksimul
1351 5297 1596 5352 aderant.
1625 5296 1730 5352 Sed
1751 5305 1806 5352 et
1828 5299 2080 5367 quoniam

497 5400 595 5442 ore
616 5385 833 5456 pr0prio
856 5381 1198 5440 mandaveia't
1221 5386 1376 5443 nobis
1396 5387 1462 5443 de
1484 5388 1608 5454 hoc,
1627 5399 1914 5460 postquam
1938 5391 2082 5459 passi

497 5488 648 5545 sunt,
673 5494 796 5535 cum
823 5477 1000 5533 adhuc
1021 5490 1202 5533 essent
1223 5479 1467 5552 Byzantii
1492 5481 1545 5536 in
1570 5481 1812 5537 custodia
1843 5481 2079 5553 praetorii

496 5569 760 5640 praefecti,
785 5583 906 5640 qua:
928 5569 1226 5639 appellatur
1252 5569 1546 5637 Diomedis,
1577 5587 1647 5627 ex
1669 5588 1774 5642 qua
1794 5583 1848 5628 et
1871 5577 2084 5644 praemi-

497 5661 668 5717 simus
689 5678 782 5718 eos
811 5662 864 5717 in
876 5659 988 5730 jam
1016 5663 1358 5731 smpedictum
1386 5665 1605 5720 tertium
1627 5680 1812 5722 eorum
1834 5667 2080 5723 exsilium
2103 5686 2112 5690 -

503 5750 712 5808 Lazica:
741 5762 1033 5810 maerentes
1057 5755 1183 5820 illis,
1212 5765 1264 5809 et
1296 5756 1348 5810 in
1375 5756 1596 5828 reliquis
1645 5774 1834 5814 eorum
1878 5760 2084 5816 exsiliis

489 5846 556 5898 ὀι
583 5845 865 5912 custodiis,
903 5845 1180 5904 laboribus
1199 5855 1254 5902 ct
1284 5847 1761 5919 sollicitudinibus,
1783 5852 2080 5924 angustiis-

2187 3370 2526 3435 damnorum,
2541 3369 2675 3426 adeo
2687 3381 2744 3426 ut
2767 3372 2881 3427 haec
2904 3371 3322 3443 simplicioribus
3343 3371 3673 3442 quibusque,
3701 3371 3794 3441 qui

2191 3462 2349 3518 facile
2379 3463 2746 3534 decipiuntur,
2771 3464 3166 3535 ignorantibus,
3193 3463 3290 3520 soli
3321 3464 3432 3519 Deo
3454 3464 3547 3535 qui
3608 3463 3796 3520 occul-

2195 3564 2369 3610 torum
2404 3564 2486 3610 est
2515 3557 2780 3627 cognitor,
2804 3565 2860 3612 et
2884 3556 2968 3612 his
2993 3556 3085 3628 qui
3109 3556 3466 3612 studiosiores
3491 3563 3657 3611 erant
3696 3556 3794 3612 bos

2190 3658 2240 3703 et
2259 3649 2609 3718 quamobrem
2631 3650 2776 3718 passi
2800 3650 2909 3704 sint
2931 3649 3118 3720 procul
3141 3649 3303 3704 dubio
3324 3650 3660 3704 deserentes.
3689 3647 3795 3703 Pro

2193 3740 2386 3808 quibus
2408 3741 2660 3794 omnibus
2687 3741 2972 3795 universos
2995 3740 3085 3809 qui
3111 3739 3163 3794 in
3191 3739 3424 3794 veritate
3449 3753 3573 3808 qua:
3602 3752 3792 3792 revera

2192 3840 2318 3884 sunt
2341 3831 2587 3886 veritatis
2609 3830 2869 3902 relegitis,
2901 3845 2966 3886 ac
2993 3831 3037 3884 si
3069 3837 3361 3901 praesentes
3375 3839 3428 3884 et
3443 3828 3794 3899 procidentes

2195 3931 2306 3976 tam
2350 3923 2530 3977 cordis
2580 3937 2722 3994 genu
2783 3937 2905 3977 cum
2941 3921 3312 3993 corporalibus
3345 3922 3578 3992 genibus
3626 3935 3790 3991 quam

2193 4015 2372 4070 cordis
2397 4029 2558 4070 sensu
2591 4030 2713 4070 cum
2743 4014 3001 4086 lacrymis
3030 4013 3295 4080 inclinati,
3319 4021 3376 4068 et
3401 4021 3530 4069 ante
3558 4013 3790 4085 vestigia

2190 4107 2429 4162 omnium
2457 4116 2694 4163 vestrum
2717 4106 3008 4178 provoluti,
3031 4106 3390 4176 deprecamur
3411 4115 3466 4162 et
3492 4121 3790 4162 exoramus

2189 4213 2297 4268 quo
2321 4199 2559 4269 primum
2600 4200 2817 4270 quidem
2850 4200 3064 4256 veniam
3121 4199 3176 4253 in
3225 4199 3480 4254 omnibus
3533 4199 3792 4255 tribuatis

2190 4287 2474 4360 exiguitati
2504 4304 2570 4345 ac
2601 4290 3085 4362 indisciplinationi
3117 4299 3339 4357 nostrae,
3370 4290 3464 4362 qui
3501 4291 3573 4346 ad
3625 4290 3793 4346 certi-

2194 4381 2436 4436 tudinem
2462 4391 2514 4438 et
2539 4381 2966 4438 satisfactionem
2993 4391 3245 4453 tanquam
3269 4397 3399 4439 vere
3427 4380 3620 4438 ﬁdeles
3657 4380 3792 4437 tide-

2189 4469 2310 4527 litcr
2387 4472 2513 4528 talia
2592 4489 2814 4542 prorsus
2891 4473 3182 4544 recipimus
3253 4490 3270 4528 :
3342 4481 3398 4528 et
3456 4490 3526 4529 ne
3584 4473 3790 4530 oblivio

2195 4563 2337 4618 velet
2363 4573 2543 4620 tantos
2578 4577 2634 4621 et
2657 4565 2792 4621 tales
2816 4580 3002 4621 sacros
3027 4581 3252 4637 agones,
3278 4579 3344 4622 eo
3368 4567 3512 4636 quod
3548 4567 3711 4621 valde
3759 4582 3787 4620 a

2195 4659 2381 4729 paucis
2437 4669 2494 4715 et
2545 4661 2686 4717 raris
2735 4661 2850 4716 haec
2894 4675 3018 4716 cum
3047 4660 3325 4732 diligentia
3355 4670 3784 4732 cognoscantur.

2195 4750 2304 4808 Nos
2331 4760 2535 4819 autem,
2569 4761 2627 4806 nt
2657 4751 2861 4809 dictum
2885 4761 2986 4819 est,
3011 4768 3132 4808 cum
3157 4751 3432 4807 voluntate
3458 4751 3553 4806 Dei
3587 4753 3787 4806 horum

2195 4842 2328 4912 ipsis
2356 4842 2562 4898 visibus
2585 4843 2790 4899 conscii
2819 4857 2887 4896 ex
2918 4853 3074 4913 parte
3107 4843 3342 4897 maxima
3393 4841 3520 4896 facti
3580 4841 3784 4896 fuisse-

2192 4949 2332 4999 mus,
2366 4942 2421 4989 et
2447 4932 2738 4990 discrimen
2791 4935 2935 5005 quod
2963 4949 3031 4990 ex
3061 4934 3261 4990 desidis
3313 4944 3610 5003 generatur
3668 4949 3786 4991 mc-

2192 5025 2509 5092 tuisscmus,
2538 5034 2594 5082 et
2623 5041 2730 5082 non
2752 5026 2822 5081 ob
2849 5025 3015 5091 aliud,
3045 5035 3106 5080 ut
3134 5041 3314 5081 coram
3348 5025 3457 5082 Deo
3484 5027 3612 5082 dico
3631 5069 3646 5093 ,
3676 5028 3782 5083 nisi

2189 5128 2407 5188 propter
2465 5119 2598 5185 hoc,
2638 5118 3018 5188 quoquomodo
3066 5117 3181 5172 haec
3234 5117 3474 5173 scribere
3513 5132 3783 5188 presum-

2189 5210 2504 5279 psissemus,
2535 5219 2592 5265 et
2613 5211 2777 5264 vitam
2807 5209 2894 5266 vel
2943 5209 3132 5266 laudes
3179 5210 3502 5281 depromere
3552 5210 3782 5267 minime

2188 5302 2564 5370 valuissemus,
2591 5303 2776 5359 talium
2811 5313 2868 5360 et
2894 5313 2973 5360 tot
3022 5319 3122 5375 pro
3158 5304 3360 5377 pietate
3416 5306 3778 5362 certaminum

2190 5397 2540 5452 acsudorum
2573 5411 2700 5453 vere
2722 5397 3070 5465 mirabilium,
3101 5408 3156 5456 et
3181 5415 3502 5472 magnorum
3556 5399 3778 5455 illorum

2189 5489 2241 5543 in
2273 5489 2499 5545 Domino
2524 5491 3011 5547 sacratissimorum
3056 5493 3320 5558 virorum,
3355 5502 3580 5564 propter
3617 5493 3780 5550 colle-

2184 5591 2433 5634 ctancam
2461 5580 2669 5636 scilicet
2693 5589 2749 5636 et
2779 5581 2966 5636 rudem
3014 5583 3373 5638 rusticitatem
3427 5591 3701 5648 nostram,
3723 5591 3779 5637 et

2185 5670 2552 5724 omnimodam
2585 5670 3150 5742 indisciplinationem,
3172 5688 3268 5742 per
3318 5689 3456 5743 quas
3509 5673 3670 5730 nobis
3721 5683 3779 5730 et

2186 5760 2454 5815 sermonis
2483 5760 2624 5816 inest
2654 5761 2834 5833 inopia
2863 5776 3025 5832 super
3046 5778 3258 5820 omnes.
3282 5763 3489 5831 Quibus
3521 5764 3776 5821 sufﬁcere

2186 5852 2518 5912 arbitramur
2541 5867 2638 5926 pro
2670 5869 2882 5928 magna
2909 5854 3032 5912 vitae
3053 5855 3263 5913 actibus
3284 5864 3339 5911 et
3383 5855 3695 5930 praeconiis,
3723 5857 3776 5917 si
