3926 5524
101 396 217 460 ςθθ

822 395 1382 455 ΙΝΤΕΒΡΗΕΤΑΤΙΟ
1419 396 1692 456 ACTORU

1798 402 1854 458 S.
1895 399 2101 459 PETRI
2140 402 2629 460 ALEXANDRINI.

3276 403 3385 465 690

98 514 201 585 qui
230 512 486 570 veritatis
514 523 569 569 et
595 514 756 570 studii
790 529 974 570 amore
1005 514 1183 585 legere
1221 514 1491 570 voluerint
1517 514 1696 569 divina
1726 516 1773 574 Α
1805 532 1920 570 rum
1942 526 2103 586 atque
2127 519 2442 588 nequitiam,
2478 518 2679 574 etﬁnis
2711 517 2992 575 seditionis
3025 516 3142 586 ﬁat,
3171 529 3224 576 ct
3273 530 3386 578 ter-

103 607 348 672 illorum,
372 617 430 662 et
461 607 727 662 veraciter
747 607 862 660 sine
888 605 1104 660 fastidio
1124 616 1309 661 contra
1345 606 1695 676 impietatem,

104 708 159 754 et
183 713 288 769 pro
313 700 514 769 pietate
542 697 751 752 labores
773 697 1051 767 plurimos,
1076 707 1129 750 et
1155 697 1483 768 conscripta,
1509 713 1628 768 qua:
1647 705 1700 751 et

103 805 230 845 cum
257 790 409 844 omni
431 788 650 844 solertia
679 797 734 844 et
757 788 1029 859 diligentia
1071 805 1175 842 una
1227 804 1350 844 cum
1407 789 1486 844 his
1536 790 1699 844 etiam

102 897 226 952 qua:
252 890 383 937 sunt
411 897 480 936 ex
519 880 951 935 adversariorum
982 880 1405 936 exsecrabilibus
1457 880 1695 951 scriptis,

101 971 231 1028 licet
260 971 500 1026 humiles
525 981 580 1026 et
603 971 869 1026 veraciter
890 971 1020 1027 viles
1048 988 1209 1044 super
1229 988 1418 1028 omnes
1448 974 1502 1026 in
1526 973 1700 1028 omni-

101 1061 202 1116 bus
237 1062 434 1117 simus.
465 1061 624 1116 Juxta
654 1063 908 1117 virtutem
941 1069 1119 1116 tamen
1170 1079 1290 1133 qua:
1328 1063 1468 1118 inest
1517 1063 1694 1128 nobis,

102 1153 158 1208 in
185 1153 425 1206 diversis
454 1151 607 1207 libris
634 1169 697 1207 ac
727 1153 887 1208 tomis
916 1155 1339 1224 conscripsimus
1365 1166 1420 1208 et
1443 1155 1701 1210 amatori-

103 1241 204 1297 bus
227 1243 482 1297 veritatis
525 1243 860 1308 tradidimus,
893 1243 944 1297 in
967 1243 1190 1314 gloriam
1221 1253 1277 1298 et
1304 1244 1695 1300 indesinentem

104 1333 319 1389 laudem
350 1343 404 1389 et
426 1337 724 1405 gratiarum
753 1335 1021 1391 actionem
1049 1336 1436 1407 omnipotentis
1496 1337 1591 1392 Dei
1643 1345 1698 1393 et

103 1443 230 1483 vere
266 1427 537 1483 mirabilis
566 1428 616 1482 in
643 1429 848 1484 sanctis
883 1429 1015 1494 suis,
1047 1445 1112 1484 ac
1136 1429 1311 1484 zelum
1338 1438 1394 1484 et
1448 1429 1697 1486 alacrita-

104 1527 210 1575 tem
240 1535 434 1574 eorum
462 1520 554 1590 qui
581 1535 679 1590 pro
718 1520 922 1590 pietate
969 1530 1182 1576 certare
1232 1520 1522 1586 voluerint,
1562 1537 1693 1576 con-

103 1609 487 1680 fusionemque
511 1625 576 1665 ac
605 1610 915 1666 inevitabile
952 1611 1300 1681 opprobrium
1353 1611 1693 1667 inimicorum

104 1702 373 1765 veritatis,
407 1711 464 1756 et
517 1701 684 1771 ipsius
721 1700 816 1757 Dei
873 1701 1276 1766 universorum,
1303 1703 1694 1774 instantiasque

104 1807 166 1849 ac
201 1793 576 1864 oppositiones
611 1792 885 1847 illatarum
936 1792 1038 1849 sibi
1075 1791 1334 1847 falsarum
1395 1793 1694 1848 calumnia-

1805 607 1979 662 minus
2010 607 2378 674 hujuscemodi
2412 609 2733 664 atrocissimi
2766 610 2916 674 mali,
2963 611 3256 681 pretiosum
3283 613 3384 668 sci-

1803 699 1929 754 licet
1984 699 2196 754 illorum
2255 701 2571 771 sanguinem
2631 698 3045 767 eﬂuridentittm,
3073 702 3233 757 veluti
3284 704 3384 758 sub

1800 792 1979 863 impiis
2008 801 2061 846 et
2087 792 2180 846 Dei
2216 792 2523 848 exsortibus
2544 792 2779 855 Arianis,
2812 807 2909 862 pro
2937 807 3093 847 roseo
3123 793 3384 862 sanguine

1800 885 1971 941 sancti
2037 885 2181 940 Petri
2229 885 2579 942 Alexandrini
2634 885 2954 956 patriarchre
3019 900 3083 940 ac
3129 885 3384 956 martyris

1799 986 2008 1048 gestum
2039 987 2142 1033 est.
2170 977 2396 1048 Pr0pter
2416 978 2558 1048 quod
2599 986 2654 1032 et
2683 977 2924 1048 praedicti
2970 976 3142 1033 sancti
3195 976 3382 1034 Patres

1800 1067 2070 1133 nostri,et
2118 1069 2388 1123 veraciter
2437 1068 2655 1138 pietatis
2697 1069 2970 1134 doctores,
3005 1069 3384 1138 praacipueque

1799 1158 2126 1230 apostolicus
2151 1170 2206 1215 et
2232 1160 2505 1215 verticalis
2531 1176 2668 1232 papa
2692 1169 2874 1216 noster
2902 1160 3161 1216 Martinus
3188 1158 3382 1214 simili-

1800 1257 1882 1305 ter
1907 1249 2258 1320 semetipsum
2281 1251 2335 1305 in
2364 1252 2694 1307 sacriﬁcium
2735 1269 2831 1323 pro
2862 1252 3006 1307 ﬁdeli
3036 1252 3232 1323 populo
3269 1261 3379 1306 tra-

1798 1343 1952 1408 didit,
1979 1344 2032 1397 in
2058 1343 2309 1400 omnibus
2333 1346 2713 1415 agonothetam
2735 1344 3011 1402 Christum
3061 1346 3230 1400 Deum
3275 1358 3370 1398 no-

1797 1444 1994 1500 strum,
2017 1443 2072 1489 et
2090 1436 2349 1490 verticem
2373 1435 2742 1506 apostolorum
2770 1435 2990 1492 Petrum
3017 1437 3283 1500 imitatus,
3325 1441 3385 1489 et

1798 1526 1853 1582 in
1878 1528 2088 1583 cunctis
2113 1536 2352 1592 secutus,
2377 1527 2532 1596 cujus
2553 1536 2610 1584 et
2628 1544 2922 1585 successor
2951 1539 3008 1584 ut
3047 1544 3236 1584 revera
3301 1527 3382 1581 di-

1797 1633 1933 1690 gnus
1959 1617 2184 1674 effectus
2209 1626 2293 1675 est
2324 1638 2336 1674 :
2364 1634 2662 1690 pacemque
2689 1618 2901 1674 ﬁrmam
2951 1628 3007 1674 et
3040 1617 3382 1674 indissolubi-

1796 1710 1903 1765 lem
1933 1711 2197 1766 unitatem
2248 1711 2450 1782 ubique
2496 1711 2702 1767 sanctis
2733 1711 2847 1767 suis
2894 1713 3056 1766 donet
3102 1710 3380 1774 Ecclesiis,

1797 1819 1896 1859 nec
1925 1803 2207 1874 permittat
2231 1804 2297 1858 de
2348 1804 2555 1876 reliquo
2598 1819 2770 1874 usque
2814 1805 2866 1860 in
2922 1791 3384 1859 linem‘hmresim

104 1901 246 1950 rum,
276 1895 333 1940 et
357 1885 700 1940 decretorum
733 1883 973 1940 inanium
1009 1899 1074 1940 ac
1101 1884 1455 1950 instabilium,
1487 1895 1541 1941 et
1595 1888 1693 1942 ab-
1722 1890 1768 1948 Β
1796 1894 2092 1964 quamlibet
2119 1895 2392 1962 suscitari,
2427 1905 2538 1950 tam
2568 1905 2792 1967 propter
2820 1895 3219 1951 multitudinem
3279 1895 3380 1950 mi-

102 1977 278 2034 solute
301 1992 494 2032 omnes
533 1991 719 2032 eorum
767 1975 1168 2031 sacratissimos
1199 1991 1261 2030 ac
1323 1975 1441 2045 pios
1493 1992 1694 2048 agones

102 2077 264 2138 atque
315 2069 567 2134 sudores,
596 2067 684 2138 qui
737 2067 805 2122 ab
856 2067 937 2122 eis
963 2066 1054 2138 qui
1077 2081 1145 2122 ex
1173 2066 1404 2123 adverso
1429 2075 1586 2122 erant
1614 2068 1694 2122 di-

102 2177 257 2217 verso
279 2161 440 2216 modo
469 2169 601 2216 sunt
621 2160 750 2225 acti,
783 2160 836 2215 id
867 2169 951 2216 est
971 2174 1000 2214 a
1031 2160 1442 2216 subintroducta
1466 2176 1603 2215 nova
1641 2171 1696 2217 et

103 2254 356 2309 haeretica
379 2252 560 2308 omnia
587 2252 882 2322 recipiente
905 2249 1286 2306 adinventione
1314 2263 1340 2292 α
1370 2251 1694 2312 Heracliano

102 2347 265 2419 Cyro,
291 2345 509 2418 Sergio,
539 2346 772 2418 Pyrrho,
813 2343 982 2402 Paulo
1005 2385 1020 2410 ,
1050 2345 1392 2415 petritarum,
1420 2353 1476 2399 et
1538 2345 1694 2398 invo-

102 2440 364 2496 luntativo
399 2440 907 2511 inoperatistarum,
935 2438 1042 2503 vel,
1093 2447 1152 2492 ut
1183 2437 1365 2493 verius
1410 2437 1677 2504 dicamus,

101 2547 362 2586 novorum
413 2531 813 2601 epicureorum,
857 2528 912 2584 id
967 2537 1050 2584 est
1123 2528 1336 2600 penitus
1388 2529 1692 2584 carentium

102 2623 234 2692 Deo,
264 2633 326 2678 ut
359 2624 473 2695 ipsa
512 2638 694 2678 rerum
724 2631 781 2678 et
810 2623 924 2692 ipsa
946 2622 1343 2677 contrariorum
1388 2621 1693 2690 conscripta

101 2717 476 2772 demonstrant
501 2715 588 2770 his
613 2715 701 2784 qui
725 2711 1096 2780 hujuscemodi
1123 2712 1431 2767 discernere
1469 2720 1689 2766 norunt.

101 2804 378 2872 Quatenus
402 2804 597 2874 hi,qui
638 2812 762 2874 post
780 2817 880 2858 nos
911 2801 1134 2856 studiosi
1181 2809 1236 2856 et
1282 2801 1336 2855 in
1392 2800 1555 2855 verbo
1599 2815 1694 2870 po-

101 2905 272 2951 tentes
313 2894 542 2959 fuerint,
570 2903 625 2949 et
665 2894 750 2949 his
810 2893 1045 2949 inventis
1099 2908 1167 2948 ex
1222 2893 1308 2948 his
1351 2892 1692 2947 occasionem

99 2987 434 3057 acceperint,
460 2986 577 3042 Deo
612 3001 676 3041 ac
716 2988 919 3042 sanctis
971 2985 1088 3057 ejus
1128 2987 1422 3056 gratiarum
1454 2986 1695 3041 actiones

99 3081 311 3136 debitas
342 3081 594 3136 reddant.
619 3080 700 3134 Da
739 3085 875 3134 enim
895 3081 1117 3150 sapienti
1138 3080 1483 3145 occasionem,
1512 3089 1560 3134 et
1602 3095 1690 3134 sa-

99 3173 346 3240 pientior,
371 3172 572 3243 inquit,
608 3172 702 3226 erit
735 3169 916 3242 (Prov.
959 3187 1035 3238 ιχ,
1058 3170 1135 3242 9).

1797 1987 2132 2042 serationum
2163 2002 2407 2053 suarum,
2441 2005 2602 2060 quam
2632 1990 2702 2045 ob
2741 1989 3110 2044 inﬁrmitatem
3135 1997 3190 2044 et
3210 1987 3384 2044 mobi-

1797 2077 2002 2133 litatem
2036 2089 2246 2135 natura:
2275 2087 2496 2146 nostra),
2525 2095 2644 2150 quae
2677 2096 2844 2152 super
2860 2096 3052 2138 omnes
3078 2081 3381 2152 praeteritas

1795 2174 2177 2242 generationes
2202 2173 2462 2230 excrevit.

1867 2266 2053 2322 Tertio
2078 2275 2281 2333 autem,
2312 2276 2373 2322 ut
2428 2265 2732 2323 immobiles
2762 2281 2934 2338 usque
2979 2267 3032 2323 in
3068 2266 3228 2322 ﬁnem
3253 2281 3382 2322 con-

1796 2373 2096 2423 serventur,
2122 2375 2228 2414 non
2261 2359 2434 2415 solum
2455 2375 2574 2426 nos,
2599 2361 2693 2416 sed
2718 2369 2772 2416 et
2805 2376 2998 2416 omnes
3023 2361 3118 2431 pii',
3154 2361 3207 2415 in
3257 2377 3378 2415 san-

1796 2461 1882 2506 cta
1929 2465 2118 2506 revera
2165 2461 2221 2506 et
2256 2451 2556 2507 orthodoxa
2601 2461 2764 2523 atque
2801 2451 3146 2510 immaculata
3197 2460 3379 2506 nostra

1795 2541 2234 2598 Christianorum
2265 2542 2376 2598 sola
2405 2542 2668 2598 catholica
2701 2551 2756 2597 et
2796 2558 2923 2597 vera
2953 2541 3078 2608 ﬁde,
3107 2541 3382 2597 remissio-

1797 2649 2029 2704 nemque
2086 2645 2434 2705 peccatorum
2486 2644 2540 2691 et
2582 2635 2811 2691 salutem
2861 2634 3245 2704 percipiamus,
3284 2634 3377 2703 qui

1795 2728 2064 2783 veraciter
2106 2737 2425 2800 peccatores
2461 2744 2650 2784 sumus
2687 2736 2744 2783 et
2801 2727 2943 2782 servi
2995 2728 3261 2792 omnium,
3285 2726 3377 2796 qui

1794 2835 1921 2875 vere
1942 2820 2228 2876 orthodoxi
2260 2829 2316 2875 et
2373 2819 2578 2890 proprii
2615 2818 2936 2875 adoratores
2987 2825 3112 2873 sunt
3175 2816 3378 2872 Christi

1795 2911 1908 2966 veri
1934 2909 2029 2965 Dei
2052 2919 2108 2967 et
2129 2910 2416 2966 salvatoris
2441 2910 2634 2977 nostri,
2659 2910 2752 2981 qui
2779 2925 2968 2965 revera
3011 2908 3378 2981 gloriﬁcantes

1795 3014 1856 3056 se
1881 2999 2166 3070 magniﬁce
2191 3001 2244 3055 in
2273 3001 2498 3055 veritate
2527 3009 2584 3054 et
2605 3000 2872 3070 gloriﬁcat
2896 3018 2908 3054 :
2943 3000 3139 3069 cuique
3183 2999 3379 3054 decora

1795 3100 1879 3148 est
1928 3092 2105 3146 omnis
2151 3091 2343 3162 gloria,
2384 3091 2579 3157 honor,
2611 3091 2916 3161 imperium,
2955 3088 3378 3162 magniﬁcentia,

1798 3181 1854 3236 in
1883 3182 2022 3237 cmlo
2050 3191 2106 3238 et
2134 3183 2187 3237 in
2218 3190 2380 3245 terra,
2410 3181 2653 3237 adoratio
2690 3192 2745 3238 et
2773 3184 3070 3254 gratiarum
3128 3183 3269 3238 actio
3321 3183 3378 3237 in

161 3261 419 3318 Secundo
445 3277 602 3329 vero,
634 3263 1070 3318 indesinentibus
1093 3263 1437 3318 orationibus
1466 3271 1521 3318 et
1567 3278 1689 3334 sup-

1801 3285 1962 3327 sensu
1987 3271 2164 3326 cordis
2191 3279 2246 3326 et
2275 3271 2388 3341 ipsa
2412 3271 2665 3338 veritate,
2694 3251 2996 3342 timoreque
3043 3288 3108 3327 ac
3138 3281 3376 3327 tremore

93 3352 500 3424 plicationibus,
548 3370 671 3410 cum
707 3355 960 3426 cperibus
998 3355 1156 3411 bonis
1182 3371 1246 3411 ac
1293 3355 1547 3428 lacrymis
1598 3356 1694 3412 be-

90 3446 485 3516 nignissimum
545 3456 737 3501 natura
787 3458 842 3502 et
863 3447 1434 3526 misericordissimam
1465 3447 1694 3520 placetis

89 3541 285 3606 Deum,
315 3551 376 3597 ut
409 3543 772 3613 compatiatur
825 3543 1231 3599 inﬁrmitatibus
1258 3544 1478 3608 nostris,
1517 3543 1694 3599 sedet-

89 3648 198 3704 que
217 3635 286 3690 de
310 3643 512 3690 cetero
545 3635 832 3690 instantem
857 3634 1032 3690 adhuc
1054 3634 1318 3700 dolosam,
1345 3642 1399 3689 et
1419 3643 1691 3689 versutam

89 3733 144 3780 et
159 3726 386 3796 penitus
414 3737 878 3797 argumentosam,
902 3735 1068 3796 atque
1101 3725 1474 3797 gravissimam
1525 3739 1687 3794 super

90 3830 286 3870 omnes
321 3817 692 3887 prmcedentcs
726 3832 965 3888 paganas
1009 3825 1064 3871 et
1099 3815 1383 3871 haereticas
1428 3829 1683 3886 persecu-

90 3907 691 3976 tioneszquippe‘cum
727 3909 866 3964 sciat
912 3907 1150 3979 pulveris
1200 3907 1371 3963 nostri
1423 3906 1686 3978 fragilita-

90 4006 224 4064 tem,
257 4009 314 4053 et
341 3995 560 4053 facilem
582 3997 790 4070 lapsum
815 4007 1036 4070 propter
1059 3998 1279 4053 nimiam
1309 3997 1551 4055 fraudem
1585 4013 1683 4054 eo-

161 4122 188 4150 ι
221 4108 573 4181 Heracliano,
633 4109 804 4181 Cyro,
842 4109 1045 4180 Sergio,
1075 4117 1182 4165 etc.
1224 4109 1429 4181 Nomen
1469 4109 1684 4181 videtur

90 4195 255 4252 unum
282 4196 350 4236 ex
399 4179 988 4252 pluribusiconﬂatum,
1039 4179 1682 4252 Heracliano-Cyro-Ser-

91 4250 874 4324 gio-Pyrrho-Paullo-Petritae
908 4269 921 4306 :
956 4253 1094 4307 sicut
1134 4250 1684 4324 Inoperativo-lnope-

1797 3364 2007 3436 pariter
2030 3374 2086 3420 et
2105 3364 2484 3430 exsultatione,
2525 3365 2819 3419 secundum
2852 3364 3222 3434 propheticum
3262 3364 3375 3418 elo-

1796 3458 2002 3527 quium,
2019 3472 2124 3511 una
2149 3472 2268 3510 cum
2295 3455 2587 3510 immortali
2609 3465 2666 3510 et
2685 3456 3090 3510 miserationum
3109 3464 3372 3521 amatore,

1795 3545 2416 3616 compatientissimoque
2461 3551 2525 3598 ac
2574 3543 3162 3606 misericordiosissimo
3210 3559 3374 3614 super

1795 3645 2045 3692 naturam
2066 3635 2248 3700 Patre,
2275 3644 2437 3703 atque
2462 3634 2803 3689 sanctissimo
2825 3646 2879 3688 et
2900 3633 3368 3698 eonsubstantiali,

1793 3724 2112 3796 viviﬁcoque
2145 3740 2209 3780 ac
2246 3725 2616 3795 omnipotente
2666 3725 2849 3780 divino
2885 3723 3112 3795 Spiritu,
3142 3740 3284 3779 nunc
3321 3731 3376 3778 et

1791 3831 2022 3886 semper,
2047 3825 2101 3872 et
2129 3816 2183 3873 in
2212 3817 2465 3873 universa
2488 3826 2542 3871 et
2576 3815 2787 3871 inﬁnita
2809 3817 3003 3874 saecula
3028 3817 3370 3873 saeculorum.

1788 3905 1979 3962 Amen.

1792 4109 2017 4182 ratistae,
2043 4109 2093 4165 id
2115 4120 2198 4166 est
2225 4110 2555 4182 voluntatem
2579 4123 2634 4166 et
2659 4109 3049 4182 operationem,
3079 4108 3370 4164 humanam

1791 4180 2023 4248 scilicet,
2053 4182 2353 4238 adimentes
2378 4180 2614 4237 Christo.

99 4408 3363 4437 MM

560 4455 568 4468 .
658 4549 1034 4665 ACTA
1119 4542 1723 4660 SINCERA
1809 4542 2325 4658 SANCTI
2409 4545 2830 4659 PETRI

1113 4764 1392 4809 EPISCOPI
1436 4763 1875 4806 ALEXANDRINI
1918 4762 1998 4805 ET
2040 4760 2358 4805 MARTYRIS

537 4895 1167 5006 Anastasio
1275 4886 2147 4999 Bibliothecario
2239 4894 2917 5038 interprete.

1115 5095 1278 5162 (Apud
1314 5095 1513 5154 Maium,
1539 5092 1798 5167 Spicilegii
1826 5098 1956 5142 tomo
1981 5091 2070 5157 Ill,
2095 5104 2210 5158 pag.
2229 5095 2371 5158 671.)

1315 5304 1544 5388 ΜΑΙΙ
1605 5301 2132 5384 MONITUM.
