3926 5534
150 393 261 452 693

880 400 1435 461 lN'l‘ERPRETATlO
1470 402 1804 467 ACTORUM
1838 405 1895 467 S.
1924 405 2129 471 PETRI
2166 407 2651 468 ALEXANDRINI.

3287 410 3396 475 694
3428 480 3435 487 η

136 520 426 591 vegetabal
445 534 542 577 eos
574 519 834 585 adversus
858 517 1190 591 imperitiam
1217 528 1271 576 et
1306 520 1575 599 nefariam
1603 521 1717 578 Με-
1747 525 1799 587 Α
1824 523 2132 597 suppliciis;
2170 526 2259 589 alii
2287 542 2439 597 vero,
2473 535 2531 583 ut
2560 527 2723 587 etiam
2753 492 3034 599 parentum
3062 525 3400 585 humanitate

131 613 252 667 ictii
277 613 664 669 temeritatem.
703 610 858 668 Unde
887 610 1086 667 factum
1109 621 1191 673 est
1216 620 1274 667 ut
1296 598 1399 668 non
1422 612 1576 689 pauci
1604 612 1720 688 ejus

134 706 472 767 salutaribus
501 706 723 769 monitis
749 705 992 775 animati,
1015 721 1046 765 a
1074 705 1359 764 Meletiana
1383 707 1723 767 discederent

134 798 437 869 impietate,

202 890 312 946 Per
351 891 495 947 idem
524 890 636 951 fere
664 899 873 964 tempus
893 891 1075 960 Arius,
1097 892 1314 965 viperea
1335 901 1574 950 armatus
1600 910 1723 949 ver-

133 983 297 1048 sutia,
327 983 484 1054 quasi
513 982 772 1039 deserens
796 982 1108 1041 Meletianos
1130 985 1371 1057 confugit
1390 985 1457 1040 ad
1480 986 1721 1051 Petrum,

134 1073 225 1144 qui
248 1084 490 1154 rogatus
512 1076 580 1129 ab
602 1073 872 1147 episcopis
893 1075 1203 1134 sublimavit
1227 1092 1348 1132 eum
1374 1077 1603 1133 diaconii
1631 1079 1729 1132 ho-

133 1180 291 1231 nore,
326 1166 579 1225 nesciens
605 1166 801 1239 quippe
831 1176 1034 1224 tantam
1073 1168 1188 1239 ejus
1229 1169 1557 1247 hypocrisin.
1595 1168 1727 1227 Erat

137 1265 320 1311 wtem
352 1257 527 1313 instar
558 1258 765 1313 colubri
795 1258 1049 1331 pestifero
1080 1258 1337 1317 suffectus
1365 1273 1591 1318 veneno.
1625 1260 1715 1317 Ne

138 1365 240 1422 {se
267 1350 419 1406 enim
453 1351 758 1421 huiusmodi
789 1368 982 1408 manus
1008 1352 1279 1427 impositio
1304 1353 1425 1411 huic
1454 1363 1641 1410 sancto
1671 1353 1725 1409 in

135 1446 346 1501 crimen
389 1440 637 1516 deputari
674 1445 878 1516 potuit,
918 1445 1059 1501 sicut
1102 1462 1201 1504 nec
1244 1446 1480 1502 Simonis
1519 1447 1724 1519 magica

137 1552 225 1592 ars
272 1536 531 1595 simuhta
575 1536 862 1592 ascribitur
900 1537 1163 1610 Philippo.
1206 1537 1611 1594 Meletianorum
1642 1538 1726 1591 in-

138 1636 289 1687 terea
331 1628 649 1685 detestabile
670 1629 821 1687 nefas
848 1645 1007 1703 supra
1038 1630 1255 1686 modum
1288 1631 1587 1695 crescebat,
1629 1645 1729 1701 pa-

137 1734 383 1791 vensque
411 1721 760 1777 beatissimus
780 1716 1057 1777 Petrus‘ne
1086 1724 1337 1778 haeretica
1367 1723 1533 1794 pestis
1557 1731 1725 1777 totum

138 1809 241 1866 sibi
263 1809 534 1867 creditum
557 1811 831 1870 invaderet
853 1813 1371 1885 gregem,simulque
1391 1814 1567 1869 sciens
1584 1813 1727 1886 quod

1822 614 2102 687 patriaque
2132 626 2377 680 carerent
2405 617 2698 689 sepultura,
2732 617 2799 672 ad
2826 616 2928 673 alia
2966 615 3401 675 tranferebantur
3432 684 3441 697 ἱ

1824 706 1939 763 loca
1958 749 1973 775 ,
2010 707 2162 766 novis
2189 708 2511 781 quibusdam
2534 719 2590 769 et
2617 708 2811 769 seculo
2839 704 3092 771 inauditis
3116 722 3397 779 poenarum

1792 852 1801 861 ,
1825 801 2311 861 machinationibus
2337 801 2403 857 ad
2430 802 2675 876 martyrii
2697 800 3152 875 eompellehantur
3177 806 3400 854 metam.

1823 892 1965 949 Proh
1992 893 2169 951 nefas!
2201 903 2344 953 tanta
2373 902 2489 953 erat
2507 894 2715 951 illorum
2744 893 3015 968 impietas,
3044 901 3103 949 ut
3124 893 3289 950 etiam
3317 892 3402 948 diu

1824 985 1933 1040 vini
1959 986 2136 1043 cultus
2163 989 2466 1044 sanetuaria
2487 1004 2518 1043 a
2542 987 2902 1044 fundamentis
2931 992 3253 1051 everterent,
3280 998 3403 1041 san-

1825 1083 2048 1147 ctosque
2074 1076 2240 1139 libros
2266 1077 2372 1151 igni
2398 1087 2720 1138 cremarent.
2753 1075 3014 1139 Defuncto
3040 1075 3224 1149 itaque
3249 1088 3405 1131 exse-

1827 1168 2046 1223 crahilis
2069 1170 2342 1224 memoriae
2361 1170 2708 1238 Diocletiano,
2739 1167 3123 1227 Constantinus
3147 1164 3317 1236 Major
3336 1164 3404 1219 ad
3436 1172 3443 1177 '

1829 1263 1979 1335 regni
2019 1262 2379 1339 gubernacula
2405 1263 2610 1320 electus
2644 1271 2765 1333 est,
2793 1271 2851 1318 et
2882 1260 3132 1321 Occiduis
3162 1256 3406 1334 partibus
3434 1248 3441 1257 ’

1827 1356 2157 1428 principatus
2189 1356 2272 1411 sui
2301 1356 2465 1427 cmpit
2494 1354 2759 1411 moderari
2787 1354 3044 1417 habenas.
3432 1424 3439 1433 τ

1900 1445 1996 1507 liis
2033 1444 2278 1518 profecto
2312 1446 2501 1503 diebus
2541 1446 2832 1503 Maximino
2868 1458 2893 1486 α
2936 1461 2964 1500 a
2992 1444 3311 1517 quibusdam
3342 1443 3409 1505 de

1830 1539 2053 1612 praefato
2073 1538 2478 1615 archiepisc0po
2490 1539 2719 1596 relatum
2741 1548 2843 1607 est,
2860 1538 3109 1596 videlicet
3131 1539 3272 1612 quod
3295 1538 3411 1610 ipse

1830 1631 2253 1691 Christianitatis
2291 1632 2396 1691 dux
2445 1642 2608 1708 atque
2648 1632 2868 1704 signifer
2904 1642 3083 1703 esset;
3126 1630 3216 1703 qui
3253 1630 3408 1686 solita

1833 1724 2189 1783 inflammatus
2220 1724 2460 1797 nequitia
2481 1766 2496 1793 ,
2531 1740 2562 1787 e
2591 1726 2818 1798 vestigio
2842 1721 3004 1793 jussit
3029 1720 3408 1796 comprehendi

1830 1818 2050 1875 Petrum
2077 1827 2132 1874 et
2160 1818 2213 1877 in
2244 1833 2517 1877 carcerem
2553 1816 2780 1877 retrudi.
2812 1818 2982 1888 Quam
3019 1816 3086 1871 ob
3114 1832 3225 1873 rem
3252 1816 3439 1893 quin-_

138 1904 282 1961 nulla
322 1906 559 1961 societas
596 1913 678 1962 est
707 1905 812 1961 luci
842 1924 963 1962 cum
1005 1907 1270 1974 tenebris,
1312 1907 1563 1981 nullaque
1597 1923 1725 1961 (που-
1762 1896 1803 1957 Β
1829 1925 1935 1983 quc
1965 1910 2211 1966 tribunos
2234 1910 2461 1980 stipatos
2495 1908 2726 1964 militum
2768 1909 3000 1965 catervis
3030 1907 3439 1965 Alexandrizun.

140 1990 324 2051 eordia
349 1994 570 2052 Christo
607 2003 662 2052 et
688 1995 883 2066 Belial,
915 1996 1228 2055 Meletianos
1256 1998 1321 2052 ab
1362 1997 1601 2053 Ecclesia
1632 2014 1728 2071 per

140 2086 349 2143 litteras
379 2089 703 2160 segregavit.
734 2089 801 2145 Et
824 2090 948 2161 quia
984 2088 1128 2146 mala
1158 2088 1403 2147 voluntas
1432 2089 1521 2146 diu
1547 2090 1730 2146 occul-

144 2179 240 2233 tari
274 2194 385 2234 non
423 2178 593 2245 valet,
624 2178 766 2234 illico
786 2179 1205 2235 nefandissimus
1229 2180 1406 2244 Arius,
1444 2188 1728 2252 propterea

143 2274 279 2345 quod
328 2288 460 2330 suos
501 2271 739 2331 fautores
782 2274 849 2328 ab
884 2273 1139 2331 Ecclesiae
1188 2274 1447 2346 dignitate
1485 2282 1731 2330 cerneret

142 2365 362 2432 divisos,
398 2363 640 2423 tristitiae
667 2364 1002 2435 mancipatus
1033 2366 1298 2439 gemebat.
1324 2364 1476 2435 Quod
1504 2366 1731 2425 sanctis—

138 2456 334 2513 simum
367 2457 554 2512 virum
584 2457 803 2512 minime
835 2456 1012 2515 latuit.
1042 2456 1322 2512 Denudata
1358 2474 1590 2531 namque
1614 2454 1731 2529 ejus

140 2550 438 2623 hypocrisi,
471 2549 719 2619 protinus
747 2550 1055 2620 erangelico
1083 2561 1237 2606 utens
1269 2549 1434 2617 ferro,
1463 2550 1526 2608 Si
1549 2552 1730 2608 oculus

139 2653 256 2697 laus
284 2642 473 2699 dexter
500 2642 829 2700 scandalizat
859 2655 925 2713 te,
954 2660 1077 2701 erue
1105 2662 1222 2703 eum
1249 2653 1298 2700 et
1323 2645 1518 2717 projice
1547 2645 1636 2700 abs
1659 2656 1729 2714 te,

140 2734 323 2788 Arium
354 2735 425 2789 ab
455 2732 715 2791 Ecclesia:
737 2750 1016 2807 compage,
1050 2742 1233 2807 utpote
1260 2735 1535 2807 putridum
1564 2751 1732 2791 mem-

140 2821 296 2877 brum
323 2823 691 2891 detruncans,
731 2823 877 2883 foras
917 2822 1121 2896 expulit
1160 2833 1213 2883 et
1254 2841 1285 2880 a
1324 2825 1556 2882 fidelium
1584 2840 1733 2881 com-

140 2911 395 2968 munione
422 2920 697 2969 extorrem
727 2928 848 2971 esse
878 2915 1172 2970 mandavit.

208 3003 307 3059 ﬂis
334 3003 412 3059 ita
453 3003 654 3077 gestis,
685 3004 862 3065 subito
888 3006 1173 3061 admodum
1204 3005 1382 3061 ablata
1410 3004 1735 3078 persecutio-

144 3099 225 3154 nis
246 3096 512 3171 procella,
528 3114 661 3170 pax,
689 3096 812 3155 licet
839 3095 1053 3170 exigua,
1074 3098 1301 3157 refulsit.
1336 3099 1484 3153 Tunc
1512 3098 1728 3167 elegan-

145 3192 387 3249 tissimus
427 3190 644 3247 Domini
682 3191 921 3264 pontifex
960 3192 1154 3264 populo
1194 3190 1509 3247 manifestus
1539 3190 1730 3259 illuxit,

1832 1997 2159 2066 destinavit;
2189 1998 2282 2071 qui
2316 1999 2591 2059 venientes
2612 1997 2768 2069 juxta
2795 1998 2939 2075 quod
2973 1996 3073 2053 sibi
3107 1997 3281 2055 fuerat
3311 1996 3412 2052 im-

1830 2099 2103 2160 peraturo,
2131 2090 2308 2146 subito
2333 2088 2606 2163 rapientes
2626 2088 2824 2149 Christi
2850 2087 3155 2159 pontificem
3181 2086 3416 2143 carceris

1833 2180 2091 2236 custodite
2131 2181 2527 2252 manciparunt.
2565 2179 2698 2238 Mira
2735 2179 2972 2238 fidelium
3015 2178 3267 2234 devotio!
3318 2176 3415 2232 libi

1834 2281 2167 2345 compertum
2203 2281 2286 2327 est
2312 2270 2454 2345 quod
2484 2280 2667 2329 tantus
2692 2272 2774 2329 vir
2808 2269 3170 2327 carceralibus
3198 2268 3416 2324 claude-

1835 2376 1983 2421 retur
2010 2365 2329 2439 ergastulis,
2360 2366 2599 2425 cucurrit
2641 2381 2801 2436 Supra
2845 2364 3060 2423 modum
3091 2360 3419 2419 incredibilis
3432 2348 3442 2370 ’³

1834 2457 2150 2526 multitudo,
2179 2459 2449 2532 praecipue
2479 2459 2865 2519 monachorum
2896 2475 2960 2514 ac
2989 2457 3257 2531 virginum
3290 2455 3420 2511 cho-

1834 2540 1958 2618 r‘us,
1993 2560 2047 2606 et
2077 2567 2184 2607 non
2217 2550 2588 2611 materialibus
2614 2552 2804 2621 armis,
2836 2551 2929 2606 sed
2957 2549 3316 2625 lacrymarum
3346 2544 3439 2627 ι’ῑῆ

1834 2643 1973 2699 vulis
2008 2652 2063 2698 et
2095 2643 2197 2717 pize
2228 2641 2424 2701 mentis
2451 2641 2645 2698 alfectu
2676 2638 3147 2701 circumdederunt
3185 2636 3437 2721 carceris.

1835 2730 2118 2800 ambitum,
2147 2742 2201 2793 et
2231 2744 2484 2806 tanquam
2514 2734 2639 2790 boni
2669 2732 2761 2793 lilii
2800 2748 2930 2805 erga
2962 2730 3160 2787 bonum
3187 2736 3439 2802 patrem,'

1834 2830 1942 2885 imo
1966 2828 2273 2885 Christiana
2304 2829 2544 2883 membra
2573 2824 3036 2884 Christianissimo
3063 2821 3247 2896 capiti,
3295 2821 3421 2876 totis

1835 2918 2271 2989 eompassionum
2312 2915 2607 2975 visceribus
2641 2915 3014 2987 adhaerebant,
3056 2921 3319 2985 erantque
3343 2909 3423 2968 illi

1838 3028 2026 3073 nun-us
2049 3053 2064 3077 ,
2090 3011 2441 3068 observantes
2478 3026 2545 3067 ne
2574 3011 2696 3082 quis
2732 3024 3063 3082 paganorum
3093 3006 3158 3066 ad
3186 3022 3308 3067 eum
3340 3006 3422 3061 in-

1838 3103 2115 3181 grediendi
2157 3102 2362 3179 copiam
2408 3102 2651 3157 haberet.
2689 3094 2861 3157 Unam
2894 3096 3147 3155 nimirum
3177 3096 3420 3157 ontrtium

1839 3205 1986 3261 vota,
2027 3208 2262 3250 consona
2307 3208 2436 3264 vox,
2476 3190 2774 3262 eademque
2805 3187 3126 3263 eompassio,
3165 3184 3301 3242 mori
3326 3196 3422 3259 pos

144 3293 539 3359 cmperuntque
560 3284 745 3341 fideles
765 3285 829 3340 ad
858 3295 1153 3361 martyrum
1184 3284 1469 3341 memorias
1493 3294 1735 3341 caterva-
1764 3294 1807 3355 (ς
1840 3292 1947 3349 tius
1970 3305 2128 3363 quam
2157 3299 2406 3347 sanctum
2425 3285 2700 3361 quidpiam
2726 3283 2853 3339 mali
2873 3281 3081 3357 perpeti
3107 3279 3351 3341 viderent
3368 3272 3421 3333 ιι.

145 3378 237 3434 tim
265 3393 517 3445 currere,
557 3386 611 3432 et
639 3375 707 3432 ad
734 3376 935 3441 Christi
965 3375 1176 3432 laudem
1207 3385 1407 3432 emtum
1437 3391 1735 3450 congrega-

146 3487 242 3539 re;
286 3484 427 3542 quos
457 3470 654 3529 divinre
684 3470 815 3543 legis
849 3471 1075 3525 antistes
1110 3468 1291 3527 divino
1316 3467 1533 3525 oraculo
1562 3465 1737 3523 vivifi-

144 3566 329 3635 cabat,
366 3563 630 3637 erigebat,
659 3572 818 3635 atque
847 3563 1157 3629 roborabat,
1188 3561 1571 3633 erescebatque
1593 3559 1737 3634 1υεί-

147 3669 230 3715 ter
262 3660 321 3716 in
363 3659 607 3719 Ecclesia
648 3657 931 3717 multitudo
961 3656 1316 3717 credentium.
1352 3653 1457 3713 Sed
1488 3654 1606 3709 haec
1632 3664 1739 3709 non

145 3752 322 3826 :equis
346 3752 522 3811 oculis
559 3748 650 3807 ille
686 3752 939 3822 antiquus
966 3748 1235 3821 aspiciens
1274 3749 1523 3809 humana:
1552 3744 1740 3808 salutis

144 3848 324 3907 beatis
350 3847 496 3903 haud
523 3846 579 3903 in
604 3844 819 3917 longum
847 3845 1071 3919 Quievit.
1104 3842 1240 3901 Nam
1259 3841 1437 3898 subito
1464 3840 1746 3917 paganita-

149 3941 223 3995 tis
252 3938 414 3995 turbo
443 3954 512 3993 ex
540 3939 767 3994 adverso
792 3937 1050 4005 intonuit,
1071 3948 1125 3997 et
1151 3952 1301 3995 more
1323 3934 1614 3995 hibernalis
1642 3934 1743 4001 imw

149 4030 267 4097 bris
310 4028 573 4086 Ecclesia:
613 4014 965 4087 serenitatem
997 4026 1259 4100 perculit,
1299 4040 1527 4099 eamque
1554 4023 1743 4100 prOCul

153 4122 388 4194 fugavit.
421 4120 531 4177 Sed
556 4122 659 4178 hoc
686 4128 746 4179 ut
772 4106 1109 4181 manifestius
1150 4119 1376 4193 intelligi
1417 4119 1618 4189 possit,
1650 4132 1747 4175 ne-

150 4214 398 4273 cessarie
446 4214 515 4270 ad
558 4213 862 4288 impiissimi
906 4222 962 4271 et
1010 4214 1121 4270 Deo
1168 4212 1384 4271 rebellis
1430 4211 1746 4271 Diocletiani

151 4308 527 4375 atrocitatem,
543 4307 852 4381 pariterque
865 4306 1174 4363 Maximiani
1197 4305 1395 4365 Galerii
1420 4304 1748 4365 reﬂectimus

154 4397 490 4464 articulum,
521 4398 613 4469 qui
638 4412 703 4454 eo
738 4407 979 4469 tempore
1020 4411 1143 4454 cum
1182 4396 1292 4452 lilio
1328 4411 1425 4453 suo
1453 4395 1749 4457 Maximino

156 4491 447 4564 tyrannica
471 4489 750 4549 (ιοωὶιιιιιι
778 4488 1086 4547 Orientales
1114 4488 1346 4546 vexabat
1371 4487 1637 4563 regiones.
1746 4566 1747 4569 η

227 4581 404 4653 Hujus
447 4598 681 4663 namque
719 4582 1052 4656 temporibus
1097 4582 1153 4641 in
1184 4588 1390 4641 tantum
1429 4579 1749 4641 Christianae

1844 3383 1938 3443 Vir
1960 3390 2139 3441 autem
2166 3379 2377 3436 Domini
2410 3394 2532 3451 cunt
2564 3391 2765 3448 paucos
2793 3375 2906 3431 dies
2935 3370 3125 3429 eodem
3150 3384 3316 3425 nervo
3348 3378 3426 3425 tc-

1841 3483 2064 3535 neretur
2100 3482 2375 3540 retrosus,
2408 3470 2608 3526 tribuni
2639 3467 2881 3525 fecerunt
2916 3465 2982 3519 de
3020 3463 3135 3539 ipso
3165 3461 3274 3534 regi
3301 3476 3424 3532 sug-

1842 3568 2171 3643 gestionem;
2202 3564 2291 3623 ille
2327 3572 2505 3619 autem
2537 3562 2691 3633 juxta
2729 3573 2934 3615 morem
2977 3569 3089 3613 sum
3126 3552 3424 3613 ferocitatis

1844 3660 2133 3719 destinavit
2160 3657 2520 3721 sententiam,
2564 3663 2625 3710 ut
2652 3652 3024 3710 beatissimum
3055 3647 3419 3721 patriarcbam

1842 3752 2058 3831 capitali
2085 3751 2337 3825 punirent
2365 3745 2695 3807 discrimine.
2719 3744 2889 3801 Porro
2914 3740 3040 3798 dum
3077 3741 3180 3796 hoc
3205 3754 3299 3813 per
3326 3756 3423 3831 auo

1843 3828 1934 3903 res
1959 3843 2390 3903 CbriStianorum
2425 3846 2688 3912 serperet,
2715 3844 2998 3909 creperum
3023 3847 3211 3888 omnes
3235 3828 3426 3886 unani-

1844 3938 2006 3998 miter
2027 3933 2265 3995 carceris
2289 3932 2494 3988 aditum
2515 3944 2637 3986 cum
2662 3927 2807 3982 luctu
2829 3933 2883 3981 et
2907 3924 3106 4001 gemitu
3130 3919 3435 3993 custodire,

1845 4022 1899 4087 et
1928 4028 2254 4087 obsistentes
2284 4022 2552 4083 neminem
2578 4015 2855 4095 gentilium
2882 4015 3029 4072 illum
3061 4008 3265 4085 ingredi
3304 4026 3426 4086 per-

1847 4122 2152 4179 mittebant.
2192 4112 2415 4177 Tribuni
2456 4129 2584 4171 vero
2622 4122 2743 4169 eum
2785 4107 2854 4164 ad
2906 4120 3028 4164 eum
3074 4101 3425 4178 jogulandum

1848 4215 2157 4273 nullatenus
2187 4211 2452 4267 haberent
2482 4206 2782 4280 ingressum
2805 4242 2821 4273 ,
2858 4198 3041 4261 habito
3067 4196 3290 4254 consilio
3319 4203 3428 4251 sta-

1851 4314 2071 4366 tuerunt
2099 4313 2158 4361 ut
2188 4300 2366 4358 cuncti
2404 4297 2603 4357 milites
2641 4294 2857 4351 nudatis
2886 4288 3234 4349 mucronibus
3263 4303 3428 4361 pOptt-

1846 4400 2020 4467 larem
2051 4399 2417 4465 irrumperent
2453 4391 2697 4455 turbam,
2723 4394 2777 4441 et
2810 4387 2889 4441 sic
2919 4399 3040 4440 eum
3073 4380 3334 4438 duntaxat
3362 4374 3435 4435 ad

1851 4487 2222 4553 decollandum
2263 4484 2412 4543 foras
2457 4478 2843 4547 extraherent;
2889 4490 3014 4531 mox
3048 4487 3177 4530 vero
3217 4472 3261 4527 si
3310 4469 3431 4545 quis

1851 4580 2114 4641 obsistere
2139 4575 2317 4639 vellet,
2348 4570 2525 4647 gladio
2555 4567 2820 4629 interiret.
3368 4646 3375 4647 ί
3430 4562 3435 4571 '

156 4646 558 4753 persecutionis
594 4646 858 4737 astuabai
889 4676 1229 4745 incendium,
1260 4684 1321 4733 ut
1357 4690 1463 4735 non
1492 4674 1663 4735 solum
1692 4675 1746 4735 in
1779 4658 1827 4722 ο
1923 4670 2084 4729 Arius
2122 4666 2327 4723 interea
2356 4658 2529 4717 adhuc
2568 4654 2778 4753 levitico
2812 4661 3019 4753 tantum
3038 4653 3265 4753 honore
3291 4646 3437 4705 eolo~

158 4783 270 4829 uno
298 4768 488 4839 mundi
521 4766 763 4836 climate,
787 4767 881 4825 sed
908 4767 1070 4825 etiam
1102 4782 1199 4838 per
1224 4766 1532 4825 universum
1560 4765 1746 4823 orbem

163 4868 311 4919 terra
336 4862 585 4931 marique
602 4860 896 4934 impietatis
916 4858 1152 4933 procella
1176 4866 1406 4917 tonaret.
1434 4858 1747 4917 Discurren-

162 4952 311 5011 tibus
351 4954 535 5027 itaque
582 4953 706 5011 hinc
749 4953 876 5010 inde
920 4950 1285 5026 imperialibus
1327 4950 1545 5025 syllabis
1590 4957 1752 5023 atque

163 5045 559 5107 crudelissimis
584 5043 840 5111 decretis,
864 5042 1198 5107 Christicolae
1227 5056 1369 5098 nunc
1403 5041 1581 5114 palam
1609 5053 1755 5099 nunc

162 5136 520 5207 clandestinis
548 5137 937 5211 jugulabantur
971 5136 1210 5205 insidiis;
1251 5134 1430 5191 nullus
1463 5135 1609 5195 enim
1643 5132 1757 5189 dies

164 5229 420 5301 nullaque
463 5246 567 5289 nox
599 5230 667 5286 ab
707 5226 971 5285 effusione
1006 5227 1296 5289 Christiani
1328 5226 1541 5293 cruoris
1584 5234 1757 5281 trans-

168 5319 567 5383 ibatimmunis.
599 5319 714 5375 Nec
744 5330 899 5390 typus
926 5315 1321 5375 intcrfectionis
1344 5316 1597 5374 horrebat
1624 5313 1755 5371 sim-

167 5404 319 5481 plex;
352 5410 443 5465 alii
484 5411 701 5481 quidem
749 5402 977 5465 diversis
1015 5419 1069 5464 et
1108 5404 1386 5466 acerrimis
1427 5406 1759 5467 necabantur

244 5531 251 5534 .
298 5518 357 5534 ﬁ.
424 5522 457 5534 ,ι
522 5524 573 5534 ι.
754 5528 789 5534 -.
866 5526 874 5534 Α
936 5516 1000 5534 ..1.
1031 5514 1073 5534 .-
1111 5526 1127 5534 Α
1161 5518 1177 5534 ι

1855 4769 2003 4819 ratus
2036 4770 2084 4825 ο,
2118 4764 2363 4813 metuens
2400 4766 2467 4807 ne
2496 4756 2619 4825 post
2641 4746 2845 4803 exitum
2878 4745 3010 4802 tanti
3038 4744 3215 4803 Patris
3241 4757 3434 4799 recon-

1855 4848 2027 4915 eiliari
2074 4846 2382 4904 nullatenus
2411 4840 2643 4908 valeret,
2687 4836 2822 4893 adiit
2865 4852 2959 4895 eos
3007 4838 3098 4909 qui
3144 4833 3440 4892 nobiliores

1857 4950 2015 4997 erant
2040 4940 2092 4997 in
2127 4936 2305 5010 clero,
2343 4944 2397 4993 et
2432 4933 2676 4990 luctuoso
2714 4928 2965 5001 precario
2990 4927 3295 4998 blandoque
3326 4939 3440 5009 sere

1858 5018 2019 5091 mone
2042 5035 2227 5104 utpote
2256 5025 2538 5084 simulator
2562 5018 2862 5081 conabatur
2890 5030 3076 5077 sancto
3105 5016 3331 5077 suadere
3358 5029 3443 5083 ar:

1860 5122 2227 5195 chiepiscopo,
2261 5129 2321 5176 ut
2347 5116 2427 5175 illi
2455 5112 2829 5179 misericordia
2858 5110 3180 5187 indulgeret,
3217 5114 3448 5177 eumque

1860 5216 1928 5275 ab
1949 5214 2257 5289 hujusmodi
2282 5214 2518 5272 solveret
2539 5204 2889 5278 obligatione.
2910 5198 3114 5271 Verum
3137 5202 3265 5278 quid
3286 5198 3454 5256 simu.

1858 5306 1973 5368 lato
2002 5313 2166 5370 corde
2195 5304 2481 5365 fallacius?
2514 5299 2655 5378 Quid
2682 5308 2876 5360 Sancta
2911 5298 3301 5376 compositione
3326 5293 3456 5349 sim-

1860 5402 2095 5475 plicius‘i
2118 5399 2272 5459 Haud
2307 5411 2490 5462 mora;
2524 5388 2754 5465 ingressi
2782 5398 2913 5449 sum
2939 5390 3029 5466 qui
3055 5389 3224 5464 rogati
3246 5384 3459 5441 fuerant

2964 5510 2989 5534 ι
3038 5498 3045 5534 ἐ
3076 5508 3221 5534 aut.
3253 5487 3458 5534 ιιι-πιθηνί
