3926 5802
461 406 568 468 695

1625 408 1985 469 ANASTASII
2023 390 2570 472 nmmornscxmi

3617 413 3712 477 696

463 507 532 561 ad
561 505 761 560 Christi
795 505 1126 576 pontiﬁcem,
1154 514 1209 560 et
1231 515 1352 577 post
1380 516 1693 563 consuetam
1720 510 2044 574 orationem,
2073 506 2128 566 Α
2224 510 2404 569 Nostis
2437 523 2717 586 praeterea,
2751 519 3072 587 charissimi,
3110 531 3164 578 et
3203 521 3340 580 bene
3371 525 3567 592 nostis,
3596 543 3714 597 quas

461 601 794 655 consternati
837 601 951 654 solo
983 616 1102 655 cum
1130 602 1329 671 gemitu
1357 609 1410 656 et
1440 601 1690 672 lacrymis
1722 617 1904 656 sacras
1929 603 2043 673 ejus

461 693 839 748 deosculantcs
876 709 1102 759 manus,
1147 693 1460 766 flagitabant
1494 710 1616 750 eum
1649 695 1887 750 dicentes
1926 713 1937 748 :
1968 694 2044 748 Te

459 788 698 859 quidem,
727 788 1035 843 beatissime
1054 787 1236 854 Pater,
1261 788 1556 843 secundum
1581 787 1702 842 ﬁdei
1729 788 2042 858 dignitatem

458 877 722 935 Dominus
751 880 816 934 ad
846 881 1089 951 martyrii
1129 893 1381 936 coronam
1416 880 1645 945 vocavit,
1677 894 1836 950 quam
1882 888 1931 934 te
1961 894 2046 934 ce—

457 971 628 1031 lerius
661 974 906 1044 accipere
947 989 1287 1044 nequaquam
1323 974 1666 1046 ambigimus.
1705 973 1910 1028 Idcirco
1958 971 2044 1041 ju-

457 1078 602 1125 stum
626 1078 876 1138 putamus
900 1076 960 1122 ut
997 1066 1150 1123 solita
1187 1068 1383 1137 pietate
1417 1067 1695 1140 indulgeas
1723 1066 1875 1132 Ario,
1905 1066 2046 1137 ejus-

459 1175 566 1232 que
595 1159 808 1215 ﬂetibus
837 1159 1049 1214 veniam
1076 1158 1302 1214 tribuas.

532 1255 740 1322 Quibus
783 1254 980 1309 auditis
1008 1254 1091 1308 vir
1130 1252 1341 1307 Domini
1372 1267 1492 1307 cum
1525 1250 1889 1322 indignatione
1920 1251 2048 1305 sub-

458 1349 632 1403 movit
661 1361 754 1401 eos
780 1386 794 1410 ,
843 1355 896 1400 et
923 1345 1146 1400 elevatis
1177 1360 1390 1400 sursum
1442 1343 1689 1398 manibus
1737 1341 2048 1397 exclamans

461 1441 599 1498 dixit
631 1460 644 1496 :
679 1439 781 1495 Pro
804 1440 936 1494 Ario
963 1454 1048 1493 me
1070 1439 1281 1492 audetis
1308 1436 1652 1507 supplicare?
1680 1435 1844 1490 Arius
1875 1443 1927 1490 et
1957 1435 2044 1489 hic

461 1545 519 1589 et
564 1534 617 1588 in
665 1533 847 1587 futuro
896 1531 1092 1586 saeculo
1121 1546 1150 1584 a
1200 1529 1369 1600 gloria
1408 1527 1528 1582 Filii
1567 1527 1660 1582 Dei
1691 1526 1816 1582 Jesu
1845 1525 2047 1581 Christi

460 1625 674 1682 Domini
721 1624 891 1680 nostri
946 1637 1160 1692 semper
1207 1620 1312 1675 erit
1364 1627 1680 1690 segregatus
1729 1631 2049 1688 semperque

459 1715 704 1772 manebit
740 1713 976 1770 extorris
993 1726 1041 1766 α.
1084 1711 1208 1766 Hatc
1235 1711 1324 1765 illo
1354 1718 1707 1781 protestante,
1739 1723 1928 1764 omnes
1955 1706 2047 1778 qui

460 1810 709 1874 aderant,
743 1808 937 1863 timore
977 1804 1236 1877 perculsi.
1267 1811 1524 1874 tanquam
1555 1803 1690 1858 muti
1725 1801 2044 1857 reticebant.

2147 608 2272 662 liter
2301 610 2405 665 huc
2431 626 2600 680 usque
2631 611 2905 667 vobiscum
2929 623 3278 669 conversatus
3307 632 3452 681 sum,
3476 629 3715 687 quantas-

2147 715 2250 770 que
2281 701 2707 758 conﬁictationes
2736 705 2802 758 ab
2834 704 3128 760 idololatris
3156 707 3385 761 sustinui
3416 708 3714 779 gentilibus.

2148 793 2238 862 qui
2277 793 2554 849 dominum
2589 795 2924 852 Salvatorcm
2960 797 3291 869 ignorantes,
3329 799 3716 856 multitudinem

2146 883 2369 938 dcorum
2416 887 2506 955 qui
2559 902 2665 940 non
2714 896 2868 951 sunt,
2914 889 3244 945 insanientes
3295 889 3579 946 dit'famare
3622 909 3717 947 non

2147 985 2381 1032 cessant.
2429 978 2593 1034 Scitis
2625 978 2866 1049 profecto
2894 981 3163 1050 quomodo
3196 992 3611 1051 persecutorum
3636 984 3720 1037 de-

2146 1069 2396 1124 clinando
2425 1071 2650 1137 rabiem,
2686 1074 2751 1128 de
2797 1073 2912 1128 loco
2957 1074 3021 1127 ad
3067 1074 3240 1129 locum
3272 1075 3539 1145 profugus
3567 1076 3714 1133 ibam.

2146 1161 2444 1218 Plurimum
2476 1181 2705 1236 namque
2741 1168 2791 1220 in
2832 1166 3211 1234 Mesopotamia
3241 1168 3467 1224 latitans
3499 1169 3637 1239 degi.
3665 1186 3720 1224 ac

2147 1255 2368 1326 perinde
2398 1257 2536 1328 apud
2586 1257 2800 1330 Syriam
2845 1258 3118 1315 thnicis
3161 1260 3382 1324 delitui,
3426 1261 3480 1314 in
3509 1271 3722 1330 utraque

2147 1349 2308 1403 etiam
2339 1349 2622 1404 Palzestiua
2669 1351 2868 1406 diutius
2913 1353 3404 1423 peregrinationem
3457 1354 3718 1416 sustinui;

2147 1449 2202 1494 et
2231 1441 2446 1506 exinde,
2484 1451 2542 1496 ut
2570 1442 2640 1496 ita
2670 1442 2864 1507 dicam,
2897 1444 2948 1498 in
2981 1444 3087 1498 alio
3117 1444 3408 1508 elemento,
3437 1445 3546 1498 hoc
3575 1445 3722 1499 estin

2150 1531 2343 1590 insulis
2373 1549 2476 1588 non
2507 1550 2675 1604 parvo
2707 1544 2947 1604 tempore
2993 1545 3234 1590 moratus
3272 1552 3415 1591 sum.
3467 1536 3538 1591 Et
3569 1538 3621 1590 in
3651 1538 3725 1590 bis

2148 1626 2400 1681 omnibus
2449 1627 2651 1697 degens
2697 1627 3096 1684 calamitatibus
3141 1629 3421 1683 Dominico
3463 1629 3614 1700 gregi
3644 1628 3723 1698 qui

2149 1731 2282 1770 mea:
2310 1717 2559 1786 parvitati
2591 1717 2912 1772 commissus
2942 1726 3044 1780 est,
3075 1717 3160 1772 die
3189 1727 3464 1786 noctuque
3497 1719 3726 1773 scribere

2152 1821 2257 1860 non
2287 1806 2598 1862 desinebant
2628 1849 2643 1872 ,
2693 1808 3019 1864 conﬁrmans
3047 1823 3140 1864 eos
3183 1809 3237 1863 in
3269 1808 3476 1864 Christi
3508 1810 3723 1863 unitate.

460 1901 635 1958 Porro
685 1899 941 1970 suspicati
975 1907 1095 1954 sunt
1145 1912 1267 1952 eum
1313 1912 1419 1951 non
1451 1897 1568 1952 sine
1595 1895 1778 1951 divino
1806 1903 1936 1950 nutu
1966 1902 2046 1949 ta-
2075 1873 2124 1933 Β
2153 1899 2356 1953 llorum
2393 1903 2538 1955 enim
2572 1901 2730 1956 anxia
2763 1901 3064 1956 sollicitudo
3101 1917 3194 1957 cor
3221 1917 3404 1956 meum
3442 1902 3628 1956 sedule
3655 1903 3727 1957 in-

457 1993 566 2050 lem
603 1994 656 2048 in
703 1992 891 2048 Arium
941 1989 1184 2062 proferre
1216 1989 1562 2048 sententiam.
1597 1990 1744 2060 Quos
1773 1988 1899 2043 dum
1935 1987 2048 2043 cle-

459 2087 833 2146 mentissimus
873 2083 1036 2140 Pater
1062 2083 1244 2141 cordis
1272 2081 1688 2153 compunctione
1732 2080 1953 2135 silentes
1984 2094 2048 2133 ac

459 2189 689 2236 maestos
720 2179 1028 2249 aspiceret,
1075 2177 1250 2232 noluit
1293 2185 1543 2231 austerus
1591 2187 1932 2245 permanere,
1961 2170 2047 2226 vel

459 2285 556 2327 eos
588 2270 741 2342 quasi
770 2279 1125 2324 contemnens
1152 2268 1270 2322 sine
1301 2265 1671 2322 satisfactione
1699 2263 2042 2334 relinquere;

459 2363 554 2418 sed
586 2375 870 2416 assumens
897 2358 1161 2414 Achillam
1205 2368 1260 2414 et
1291 2357 1656 2413 Alexandrum
1683 2398 1698 2422 ,
1748 2356 1836 2424 qui
1872 2357 1924 2409 in
1956 2371 2044 2409 sa-

459 2453 772 2509 cerdotibus
801 2452 1043 2507 seniores
1078 2465 1142 2505 ac
1189 2451 1492 2505 sanctiores
1535 2464 1652 2504 esse
1702 2447 2044 2510 videbantur,

459 2560 625 2601 unum
652 2561 720 2600 ex
763 2545 843 2600 eis
869 2545 1075 2600 habens
1101 2543 1167 2597 ad
1209 2543 1484 2598 dexteram
1515 2583 1531 2608 ,
1574 2540 1802 2595 alterum
1835 2553 2047 2609 quoque

460 2640 528 2695 ad
564 2639 771 2703 ltevam,
819 2637 1093 2708 paululum
1145 2652 1240 2692 eos
1282 2635 1584 2706 segregavit
1631 2649 1660 2687 a
1693 2633 1940 2696 czcteris,
1993 2640 2050 2685 ct

459 2731 644 2788 clauso
690 2746 938 2786 sermone
987 2729 1125 2784 dixit
1166 2728 1232 2784 ad
1277 2743 1370 2784 eos
1403 2745 1416 2782 :
1453 2725 1626 2780 Nolite
1657 2739 1777 2789 me,
1826 2721 2043 2784 fratres,

458 2831 716 2893 tanquam
747 2822 1096 2876 inhumanum
1146 2834 1211 2875 ac
1258 2819 1487 2890 rigidum
1521 2818 1800 2887 accipere;
1855 2829 2045 2869 revera

457 2915 602 2970 enim
629 2924 683 2969 et
713 2929 811 2985 ego
836 2913 999 2968 homo
1028 2929 1147 2968 sum
1179 2911 1280 2968 sub
1305 2912 1422 2982 lege
1451 2910 1658 2981 peccati
1687 2909 1918 2980 degens;
1953 2907 2048 2962 sed

459 3004 666 3060 credite
698 3003 834 3058 meis
863 3003 1224 3058 sermonibus.
1260 3001 1461 3057 Lateus
1487 3001 1602 3056 Arii
1633 3000 1789 3056 dolus
1829 3014 2046 3054 omnem

458 3103 683 3164 superat
711 3095 1048 3165 iniquitatem
1077 3134 1091 3159 ,
1137 3108 1461 3164 omnemque
1497 3091 1903 3163 supergreditur
1943 3090 2048 3144 im-

457 3187 755 3258 pietatem;
805 3187 991 3240 ethoc
1024 3201 1130 3242 non
1176 3201 1205 3240 a
1245 3185 1565 3253 memetipso
1611 3197 1892 3248 asserens,
1932 3180 2048 3250 ejus

461 3277 666 3333 sancivi
711 3276 1159 3349 segregationem.
1213 3275 1326 3332 Hac
1368 3276 1566 3332 etenim
1599 3285 1755 3330 nocte
1785 3275 1910 3329 dum
1953 3290 2045 3330 so-

460 3367 714 3424 lemnitcr
762 3381 956 3438 preces
1003 3366 1069 3422 ad
1117 3367 1287 3422 Deum
1339 3366 1615 3420 funderent
1643 3405 1656 3430 ,
1697 3364 1870 3420 astitit
1914 3364 2047 3420 mihi

462 3461 686 3530 quidam
723 3474 857 3531 puer
889 3459 1044 3532 quasi
1079 3459 1360 3515 duodecim
1393 3473 1680 3524 annorum,
1707 3457 1862 3526 cujus
1892 3458 2046 3513 faciei

462 3553 764 3609 claritatem
799 3552 938 3609 ferre
969 3568 1073 3607 non
1099 3560 1368 3622 poteram,
1396 3566 1519 3605 nam
1552 3559 1659 3604 tota
1691 3550 1805 3605 haec
1831 3549 1964 3605 cella
1993 3550 2044 3604 in

459 3660 570 3716 qua
602 3653 810 3700 stamus
853 3645 1116 3699 immenso
1148 3643 1350 3698 lumine
1399 3640 1663 3697 radiabat.
1709 3641 1828 3712 ipse
1867 3649 2046 3696 autem

460 3734 795 3790 linostimum
821 3744 939 3790 erat
964 3735 1182 3790 indutus
1207 3734 1496 3801 colobium,
1524 3735 1751 3790 scissum
1782 3734 1835 3788 in
1862 3743 2049 3804 partes

463 3833 726 3895 utrasque
755 3841 784 3878 a
815 3825 953 3880 collo
982 3841 1152 3894 usque
1183 3825 1249 3881 ad
1279 3826 1464 3896 pedes,
1507 3834 1803 3897 tenensque
1832 3828 2047 3897 gemina

464 3931 628 3971 manu
654 3916 850 3972 colobii
897 3918 1195 3983 scissuras,
1241 3918 1543 3990 applicabat
1572 3935 1665 3976 eas
1692 3921 1898 3990 pectori
1926 3935 2045 3987 suo,

464 4017 732 4079 quatenus
783 4011 1056 4080 propriam
1111 4019 1319 4083 tegeret
1371 4013 1692 4068 nuditatem.
1767 4013 1850 4069 Ad
1909 4015 2049 4070 hanc

463 4100 950 4170 quippevisionem
979 4118 1077 4172 ego
1104 4103 1332 4158 miratus
1357 4103 1627 4174 obstupui.
1659 4103 1778 4159 Mox
1809 4104 1896 4159 ubi
1926 4105 2049 4159 data

467 4201 551 4248 est
579 4193 712 4247 mihi
745 4193 992 4264 loquendi
1026 4196 1240 4259 ﬁducia,
1269 4196 1579 4250 exclamans
1614 4197 1722 4251 dixi
1755 4215 1767 4250 :
1799 4195 2046 4264 Domine,

465 4284 589 4355 quis
620 4284 713 4340 tibi
744 4286 846 4340 hoc
877 4287 1034 4342 scidit
1063 4275 1475 4343 indumentum?
1511 4288 1577 4341 Et
1603 4287 1690 4342 ille
1723 4306 1735 4341 :
1766 4288 1932 4344 Arius
1962 4303 2048 4344 me

462 4376 645 4442 scidit,
675 4378 767 4433 sed
799 4393 1040 4447 pnecave
1070 4380 1290 4434 omnino
1337 4395 1405 4433 ne
1439 4394 1563 4434 eum
1606 4379 1660 4433 in
1707 4379 2046 4434 communio-

463 4481 591 4522 nem
637 4469 898 4539 recipias;
947 4483 1074 4524 ecce
1103 4471 1245 4524 enim
1286 4471 1525 4526 crastina
1565 4470 1649 4526 die
1679 4471 1891 4526 venturi
1922 4480 2050 4527 sunt

463 4561 558 4632 qui
587 4571 639 4617 te
666 4578 762 4632 pro
791 4579 855 4618 co
893 4564 1259 4633 postulabunt.
1306 4563 1442 4621 Vide
1475 4581 1606 4638 ergo
1633 4583 1700 4622 ne
1730 4582 1923 4623 suasus
1955 4583 2047 4623 ac-
2074 4603 2124 4664 Β

458 4653 710 4726 quiescas
742 4655 876 4720 illis;
923 4657 1050 4726 quin
1077 4656 1256 4727 potius
1277 4656 1462 4727 jubelo
1488 4656 1711 4714 Achillae
1736 4659 2045 4730 pariterque

458 4745 768 4802 Alexandro
835 4747 1203 4818 presbyteris,
1251 4749 1342 4816 qui
1393 4757 1516 4818 post
1565 4757 1712 4803 tuum
1758 4749 2044 4804 transitum

461 4835 664 4889 recturi
714 4843 838 4888 sunt
867 4834 1162 4891 Ecclesiam
1193 4851 1390 4901 meam,
1425 4853 1493 4892 ne
1525 4837 1865 4908 aliquatenus
1894 4839 2043 4893 illum

463 4930 748 5000 recipiant.
782 4930 862 4984 Tu
895 4940 1076 4986 autem
1105 4931 1319 4988 futurus
1347 4947 1406 4988 es
1441 4934 1685 5006 martyrii
1714 4943 1917 4989 sortem
1947 4949 2044 4988 ve-

461 5021 635 5078 locius
663 5023 902 5092 explere.
946 5024 1117 5097 Hujus
1156 5037 1336 5082 autem
1377 5028 1604 5084 visionis
1632 5045 1792 5084 causa
1827 5029 1899 5084 nil
1930 5045 2044 5084 am-

462 5115 606 5187 plius
635 5115 754 5170 fuit.
808 5116 946 5173 Ecce
985 5118 1219 5176 satisfeci
1249 5121 1438 5185 vobis,
1487 5131 1542 5176 et
1571 5138 1689 5192 quae
1729 5123 1878 5190 jussa
1921 5131 2048 5177 sunt

463 5220 690 5276 prorsus
723 5208 1057 5263 annuntiavi.
1107 5209 1373 5266 Cancrum
1420 5213 1548 5284 quid
1584 5229 1650 5268 ex
1688 5213 1772 5268 his
1818 5211 2044 5280 facietis,

462 5311 562 5353 vos
593 5298 858 5354 videritis.
885 5300 954 5354 Et
977 5300 1044 5356 de
1065 5301 1196 5357 Ario
1216 5305 1433 5373 quidem
1464 5305 1596 5360 haec.

543 5444 571 5475 ⁸
611 5432 832 5490 Addunt
871 5432 964 5488 hic
1001 5432 1137 5488 Acta
1166 5433 1584 5499 Combeﬁsiana,
1612 5436 2050 5499 quemadmodum

465 5501 558 5557 ille
586 5503 683 5556 Dei
708 5500 911 5576 [filium
947 5520 986 5576 a_
1007 5511 1220 5576 patern_a
1261 5505 1429 5576 gloria
1472 5515 1520 5560 et
1544 5500 1836 5576 substantia
1864 5523 2049 5576 seque-

469 5575 674 5644 uravit.
708 5571 1025 5644 Male,‘quia
1055 5571 1290 5644 nondum
1319 5574 1480 5630 Arius
1508 5590 1659 5644 suam
1684 5571 2053 5644 bzeresim'pa-

472 5641 754 5696 tefecerat.
793 5641 886 5688 sed
916 5640 986 5682 nh
1012 5640 1244 5692 schisma
1284 5643 1656 5695 tantummodo
1685 5640 2044 5696 Meletianu‘m-

2150 1991 2402 2062 stigabat,
2438 2001 2491 2047 et
2537 2007 2622 2048 me
2664 1993 2947 2065 quiescere
2978 2008 3083 2047 non
3113 1993 3354 2060 sinebat;
3397 1993 3724 2049 solummodo

2149 2082 2320 2140 levius
2347 2101 2430 2138 me
2457 2084 2659 2140 habere
2699 2086 2949 2156 putabam
2989 2084 3206 2156 quando
3233 2099 3328 2141 eos
3356 2101 3611 2156 superna:
3638 2101 3726 2156 po-

2151 2176 2332 2230 testati
2362 2176 2786 2233 committebam.

2220 2265 2339 2322 Jam
2370 2283 2500 2324 vero
2537 2277 2758 2340 propter
2789 2267 3092 2324 fortunatos
3118 2269 3404 2339 pontiﬁces
3427 2310 3443 2332 ,
3491 2267 3723 2323 Phileum

2150 2361 2302 2426 dico,
2349 2360 2673 2434 Hesychium
2705 2361 2734 2402 ι)
2758 2371 2919 2432 atque
2966 2360 3338 2425 Theodorum,
3390 2362 3485 2432 qui
3517 2361 3672 2432 digne
3695 2374 3723 2413 ι

2149 2453 2328 2508 divina
2358 2453 2528 2524 gratia
2563 2463 2689 2509 sunt
2715 2455 2917 2519 vocati,
2949 2471 3110 2526 quam
3137 2455 3318 2526 gravis
3343 2469 3434 2509 me
3463 2452 3722 2508 tribulatio

2149 2545 2456 2615 quatiebat!
2508 2545 2570 2600 Hi
2599 2545 2765 2612 enim,
2795 2553 2855 2600 ut
2895 2546 2991 2616 ipsi
3033 2547 3203 2612 scitis,
3236 2548 3304 2602 ob
3335 2544 3543 2601 Christi
3579 2544 3721 2598 ﬁdem

2150 2652 2273 2692 cum
2321 2637 2541 2707 reliquis
2592 2637 2994 2693 confessoribus
3037 2637 3266 2694 diversis
3314 2638 3722 2692 macerabantnr

2149 2727 2444 2798 suppliciis.
2487 2728 2552 2782 Et
2578 2728 2703 2799 quia
2738 2728 2789 2782 in
2823 2729 2910 2784 tali
2944 2745 3113 2800 agone
3158 2745 3262 2784 non
3304 2729 3483 2784 solum
3511 2730 3722 2785 clerico-

2151 2835 2294 2885 rum,
2321 2820 2414 2875 sed
2442 2820 2610 2875 etiam
2639 2820 2900 2877 laicorum
2938 2822 3036 2892 ipsi
3065 2830 3219 2877 erant
3245 2820 3489 2892 signiferi
3519 2830 3576 2875 et
3601 2835 3722 2890 pre-

2151 2918 2416 2979 ceptores,
2451 2918 2738 2981 propterea
2773 2911 2929 2965 valde
2964 2911 3213 2977 verebar,
3246 2927 3316 2966 ne
3342 2911 3519 2982 longis
3545 2910 3723 2965 deﬁce-

2151 3009 2274 3054 rent
2294 3000 2644 3066 cruciatibus,
2671 3009 2935 3056 eteorum
2960 3001 3209 3067 defectio,
3235 3001 3380 3072 quod
3405 3001 3555 3056 dictu
3578 3012 3724 3072 grave

2149 3099 2252 3154 est,
2279 3089 2525 3160 plurimis
2550 3090 2780 3160 negandi
2806 3089 2946 3145 foret
2966 3089 3378 3157 oﬂ'endiculum;
3409 3099 3570 3146 erant
3595 3091 3724 3144 enim

2151 3182 2295 3238 ultra
2328 3192 2613 3237 sexcentos
2645 3182 2946 3253 sexaginta,
2976 3181 3067 3252 qui
3100 3196 3224 3236 cum
3254 3182 3334 3237 eis
3373 3181 3728 3236 careeralibus

2152 3277 2506 3332 arctabantur
2531 3275 2837 3348 ergastulis.
2869 3274 3025 3331 Unde
3057 3290 3249 3346 magno
3286 3273 3476 3329 labore
3518 3289 3728 3344 magno-

2150 3383 2256 3438 que
2303 3376 2554 3440 satagens
2597 3368 2826 3431 sudore,
2875 3382 2982 3422 non
3029 3369 3310 3422 cessabam
3359 3366 3426 3421 de
3470 3365 3731 3436 praedictis

2150 3458 2283 3513 locis
2315 3459 2552 3513 scribere
2582 3458 2832 3514 omnibus
2866 3456 2999 3522 illis,
3043 3457 3336 3511 exhortans
3365 3471 3465 3511 eos
3495 3456 3564 3510 ad
3600 3470 3734 3511 mar-

2150 3551 2274 3622 tyrii
2305 3550 2537 3621 palmam
2571 3551 2885 3622 magisterio
2915 3550 3080 3605 divini
3107 3547 3318 3604 affatus.
3353 3548 3586 3616 Quando
3613 3564 3730 3604 vero

2149 3641 2390 3696 omnium
2433 3657 2623 3697 eorum
2669 3641 3006 3714 magnificam
3051 3641 3227 3696 audivi
3276 3641 3731 3714 perseverantiam

2150 3745 2204 3788 et
2230 3734 2498 3804 paSsionis
2524 3733 2816 3806 gloriosum
2847 3733 3028 3799 ﬁnem,
3077 3733 3275 3788 cadens
3313 3732 3366 3786 in
3398 3742 3604 3786 terram
3650 3731 3732 3786 ad-

2148 3825 2300 3881 oravi
2336 3825 2540 3881 Christi
2567 3825 2927 3894 majestatem,
2959 3824 3048 3895 qui
3079 3839 3174 3881 eos
3199 3823 3342 3878 inter
3370 3823 3624 3894 martyrii
3652 3837 3735 3877 ca-

2150 3923 2330 3972 tervas
2358 3931 2719 3971 annumerare
2754 3915 3004 3986 dignatus
3033 3923 3136 3970 est.

2221 4007 2359 4076 Quid
2391 4010 2554 4063 etiam
2585 4008 2741 4063 vobis
2780 4009 2846 4064 de
2883 4007 3094 4062 Meletio
3118 4005 3514 4078 Lycopolitano
3540 4017 3563 4045 ε
3599 4020 3735 4060 com-

2150 4101 2481 4154 memorem?
2514 4101 2602 4168 qui
2641 4108 2876 4170 quantas
2901 4097 3307 4168 persecutiones
3331 4137 3346 4162 ,
3396 4105 3733 4166 quantosque

2150 4191 2302 4247 dolos
2331 4192 2459 4246 mihi
2488 4192 2558 4247 sit
2579 4191 2873 4260 iaculatus,
2912 4207 3009 4245 vos
3037 4190 3348 4245 omnimodo
3383 4190 3532 4243 scire
3564 4187 3732 4243 nulla-

2150 4292 2308 4339 tenus
2352 4284 2586 4356 ambigo.
2635 4282 2782 4339 Proh
2817 4282 3001 4338 nefas!
3051 4281 3304 4351 scindere
3326 4288 3732 4336 sacrosanctam

2150 4375 2444 4433 Ecclesiam
2496 4393 2603 4432 non
2650 4376 2875 4442 metuit,
2923 4390 3085 4446 quam
3135 4373 3230 4429 Dei
3277 4373 3453 4428 Filius
3505 4373 3732 4444 pretioso

2149 4467 2413 4539 sanguine
2444 4467 2693 4534 redemit,
2730 4480 2958 4536 eamque
3005 4473 3064 4520 ut
3091 4464 3157 4520 de
3200 4463 3398 4519 diaboli
3453 4462 3731 4531 tyrannide

2149 4561 2426 4627 liberaret,
2455 4562 2690 4618 animam
2740 4577 2942 4634 ponere
2987 4576 3096 4615 non
3142 4560 3416 4616 titubavit.
3469 4557 3646 4623 Hanc,
3678 4568 3729 4612 ut

2150 4655 2330 4711 dicere
2357 4655 2494 4724 ccepi
2520 4695 2534 4720 ,
2581 4654 2945 4724 nequissimus
2991 4652 3234 4708 Meletius
3263 4651 3544 4714 scindens,
3573 4652 3728 4707 etiam

2149 4758 2367 4805 sanctos
2390 4749 2688 4819 episcopos,
2715 4749 2808 4820 qui
2837 4758 2963 4803 ante
2983 4747 3257 4818 paululum
3285 4760 3386 4816 per
3412 4745 3728 4816 martyrium

2149 4842 2316 4897 cados
2358 4849 2731 4913 penetrarunt,
2765 4841 2818 4897 in
2866 4840 3101 4896 carceris
3129 4839 3376 4894 custodia
3424 4851 3728 4908 expugnare

2150 4945 2314 5007 atque
2345 4935 2581 5006 aﬁligere
2609 4951 2715 4990 non
2754 4935 3056 4990 desinebat.
3103 4933 3303 4988 Cavete
3332 4931 3502 5002 igitur
3529 4932 3598 4987 ab
3623 4930 3726 4998 ejus

2149 5029 2379 5084 insidiis.
2427 5029 2538 5099 Ego
2563 5029 2728 5093 enim,
2758 5037 2820 5083 ut
2865 5027 2966 5098 ipsi
3008 5026 3219 5090 videtis,
3262 5025 3516 5096 alligatus
3557 5023 3721 5078 divina

2149 5121 2416 5177 charitate
2447 5117 2781 5190 proﬁciscor,
2810 5118 3137 5174 voluntatem
3169 5117 3260 5172 Dei
3290 5117 3549 5171 omnibus
3587 5124 3722 5169 ante-

2147 5228 2372 5286 ponens.
2407 5210 2533 5267 Scio
2578 5226 2771 5281 nempe
2800 5210 2927 5281 quia
2958 5210 3157 5265 tribuni
3190 5211 3256 5264 de
3298 5223 3422 5263 mea
3453 5223 3589 5263 nece
3620 5216 3716 5260 tre-

2147 5306 2398 5377 pidantes
2423 5304 2730 5370 mussitant,
2752 5304 2846 5359 sed
2872 5302 3074 5358 nullum
3101 5318 3167 5358 ex
3193 5303 3298 5358 hoc
3323 5303 3406 5358 eis
3428 5311 3718 5357 sermonem

2228 5435 2257 5476 ι)
2295 5434 2429 5492 Acta
2479 5434 2871 5491 Combeﬁsiana
2915 5445 2976 5492 et
3021 5435 3141 5493 cod.
3201 5434 3322 5491 Vat.
3376 5431 3485 5490 622
3531 5431 3718 5490 addant

2156 5504 2524 5561 Pachomium.

2230 5576 2504 5654 C_Cptime
2540 5585 2758 5654 noster;
2805 5587 2940 5654 erat‘
2965 5576 3106 5654 enim
3133 5576 3375 5654 Meletius
3401 5571 3718 5654 Lycopoleos

2158 5647 2210 5684 in
2242 5645 2515 5692 Thebaide
2555 5647 2858 5703 nnisconus.
2906 5647 3144 5704 Pessime
3172 5648 3303 5702 Acta
3335 5645 3716 5701 Combetisiana

3003 5719 3034 5728 "
3081 5718 3187 5755 ἠπ
3215 5716 3528 5770 scribuntur
3557 5729 3587 5768 a
3613 5714 3714 5784 pri-
