  <div class='ocr_page' id='page_1' title='image "/cluster/home/n/w/nwhite01/storage/ocr_20150623/129/hvd.32044015471709/354.png"; bbox 0 0 4016 6296; ppageno 0'>
   <div class='ocr_carea' id='block_1_1' title="bbox 207 385 308 448">
    <p class='ocr_par' dir='ltr' id='par_1_1' title="bbox 207 385 308 448">
     <span class='ocr_line' id='line_1_1' title="bbox 207 385 308 448; baseline -0.02 0"><span class='ocrx_word' id='word_1_1' title='bbox 207 385 308 448; x_wconf 71' lang='lat'><strong>697</strong></span> 
     </span>
    </p>
   </div>
   <div class='ocr_carea' id='block_1_2' title="bbox 933 385 2737 453">
    <p class='ocr_par' dir='ltr' id='par_1_2' title="bbox 933 385 2737 453">
     <span class='ocr_line' id='line_1_2' title="bbox 933 385 2737 453; baseline 0.005 -9"><span class='ocrx_word' id='word_1_2' title='bbox 933 385 1494 448; x_wconf 78' lang='lat' dir='ltr'><strong>INTERPRETA&#39;I‘IO</strong></span> <span class='ocrx_word' id='word_1_3' title='bbox 1529 388 1867 450; x_wconf 78' lang='lat' dir='ltr'><strong>ACTORUM</strong></span> <span class='ocrx_word' id='word_1_4' title='bbox 1906 390 1962 449; x_wconf 93' lang='lat' dir='ltr'><strong>S.</strong></span> <span class='ocrx_word' id='word_1_5' title='bbox 2007 391 2209 452; x_wconf 79' lang='lat' dir='ltr'><strong>PETRI</strong></span> <span class='ocrx_word' id='word_1_6' title='bbox 2247 391 2737 453; x_wconf 74' lang='lat' dir='ltr'><strong>ALEXANDRINI.</strong></span> 
     </span>
    </p>
   </div>
   <div class='ocr_carea' id='block_1_3' title="bbox 3365 358 3470 456">
    <p class='ocr_par' dir='ltr' id='par_1_3' title="bbox 3365 358 3470 456">
     <span class='ocr_line' id='line_1_3' title="bbox 3365 358 3470 456; baseline 0 -1"><span class='ocrx_word' id='word_1_7' title='bbox 3365 358 3470 456; x_wconf 79' lang='lat' dir='ltr'><strong>69s</strong></span> 
     </span>
    </p>
   </div>
   <div class='ocr_carea' id='block_1_4' title="bbox 206 500 3476 580">
    <p class='ocr_par' dir='ltr' id='par_1_4' title="bbox 206 500 3476 580">
     <span class='ocr_line' id='line_1_4' title="bbox 206 500 3476 580; baseline 0.001 -18"><span class='ocrx_word' id='word_1_8' title='bbox 206 506 468 571; x_wconf 88' lang='lat' dir='ltr'><strong>interam,</strong></span> <span class='ocrx_word' id='word_1_9' title='bbox 517 516 692 575; x_wconf 88' lang='lat' dir='ltr'><strong>neque</strong></span> <span class='ocrx_word' id='word_1_10' title='bbox 717 503 861 560; x_wconf 90' lang='lat' dir='ltr'><strong>enim</strong></span> <span class='ocrx_word' id='word_1_11' title='bbox 914 505 1150 559; x_wconf 91' lang='lat' dir='ltr'><strong>animam</strong></span> <span class='ocrx_word' id='word_1_12' title='bbox 1201 519 1376 560; x_wconf 84' lang='lat' dir='ltr'><strong>meam</strong></span> <span class='ocrx_word' id='word_1_13' title='bbox 1406 500 1780 576; x_wconf 76' lang='lat' dir='ltr'><strong>pretiosiorem</strong></span> <span class='ocrx_word' id='word_1_14' title='bbox 1812 507 1860 567; x_wconf 82' lang='grc' dir='ltr'><strong>Α</strong></span> <span class='ocrx_word' id='word_1_15' title='bbox 1887 521 2014 561; x_wconf 92' lang='lat' dir='ltr'><strong>num</strong></span> <span class='ocrx_word' id='word_1_16' title='bbox 2067 507 2401 564; x_wconf 88' lang='lat' dir='ltr'><strong>Salvatorem</strong></span> <span class='ocrx_word' id='word_1_17' title='bbox 2452 522 2616 578; x_wconf 83' lang='lat' dir='ltr'><strong>super</strong></span> <span class='ocrx_word' id='word_1_18' title='bbox 2659 523 2851 565; x_wconf 90' lang='lat' dir='ltr'><strong>omnes</strong></span> <span class='ocrx_word' id='word_1_19' title='bbox 2898 508 3182 566; x_wconf 61' lang='lat' dir='ltr'><strong>haereticos</strong></span> <span class='ocrx_word' id='word_1_20' title='bbox 3221 506 3476 580; x_wconf 81' lang='lat' dir='ltr'><strong>blasphe-</strong></span> 
     </span>
    </p>
   </div>
   <div class='ocr_carea' id='block_1_5' title="bbox 204 593 1784 668">
    <p class='ocr_par' dir='ltr' id='par_1_5' title="bbox 204 593 1784 668">
     <span class='ocr_line' id='line_1_5' title="bbox 204 593 1784 668; baseline -0.001 -16"><span class='ocrx_word' id='word_1_21' title='bbox 204 611 286 652; x_wconf 88' lang='lat' dir='ltr'><strong>me</strong></span> <span class='ocrx_word' id='word_1_22' title='bbox 325 596 442 665; x_wconf 93' lang='lat' dir='ltr'><strong>ipso</strong></span> <span class='ocrx_word' id='word_1_23' title='bbox 489 595 706 651; x_wconf 79' lang='lat' dir='ltr'><strong>faciam.</strong></span> <span class='ocrx_word' id='word_1_24' title='bbox 755 593 893 661; x_wconf 84' lang='lat' dir='ltr'><strong>Quin</strong></span> <span class='ocrx_word' id='word_1_25' title='bbox 944 595 1052 650; x_wconf 92' lang='lat' dir='ltr'><strong>imo</strong></span> <span class='ocrx_word' id='word_1_26' title='bbox 1086 603 1307 664; x_wconf 88' lang='lat' dir='ltr'><strong>paratus</strong></span> <span class='ocrx_word' id='word_1_27' title='bbox 1355 612 1472 650; x_wconf 91' lang='lat' dir='ltr'><strong>sum</strong></span> <span class='ocrx_word' id='word_1_28' title='bbox 1519 597 1784 668; x_wconf 89' lang='lat' dir='ltr'><strong>perlicere</strong></span> 
     </span>
    </p>
   </div>
   <div class='ocr_carea' id='block_1_6' title="bbox 203 689 1782 758">
    <p class='ocr_par' dir='ltr' id='par_1_6' title="bbox 203 689 1782 758">
     <span class='ocr_line' id='line_1_6' title="bbox 203 689 1782 758; baseline 0.003 -15"><span class='ocrx_word' id='word_1_29' title='bbox 203 703 418 744; x_wconf 87' lang='lat' dir='ltr'><strong>cursum</strong></span> <span class='ocrx_word' id='word_1_30' title='bbox 463 703 626 758; x_wconf 86' lang='lat' dir='ltr'><strong>quem</strong></span> <span class='ocrx_word' id='word_1_31' title='bbox 671 689 801 744; x_wconf 91' lang='lat' dir='ltr'><strong>mihi</strong></span> <span class='ocrx_word' id='word_1_32' title='bbox 845 690 1104 747; x_wconf 88' lang='lat' dir='ltr'><strong>Dominus</strong></span> <span class='ocrx_word' id='word_1_33' title='bbox 1151 705 1304 747; x_wconf 86' lang='lat' dir='ltr'><strong>meus</strong></span> <span class='ocrx_word' id='word_1_34' title='bbox 1348 690 1505 748; x_wconf 70' lang='lat' dir='ltr'><strong>Iesus</strong></span> <span class='ocrx_word' id='word_1_35' title='bbox 1532 690 1782 748; x_wconf 90' lang='lat' dir='ltr'><strong>Christus</strong></span> 
     </span>
    </p>
   </div>
   <div class='ocr_carea' id='block_1_7' title="bbox 200 779 1783 855">
    <p class='ocr_par' dir='ltr' id='par_1_7' title="bbox 200 779 1783 855">
     <span class='ocr_line' id='line_1_7' title="bbox 200 779 1783 855; baseline 0.002 -19"><span class='ocrx_word' id='word_1_36' title='bbox 200 779 440 850; x_wconf 84' lang='lat' dir='ltr'><strong>polliceri</strong></span> <span class='ocrx_word' id='word_1_37' title='bbox 487 781 737 852; x_wconf 89' lang='lat' dir='ltr'><strong>dignatus</strong></span> <span class='ocrx_word' id='word_1_38' title='bbox 764 791 848 838; x_wconf 86' lang='lat' dir='ltr'><strong>est</strong></span> <span class='ocrx_word' id='word_1_39' title='bbox 872 823 887 847; x_wconf 92' lang='lat'><strong>,</strong></span> <span class='ocrx_word' id='word_1_40' title='bbox 934 791 989 838; x_wconf 88' lang='lat' dir='ltr'><strong>et</strong></span> <span class='ocrx_word' id='word_1_41' title='bbox 1016 784 1373 840; x_wconf 78' lang='lat' dir='ltr'><strong>ministerium</strong></span> <span class='ocrx_word' id='word_1_42' title='bbox 1400 785 1542 855; x_wconf 89' lang='lat' dir='ltr'><strong>quod</strong></span> <span class='ocrx_word' id='word_1_43' title='bbox 1570 786 1638 841; x_wconf 90' lang='lat' dir='ltr'><strong>ab</strong></span> <span class='ocrx_word' id='word_1_44' title='bbox 1667 786 1783 855; x_wconf 88' lang='lat' dir='ltr'><strong>ipso</strong></span> 
     </span>
    </p>
   </div>
   <div class='ocr_carea' id='block_1_8' title="bbox 199 873 1780 949">
    <p class='ocr_par' dir='ltr' id='par_1_8' title="bbox 199 873 1780 949">
     <span class='ocr_line' id='line_1_8' title="bbox 199 873 1780 949; baseline 0.004 -21"><span class='ocrx_word' id='word_1_45' title='bbox 199 873 404 942; x_wconf 82' lang='lat' dir='ltr'><strong>accepi,</strong></span> <span class='ocrx_word' id='word_1_46' title='bbox 429 874 480 930; x_wconf 95' lang='lat' dir='ltr'><strong>ei</strong></span> <span class='ocrx_word' id='word_1_47' title='bbox 509 873 736 931; x_wconf 88' lang='lat' dir='ltr'><strong>fideliter</strong></span> <span class='ocrx_word' id='word_1_48' title='bbox 765 875 1058 946; x_wconf 89' lang='lat' dir='ltr'><strong>assignare.</strong></span> <span class='ocrx_word' id='word_1_49' title='bbox 1101 877 1265 934; x_wconf 83' lang='lat' dir='ltr'><strong>Orate</strong></span> <span class='ocrx_word' id='word_1_50' title='bbox 1293 893 1392 949; x_wconf 90' lang='lat' dir='ltr'><strong>pro</strong></span> <span class='ocrx_word' id='word_1_51' title='bbox 1421 879 1528 948; x_wconf 78' lang='lat' dir='ltr'><strong>me,</strong></span> <span class='ocrx_word' id='word_1_52' title='bbox 1554 878 1780 945; x_wconf 82' lang='lat' dir='ltr'><strong>fratres;</strong></span> 
     </span>
    </p>
   </div>
   <div class='ocr_carea' id='block_1_9' title="bbox 198 963 1782 1040">
    <p class='ocr_par' dir='ltr' id='par_1_9' title="bbox 198 963 1782 1040">
     <span class='ocr_line' id='line_1_9' title="bbox 198 963 1782 1040; baseline 0.004 -22"><span class='ocrx_word' id='word_1_53' title='bbox 198 963 427 1020; x_wconf 88' lang='lat' dir='ltr'><strong>ulterius</strong></span> <span class='ocrx_word' id='word_1_54' title='bbox 471 981 558 1020; x_wconf 89' lang='lat' dir='ltr'><strong>me</strong></span> <span class='ocrx_word' id='word_1_55' title='bbox 606 965 658 1020; x_wconf 93' lang='lat' dir='ltr'><strong>in</strong></span> <span class='ocrx_word' id='word_1_56' title='bbox 709 966 811 1022; x_wconf 89' lang='lat' dir='ltr'><strong>hac</strong></span> <span class='ocrx_word' id='word_1_57' title='bbox 853 968 962 1023; x_wconf 88' lang='lat' dir='ltr'><strong>vita</strong></span> <span class='ocrx_word' id='word_1_58' title='bbox 1007 969 1286 1026; x_wconf 79' lang='lat' dir='ltr'><strong>vobiscum</strong></span> <span class='ocrx_word' id='word_1_59' title='bbox 1315 970 1501 1026; x_wconf 82' lang='lat' dir='ltr'><strong>vivere</strong></span> <span class='ocrx_word' id='word_1_60' title='bbox 1527 969 1638 1040; x_wconf 86' lang='lat' dir='ltr'><strong>jam</strong></span> <span class='ocrx_word' id='word_1_61' title='bbox 1677 987 1782 1026; x_wconf 90' lang='lat' dir='ltr'><strong>non</strong></span> 
     </span>
    </p>
   </div>
   <div class='ocr_carea' id='block_1_10' title="bbox 197 1054 1780 1130">
    <p class='ocr_par' dir='ltr' id='par_1_10' title="bbox 197 1054 1780 1130">
     <span class='ocr_line' id='line_1_10' title="bbox 197 1054 1780 1130; baseline 0.005 -22"><span class='ocrx_word' id='word_1_62' title='bbox 197 1054 474 1110; x_wconf 85' lang='lat' dir='ltr'><strong>videbitis.</strong></span> <span class='ocrx_word' id='word_1_63' title='bbox 514 1055 853 1130; x_wconf 83' lang='lat' dir='ltr'><strong>Quapropter</strong></span> <span class='ocrx_word' id='word_1_64' title='bbox 879 1060 1142 1116; x_wconf 83' lang='lat' dir='ltr'><strong>testificor</strong></span> <span class='ocrx_word' id='word_1_65' title='bbox 1165 1077 1347 1118; x_wconf 91' lang='lat' dir='ltr'><strong>coram</strong></span> <span class='ocrx_word' id='word_1_66' title='bbox 1377 1063 1490 1118; x_wconf 91' lang='lat' dir='ltr'><strong>Deo</strong></span> <span class='ocrx_word' id='word_1_67' title='bbox 1517 1071 1572 1118; x_wconf 92' lang='lat' dir='ltr'><strong>et</strong></span> <span class='ocrx_word' id='word_1_68' title='bbox 1599 1071 1780 1117; x_wconf 87' lang='lat' dir='ltr'><strong>vestra</strong></span> 
     </span>
    </p>
   </div>
   <div class='ocr_carea' id='block_1_11' title="bbox 198 1142 1782 1218">
    <p class='ocr_par' dir='ltr' id='par_1_11' title="bbox 198 1142 1782 1218">
     <span class='ocr_line' id='line_1_11' title="bbox 198 1142 1782 1218; baseline 0.006 -20"><span class='ocrx_word' id='word_1_69' title='bbox 198 1142 559 1212; x_wconf 80' lang='lat' dir='ltr'><strong>fraternitate,</strong></span> <span class='ocrx_word' id='word_1_70' title='bbox 591 1149 734 1218; x_wconf 93' lang='lat' dir='ltr'><strong>quod</strong></span> <span class='ocrx_word' id='word_1_71' title='bbox 779 1151 1027 1206; x_wconf 91' lang='lat' dir='ltr'><strong>omnibus</strong></span> <span class='ocrx_word' id='word_1_72' title='bbox 1065 1152 1217 1208; x_wconf 87' lang='lat' dir='ltr'><strong>vobis</strong></span> <span class='ocrx_word' id='word_1_73' title='bbox 1264 1152 1519 1208; x_wconf 89' lang='lat' dir='ltr'><strong>mundam</strong></span> <span class='ocrx_word' id='word_1_74' title='bbox 1571 1153 1782 1208; x_wconf 84' lang='lat' dir='ltr'><strong>servavi</strong></span> 
     </span>
    </p>
   </div>
   <div class='ocr_carea' id='block_1_12' title="bbox 198 1237 1782 1312">
    <p class='ocr_par' dir='ltr' id='par_1_12' title="bbox 198 1237 1782 1312">
     <span class='ocr_line' id='line_1_12' title="bbox 198 1237 1782 1312; baseline 0.006 -22"><span class='ocrx_word' id='word_1_75' title='bbox 198 1237 609 1292; x_wconf 89' lang='lat' dir='ltr'><strong>conscientiam.</strong></span> <span class='ocrx_word' id='word_1_76' title='bbox 643 1238 759 1295; x_wconf 87' lang='lat' dir='ltr'><strong>Non</strong></span> <span class='ocrx_word' id='word_1_77' title='bbox 789 1241 933 1297; x_wconf 91' lang='lat' dir='ltr'><strong>enim</strong></span> <span class='ocrx_word' id='word_1_78' title='bbox 957 1242 1253 1312; x_wconf 81' lang='lat' dir='ltr'><strong>subterfugi</strong></span> <span class='ocrx_word' id='word_1_79' title='bbox 1280 1245 1604 1300; x_wconf 89' lang='lat' dir='ltr'><strong>annuntiare</strong></span> <span class='ocrx_word' id='word_1_80' title='bbox 1629 1245 1782 1300; x_wconf 82' lang='lat' dir='ltr'><strong>vobis</strong></span> 
     </span>
    </p>
   </div>
   <div class='ocr_carea' id='block_1_13' title="bbox 199 1329 1785 1409">
    <p class='ocr_par' dir='ltr' id='par_1_13' title="bbox 199 1329 1785 1409">
     <span class='ocr_line' id='line_1_13' title="bbox 199 1329 1785 1409; baseline 0.009 -28"><span class='ocrx_word' id='word_1_81' title='bbox 199 1341 318 1397; x_wconf 62' lang='lat' dir='ltr'><strong>quae</strong></span> <span class='ocrx_word' id='word_1_82' title='bbox 343 1329 477 1384; x_wconf 90' lang='lat' dir='ltr'><strong>mihi</strong></span> <span class='ocrx_word' id='word_1_83' title='bbox 506 1346 535 1384; x_wconf 89' lang='lat' dir='ltr'><strong>a</strong></span> <span class='ocrx_word' id='word_1_84' title='bbox 563 1331 791 1387; x_wconf 92' lang='lat' dir='ltr'><strong>Domino</strong></span> <span class='ocrx_word' id='word_1_85' title='bbox 837 1343 967 1389; x_wconf 92' lang='lat' dir='ltr'><strong>sunt</strong></span> <span class='ocrx_word' id='word_1_86' title='bbox 1012 1333 1270 1404; x_wconf 73' lang='lat' dir='ltr'><strong>iniuncta,</strong></span> <span class='ocrx_word' id='word_1_87' title='bbox 1303 1345 1357 1392; x_wconf 93' lang='lat' dir='ltr'><strong>et</strong></span> <span class='ocrx_word' id='word_1_88' title='bbox 1386 1353 1506 1408; x_wconf 83' lang='lat' dir='ltr'><strong>quae</strong></span> <span class='ocrx_word' id='word_1_89' title='bbox 1533 1337 1785 1409; x_wconf 86' lang='lat' dir='ltr'><strong>deinceps</strong></span> 
     </span>
    </p>
   </div>
   <div class='ocr_carea' id='block_1_14' title="bbox 197 1421 1504 1494">
    <p class='ocr_par' dir='ltr' id='par_1_14' title="bbox 197 1421 1504 1494">
     <span class='ocr_line' id='line_1_14' title="bbox 197 1421 1504 1494; baseline 0.011 -23"><span class='ocrx_word' id='word_1_90' title='bbox 197 1421 507 1474; x_wconf 86' lang='lat' dir='ltr'><strong>necessaria</strong></span> <span class='ocrx_word' id='word_1_91' title='bbox 537 1431 694 1478; x_wconf 90' lang='lat' dir='ltr'><strong>erunt</strong></span> <span class='ocrx_word' id='word_1_92' title='bbox 723 1425 960 1494; x_wconf 89' lang='lat' dir='ltr'><strong>pandere</strong></span> <span class='ocrx_word' id='word_1_93' title='bbox 989 1427 1211 1484; x_wconf 92' lang='lat' dir='ltr'><strong>minime</strong></span> <span class='ocrx_word' id='word_1_94' title='bbox 1240 1429 1504 1485; x_wconf 88' lang='lat' dir='ltr'><strong>recusavi.</strong></span> 
     </span>
    </p>
   </div>
   <div class='ocr_carea' id='block_1_15' title="bbox 264 1507 1784 1592">
    <p class='ocr_par' dir='ltr' id='par_1_15' title="bbox 264 1507 1784 1592">
     <span class='ocr_line' id='line_1_15' title="bbox 264 1507 1784 1592; baseline 0.009 -30"><span class='ocrx_word' id='word_1_95' title='bbox 264 1507 536 1576; x_wconf 83' lang='lat' dir='ltr'><strong>Quocirca</strong></span> <span class='ocrx_word' id='word_1_96' title='bbox 565 1514 824 1572; x_wconf 83' lang='lat' dir='ltr'><strong>attendite</strong></span> <span class='ocrx_word' id='word_1_97' title='bbox 850 1515 1000 1572; x_wconf 83' lang='lat' dir='ltr'><strong>vobis</strong></span> <span class='ocrx_word' id='word_1_98' title='bbox 1028 1526 1083 1573; x_wconf 89' lang='lat' dir='ltr'><strong>et</strong></span> <span class='ocrx_word' id='word_1_99' title='bbox 1112 1519 1364 1575; x_wconf 92' lang='lat' dir='ltr'><strong>universo</strong></span> <span class='ocrx_word' id='word_1_100' title='bbox 1391 1520 1562 1592; x_wconf 87' lang='lat' dir='ltr'><strong>gregi,</strong></span> <span class='ocrx_word' id='word_1_101' title='bbox 1597 1520 1649 1576; x_wconf 93' lang='lat' dir='ltr'><strong>in</strong></span> <span class='ocrx_word' id='word_1_102' title='bbox 1678 1537 1784 1592; x_wconf 88' lang='lat' dir='ltr'><strong>quo</strong></span> 
     </span>
    </p>
   </div>
   <div class='ocr_carea' id='block_1_16' title="bbox 195 1599 1783 1682">
    <p class='ocr_par' dir='ltr' id='par_1_16' title="bbox 195 1599 1783 1682">
     <span class='ocr_line' id='line_1_16' title="bbox 195 1599 1783 1682; baseline 0.01 -29"><span class='ocrx_word' id='word_1_103' title='bbox 195 1614 290 1656; x_wconf 85' lang='lat' dir='ltr'><strong>vos</strong></span> <span class='ocrx_word' id='word_1_104' title='bbox 322 1599 560 1670; x_wconf 85' lang='lat' dir='ltr'><strong>Spiritus</strong></span> <span class='ocrx_word' id='word_1_105' title='bbox 598 1615 818 1662; x_wconf 87' lang='lat' dir='ltr'><strong>sanctus</strong></span> <span class='ocrx_word' id='word_1_106' title='bbox 861 1608 1099 1664; x_wconf 88' lang='lat' dir='ltr'><strong>seriatim</strong></span> <span class='ocrx_word' id='word_1_107' title='bbox 1143 1611 1425 1682; x_wconf 88' lang='lat' dir='ltr'><strong>episcopos</strong></span> <span class='ocrx_word' id='word_1_108' title='bbox 1453 1613 1652 1681; x_wconf 89' lang='lat' dir='ltr'><strong>posuit.</strong></span> <span class='ocrx_word' id='word_1_109' title='bbox 1706 1612 1783 1669; x_wconf 89' lang='lat' dir='ltr'><strong>Te</strong></span> 
     </span>
    </p>
   </div>
   <div class='ocr_carea' id='block_1_17' title="bbox 194 1695 1783 1771">
    <p class='ocr_par' dir='ltr' id='par_1_17' title="bbox 194 1695 1783 1771">
     <span class='ocr_line' id='line_1_17' title="bbox 194 1695 1783 1771; baseline 0.009 -24"><span class='ocrx_word' id='word_1_110' title='bbox 194 1695 416 1763; x_wconf 87' lang='lat' dir='ltr'><strong>quidem</strong></span> <span class='ocrx_word' id='word_1_111' title='bbox 443 1695 705 1753; x_wconf 90' lang='lat' dir='ltr'><strong>Achillam</strong></span> <span class='ocrx_word' id='word_1_112' title='bbox 733 1701 963 1771; x_wconf 91' lang='lat' dir='ltr'><strong>primum</strong></span> <span class='ocrx_word' id='word_1_113' title='bbox 983 1743 999 1769; x_wconf 95' lang='lat'><strong>,</strong></span> <span class='ocrx_word' id='word_1_114' title='bbox 1042 1704 1406 1762; x_wconf 83' lang='lat' dir='ltr'><strong>Alexandrum</strong></span> <span class='ocrx_word' id='word_1_115' title='bbox 1433 1722 1565 1763; x_wconf 86' lang='lat' dir='ltr'><strong>vero</strong></span> <span class='ocrx_word' id='word_1_116' title='bbox 1590 1723 1783 1764; x_wconf 80' lang='lat' dir='ltr'><strong>secun-</strong></span> 
     </span>
    </p>
   </div>
   <div class='ocr_carea' id='block_1_18' title="bbox 195 1785 1780 1874">
    <p class='ocr_par' dir='ltr' id='par_1_18' title="bbox 195 1785 1780 1874">
     <span class='ocr_line' id='line_1_18' title="bbox 195 1785 1780 1874; baseline 0.013 -36"><span class='ocrx_word' id='word_1_117' title='bbox 195 1785 348 1840; x_wconf 86' lang='lat' dir='ltr'><strong>dum.</strong></span> <span class='ocrx_word' id='word_1_118' title='bbox 401 1787 481 1842; x_wconf 88' lang='lat' dir='ltr'><strong>En</strong></span> <span class='ocrx_word' id='word_1_119' title='bbox 511 1790 664 1846; x_wconf 87' lang='lat' dir='ltr'><strong>vobis</strong></span> <span class='ocrx_word' id='word_1_120' title='bbox 693 1791 812 1848; x_wconf 90' lang='lat' dir='ltr'><strong>viva</strong></span> <span class='ocrx_word' id='word_1_121' title='bbox 857 1810 990 1851; x_wconf 90' lang='lat' dir='ltr'><strong>voce</strong></span> <span class='ocrx_word' id='word_1_122' title='bbox 1037 1807 1330 1867; x_wconf 87' lang='lat' dir='ltr'><strong>protestor,</strong></span> <span class='ocrx_word' id='word_1_123' title='bbox 1375 1801 1628 1870; x_wconf 89' lang='lat' dir='ltr'><strong>quoniam</strong></span> <span class='ocrx_word' id='word_1_124' title='bbox 1662 1811 1780 1874; x_wconf 89' lang='lat' dir='ltr'><strong>post</strong></span> 
     </span>
    </p>
   </div>
   <div class='ocr_carea' id='block_1_19' title="bbox 1885 599 3470 670">
    <p class='ocr_par' dir='ltr' id='par_1_19' title="bbox 1885 599 3470 670">
     <span class='ocr_line' id='line_1_19' title="bbox 1885 599 3470 670; baseline 0.003 -17"><span class='ocrx_word' id='word_1_125' title='bbox 1885 614 2037 654; x_wconf 90' lang='lat' dir='ltr'><strong>mare</strong></span> <span class='ocrx_word' id='word_1_126' title='bbox 2065 616 2169 654; x_wconf 92' lang='lat' dir='ltr'><strong>non</strong></span> <span class='ocrx_word' id='word_1_127' title='bbox 2210 600 2432 665; x_wconf 87' lang='lat' dir='ltr'><strong>metuit,</strong></span> <span class='ocrx_word' id='word_1_128' title='bbox 2479 599 2800 666; x_wconf 85' lang='lat' dir='ltr'><strong>Dominum,</strong></span> <span class='ocrx_word' id='word_1_129' title='bbox 2849 599 3089 670; x_wconf 88' lang='lat' dir='ltr'><strong>inquam,</strong></span> <span class='ocrx_word' id='word_1_130' title='bbox 3117 599 3470 668; x_wconf 86' lang='lat' dir='ltr'><strong>Salvatorem,</strong></span> 
     </span>
    </p>
   </div>
   <div class='ocr_carea' id='block_1_20' title="bbox 1885 691 3474 761">
    <p class='ocr_par' dir='ltr' id='par_1_20' title="bbox 1885 691 3474 761">
     <span class='ocr_line' id='line_1_20' title="bbox 1885 691 3474 761; baseline 0.003 -17"><span class='ocrx_word' id='word_1_131' title='bbox 1885 691 1974 761; x_wconf 88' lang='lat' dir='ltr'><strong>qui</strong></span> <span class='ocrx_word' id='word_1_132' title='bbox 2015 691 2280 747; x_wconf 91' lang='lat' dir='ltr'><strong>humanos</strong></span> <span class='ocrx_word' id='word_1_133' title='bbox 2313 691 2600 746; x_wconf 89' lang='lat' dir='ltr'><strong>miseratus</strong></span> <span class='ocrx_word' id='word_1_134' title='bbox 2640 706 2883 753; x_wconf 89' lang='lat' dir='ltr'><strong>errores,</strong></span> <span class='ocrx_word' id='word_1_135' title='bbox 2921 691 3214 748; x_wconf 75' lang='lat' dir='ltr'><strong>mortifera:</strong></span> <span class='ocrx_word' id='word_1_136' title='bbox 3252 693 3474 749; x_wconf 88' lang='lat' dir='ltr'><strong>damna-</strong></span> 
     </span>
    </p>
   </div>
   <div class='ocr_carea' id='block_1_21' title="bbox 1885 781 3476 855">
    <p class='ocr_par' dir='ltr' id='par_1_21' title="bbox 1885 781 3476 855">
     <span class='ocr_line' id='line_1_21' title="bbox 1885 781 3476 855; baseline 0.001 -19"><span class='ocrx_word' id='word_1_137' title='bbox 1885 782 2049 837; x_wconf 90' lang='lat' dir='ltr'><strong>tionis</strong></span> <span class='ocrx_word' id='word_1_138' title='bbox 2087 782 2304 836; x_wconf 91' lang='lat' dir='ltr'><strong>interitu</strong></span> <span class='ocrx_word' id='word_1_139' title='bbox 2334 781 2624 838; x_wconf 86' lang='lat' dir='ltr'><strong>condoleus</strong></span> <span class='ocrx_word' id='word_1_140' title='bbox 2647 781 2825 853; x_wconf 86' lang='lat' dir='ltr'><strong>perire</strong></span> <span class='ocrx_word' id='word_1_141' title='bbox 2852 783 3106 839; x_wconf 69' lang='lat' dir='ltr'><strong>sacculum</strong></span> <span class='ocrx_word' id='word_1_142' title='bbox 3124 825 3138 846; x_wconf 94' lang='lat'><strong>,</strong></span> <span class='ocrx_word' id='word_1_143' title='bbox 3171 800 3268 855; x_wconf 90' lang='lat' dir='ltr'><strong>pro</strong></span> <span class='ocrx_word' id='word_1_144' title='bbox 3297 784 3476 841; x_wconf 87' lang='lat' dir='ltr'><strong>omni-</strong></span> 
     </span>
    </p>
   </div>
   <div class='ocr_carea' id='block_1_22' title="bbox 1884 872 3472 944">
    <p class='ocr_par' dir='ltr' id='par_1_22' title="bbox 1884 872 3472 944">
     <span class='ocr_line' id='line_1_22' title="bbox 1884 872 3472 944; baseline 0.002 -17"><span class='ocrx_word' id='word_1_145' title='bbox 1884 872 1987 928; x_wconf 86' lang='lat' dir='ltr'><strong>bus</strong></span> <span class='ocrx_word' id='word_1_146' title='bbox 2021 872 2175 928; x_wconf 91' lang='lat' dir='ltr'><strong>nobis</strong></span> <span class='ocrx_word' id='word_1_147' title='bbox 2205 888 2367 928; x_wconf 91' lang='lat' dir='ltr'><strong>carne</strong></span> <span class='ocrx_word' id='word_1_148' title='bbox 2392 873 2501 944; x_wconf 88' lang='lat' dir='ltr'><strong>pati</strong></span> <span class='ocrx_word' id='word_1_149' title='bbox 2535 873 2785 942; x_wconf 86' lang='lat' dir='ltr'><strong>dignatus</strong></span> <span class='ocrx_word' id='word_1_150' title='bbox 2812 883 2912 930; x_wconf 87' lang='lat' dir='ltr'><strong>est.</strong></span> <span class='ocrx_word' id='word_1_151' title='bbox 2955 873 3138 943; x_wconf 85' lang='lat' dir='ltr'><strong>Neque</strong></span> <span class='ocrx_word' id='word_1_152' title='bbox 3161 874 3302 929; x_wconf 90' lang='lat' dir='ltr'><strong>enim</strong></span> <span class='ocrx_word' id='word_1_153' title='bbox 3333 875 3472 930; x_wconf 87' lang='lat' dir='ltr'><strong>divi-</strong></span> 
     </span>
    </p>
   </div>
   <div class='ocr_carea' id='block_1_23' title="bbox 1885 963 3475 1036">
    <p class='ocr_par' dir='ltr' id='par_1_23' title="bbox 1885 963 3475 1036">
     <span class='ocr_line' id='line_1_23' title="bbox 1885 963 3475 1036; baseline 0.002 -17"><span class='ocrx_word' id='word_1_154' title='bbox 1885 963 2061 1030; x_wconf 88' lang='lat' dir='ltr'><strong>nitas,</strong></span> <span class='ocrx_word' id='word_1_155' title='bbox 2089 980 2208 1035; x_wconf 83' lang='lat' dir='ltr'><strong>quae</strong></span> <span class='ocrx_word' id='word_1_156' title='bbox 2243 964 2426 1036; x_wconf 86' lang='lat' dir='ltr'><strong>utique</strong></span> <span class='ocrx_word' id='word_1_157' title='bbox 2455 965 2804 1035; x_wconf 88' lang='lat' dir='ltr'><strong>impassibilis</strong></span> <span class='ocrx_word' id='word_1_158' title='bbox 2832 975 2935 1030; x_wconf 92' lang='lat' dir='ltr'><strong>est,</strong></span> <span class='ocrx_word' id='word_1_159' title='bbox 2961 966 3263 1035; x_wconf 84' lang='lat' dir='ltr'><strong>passionem</strong></span> <span class='ocrx_word' id='word_1_160' title='bbox 3291 965 3475 1022; x_wconf 81' lang='lat' dir='ltr'><strong>incur-</strong></span> 
     </span>
    </p>
   </div>
   <div class='ocr_carea' id='block_1_24' title="bbox 1885 1055 3478 1130">
    <p class='ocr_par' dir='ltr' id='par_1_24' title="bbox 1885 1055 3478 1130">
     <span class='ocr_line' id='line_1_24' title="bbox 1885 1055 3478 1130; baseline 0.002 -19"><span class='ocrx_word' id='word_1_161' title='bbox 1885 1056 2023 1112; x_wconf 89' lang='lat' dir='ltr'><strong>risse</strong></span> <span class='ocrx_word' id='word_1_162' title='bbox 2050 1055 2321 1111; x_wconf 90' lang='lat' dir='ltr'><strong>credenda</strong></span> <span class='ocrx_word' id='word_1_163' title='bbox 2363 1066 2466 1112; x_wconf 92' lang='lat' dir='ltr'><strong>est.</strong></span> <span class='ocrx_word' id='word_1_164' title='bbox 2499 1057 2606 1112; x_wconf 89' lang='lat' dir='ltr'><strong>Sed</strong></span> <span class='ocrx_word' id='word_1_165' title='bbox 2644 1057 2769 1127; x_wconf 85' lang='lat' dir='ltr'><strong>quia</strong></span> <span class='ocrx_word' id='word_1_166' title='bbox 2803 1057 3035 1130; x_wconf 82' lang='lat' dir='ltr'><strong>the010gi</strong></span> <span class='ocrx_word' id='word_1_167' title='bbox 3072 1057 3258 1113; x_wconf 86' lang='lat' dir='ltr'><strong>Patres</strong></span> <span class='ocrx_word' id='word_1_168' title='bbox 3286 1057 3478 1127; x_wconf 84' lang='lat' dir='ltr'><strong>hujus-</strong></span> 
     </span>
    </p>
   </div>
   <div class='ocr_carea' id='block_1_25' title="bbox 1884 1149 3472 1223">
    <p class='ocr_par' dir='ltr' id='par_1_25' title="bbox 1884 1149 3472 1223">
     <span class='ocr_line' id='line_1_25' title="bbox 1884 1149 3472 1223; baseline 0 -17"><span class='ocrx_word' id='word_1_169' title='bbox 1884 1149 2028 1206; x_wconf 89' lang='lat' dir='ltr'><strong>modi</strong></span> <span class='ocrx_word' id='word_1_170' title='bbox 2056 1149 2420 1220; x_wconf 90' lang='lat' dir='ltr'><strong>blasphemias</strong></span> <span class='ocrx_word' id='word_1_171' title='bbox 2454 1165 2484 1204; x_wconf 90' lang='lat' dir='ltr'><strong>a</strong></span> <span class='ocrx_word' id='word_1_172' title='bbox 2519 1149 2799 1207; x_wconf 86' lang='lat' dir='ltr'><strong>catholicis</strong></span> <span class='ocrx_word' id='word_1_173' title='bbox 2825 1151 3048 1208; x_wconf 89' lang='lat' dir='ltr'><strong>auribus</strong></span> <span class='ocrx_word' id='word_1_174' title='bbox 3090 1151 3296 1207; x_wconf 90' lang='lat' dir='ltr'><strong>meliori</strong></span> <span class='ocrx_word' id='word_1_175' title='bbox 3333 1150 3472 1223; x_wconf 88' lang='lat' dir='ltr'><strong>stylo</strong></span> 
     </span>
    </p>
   </div>
   <div class='ocr_carea' id='block_1_26' title="bbox 1884 1244 3474 1316">
    <p class='ocr_par' dir='ltr' id='par_1_26' title="bbox 1884 1244 3474 1316">
     <span class='ocr_line' id='line_1_26' title="bbox 1884 1244 3474 1316; baseline 0.003 -18"><span class='ocrx_word' id='word_1_176' title='bbox 1884 1244 2069 1316; x_wconf 90' lang='lat' dir='ltr'><strong>procul</strong></span> <span class='ocrx_word' id='word_1_177' title='bbox 2115 1261 2368 1302; x_wconf 87' lang='lat' dir='ltr'><strong>amovere</strong></span> <span class='ocrx_word' id='word_1_178' title='bbox 2413 1255 2696 1312; x_wconf 88' lang='lat' dir='ltr'><strong>curarunt,</strong></span> <span class='ocrx_word' id='word_1_179' title='bbox 2736 1256 2792 1302; x_wconf 94' lang='lat' dir='ltr'><strong>et</strong></span> <span class='ocrx_word' id='word_1_180' title='bbox 2838 1249 2993 1304; x_wconf 91' lang='lat' dir='ltr'><strong>nobis</strong></span> <span class='ocrx_word' id='word_1_181' title='bbox 3027 1247 3170 1303; x_wconf 88' lang='lat' dir='ltr'><strong>aliud</strong></span> <span class='ocrx_word' id='word_1_182' title='bbox 3205 1247 3474 1316; x_wconf 89' lang='lat' dir='ltr'><strong>imminet,</strong></span> 
     </span>
    </p>
   </div>
   <div class='ocr_carea' id='block_1_27' title="bbox 1886 1336 3458 1408">
    <p class='ocr_par' dir='ltr' id='par_1_27' title="bbox 1886 1336 3458 1408">
     <span class='ocr_line' id='line_1_27' title="bbox 1886 1336 3458 1408; baseline 0.001 -16"><span class='ocrx_word' id='word_1_183' title='bbox 1886 1336 2172 1393; x_wconf 82' lang='lat' dir='ltr'><strong>redeamus</strong></span> <span class='ocrx_word' id='word_1_184' title='bbox 2198 1337 2265 1392; x_wconf 89' lang='lat' dir='ltr'><strong>ad</strong></span> <span class='ocrx_word' id='word_1_185' title='bbox 2291 1338 2648 1408; x_wconf 85' lang='lat' dir='ltr'><strong>propositum.</strong></span> <span class='ocrx_word' id='word_1_186' title='bbox 3455 1405 3458 1408; x_wconf 25' lang='lat'><strong>,</strong></span> 
     </span>
    </p>
   </div>
   <div class='ocr_carea' id='block_1_28' title="bbox 1956 1428 3476 1501">
    <p class='ocr_par' dir='ltr' id='par_1_28' title="bbox 1956 1428 3476 1501">
     <span class='ocr_line' id='line_1_28' title="bbox 1956 1428 3476 1501; baseline 0.004 -18"><span class='ocrx_word' id='word_1_187' title='bbox 1956 1428 2352 1500; x_wconf 88' lang='lat' dir='ltr'><strong>Sagacissimus</strong></span> <span class='ocrx_word' id='word_1_188' title='bbox 2367 1430 2530 1501; x_wconf 86' lang='lat' dir='ltr'><strong>igitur</strong></span> <span class='ocrx_word' id='word_1_189' title='bbox 2549 1430 2814 1501; x_wconf 81' lang='lat' dir='ltr'><strong>pontifex,</strong></span> <span class='ocrx_word' id='word_1_190' title='bbox 2830 1433 3264 1490; x_wconf 80' lang='lat' dir='ltr'><strong>animadvertetis</strong></span> <span class='ocrx_word' id='word_1_191' title='bbox 3283 1449 3476 1489; x_wconf 89' lang='lat' dir='ltr'><strong>cruen-</strong></span> 
     </span>
    </p>
   </div>
   <div class='ocr_carea' id='block_1_29' title="bbox 1884 1521 3475 1595">
    <p class='ocr_par' dir='ltr' id='par_1_29' title="bbox 1884 1521 3475 1595">
     <span class='ocr_line' id='line_1_29' title="bbox 1884 1521 3475 1595; baseline 0.003 -19"><span class='ocrx_word' id='word_1_192' title='bbox 1884 1521 2150 1577; x_wconf 90' lang='lat' dir='ltr'><strong>tissimam</strong></span> <span class='ocrx_word' id='word_1_193' title='bbox 2175 1521 2510 1576; x_wconf 91' lang='lat' dir='ltr'><strong>tribunorum</strong></span> <span class='ocrx_word' id='word_1_194' title='bbox 2542 1524 2848 1594; x_wconf 88' lang='lat' dir='ltr'><strong>stropham,</strong></span> <span class='ocrx_word' id='word_1_195' title='bbox 2879 1524 3022 1595; x_wconf 90' lang='lat' dir='ltr'><strong>quod</strong></span> <span class='ocrx_word' id='word_1_196' title='bbox 3052 1525 3122 1580; x_wconf 90' lang='lat' dir='ltr'><strong>ob</strong></span> <span class='ocrx_word' id='word_1_197' title='bbox 3145 1523 3258 1593; x_wconf 86' lang='lat' dir='ltr'><strong>ejus</strong></span> <span class='ocrx_word' id='word_1_198' title='bbox 3286 1539 3475 1595; x_wconf 56' lang='lat' dir='ltr'><strong>perpe.</strong></span> 
     </span>
    </p>
   </div>
   <div class='ocr_carea' id='block_1_30' title="bbox 1887 1612 3475 1685">
    <p class='ocr_par' dir='ltr' id='par_1_30' title="bbox 1887 1612 3475 1685">
     <span class='ocr_line' id='line_1_30' title="bbox 1887 1612 3475 1685; baseline 0.002 -19"><span class='ocrx_word' id='word_1_199' title='bbox 1887 1612 2133 1667; x_wconf 88' lang='lat' dir='ltr'><strong>trandam</strong></span> <span class='ocrx_word' id='word_1_200' title='bbox 2185 1628 2404 1678; x_wconf 89' lang='lat' dir='ltr'><strong>necem,</strong></span> <span class='ocrx_word' id='word_1_201' title='bbox 2454 1628 2668 1668; x_wconf 90' lang='lat' dir='ltr'><strong>omnem</strong></span> <span class='ocrx_word' id='word_1_202' title='bbox 2719 1613 3150 1670; x_wconf 89' lang='lat' dir='ltr'><strong>Christianorum</strong></span> <span class='ocrx_word' id='word_1_203' title='bbox 3199 1614 3290 1685; x_wconf 91' lang='lat' dir='ltr'><strong>qui</strong></span> <span class='ocrx_word' id='word_1_204' title='bbox 3345 1622 3475 1669; x_wconf 91' lang='lat' dir='ltr'><strong>tunc</strong></span> 
     </span>
    </p>
   </div>
   <div class='ocr_carea' id='block_1_31' title="bbox 1885 1706 3478 1776">
    <p class='ocr_par' dir='ltr' id='par_1_31' title="bbox 1885 1706 3478 1776">
     <span class='ocr_line' id='line_1_31' title="bbox 1885 1706 3478 1776; baseline 0.001 -15"><span class='ocrx_word' id='word_1_205' title='bbox 1885 1707 2110 1762; x_wconf 88' lang='lat' dir='ltr'><strong>aderant</strong></span> <span class='ocrx_word' id='word_1_206' title='bbox 2138 1706 2532 1763; x_wconf 84' lang='lat' dir='ltr'><strong>multitudinem</strong></span> <span class='ocrx_word' id='word_1_207' title='bbox 2565 1706 2744 1776; x_wconf 84' lang='lat' dir='ltr'><strong>gladio</strong></span> <span class='ocrx_word' id='word_1_208' title='bbox 2779 1708 3092 1764; x_wconf 87' lang='lat' dir='ltr'><strong>interimere</strong></span> <span class='ocrx_word' id='word_1_209' title='bbox 3121 1707 3350 1773; x_wconf 88' lang='lat' dir='ltr'><strong>vellent,</strong></span> <span class='ocrx_word' id='word_1_210' title='bbox 3379 1722 3478 1762; x_wconf 89' lang='lat' dir='ltr'><strong>no-</strong></span> 
     </span>
    </p>
   </div>
   <div class='ocr_carea' id='block_1_32' title="bbox 1886 1799 3474 1874">
    <p class='ocr_par' dir='ltr' id='par_1_32' title="bbox 1886 1799 3474 1874">
     <span class='ocr_line' id='line_1_32' title="bbox 1886 1799 3474 1874; baseline -0.001 -19"><span class='ocrx_word' id='word_1_211' title='bbox 1886 1799 1985 1856; x_wconf 91' lang='lat' dir='ltr'><strong>luit</strong></span> <span class='ocrx_word' id='word_1_212' title='bbox 2027 1816 2121 1856; x_wconf 92' lang='lat' dir='ltr'><strong>eos</strong></span> <span class='ocrx_word' id='word_1_213' title='bbox 2163 1801 2372 1874; x_wconf 87' lang='lat' dir='ltr'><strong>pariter</strong></span> <span class='ocrx_word' id='word_1_214' title='bbox 2413 1817 2595 1857; x_wconf 91' lang='lat' dir='ltr'><strong>secum</strong></span> <span class='ocrx_word' id='word_1_215' title='bbox 2635 1801 2820 1857; x_wconf 90' lang='lat' dir='ltr'><strong>subire</strong></span> <span class='ocrx_word' id='word_1_216' title='bbox 2857 1801 3049 1856; x_wconf 89' lang='lat' dir='ltr'><strong>mortis</strong></span> <span class='ocrx_word' id='word_1_217' title='bbox 3085 1800 3474 1867; x_wconf 83' lang='lat' dir='ltr'><strong>acerbitatem;</strong></span> 
     </span>
    </p>
   </div>
   <div class='ocr_carea' id='block_1_33' title="bbox 193 1873 3476 1962">
    <p class='ocr_par' dir='ltr' id='par_1_33' title="bbox 193 1873 3476 1962">
     <span class='ocr_line' id='line_1_33' title="bbox 193 1873 3476 1962; baseline 0.004 -30"><span class='ocrx_word' id='word_1_218' title='bbox 193 1892 376 1936; x_wconf 86' lang='lat' dir='ltr'><strong>meum</strong></span> <span class='ocrx_word' id='word_1_219' title='bbox 415 1883 699 1939; x_wconf 78' lang='lat' dir='ltr'><strong>transitura</strong></span> <span class='ocrx_word' id='word_1_220' title='bbox 753 1886 1033 1958; x_wconf 88' lang='lat' dir='ltr'><strong>insurgeut</strong></span> <span class='ocrx_word' id='word_1_221' title='bbox 1079 1891 1299 1962; x_wconf 92' lang='lat' dir='ltr'><strong>quidam</strong></span> <span class='ocrx_word' id='word_1_222' title='bbox 1333 1893 1400 1948; x_wconf 89' lang='lat' dir='ltr'><strong>de</strong></span> <span class='ocrx_word' id='word_1_223' title='bbox 1429 1873 1669 1958; x_wconf 86' lang='lat' dir='ltr'><strong>Ecclesia</strong></span> <span class='ocrx_word' id='word_1_224' title='bbox 1699 1893 1778 1949; x_wconf 92' lang='lat' dir='ltr'><strong>lo-</strong></span> <span class='ocrx_word' id='word_1_225' title='bbox 1815 1873 1858 1932; x_wconf 75' lang='grc' dir='ltr'><strong>Β</strong></span> <span class='ocrx_word' id='word_1_226' title='bbox 1887 1891 1980 1948; x_wconf 88' lang='lat' dir='ltr'><strong>sed</strong></span> <span class='ocrx_word' id='word_1_227' title='bbox 2007 1891 2180 1947; x_wconf 88' lang='lat' dir='ltr'><strong>fidelis</strong></span> <span class='ocrx_word' id='word_1_228' title='bbox 2209 1907 2396 1948; x_wconf 90' lang='lat' dir='ltr'><strong>servus</strong></span> <span class='ocrx_word' id='word_1_229' title='bbox 2426 1891 2645 1947; x_wconf 90' lang='lat' dir='ltr'><strong>imitans</strong></span> <span class='ocrx_word' id='word_1_230' title='bbox 2671 1891 2958 1946; x_wconf 90' lang='lat' dir='ltr'><strong>Dominum</strong></span> <span class='ocrx_word' id='word_1_231' title='bbox 2992 1889 3351 1954; x_wconf 90' lang='lat' dir='ltr'><strong>Salvatorem,</strong></span> <span class='ocrx_word' id='word_1_232' title='bbox 3384 1889 3476 1960; x_wconf 91' lang='lat' dir='ltr'><strong>qui</strong></span> 
     </span>
    </p>
   </div>
   <div class='ocr_carea' id='block_1_34' title="bbox 193 1983 1779 2053">
    <p class='ocr_par' dir='ltr' id='par_1_34' title="bbox 193 1983 1779 2053">
     <span class='ocr_line' id='line_1_34' title="bbox 193 1983 1779 2053; baseline 0.008 -24"><span class='ocrx_word' id='word_1_233' title='bbox 193 1983 424 2043; x_wconf 82' lang='lat' dir='ltr'><strong>quentes</strong></span> <span class='ocrx_word' id='word_1_234' title='bbox 456 1991 730 2045; x_wconf 89' lang='lat' dir='ltr'><strong>perversa,</strong></span> <span class='ocrx_word' id='word_1_235' title='bbox 770 1997 1066 2052; x_wconf 89' lang='lat' dir='ltr'><strong>rursusque</strong></span> <span class='ocrx_word' id='word_1_236' title='bbox 1094 1984 1334 2041; x_wconf 88' lang='lat' dir='ltr'><strong>divident</strong></span> <span class='ocrx_word' id='word_1_237' title='bbox 1359 2001 1499 2053; x_wconf 90' lang='lat' dir='ltr'><strong>eam,</strong></span> <span class='ocrx_word' id='word_1_238' title='bbox 1528 1995 1588 2042; x_wconf 92' lang='lat' dir='ltr'><strong>ut</strong></span> <span class='ocrx_word' id='word_1_239' title='bbox 1614 1986 1779 2042; x_wconf 88' lang='lat' dir='ltr'><strong>Mele-</strong></span> 
     </span>
    </p>
   </div>
   <div class='ocr_carea' id='block_1_35' title="bbox 193 2065 1782 2146">
    <p class='ocr_par' dir='ltr' id='par_1_35' title="bbox 193 2065 1782 2146">
     <span class='ocr_line' id='line_1_35' title="bbox 193 2065 1782 2146; baseline 0.011 -26"><span class='ocrx_word' id='word_1_240' title='bbox 193 2065 323 2133; x_wconf 88' lang='lat' dir='ltr'><strong>tius,</strong></span> <span class='ocrx_word' id='word_1_241' title='bbox 361 2068 636 2128; x_wconf 90' lang='lat' dir='ltr'><strong>trahentes</strong></span> <span class='ocrx_word' id='word_1_242' title='bbox 665 2074 918 2144; x_wconf 87' lang='lat' dir='ltr'><strong>populum</strong></span> <span class='ocrx_word' id='word_1_243' title='bbox 960 2086 1082 2146; x_wconf 89' lang='lat' dir='ltr'><strong>post</strong></span> <span class='ocrx_word' id='word_1_244' title='bbox 1110 2093 1264 2134; x_wconf 86' lang='lat' dir='ltr'><strong>suam</strong></span> <span class='ocrx_word' id='word_1_245' title='bbox 1295 2081 1593 2136; x_wconf 87' lang='lat' dir='ltr'><strong>vesaniam.</strong></span> <span class='ocrx_word' id='word_1_246' title='bbox 1641 2081 1782 2138; x_wconf 87' lang='lat' dir='ltr'><strong>Ecce</strong></span> 
     </span>
    </p>
   </div>
   <div class='ocr_carea' id='block_1_36' title="bbox 190 2159 1784 2239">
    <p class='ocr_par' dir='ltr' id='par_1_36' title="bbox 190 2159 1784 2239">
     <span class='ocr_line' id='line_1_36' title="bbox 190 2159 1784 2239; baseline 0.011 -28"><span class='ocrx_word' id='word_1_247' title='bbox 190 2159 420 2228; x_wconf 60' lang='lat' dir='ltr'><strong>przdixi</strong></span> <span class='ocrx_word' id='word_1_248' title='bbox 448 2162 618 2220; x_wconf 90' lang='lat' dir='ltr'><strong>vobis.</strong></span> <span class='ocrx_word' id='word_1_249' title='bbox 650 2163 780 2234; x_wconf 89' lang='lat' dir='ltr'><strong>Sed,</strong></span> <span class='ocrx_word' id='word_1_250' title='bbox 808 2167 1069 2239; x_wconf 89' lang='lat' dir='ltr'><strong>deprecor</strong></span> <span class='ocrx_word' id='word_1_251' title='bbox 1091 2187 1208 2237; x_wconf 91' lang='lat' dir='ltr'><strong>vos,</strong></span> <span class='ocrx_word' id='word_1_252' title='bbox 1236 2188 1269 2227; x_wconf 92' lang='grc' dir='ltr'>ο</span> <span class='ocrx_word' id='word_1_253' title='bbox 1291 2172 1500 2228; x_wconf 87' lang='lat' dir='ltr'><strong>viscera</strong></span> <span class='ocrx_word' id='word_1_254' title='bbox 1536 2189 1674 2238; x_wconf 91' lang='lat' dir='ltr'><strong>mea,</strong></span> <span class='ocrx_word' id='word_1_255' title='bbox 1703 2173 1784 2228; x_wconf 87' lang='lat' dir='ltr'><strong>vi-</strong></span> 
     </span>
    </p>
   </div>
   <div class='ocr_carea' id='block_1_37' title="bbox 191 2250 1778 2324">
    <p class='ocr_par' dir='ltr' id='par_1_37' title="bbox 191 2250 1778 2324">
     <span class='ocr_line' id='line_1_37' title="bbox 191 2250 1778 2324; baseline 0.009 -20"><span class='ocrx_word' id='word_1_256' title='bbox 191 2250 357 2321; x_wconf 84' lang='lat' dir='ltr'><strong>gilate</strong></span> <span class='ocrx_word' id='word_1_257' title='bbox 381 2271 394 2307; x_wconf 92' lang='lat'>:</span> <span class='ocrx_word' id='word_1_258' title='bbox 422 2264 637 2324; x_wconf 88' lang='lat' dir='ltr'><strong>oportet</strong></span> <span class='ocrx_word' id='word_1_259' title='bbox 661 2257 801 2312; x_wconf 90' lang='lat' dir='ltr'><strong>enim</strong></span> <span class='ocrx_word' id='word_1_260' title='bbox 823 2273 919 2315; x_wconf 89' lang='lat' dir='ltr'><strong>vos</strong></span> <span class='ocrx_word' id='word_1_261' title='bbox 946 2260 1145 2318; x_wconf 92' lang='lat' dir='ltr'><strong>multas</strong></span> <span class='ocrx_word' id='word_1_262' title='bbox 1171 2263 1356 2318; x_wconf 88' lang='lat' dir='ltr'><strong>subire</strong></span> <span class='ocrx_word' id='word_1_263' title='bbox 1381 2263 1778 2320; x_wconf 89' lang='lat' dir='ltr'><strong>tribulationes.</strong></span> 
     </span>
    </p>
   </div>
   <div class='ocr_carea' id='block_1_38' title="bbox 190 2337 1778 2424">
    <p class='ocr_par' dir='ltr' id='par_1_38' title="bbox 190 2337 1778 2424">
     <span class='ocr_line' id='line_1_38' title="bbox 190 2337 1778 2424; baseline 0.01 -31"><span class='ocrx_word' id='word_1_264' title='bbox 190 2337 380 2410; x_wconf 78' lang='lat' dir='ltr'><strong>Neque</strong></span> <span class='ocrx_word' id='word_1_265' title='bbox 407 2344 551 2399; x_wconf 91' lang='lat' dir='ltr'><strong>enim</strong></span> <span class='ocrx_word' id='word_1_266' title='bbox 578 2346 828 2404; x_wconf 89' lang='lat' dir='ltr'><strong>meliores</strong></span> <span class='ocrx_word' id='word_1_267' title='bbox 851 2364 1038 2406; x_wconf 86' lang='lat' dir='ltr'><strong>sumus</strong></span> <span class='ocrx_word' id='word_1_268' title='bbox 1066 2365 1228 2422; x_wconf 91' lang='lat' dir='ltr'><strong>quam</strong></span> <span class='ocrx_word' id='word_1_269' title='bbox 1257 2362 1444 2424; x_wconf 89' lang='lat' dir='ltr'><strong>patres</strong></span> <span class='ocrx_word' id='word_1_270' title='bbox 1473 2356 1664 2410; x_wconf 93' lang='lat' dir='ltr'><strong>nostri.</strong></span> <span class='ocrx_word' id='word_1_271' title='bbox 1698 2355 1778 2409; x_wconf 82' lang='lat' dir='ltr'><strong>An</strong></span> 
     </span>
    </p>
   </div>
   <div class='ocr_carea' id='block_1_39' title="bbox 191 2429 1781 2518">
    <p class='ocr_par' dir='ltr' id='par_1_39' title="bbox 191 2429 1781 2518">
     <span class='ocr_line' id='line_1_39' title="bbox 191 2429 1781 2518; baseline 0.012 -34"><span class='ocrx_word' id='word_1_272' title='bbox 191 2429 458 2502; x_wconf 80' lang='lat' dir='ltr'><strong>ignoratis</strong></span> <span class='ocrx_word' id='word_1_273' title='bbox 500 2447 703 2507; x_wconf 87' lang='lat' dir='ltr'><strong>quanta</strong></span> <span class='ocrx_word' id='word_1_274' title='bbox 751 2455 781 2494; x_wconf 90' lang='lat' dir='ltr'><strong>a</strong></span> <span class='ocrx_word' id='word_1_275' title='bbox 826 2442 1114 2512; x_wconf 79' lang='lat' dir='ltr'><strong>gentilibus</strong></span> <span class='ocrx_word' id='word_1_276' title='bbox 1165 2460 1452 2515; x_wconf 89' lang='lat' dir='ltr'><strong>perpessus</strong></span> <span class='ocrx_word' id='word_1_277' title='bbox 1500 2455 1583 2502; x_wconf 89' lang='lat' dir='ltr'><strong>est</strong></span> <span class='ocrx_word' id='word_1_278' title='bbox 1627 2457 1781 2518; x_wconf 85' lang='lat' dir='ltr'><strong>pater</strong></span> 
     </span>
    </p>
   </div>
   <div class='ocr_carea' id='block_1_40' title="bbox 191 2525 1779 2608">
    <p class='ocr_par' dir='ltr' id='par_1_40' title="bbox 191 2525 1779 2608">
     <span class='ocr_line' id='line_1_40' title="bbox 191 2525 1779 2608; baseline 0.012 -34"><span class='ocrx_word' id='word_1_279' title='bbox 191 2535 371 2588; x_wconf 87' lang='lat' dir='ltr'><strong>meus,</strong></span> <span class='ocrx_word' id='word_1_280' title='bbox 401 2525 493 2594; x_wconf 92' lang='lat' dir='ltr'><strong>qui</strong></span> <span class='ocrx_word' id='word_1_281' title='bbox 538 2541 626 2582; x_wconf 92' lang='lat' dir='ltr'><strong>me</strong></span> <span class='ocrx_word' id='word_1_282' title='bbox 673 2529 944 2597; x_wconf 77' lang='lat' dir='ltr'><strong>nutrivit,‘.</strong></span> <span class='ocrx_word' id='word_1_283' title='bbox 964 2533 1340 2591; x_wconf 87' lang='lat' dir='ltr'><strong>sanctissimus</strong></span> <span class='ocrx_word' id='word_1_284' title='bbox 1377 2535 1625 2592; x_wconf 92' lang='lat' dir='ltr'><strong>Theonas</strong></span> <span class='ocrx_word' id='word_1_285' title='bbox 1667 2539 1779 2608; x_wconf 89' lang='lat' dir='ltr'><strong>epi-</strong></span> 
     </span>
    </p>
   </div>
   <div class='ocr_carea' id='block_1_41' title="bbox 189 2615 1780 2698">
    <p class='ocr_par' dir='ltr' id='par_1_41' title="bbox 189 2615 1780 2698">
     <span class='ocr_line' id='line_1_41' title="bbox 189 2615 1780 2698; baseline 0.011 -33"><span class='ocrx_word' id='word_1_286' title='bbox 189 2624 412 2682; x_wconf 83' lang='lat' dir='ltr'><strong>scopus,</strong></span> <span class='ocrx_word' id='word_1_287' title='bbox 432 2615 584 2686; x_wconf 80' lang='lat' dir='ltr'><strong>cujus</strong></span> <span class='ocrx_word' id='word_1_288' title='bbox 603 2620 964 2688; x_wconf 82' lang='lat' dir='ltr'><strong>pontificalem</strong></span> <span class='ocrx_word' id='word_1_289' title='bbox 988 2624 1298 2680; x_wconf 86' lang='lat' dir='ltr'><strong>cathedram</strong></span> <span class='ocrx_word' id='word_1_290' title='bbox 1323 2643 1512 2698; x_wconf 90' lang='lat' dir='ltr'><strong>regere</strong></span> <span class='ocrx_word' id='word_1_291' title='bbox 1533 2629 1780 2698; x_wconf 87' lang='lat' dir='ltr'><strong>suscepi?</strong></span> 
     </span>
    </p>
   </div>
   <div class='ocr_carea' id='block_1_42' title="bbox 188 2700 1780 2790">
    <p class='ocr_par' dir='ltr' id='par_1_42' title="bbox 188 2700 1780 2790">
     <span class='ocr_line' id='line_1_42' title="bbox 188 2700 1780 2790; baseline 0.011 -33"><span class='ocrx_word' id='word_1_292' title='bbox 188 2700 232 2758; x_wconf 90' lang='lat'><strong>0</strong></span> <span class='ocrx_word' id='word_1_293' title='bbox 257 2704 474 2761; x_wconf 87' lang='lat' dir='ltr'><strong>utinam</strong></span> <span class='ocrx_word' id='word_1_294' title='bbox 501 2715 554 2763; x_wconf 91' lang='lat' dir='ltr'><strong>et</strong></span> <span class='ocrx_word' id='word_1_295' title='bbox 584 2714 793 2767; x_wconf 85' lang='lat' dir='ltr'><strong>mores!</strong></span> <span class='ocrx_word' id='word_1_296' title='bbox 843 2711 982 2782; x_wconf 86' lang='lat' dir='ltr'><strong>Quid</strong></span> <span class='ocrx_word' id='word_1_297' title='bbox 1009 2716 1171 2771; x_wconf 90' lang='lat' dir='ltr'><strong>etiam</strong></span> <span class='ocrx_word' id='word_1_298' title='bbox 1202 2718 1269 2772; x_wconf 86' lang='lat' dir='ltr'><strong>de</strong></span> <span class='ocrx_word' id='word_1_299' title='bbox 1300 2734 1494 2789; x_wconf 85' lang='lat' dir='ltr'><strong>magno</strong></span> <span class='ocrx_word' id='word_1_300' title='bbox 1524 2718 1780 2790; x_wconf 82' lang='lat' dir='ltr'><strong>Dionysio</strong></span> 
     </span>
    </p>
   </div>
   <div class='ocr_carea' id='block_1_43' title="bbox 187 2795 1779 2883">
    <p class='ocr_par' dir='ltr' id='par_1_43' title="bbox 187 2795 1779 2883">
     <span class='ocr_line' id='line_1_43' title="bbox 187 2795 1779 2883; baseline 0.011 -32"><span class='ocrx_word' id='word_1_301' title='bbox 187 2795 438 2867; x_wconf 79' lang='lat' dir='ltr'><strong>ejusdem</strong></span> <span class='ocrx_word' id='word_1_302' title='bbox 473 2815 802 2871; x_wconf 68' lang='lat' dir='ltr'><strong>pmccssore</strong></span> <span class='ocrx_word' id='word_1_303' title='bbox 839 2807 1108 2864; x_wconf 86' lang='lat' dir='ltr'><strong>referam?</strong></span> <span class='ocrx_word' id='word_1_304' title='bbox 1153 2811 1243 2880; x_wconf 91' lang='lat' dir='ltr'><strong>qui</strong></span> <span class='ocrx_word' id='word_1_305' title='bbox 1281 2810 1540 2883; x_wconf 84' lang='lat' dir='ltr'><strong>profugus</strong></span> <span class='ocrx_word' id='word_1_306' title='bbox 1565 2812 1630 2867; x_wconf 87' lang='lat' dir='ltr'><strong>de</strong></span> <span class='ocrx_word' id='word_1_307' title='bbox 1660 2812 1779 2868; x_wconf 93' lang='lat' dir='ltr'><strong>loco</strong></span> 
     </span>
    </p>
   </div>
   <div class='ocr_carea' id='block_1_44' title="bbox 189 2889 1779 2960">
    <p class='ocr_par' dir='ltr' id='par_1_44' title="bbox 189 2889 1779 2960">
     <span class='ocr_line' id='line_1_44' title="bbox 189 2889 1779 2960; baseline 0.009 -16"><span class='ocrx_word' id='word_1_308' title='bbox 189 2889 243 2945; x_wconf 93' lang='lat' dir='ltr'><strong>in</strong></span> <span class='ocrx_word' id='word_1_309' title='bbox 269 2891 457 2948; x_wconf 87' lang='lat' dir='ltr'><strong>locum</strong></span> <span class='ocrx_word' id='word_1_310' title='bbox 485 2894 681 2951; x_wconf 89' lang='lat' dir='ltr'><strong>multas</strong></span> <span class='ocrx_word' id='word_1_311' title='bbox 705 2897 1046 2956; x_wconf 87' lang='lat' dir='ltr'><strong>calamitates</strong></span> <span class='ocrx_word' id='word_1_312' title='bbox 1076 2901 1145 2957; x_wconf 88' lang='lat' dir='ltr'><strong>ab</strong></span> <span class='ocrx_word' id='word_1_313' title='bbox 1178 2901 1370 2958; x_wconf 90' lang='lat' dir='ltr'><strong>insano</strong></span> <span class='ocrx_word' id='word_1_314' title='bbox 1399 2904 1654 2960; x_wconf 92' lang='lat' dir='ltr'><strong>sustinuit</strong></span> <span class='ocrx_word' id='word_1_315' title='bbox 1681 2903 1779 2960; x_wconf 49' lang='lat' dir='ltr'><strong>Sa‘</strong></span> 
     </span>
    </p>
   </div>
   <div class='ocr_carea' id='block_1_45' title="bbox 189 2981 1780 3062">
    <p class='ocr_par' dir='ltr' id='par_1_45' title="bbox 189 2981 1780 3062">
     <span class='ocr_line' id='line_1_45' title="bbox 189 2981 1780 3062; baseline 0.011 -26"><span class='ocrx_word' id='word_1_316' title='bbox 189 2981 394 3039; x_wconf 80' lang='lat' dir='ltr'><strong>bellio‘.’</strong></span> <span class='ocrx_word' id='word_1_317' title='bbox 439 2983 548 3042; x_wconf 85' lang='lat' dir='ltr'><strong>Nec</strong></span> <span class='ocrx_word' id='word_1_318' title='bbox 589 3002 685 3044; x_wconf 87' lang='lat' dir='ltr'><strong>vos</strong></span> <span class='ocrx_word' id='word_1_319' title='bbox 731 3001 1105 3062; x_wconf 64' lang='lat' dir='ltr'><strong>praetereama,</strong></span> <span class='ocrx_word' id='word_1_320' title='bbox 1132 2995 1456 3051; x_wconf 86' lang='lat' dir='ltr'><strong>sanctissimi</strong></span> <span class='ocrx_word' id='word_1_321' title='bbox 1487 2995 1675 3052; x_wconf 84' lang='lat' dir='ltr'><strong>Patres</strong></span> <span class='ocrx_word' id='word_1_322' title='bbox 1715 3012 1780 3053; x_wconf 88' lang='lat' dir='ltr'><strong>ac</strong></span> 
     </span>
    </p>
   </div>
   <div class='ocr_carea' id='block_1_46' title="bbox 189 3073 1778 3163">
    <p class='ocr_par' dir='ltr' id='par_1_46' title="bbox 189 3073 1778 3163">
     <span class='ocr_line' id='line_1_46' title="bbox 189 3073 1778 3163; baseline 0.012 -35"><span class='ocrx_word' id='word_1_323' title='bbox 189 3073 390 3132; x_wconf 73' lang='lat' dir='ltr'><strong>divinae</strong></span> <span class='ocrx_word' id='word_1_324' title='bbox 421 3078 555 3150; x_wconf 80' lang='lat' dir='ltr'><strong>legis</strong></span> <span class='ocrx_word' id='word_1_325' title='bbox 585 3083 856 3141; x_wconf 87' lang='lat' dir='ltr'><strong>antistites</strong></span> <span class='ocrx_word' id='word_1_326' title='bbox 875 3128 890 3152; x_wconf 91' lang='lat'><strong>,</strong></span> <span class='ocrx_word' id='word_1_327' title='bbox 925 3087 1136 3142; x_wconf 85' lang='lat' dir='ltr'><strong>Heraeli</strong></span> <span class='ocrx_word' id='word_1_328' title='bbox 1174 3098 1337 3161; x_wconf 91' lang='lat' dir='ltr'><strong>atque</strong></span> <span class='ocrx_word' id='word_1_329' title='bbox 1365 3090 1621 3156; x_wconf 88' lang='lat' dir='ltr'><strong>Demetri,</strong></span> <span class='ocrx_word' id='word_1_330' title='bbox 1653 3092 1778 3163; x_wconf 93' lang='lat' dir='ltr'><strong>qui-</strong></span> 
     </span>
    </p>
   </div>
   <div class='ocr_carea' id='block_1_47' title="bbox 190 3164 1780 3252">
    <p class='ocr_par' dir='ltr' id='par_1_47' title="bbox 190 3164 1780 3252">
     <span class='ocr_line' id='line_1_47' title="bbox 190 3164 1780 3252; baseline 0.009 -30"><span class='ocrx_word' id='word_1_331' title='bbox 190 3164 292 3224; x_wconf 83' lang='lat' dir='ltr'><strong>bus</strong></span> <span class='ocrx_word' id='word_1_332' title='bbox 325 3168 626 3228; x_wconf 87' lang='lat' dir='ltr'><strong>fabricator</strong></span> <span class='ocrx_word' id='word_1_333' title='bbox 665 3178 907 3246; x_wconf 89' lang='lat' dir='ltr'><strong>perversi</strong></span> <span class='ocrx_word' id='word_1_334' title='bbox 941 3179 1208 3252; x_wconf 81' lang='lat' dir='ltr'><strong>dogmatis</strong></span> <span class='ocrx_word' id='word_1_335' title='bbox 1257 3179 1515 3252; x_wconf 81' lang='lat' dir='ltr'><strong>Origenes</strong></span> <span class='ocrx_word' id='word_1_336' title='bbox 1542 3182 1780 3238; x_wconf 82' lang='lat' dir='ltr'><strong>multifa-</strong></span> 
     </span>
    </p>
   </div>
   <div class='ocr_carea' id='block_1_48' title="bbox 197 3248 1858 3342">
    <p class='ocr_par' dir='ltr' id='par_1_48' title="bbox 197 3248 1858 3342">
     <span class='ocr_line' id='line_1_48' title="bbox 197 3248 1858 3342; baseline 0.008 -30"><span class='ocrx_word' id='word_1_337' title='bbox 197 3257 310 3313; x_wconf 87' lang='lat' dir='ltr'><strong>rias</strong></span> <span class='ocrx_word' id='word_1_338' title='bbox 341 3261 669 3320; x_wconf 88' lang='lat' dir='ltr'><strong>tentationes</strong></span> <span class='ocrx_word' id='word_1_339' title='bbox 697 3265 955 3335; x_wconf 90' lang='lat' dir='ltr'><strong>incussit;</strong></span> <span class='ocrx_word' id='word_1_340' title='bbox 1005 3248 1094 3340; x_wconf 77' lang='lat' dir='ltr'><strong>qui</strong></span> <span class='ocrx_word' id='word_1_341' title='bbox 1143 3248 1379 3342; x_wconf 65' lang='lat' dir='ltr'><strong>conjecii</strong></span> <span class='ocrx_word' id='word_1_342' title='bbox 1402 3272 1455 3327; x_wconf 93' lang='lat' dir='ltr'><strong>in</strong></span> <span class='ocrx_word' id='word_1_343' title='bbox 1484 3273 1781 3330; x_wconf 81' lang='lat' dir='ltr'><strong>Ecclesium</strong></span> <span class='ocrx_word' id='word_1_344' title='bbox 1811 3248 1858 3312; x_wconf 62' lang='grc' dir='ltr'><strong>(ἶ</strong></span> 
     </span>
    </p>
   </div>
   <div class='ocr_carea' id='block_1_49' title="bbox 192 3352 1786 3434">
    <p class='ocr_par' dir='ltr' id='par_1_49' title="bbox 192 3352 1786 3434">
     <span class='ocr_line' id='line_1_49' title="bbox 192 3352 1786 3434; baseline 0.013 -30"><span class='ocrx_word' id='word_1_345' title='bbox 192 3352 518 3408; x_wconf 79' lang='lat' dir='ltr'><strong>detestabile</strong></span> <span class='ocrx_word' id='word_1_346' title='bbox 564 3356 796 3412; x_wconf 88' lang='lat' dir='ltr'><strong>sebisma</strong></span> <span class='ocrx_word' id='word_1_347' title='bbox 824 3398 840 3424; x_wconf 92' lang='lat'><strong>,</strong></span> <span class='ocrx_word' id='word_1_348' title='bbox 894 3361 1035 3430; x_wconf 86' lang='lat' dir='ltr'><strong>quod</strong></span> <span class='ocrx_word' id='word_1_349' title='bbox 1083 3379 1254 3434; x_wconf 89' lang='lat' dir='ltr'><strong>usque</strong></span> <span class='ocrx_word' id='word_1_350' title='bbox 1303 3365 1463 3422; x_wconf 88' lang='lat' dir='ltr'><strong>hodie</strong></span> <span class='ocrx_word' id='word_1_351' title='bbox 1503 3367 1786 3424; x_wconf 88' lang='lat' dir='ltr'><strong>confundit</strong></span> 
     </span>
    </p>
   </div>
   <div class='ocr_carea' id='block_1_50' title="bbox 161 3440 1784 3529">
    <p class='ocr_par' dir='ltr' id='par_1_50' title="bbox 161 3440 1784 3529">
     <span class='ocr_line' id='line_1_50' title="bbox 161 3440 1784 3529; baseline 0.014 -35"><span class='ocrx_word' id='word_1_352' title='bbox 161 3445 332 3496; x_wconf 81' lang='lat' dir='ltr'><strong>‘eam.</strong></span> <span class='ocrx_word' id='word_1_353' title='bbox 387 3440 497 3499; x_wconf 86' lang='lat' dir='ltr'><strong>Sed</strong></span> <span class='ocrx_word' id='word_1_354' title='bbox 541 3447 715 3516; x_wconf 88' lang='lat' dir='ltr'><strong>gratia</strong></span> <span class='ocrx_word' id='word_1_355' title='bbox 761 3448 896 3513; x_wconf 92' lang='lat' dir='ltr'><strong>Dei,</strong></span> <span class='ocrx_word' id='word_1_356' title='bbox 946 3467 1065 3522; x_wconf 67' lang='lat' dir='ltr'><strong>quae</strong></span> <span class='ocrx_word' id='word_1_357' title='bbox 1110 3454 1232 3511; x_wconf 90' lang='lat' dir='ltr'><strong>illos</strong></span> <span class='ocrx_word' id='word_1_358' title='bbox 1277 3465 1404 3512; x_wconf 92' lang='lat' dir='ltr'><strong>tunc</strong></span> <span class='ocrx_word' id='word_1_359' title='bbox 1451 3461 1784 3529; x_wconf 81' lang='lat' dir='ltr'><strong>protegebat,</strong></span> 
     </span>
    </p>
   </div>
   <div class='ocr_carea' id='block_1_51' title="bbox 186 3531 1785 3618">
    <p class='ocr_par' dir='ltr' id='par_1_51' title="bbox 186 3531 1785 3618">
     <span class='ocr_line' id='line_1_51' title="bbox 186 3531 1785 3618; baseline 0.011 -31"><span class='ocrx_word' id='word_1_360' title='bbox 186 3531 357 3588; x_wconf 86' lang='lat' dir='ltr'><strong>credo</strong></span> <span class='ocrx_word' id='word_1_361' title='bbox 389 3534 532 3588; x_wconf 91' lang='lat' dir='ltr'><strong>enim</strong></span> <span class='ocrx_word' id='word_1_362' title='bbox 561 3538 702 3606; x_wconf 90' lang='lat' dir='ltr'><strong>quod</strong></span> <span class='ocrx_word' id='word_1_363' title='bbox 730 3548 784 3594; x_wconf 92' lang='lat' dir='ltr'><strong>et</strong></span> <span class='ocrx_word' id='word_1_364' title='bbox 809 3556 906 3596; x_wconf 92' lang='lat' dir='ltr'><strong>vos</strong></span> <span class='ocrx_word' id='word_1_365' title='bbox 928 3551 1191 3616; x_wconf 81' lang='lat' dir='ltr'><strong>proteget.</strong></span> <span class='ocrx_word' id='word_1_366' title='bbox 1230 3545 1336 3603; x_wconf 92' lang='lat' dir='ltr'><strong>Sed</strong></span> <span class='ocrx_word' id='word_1_367' title='bbox 1363 3549 1491 3618; x_wconf 92' lang='lat' dir='ltr'><strong>quid</strong></span> <span class='ocrx_word' id='word_1_368' title='bbox 1519 3565 1612 3604; x_wconf 84' lang='lat' dir='ltr'><strong>vos</strong></span> <span class='ocrx_word' id='word_1_369' title='bbox 1644 3550 1785 3606; x_wconf 90' lang='lat' dir='ltr'><strong>ultra</strong></span> 
     </span>
    </p>
   </div>
   <div class='ocr_carea' id='block_1_52' title="bbox 189 3621 1784 3707">
    <p class='ocr_par' dir='ltr' id='par_1_52' title="bbox 189 3621 1784 3707">
     <span class='ocr_line' id='line_1_52' title="bbox 189 3621 1784 3707; baseline 0.011 -30"><span class='ocrx_word' id='word_1_370' title='bbox 189 3621 471 3690; x_wconf 85' lang='lat' dir='ltr'><strong>demoror,</strong></span> <span class='ocrx_word' id='word_1_371' title='bbox 503 3627 808 3686; x_wconf 88' lang='lat' dir='ltr'><strong>charissimi</strong></span> <span class='ocrx_word' id='word_1_372' title='bbox 857 3631 1093 3700; x_wconf 88' lang='lat' dir='ltr'><strong>fratres,</strong></span> <span class='ocrx_word' id='word_1_373' title='bbox 1136 3637 1334 3707; x_wconf 78' lang='lat' dir='ltr'><strong>prolixi</strong></span> <span class='ocrx_word' id='word_1_374' title='bbox 1387 3641 1652 3697; x_wconf 88' lang='lat' dir='ltr'><strong>sermonis</strong></span> <span class='ocrx_word' id='word_1_375' title='bbox 1701 3629 1784 3696; x_wconf 55' lang='lat' dir='ltr'><strong>alt</strong></span> 
     </span>
    </p>
   </div>
   <div class='ocr_carea' id='block_1_53' title="bbox 185 3710 1785 3802">
    <p class='ocr_par' dir='ltr' id='par_1_53' title="bbox 185 3710 1785 3802">
     <span class='ocr_line' id='line_1_53' title="bbox 185 3710 1785 3802; baseline 0.013 -35"><span class='ocrx_word' id='word_1_376' title='bbox 185 3710 344 3768; x_wconf 83' lang='lat' dir='ltr'><strong>fatu?</strong></span> <span class='ocrx_word' id='word_1_377' title='bbox 390 3713 650 3787; x_wconf 88' lang='lat' dir='ltr'><strong>Superest</strong></span> <span class='ocrx_word' id='word_1_378' title='bbox 685 3729 744 3774; x_wconf 91' lang='lat' dir='ltr'><strong>ut</strong></span> <span class='ocrx_word' id='word_1_379' title='bbox 769 3721 957 3778; x_wconf 88' lang='lat' dir='ltr'><strong>ultima</strong></span> <span class='ocrx_word' id='word_1_380' title='bbox 987 3726 1216 3795; x_wconf 90' lang='lat' dir='ltr'><strong>apostoli</strong></span> <span class='ocrx_word' id='word_1_381' title='bbox 1254 3729 1502 3784; x_wconf 91' lang='lat' dir='ltr'><strong>oratione</strong></span> <span class='ocrx_word' id='word_1_382' title='bbox 1536 3745 1632 3785; x_wconf 90' lang='lat' dir='ltr'><strong>vos</strong></span> <span class='ocrx_word' id='word_1_383' title='bbox 1661 3747 1785 3802; x_wconf 81' lang='lat' dir='ltr'><strong>pro-</strong></span> 
     </span>
    </p>
   </div>
   <div class='ocr_carea' id='block_1_54' title="bbox 187 3807 1786 3881">
    <p class='ocr_par' dir='ltr' id='par_1_54' title="bbox 187 3807 1786 3881">
     <span class='ocr_line' id='line_1_54' title="bbox 187 3807 1786 3881; baseline 0.014 -22"><span class='ocrx_word' id='word_1_384' title='bbox 187 3819 398 3877; x_wconf 83' lang='lat' dir='ltr'><strong>sequar</strong></span> <span class='ocrx_word' id='word_1_385' title='bbox 421 3807 494 3863; x_wconf 90' lang='lat' dir='ltr'><strong>ita</strong></span> <span class='ocrx_word' id='word_1_386' title='bbox 523 3814 796 3881; x_wconf 91' lang='lat' dir='ltr'><strong>precantis</strong></span> <span class='ocrx_word' id='word_1_387' title='bbox 828 3834 841 3870; x_wconf 93' lang='lat'>:</span> <span class='ocrx_word' id='word_1_388' title='bbox 873 3826 928 3872; x_wconf 91' lang='lat' dir='ltr'><strong>et</strong></span> <span class='ocrx_word' id='word_1_389' title='bbox 958 3835 1102 3875; x_wconf 90' lang='lat' dir='ltr'><strong>nunc</strong></span> <span class='ocrx_word' id='word_1_390' title='bbox 1121 3825 1442 3879; x_wconf 91' lang='lat' dir='ltr'><strong>commendo</strong></span> <span class='ocrx_word' id='word_1_391' title='bbox 1472 3840 1568 3880; x_wconf 90' lang='lat' dir='ltr'><strong>vos</strong></span> <span class='ocrx_word' id='word_1_392' title='bbox 1593 3825 1705 3881; x_wconf 91' lang='lat' dir='ltr'><strong>Deo</strong></span> <span class='ocrx_word' id='word_1_393' title='bbox 1733 3835 1786 3881; x_wconf 90' lang='lat' dir='ltr'><strong>et</strong></span> 
     </span>
    </p>
   </div>
   <div class='ocr_carea' id='block_1_55' title="bbox 187 3902 1786 3986">
    <p class='ocr_par' dir='ltr' id='par_1_55' title="bbox 187 3902 1786 3986">
     <span class='ocr_line' id='line_1_55' title="bbox 187 3902 1786 3986; baseline 0.014 -34"><span class='ocrx_word' id='word_1_394' title='bbox 187 3902 364 3954; x_wconf 82' lang='lat' dir='ltr'><strong>verbo</strong></span> <span class='ocrx_word' id='word_1_395' title='bbox 396 3903 578 3971; x_wconf 63' lang='lat' dir='ltr'><strong>gratiae</strong></span> <span class='ocrx_word' id='word_1_396' title='bbox 606 3903 740 3972; x_wconf 85' lang='lat' dir='ltr'><strong>ejus,</strong></span> <span class='ocrx_word' id='word_1_397' title='bbox 771 3908 862 3977; x_wconf 88' lang='lat' dir='ltr'><strong>qui</strong></span> <span class='ocrx_word' id='word_1_398' title='bbox 909 3919 1102 3979; x_wconf 87' lang='lat' dir='ltr'><strong>potens</strong></span> <span class='ocrx_word' id='word_1_399' title='bbox 1137 3922 1222 3968; x_wconf 89' lang='lat' dir='ltr'><strong>est</strong></span> <span class='ocrx_word' id='word_1_400' title='bbox 1266 3916 1570 3986; x_wconf 80' lang='lat' dir='ltr'><strong>gubernare</strong></span> <span class='ocrx_word' id='word_1_401' title='bbox 1606 3927 1662 3974; x_wconf 91' lang='lat' dir='ltr'><strong>et</strong></span> <span class='ocrx_word' id='word_1_402' title='bbox 1690 3935 1786 3975; x_wconf 90' lang='lat' dir='ltr'><strong>vos</strong></span> 
     </span>
    </p>
   </div>
   <div class='ocr_carea' id='block_1_56' title="bbox 187 3990 1786 4079">
    <p class='ocr_par' dir='ltr' id='par_1_56' title="bbox 187 3990 1786 4079">
     <span class='ocr_line' id='line_1_56' title="bbox 187 3990 1786 4079; baseline 0.013 -35"><span class='ocrx_word' id='word_1_403' title='bbox 187 4000 244 4044; x_wconf 90' lang='lat' dir='ltr'><strong>et</strong></span> <span class='ocrx_word' id='word_1_404' title='bbox 273 3990 423 4046; x_wconf 87' lang='lat' dir='ltr'><strong>ovile</strong></span> <span class='ocrx_word' id='word_1_405' title='bbox 450 4006 628 4048; x_wconf 91' lang='lat' dir='ltr'><strong>suum.</strong></span> <span class='ocrx_word' id='word_1_406' title='bbox 670 3994 796 4051; x_wconf 73' lang='lat' dir='ltr'><strong>Haec</strong></span> <span class='ocrx_word' id='word_1_407' title='bbox 823 3999 912 4054; x_wconf 91' lang='lat' dir='ltr'><strong>ubi</strong></span> <span class='ocrx_word' id='word_1_408' title='bbox 944 4000 1085 4056; x_wconf 90' lang='lat' dir='ltr'><strong>dicta</strong></span> <span class='ocrx_word' id='word_1_409' title='bbox 1111 4002 1258 4058; x_wconf 89' lang='lat' dir='ltr'><strong>dedit</strong></span> <span class='ocrx_word' id='word_1_410' title='bbox 1277 4045 1291 4067; x_wconf 85' lang='lat'><strong>,</strong></span> <span class='ocrx_word' id='word_1_411' title='bbox 1338 4006 1530 4076; x_wconf 88' lang='lat' dir='ltr'><strong>positis</strong></span> <span class='ocrx_word' id='word_1_412' title='bbox 1561 4008 1786 4079; x_wconf 78' lang='lat' dir='ltr'><strong>genibus</strong></span> 
     </span>
    </p>
   </div>
   <div class='ocr_carea' id='block_1_57' title="bbox 189 4083 1780 4163">
    <p class='ocr_par' dir='ltr' id='par_1_57' title="bbox 189 4083 1780 4163">
     <span class='ocr_line' id='line_1_57' title="bbox 189 4083 1780 4163; baseline 0.013 -27"><span class='ocrx_word' id='word_1_413' title='bbox 189 4083 376 4136; x_wconf 89' lang='lat' dir='ltr'><strong>oravit</strong></span> <span class='ocrx_word' id='word_1_414' title='bbox 413 4099 536 4138; x_wconf 91' lang='lat' dir='ltr'><strong>cum</strong></span> <span class='ocrx_word' id='word_1_415' title='bbox 566 4085 665 4141; x_wconf 89' lang='lat' dir='ltr'><strong>eis.</strong></span> <span class='ocrx_word' id='word_1_416' title='bbox 690 4087 916 4158; x_wconf 78' lang='lat' dir='ltr'><strong>Expleta</strong></span> <span class='ocrx_word' id='word_1_417' title='bbox 961 4091 1142 4163; x_wconf 90' lang='lat' dir='ltr'><strong>itaque</strong></span> <span class='ocrx_word' id='word_1_418' title='bbox 1171 4096 1435 4162; x_wconf 88' lang='lat' dir='ltr'><strong>oratione,</strong></span> <span class='ocrx_word' id='word_1_419' title='bbox 1471 4097 1780 4156; x_wconf 87' lang='lat' dir='ltr'><strong>osculantes</strong></span> 
     </span>
    </p>
   </div>
   <div class='ocr_carea' id='block_1_58' title="bbox 189 4180 1782 4261">
    <p class='ocr_par' dir='ltr' id='par_1_58' title="bbox 189 4180 1782 4261">
     <span class='ocr_line' id='line_1_58' title="bbox 189 4180 1782 4261; baseline 0.009 -28"><span class='ocrx_word' id='word_1_420' title='bbox 189 4193 398 4234; x_wconf 89' lang='lat' dir='ltr'><strong>manus</strong></span> <span class='ocrx_word' id='word_1_421' title='bbox 427 4180 543 4250; x_wconf 84' lang='lat' dir='ltr'><strong>ejus</strong></span> <span class='ocrx_word' id='word_1_422' title='bbox 575 4198 638 4238; x_wconf 89' lang='lat' dir='ltr'><strong>ac</strong></span> <span class='ocrx_word' id='word_1_423' title='bbox 665 4185 832 4254; x_wconf 86' lang='lat' dir='ltr'><strong>pedes</strong></span> <span class='ocrx_word' id='word_1_424' title='bbox 861 4186 1100 4244; x_wconf 83' lang='lat' dir='ltr'><strong>Achillas</strong></span> <span class='ocrx_word' id='word_1_425' title='bbox 1125 4200 1288 4261; x_wconf 85' lang='lat' dir='ltr'><strong>atque</strong></span> <span class='ocrx_word' id='word_1_426' title='bbox 1313 4191 1620 4248; x_wconf 82' lang='lat' dir='ltr'><strong>Alexander</strong></span> <span class='ocrx_word' id='word_1_427' title='bbox 1649 4208 1782 4247; x_wconf 89' lang='lat' dir='ltr'><strong>con-</strong></span> 
     </span>
    </p>
   </div>
   <div class='ocr_carea' id='block_1_59' title="bbox 189 4271 1782 4352">
    <p class='ocr_par' dir='ltr' id='par_1_59' title="bbox 189 4271 1782 4352">
     <span class='ocr_line' id='line_1_59' title="bbox 189 4271 1782 4352; baseline 0.011 -30"><span class='ocrx_word' id='word_1_428' title='bbox 189 4272 342 4325; x_wconf 86' lang='lat' dir='ltr'><strong>versi</strong></span> <span class='ocrx_word' id='word_1_429' title='bbox 377 4271 432 4325; x_wconf 92' lang='lat' dir='ltr'><strong>in</strong></span> <span class='ocrx_word' id='word_1_430' title='bbox 457 4271 725 4345; x_wconf 87' lang='lat' dir='ltr'><strong>lacrymas</strong></span> <span class='ocrx_word' id='word_1_431' title='bbox 753 4277 988 4347; x_wconf 81' lang='lat' dir='ltr'><strong>singultu</strong></span> <span class='ocrx_word' id='word_1_432' title='bbox 1018 4281 1354 4337; x_wconf 90' lang='lat' dir='ltr'><strong>amarissimo</strong></span> <span class='ocrx_word' id='word_1_433' title='bbox 1382 4285 1782 4352; x_wconf 87' lang='lat' dir='ltr'><strong>quatiebantur,</strong></span> 
     </span>
    </p>
   </div>
   <div class='ocr_carea' id='block_1_60' title="bbox 189 4361 1788 4445">
    <p class='ocr_par' dir='ltr' id='par_1_60' title="bbox 189 4361 1788 4445">
     <span class='ocr_line' id='line_1_60' title="bbox 189 4361 1788 4445; baseline 0.011 -31"><span class='ocrx_word' id='word_1_434' title='bbox 189 4361 442 4418; x_wconf 79' lang='lat' dir='ltr'><strong>maxime</strong></span> <span class='ocrx_word' id='word_1_435' title='bbox 488 4365 614 4433; x_wconf 92' lang='lat' dir='ltr'><strong>quia</strong></span> <span class='ocrx_word' id='word_1_436' title='bbox 661 4368 944 4424; x_wconf 90' lang='lat' dir='ltr'><strong>audierant</strong></span> <span class='ocrx_word' id='word_1_437' title='bbox 987 4384 1109 4426; x_wconf 90' lang='lat' dir='ltr'><strong>eum</strong></span> <span class='ocrx_word' id='word_1_438' title='bbox 1141 4372 1322 4429; x_wconf 88' lang='lat' dir='ltr'><strong>dicere</strong></span> <span class='ocrx_word' id='word_1_439' title='bbox 1365 4375 1506 4445; x_wconf 87' lang='lat' dir='ltr'><strong>quod</strong></span> <span class='ocrx_word' id='word_1_440' title='bbox 1545 4389 1614 4430; x_wconf 83' lang='lat' dir='ltr'><strong>ex</strong></span> <span class='ocrx_word' id='word_1_441' title='bbox 1659 4384 1788 4431; x_wconf 91' lang='lat' dir='ltr'><strong>tunc</strong></span> 
     </span>
    </p>
   </div>
   <div class='ocr_carea' id='block_1_61' title="bbox 191 4455 1785 4532">
    <p class='ocr_par' dir='ltr' id='par_1_61' title="bbox 191 4455 1785 4532">
     <span class='ocr_line' id='line_1_61' title="bbox 191 4455 1785 4532; baseline 0.007 -23"><span class='ocrx_word' id='word_1_442' title='bbox 191 4455 556 4525; x_wconf 85' lang='lat' dir='ltr'><strong>temporalem</strong></span> <span class='ocrx_word' id='word_1_443' title='bbox 583 4456 700 4528; x_wconf 89' lang='lat' dir='ltr'><strong>ejus</strong></span> <span class='ocrx_word' id='word_1_444' title='bbox 727 4460 894 4516; x_wconf 90' lang='lat' dir='ltr'><strong>vitam</strong></span> <span class='ocrx_word' id='word_1_445' title='bbox 941 4461 1168 4532; x_wconf 87' lang='lat' dir='ltr'><strong>amplius</strong></span> <span class='ocrx_word' id='word_1_446' title='bbox 1214 4464 1382 4520; x_wconf 87' lang='lat' dir='ltr'><strong>visuri</strong></span> <span class='ocrx_word' id='word_1_447' title='bbox 1434 4481 1537 4521; x_wconf 92' lang='lat' dir='ltr'><strong>non</strong></span> <span class='ocrx_word' id='word_1_448' title='bbox 1583 4476 1785 4522; x_wconf 91' lang='lat' dir='ltr'><strong>essent.</strong></span> 
     </span>
    </p>
   </div>
   <div class='ocr_carea' id='block_1_62' title="bbox 190 4544 1791 4627">
    <p class='ocr_par' dir='ltr' id='par_1_62' title="bbox 190 4544 1791 4627">
     <span class='ocr_line' id='line_1_62' title="bbox 190 4544 1791 4627; baseline 0.007 -25"><span class='ocrx_word' id='word_1_449' title='bbox 190 4544 411 4602; x_wconf 90' lang='lat' dir='ltr'><strong>Dehinc</strong></span> <span class='ocrx_word' id='word_1_450' title='bbox 437 4547 626 4605; x_wconf 90' lang='lat' dir='ltr'><strong>doctor</strong></span> <span class='ocrx_word' id='word_1_451' title='bbox 653 4551 997 4608; x_wconf 90' lang='lat' dir='ltr'><strong>dulcissimus</strong></span> <span class='ocrx_word' id='word_1_452' title='bbox 1016 4554 1243 4611; x_wconf 89' lang='lat' dir='ltr'><strong>veniens</strong></span> <span class='ocrx_word' id='word_1_453' title='bbox 1267 4557 1334 4611; x_wconf 87' lang='lat' dir='ltr'><strong>ad</strong></span> <span class='ocrx_word' id='word_1_454' title='bbox 1365 4557 1600 4627; x_wconf 89' lang='lat' dir='ltr'><strong>reliquos</strong></span> <span class='ocrx_word' id='word_1_455' title='bbox 1629 4559 1791 4614; x_wconf 88' lang='lat' dir='ltr'><strong>cleri-</strong></span> 
     </span>
    </p>
   </div>
   <div class='ocr_carea' id='block_1_63' title="bbox 1882 1983 3473 2054">
    <p class='ocr_par' dir='ltr' id='par_1_63' title="bbox 1882 1983 3473 2054">
     <span class='ocr_line' id='line_1_63' title="bbox 1882 1983 3473 2054; baseline 0.001 -14"><span class='ocrx_word' id='word_1_456' title='bbox 1882 1985 2020 2041; x_wconf 81' lang='lat' dir='ltr'><strong>dixit</strong></span> <span class='ocrx_word' id='word_1_457' title='bbox 2044 1993 2098 2040; x_wconf 93' lang='lat' dir='ltr'><strong>et</strong></span> <span class='ocrx_word' id='word_1_458' title='bbox 2129 1984 2286 2052; x_wconf 84' lang='lat' dir='ltr'><strong>fecit,</strong></span> <span class='ocrx_word' id='word_1_459' title='bbox 2313 1985 2509 2040; x_wconf 89' lang='lat' dir='ltr'><strong>Pastor</strong></span> <span class='ocrx_word' id='word_1_460' title='bbox 2539 1987 2712 2041; x_wconf 90' lang='lat' dir='ltr'><strong>bonus</strong></span> <span class='ocrx_word' id='word_1_461' title='bbox 2741 1983 2977 2040; x_wconf 89' lang='lat' dir='ltr'><strong>animam</strong></span> <span class='ocrx_word' id='word_1_462' title='bbox 3005 1999 3160 2039; x_wconf 87' lang='lat' dir='ltr'><strong>suant</strong></span> <span class='ocrx_word' id='word_1_463' title='bbox 3198 1983 3350 2054; x_wconf 88' lang='lat' dir='ltr'><strong>ponit</strong></span> <span class='ocrx_word' id='word_1_464' title='bbox 3373 1998 3473 2054; x_wconf 86' lang='lat' dir='ltr'><strong>pro</strong></span> 
     </span>
    </p>
   </div>
   <div class='ocr_carea' id='block_1_64' title="bbox 1882 2075 3478 2148">
    <p class='ocr_par' dir='ltr' id='par_1_64' title="bbox 1882 2075 3478 2148">
     <span class='ocr_line' id='line_1_64' title="bbox 1882 2075 3478 2148; baseline -0.002 -15"><span class='ocrx_word' id='word_1_465' title='bbox 1882 2077 2074 2133; x_wconf 90' lang='lat' dir='ltr'><strong>ovibus</strong></span> <span class='ocrx_word' id='word_1_466' title='bbox 2123 2077 2234 2131; x_wconf 89' lang='lat' dir='ltr'><strong>suis</strong></span> <span class='ocrx_word' id='word_1_467' title='bbox 2261 2119 2275 2144; x_wconf 91' lang='lat'><strong>,</strong></span> <span class='ocrx_word' id='word_1_468' title='bbox 2327 2093 2396 2133; x_wconf 79' lang='lat' dir='ltr'><strong>ex</strong></span> <span class='ocrx_word' id='word_1_469' title='bbox 2445 2077 2663 2148; x_wconf 89' lang='lat' dir='ltr'><strong>pietatis</strong></span> <span class='ocrx_word' id='word_1_470' title='bbox 2709 2084 3027 2148; x_wconf 90' lang='lat' dir='ltr'><strong>argumento</strong></span> <span class='ocrx_word' id='word_1_471' title='bbox 3061 2075 3274 2131; x_wconf 89' lang='lat' dir='ltr'><strong>vocavit</strong></span> <span class='ocrx_word' id='word_1_472' title='bbox 3310 2090 3478 2130; x_wconf 90' lang='lat' dir='ltr'><strong>unum</strong></span> 
     </span>
    </p>
   </div>
   <div class='ocr_carea' id='block_1_65' title="bbox 1882 2165 3478 2239">
    <p class='ocr_par' dir='ltr' id='par_1_65' title="bbox 1882 2165 3478 2239">
     <span class='ocr_line' id='line_1_65' title="bbox 1882 2165 3478 2239; baseline 0 -17"><span class='ocrx_word' id='word_1_473' title='bbox 1882 2165 2150 2222; x_wconf 89' lang='lat' dir='ltr'><strong>seniorem</strong></span> <span class='ocrx_word' id='word_1_474' title='bbox 2193 2181 2259 2222; x_wconf 75' lang='lat' dir='ltr'><strong>ex</strong></span> <span class='ocrx_word' id='word_1_475' title='bbox 2304 2167 2388 2222; x_wconf 91' lang='lat' dir='ltr'><strong>his</strong></span> <span class='ocrx_word' id='word_1_476' title='bbox 2422 2167 2512 2239; x_wconf 89' lang='lat' dir='ltr'><strong>qui</strong></span> <span class='ocrx_word' id='word_1_477' title='bbox 2551 2167 2746 2222; x_wconf 90' lang='lat' dir='ltr'><strong>ibidem</strong></span> <span class='ocrx_word' id='word_1_478' title='bbox 2796 2165 3070 2238; x_wconf 86' lang='lat' dir='ltr'><strong>responsis</strong></span> <span class='ocrx_word' id='word_1_479' title='bbox 3097 2165 3214 2237; x_wconf 87' lang='lat' dir='ltr'><strong>ejus</strong></span> <span class='ocrx_word' id='word_1_480' title='bbox 3241 2165 3478 2222; x_wconf 61' lang='lat' dir='ltr'><strong>inhaere-</strong></span> 
     </span>
    </p>
   </div>
   <div class='ocr_carea' id='block_1_66' title="bbox 1881 2257 3477 2328">
    <p class='ocr_par' dir='ltr' id='par_1_66' title="bbox 1881 2257 3477 2328">
     <span class='ocr_line' id='line_1_66' title="bbox 1881 2257 3477 2328; baseline -0.002 -15"><span class='ocrx_word' id='word_1_481' title='bbox 1881 2257 2014 2313; x_wconf 91' lang='lat' dir='ltr'><strong>bant</strong></span> <span class='ocrx_word' id='word_1_482' title='bbox 2034 2299 2048 2321; x_wconf 91' lang='lat'><strong>,</strong></span> <span class='ocrx_word' id='word_1_483' title='bbox 2079 2266 2135 2314; x_wconf 89' lang='lat' dir='ltr'><strong>et</strong></span> <span class='ocrx_word' id='word_1_484' title='bbox 2159 2258 2295 2313; x_wconf 80' lang='lat' dir='ltr'><strong>dixit</strong></span> <span class='ocrx_word' id='word_1_485' title='bbox 2323 2259 2372 2314; x_wconf 93' lang='lat' dir='ltr'><strong>ei</strong></span> <span class='ocrx_word' id='word_1_486' title='bbox 2399 2277 2411 2312; x_wconf 92' lang='lat'>:</span> <span class='ocrx_word' id='word_1_487' title='bbox 2460 2257 2608 2313; x_wconf 82' lang='lat' dir='ltr'><strong>Vade</strong></span> <span class='ocrx_word' id='word_1_488' title='bbox 2654 2257 2722 2313; x_wconf 87' lang='lat' dir='ltr'><strong>ad</strong></span> <span class='ocrx_word' id='word_1_489' title='bbox 2754 2258 3000 2313; x_wconf 89' lang='lat' dir='ltr'><strong>tribunos</strong></span> <span class='ocrx_word' id='word_1_490' title='bbox 3024 2257 3115 2328; x_wconf 92' lang='lat' dir='ltr'><strong>qui</strong></span> <span class='ocrx_word' id='word_1_491' title='bbox 3151 2273 3235 2313; x_wconf 93' lang='lat' dir='ltr'><strong>me</strong></span> <span class='ocrx_word' id='word_1_492' title='bbox 3266 2257 3477 2312; x_wconf 88' lang='lat' dir='ltr'><strong>interli-</strong></span> 
     </span>
    </p>
   </div>
   <div class='ocr_carea' id='block_1_67' title="bbox 1880 2349 3478 2422">
    <p class='ocr_par' dir='ltr' id='par_1_67' title="bbox 1880 2349 3478 2422">
     <span class='ocr_line' id='line_1_67' title="bbox 1880 2349 3478 2422; baseline -0.001 -16"><span class='ocrx_word' id='word_1_493' title='bbox 1880 2364 2007 2406; x_wconf 91' lang='lat' dir='ltr'><strong>cere</strong></span> <span class='ocrx_word' id='word_1_494' title='bbox 2037 2359 2302 2422; x_wconf 69' lang='lat' dir='ltr'><strong>quatrunt,</strong></span> <span class='ocrx_word' id='word_1_495' title='bbox 2341 2360 2396 2405; x_wconf 92' lang='lat' dir='ltr'><strong>el.</strong></span> <span class='ocrx_word' id='word_1_496' title='bbox 2425 2351 2590 2405; x_wconf 87' lang='lat' dir='ltr'><strong>dicito</strong></span> <span class='ocrx_word' id='word_1_497' title='bbox 2620 2351 2700 2407; x_wconf 88' lang='lat' dir='ltr'><strong>eis</strong></span> <span class='ocrx_word' id='word_1_498' title='bbox 2726 2369 2738 2405; x_wconf 92' lang='lat'><strong>:</strong></span> <span class='ocrx_word' id='word_1_499' title='bbox 2778 2351 2967 2406; x_wconf 83' lang='lat' dir='ltr'><strong>Cesset</strong></span> <span class='ocrx_word' id='word_1_500' title='bbox 2997 2350 3174 2406; x_wconf 92' lang='lat' dir='ltr'><strong>omnis</strong></span> <span class='ocrx_word' id='word_1_501' title='bbox 3214 2349 3478 2414; x_wconf 79' lang='lat' dir='ltr'><strong>anxietas,</strong></span> 
     </span>
    </p>
   </div>
   <div class='ocr_carea' id='block_1_68' title="bbox 1880 2440 3480 2512">
    <p class='ocr_par' dir='ltr' id='par_1_68' title="bbox 1880 2440 3480 2512">
     <span class='ocr_line' id='line_1_68' title="bbox 1880 2440 3480 2512; baseline -0.001 -16"><span class='ocrx_word' id='word_1_502' title='bbox 1880 2455 2008 2496; x_wconf 91' lang='lat' dir='ltr'><strong>ecce</strong></span> <span class='ocrx_word' id='word_1_503' title='bbox 2031 2451 2310 2512; x_wconf 86' lang='lat' dir='ltr'><strong>promptus</strong></span> <span class='ocrx_word' id='word_1_504' title='bbox 2339 2457 2455 2495; x_wconf 92' lang='lat' dir='ltr'><strong>sum</strong></span> <span class='ocrx_word' id='word_1_505' title='bbox 2489 2441 2795 2496; x_wconf 92' lang='lat' dir='ltr'><strong>ultroneum</strong></span> <span class='ocrx_word' id='word_1_506' title='bbox 2820 2456 2905 2496; x_wconf 91' lang='lat' dir='ltr'><strong>me</strong></span> <span class='ocrx_word' id='word_1_507' title='bbox 2934 2441 3042 2496; x_wconf 91' lang='lat' dir='ltr'><strong>illis</strong></span> <span class='ocrx_word' id='word_1_508' title='bbox 3067 2442 3332 2512; x_wconf 84' lang='lat' dir='ltr'><strong>ingerere.</strong></span> <span class='ocrx_word' id='word_1_509' title='bbox 3365 2440 3480 2495; x_wconf 81' lang='lat' dir='ltr'><strong>Hac</strong></span> 
     </span>
    </p>
   </div>
   <div class='ocr_carea' id='block_1_69' title="bbox 1881 2531 3480 2604">
    <p class='ocr_par' dir='ltr' id='par_1_69' title="bbox 1881 2531 3480 2604">
     <span class='ocr_line' id='line_1_69' title="bbox 1881 2531 3480 2604; baseline 0.001 -18"><span class='ocrx_word' id='word_1_510' title='bbox 1881 2531 2081 2587; x_wconf 90' lang='lat' dir='ltr'><strong>etenim</strong></span> <span class='ocrx_word' id='word_1_511' title='bbox 2119 2543 2277 2587; x_wconf 92' lang='lat' dir='ltr'><strong>nocte</strong></span> <span class='ocrx_word' id='word_1_512' title='bbox 2311 2533 2531 2586; x_wconf 86' lang='lat' dir='ltr'><strong>veniant</strong></span> <span class='ocrx_word' id='word_1_513' title='bbox 2577 2541 2699 2603; x_wconf 91' lang='lat' dir='ltr'><strong>post</strong></span> <span class='ocrx_word' id='word_1_514' title='bbox 2751 2543 2956 2604; x_wconf 89' lang='lat' dir='ltr'><strong>tergum</strong></span> <span class='ocrx_word' id='word_1_515' title='bbox 3005 2533 3196 2588; x_wconf 91' lang='lat' dir='ltr'><strong>domus</strong></span> <span class='ocrx_word' id='word_1_516' title='bbox 3240 2532 3480 2588; x_wconf 85' lang='lat' dir='ltr'><strong>carceris</strong></span> 
     </span>
    </p>
   </div>
   <div class='ocr_carea' id='block_1_70' title="bbox 1880 2624 3481 2697">
    <p class='ocr_par' dir='ltr' id='par_1_70' title="bbox 1880 2624 3481 2697">
     <span class='ocr_line' id='line_1_70' title="bbox 1880 2624 3481 2697; baseline -0.001 -16"><span class='ocrx_word' id='word_1_517' title='bbox 1880 2625 2060 2696; x_wconf 89' lang='lat' dir='ltr'><strong>hujus,</strong></span> <span class='ocrx_word' id='word_1_518' title='bbox 2089 2635 2143 2680; x_wconf 90' lang='lat' dir='ltr'><strong>et</strong></span> <span class='ocrx_word' id='word_1_519' title='bbox 2180 2625 2232 2680; x_wconf 92' lang='lat' dir='ltr'><strong>in</strong></span> <span class='ocrx_word' id='word_1_520' title='bbox 2273 2641 2380 2695; x_wconf 88' lang='lat' dir='ltr'><strong>quo</strong></span> <span class='ocrx_word' id='word_1_521' title='bbox 2410 2625 2529 2680; x_wconf 94' lang='lat' dir='ltr'><strong>loco</strong></span> <span class='ocrx_word' id='word_1_522' title='bbox 2555 2627 2828 2682; x_wconf 88' lang='lat' dir='ltr'><strong>audierint</strong></span> <span class='ocrx_word' id='word_1_523' title='bbox 2858 2626 3071 2697; x_wconf 89' lang='lat' dir='ltr'><strong>signum</strong></span> <span class='ocrx_word' id='word_1_524' title='bbox 3101 2626 3153 2680; x_wconf 91' lang='lat' dir='ltr'><strong>in</strong></span> <span class='ocrx_word' id='word_1_525' title='bbox 3181 2626 3388 2697; x_wconf 89' lang='lat' dir='ltr'><strong>pariete</strong></span> <span class='ocrx_word' id='word_1_526' title='bbox 3411 2624 3481 2681; x_wconf 88' lang='lat' dir='ltr'><strong>ab</strong></span> 
     </span>
    </p>
   </div>
   <div class='ocr_carea' id='block_1_71' title="bbox 1882 2718 3482 2790">
    <p class='ocr_par' dir='ltr' id='par_1_71' title="bbox 1882 2718 3482 2790">
     <span class='ocr_line' id='line_1_71' title="bbox 1882 2718 3482 2790; baseline 0 -16"><span class='ocrx_word' id='word_1_527' title='bbox 1882 2719 2025 2774; x_wconf 88' lang='lat' dir='ltr'><strong>intus</strong></span> <span class='ocrx_word' id='word_1_528' title='bbox 2055 2718 2274 2783; x_wconf 87' lang='lat' dir='ltr'><strong>factum,</strong></span> <span class='ocrx_word' id='word_1_529' title='bbox 2304 2719 2374 2774; x_wconf 92' lang='lat' dir='ltr'><strong>ibi</strong></span> <span class='ocrx_word' id='word_1_530' title='bbox 2406 2718 2720 2775; x_wconf 81' lang='lat' dir='ltr'><strong>elfodieutes</strong></span> <span class='ocrx_word' id='word_1_531' title='bbox 2738 2719 3011 2790; x_wconf 83' lang='lat' dir='ltr'><strong>excipiant</strong></span> <span class='ocrx_word' id='word_1_532' title='bbox 3037 2734 3149 2784; x_wconf 91' lang='lat' dir='ltr'><strong>me,</strong></span> <span class='ocrx_word' id='word_1_533' title='bbox 3177 2719 3482 2789; x_wconf 80' lang='lat' dir='ltr'><strong>perficiant-</strong></span> 
     </span>
    </p>
   </div>
   <div class='ocr_carea' id='block_1_72' title="bbox 1882 2813 3480 2896">
    <p class='ocr_par' dir='ltr' id='par_1_72' title="bbox 1882 2813 3480 2896">
     <span class='ocr_line' id='line_1_72' title="bbox 1882 2813 3480 2896; baseline 0.001 -29"><span class='ocrx_word' id='word_1_534' title='bbox 1882 2830 1988 2886; x_wconf 91' lang='lat' dir='ltr'><strong>que</strong></span> <span class='ocrx_word' id='word_1_535' title='bbox 2022 2815 2162 2886; x_wconf 85' lang='lat' dir='ltr'><strong>quod</strong></span> <span class='ocrx_word' id='word_1_536' title='bbox 2206 2814 2306 2896; x_wconf 82' lang='lat' dir='ltr'><strong>sibi</strong></span> <span class='ocrx_word' id='word_1_537' title='bbox 2347 2824 2430 2870; x_wconf 90' lang='lat' dir='ltr'><strong>est</strong></span> <span class='ocrx_word' id='word_1_538' title='bbox 2471 2815 2815 2886; x_wconf 90' lang='lat' dir='ltr'><strong>imperatum.</strong></span> <span class='ocrx_word' id='word_1_539' title='bbox 2860 2813 3056 2870; x_wconf 89' lang='lat' dir='ltr'><strong>Senior</strong></span> <span class='ocrx_word' id='word_1_540' title='bbox 3082 2828 3245 2879; x_wconf 86' lang='lat' dir='ltr'><strong>vero,</strong></span> <span class='ocrx_word' id='word_1_541' title='bbox 3274 2814 3480 2870; x_wconf 88' lang='lat' dir='ltr'><strong>obtem-</strong></span> 
     </span>
    </p>
   </div>
   <div class='ocr_carea' id='block_1_73' title="bbox 1882 2904 3478 2976">
    <p class='ocr_par' dir='ltr' id='par_1_73' title="bbox 1882 2904 3478 2976">
     <span class='ocr_line' id='line_1_73' title="bbox 1882 2904 3478 2976; baseline 0.001 -18"><span class='ocrx_word' id='word_1_542' title='bbox 1882 2919 2078 2974; x_wconf 89' lang='lat' dir='ltr'><strong>perans</strong></span> <span class='ocrx_word' id='word_1_543' title='bbox 2128 2904 2464 2976; x_wconf 86' lang='lat' dir='ltr'><strong>jussionibus</strong></span> <span class='ocrx_word' id='word_1_544' title='bbox 2520 2905 2850 2961; x_wconf 88' lang='lat' dir='ltr'><strong>sanctissimi</strong></span> <span class='ocrx_word' id='word_1_545' title='bbox 2910 2904 3011 2961; x_wconf 90' lang='lat' dir='ltr'><strong>viri</strong></span> <span class='ocrx_word' id='word_1_546' title='bbox 3069 2905 3282 2976; x_wconf 88' lang='lat' dir='ltr'><strong>(neque</strong></span> <span class='ocrx_word' id='word_1_547' title='bbox 3333 2905 3478 2961; x_wconf 88' lang='lat' dir='ltr'><strong>enim</strong></span> 
     </span>
    </p>
   </div>
   <div class='ocr_carea' id='block_1_74' title="bbox 1884 2993 3481 3067">
    <p class='ocr_par' dir='ltr' id='par_1_74' title="bbox 1884 2993 3481 3067">
     <span class='ocr_line' id='line_1_74' title="bbox 1884 2993 3481 3067; baseline 0.003 -19"><span class='ocrx_word' id='word_1_548' title='bbox 1884 3002 2033 3050; x_wconf 87' lang='lat' dir='ltr'><strong>tanto</strong></span> <span class='ocrx_word' id='word_1_549' title='bbox 2062 2993 2213 3049; x_wconf 89' lang='lat' dir='ltr'><strong>Patri</strong></span> <span class='ocrx_word' id='word_1_550' title='bbox 2255 2995 2632 3050; x_wconf 89' lang='lat' dir='ltr'><strong>contradicere</strong></span> <span class='ocrx_word' id='word_1_551' title='bbox 2667 2996 2922 3067; x_wconf 88' lang='lat' dir='ltr'><strong>poterat),</strong></span> <span class='ocrx_word' id='word_1_552' title='bbox 2955 2995 3089 3052; x_wconf 90' lang='lat' dir='ltr'><strong>abiit</strong></span> <span class='ocrx_word' id='word_1_553' title='bbox 3131 2994 3198 3050; x_wconf 91' lang='lat' dir='ltr'><strong>ad</strong></span> <span class='ocrx_word' id='word_1_554' title='bbox 3237 2995 3481 3052; x_wconf 88' lang='lat' dir='ltr'><strong>tribunos</strong></span> 
     </span>
    </p>
   </div>
   <div class='ocr_carea' id='block_1_75' title="bbox 1881 3085 3480 3158">
    <p class='ocr_par' dir='ltr' id='par_1_75' title="bbox 1881 3085 3480 3158">
     <span class='ocr_line' id='line_1_75' title="bbox 1881 3085 3480 3158; baseline -0.001 -16"><span class='ocrx_word' id='word_1_555' title='bbox 1881 3093 1936 3142; x_wconf 85' lang='lat' dir='ltr'><strong>et</strong></span> <span class='ocrx_word' id='word_1_556' title='bbox 1971 3085 2241 3140; x_wconf 88' lang='lat' dir='ltr'><strong>intimavit</strong></span> <span class='ocrx_word' id='word_1_557' title='bbox 2280 3087 2359 3142; x_wconf 90' lang='lat' dir='ltr'><strong>eis</strong></span> <span class='ocrx_word' id='word_1_558' title='bbox 2405 3087 2545 3157; x_wconf 89' lang='lat' dir='ltr'><strong>quod</strong></span> <span class='ocrx_word' id='word_1_559' title='bbox 2580 3087 2684 3142; x_wconf 91' lang='lat' dir='ltr'><strong>sibi</strong></span> <span class='ocrx_word' id='word_1_560' title='bbox 2726 3087 2936 3142; x_wconf 89' lang='lat' dir='ltr'><strong>fuerant</strong></span> <span class='ocrx_word' id='word_1_561' title='bbox 2972 3086 3296 3158; x_wconf 73' lang='lat' dir='ltr'><strong>iniunctum.</strong></span> <span class='ocrx_word' id='word_1_562' title='bbox 3327 3086 3480 3154; x_wconf 83' lang='lat' dir='ltr'><strong>Quod</strong></span> 
     </span>
    </p>
   </div>
   <div class='ocr_carea' id='block_1_76' title="bbox 1883 3176 3480 3250">
    <p class='ocr_par' dir='ltr' id='par_1_76' title="bbox 1883 3176 3480 3250">
     <span class='ocr_line' id='line_1_76' title="bbox 1883 3176 3480 3250; baseline -0.001 -17"><span class='ocrx_word' id='word_1_563' title='bbox 1883 3176 1957 3233; x_wconf 89' lang='lat' dir='ltr'><strong>illi</strong></span> <span class='ocrx_word' id='word_1_564' title='bbox 1987 3177 2266 3233; x_wconf 90' lang='lat' dir='ltr'><strong>audientes</strong></span> <span class='ocrx_word' id='word_1_565' title='bbox 2294 3178 2449 3232; x_wconf 89' lang='lat' dir='ltr'><strong>valde</strong></span> <span class='ocrx_word' id='word_1_566' title='bbox 2475 3179 2645 3250; x_wconf 89' lang='lat' dir='ltr'><strong>gavisi</strong></span> <span class='ocrx_word' id='word_1_567' title='bbox 2686 3187 2847 3242; x_wconf 91' lang='lat' dir='ltr'><strong>sunt,</strong></span> <span class='ocrx_word' id='word_1_568' title='bbox 2886 3186 2941 3233; x_wconf 91' lang='lat' dir='ltr'><strong>et</strong></span> <span class='ocrx_word' id='word_1_569' title='bbox 2970 3188 3309 3234; x_wconf 89' lang='lat' dir='ltr'><strong>assumentes</strong></span> <span class='ocrx_word' id='word_1_570' title='bbox 3342 3176 3480 3232; x_wconf 86' lang='lat' dir='ltr'><strong>lato-</strong></span> 
     </span>
    </p>
   </div>
   <div class='ocr_carea' id='block_1_77' title="bbox 1889 3269 3484 3340">
    <p class='ocr_par' dir='ltr' id='par_1_77' title="bbox 1889 3269 3484 3340">
     <span class='ocr_line' id='line_1_77' title="bbox 1889 3269 3484 3340; baseline -0.001 -16"><span class='ocrx_word' id='word_1_571' title='bbox 1889 3285 2008 3324; x_wconf 87' lang='lat' dir='ltr'><strong>mos</strong></span> <span class='ocrx_word' id='word_1_572' title='bbox 2035 3270 2179 3324; x_wconf 90' lang='lat' dir='ltr'><strong>circa</strong></span> <span class='ocrx_word' id='word_1_573' title='bbox 2218 3269 2392 3325; x_wconf 91' lang='lat' dir='ltr'><strong>noctis</strong></span> <span class='ocrx_word' id='word_1_574' title='bbox 2421 3269 2580 3340; x_wconf 89' lang='lat' dir='ltr'><strong>hujus</strong></span> <span class='ocrx_word' id='word_1_575' title='bbox 2628 3270 2951 3324; x_wconf 88' lang='lat' dir='ltr'><strong>matutinum</strong></span> <span class='ocrx_word' id='word_1_576' title='bbox 2985 3278 3194 3340; x_wconf 88' lang='lat' dir='ltr'><strong>tempus</strong></span> <span class='ocrx_word' id='word_1_577' title='bbox 3222 3275 3484 3324; x_wconf 83' lang='lat' dir='ltr'><strong>venerunt</strong></span> 
     </span>
    </p>
   </div>
   <div class='ocr_carea' id='block_1_78' title="bbox 1889 3357 3481 3429">
    <p class='ocr_par' dir='ltr' id='par_1_78' title="bbox 1889 3357 3481 3429">
     <span class='ocr_line' id='line_1_78' title="bbox 1889 3357 3481 3429; baseline -0.001 -15"><span class='ocrx_word' id='word_1_578' title='bbox 1889 3359 2005 3415; x_wconf 89' lang='lat' dir='ltr'><strong>sine</strong></span> <span class='ocrx_word' id='word_1_579' title='bbox 2029 3359 2290 3414; x_wconf 91' lang='lat' dir='ltr'><strong>militibus</strong></span> <span class='ocrx_word' id='word_1_580' title='bbox 2316 3360 2382 3413; x_wconf 91' lang='lat' dir='ltr'><strong>ad</strong></span> <span class='ocrx_word' id='word_1_581' title='bbox 2413 3359 2588 3413; x_wconf 90' lang='lat' dir='ltr'><strong>locum</strong></span> <span class='ocrx_word' id='word_1_582' title='bbox 2619 3361 2710 3429; x_wconf 89' lang='lat' dir='ltr'><strong>qui</strong></span> <span class='ocrx_word' id='word_1_583' title='bbox 2743 3359 2845 3414; x_wconf 91' lang='lat' dir='ltr'><strong>sibi</strong></span> <span class='ocrx_word' id='word_1_584' title='bbox 2877 3357 3054 3412; x_wconf 89' lang='lat' dir='ltr'><strong>fuerat</strong></span> <span class='ocrx_word' id='word_1_585' title='bbox 3080 3367 3354 3413; x_wconf 88' lang='lat' dir='ltr'><strong>ostensus.</strong></span> <span class='ocrx_word' id='word_1_586' title='bbox 3384 3357 3481 3412; x_wconf 77' lang='lat' dir='ltr'><strong>Vir</strong></span> 
     </span>
    </p>
   </div>
   <div class='ocr_carea' id='block_1_79' title="bbox 1887 3449 3481 3523">
    <p class='ocr_par' dir='ltr' id='par_1_79' title="bbox 1887 3449 3481 3523">
     <span class='ocr_line' id='line_1_79' title="bbox 1887 3449 3481 3523; baseline -0.002 -17"><span class='ocrx_word' id='word_1_587' title='bbox 1887 3463 2065 3508; x_wconf 92' lang='lat' dir='ltr'><strong>autem</strong></span> <span class='ocrx_word' id='word_1_588' title='bbox 2095 3452 2306 3506; x_wconf 91' lang='lat' dir='ltr'><strong>Domini</strong></span> <span class='ocrx_word' id='word_1_589' title='bbox 2333 3451 2460 3523; x_wconf 85' lang='lat' dir='ltr'><strong>vigil</strong></span> <span class='ocrx_word' id='word_1_590' title='bbox 2505 3451 2557 3505; x_wconf 90' lang='lat' dir='ltr'><strong>in</strong></span> <span class='ocrx_word' id='word_1_591' title='bbox 2587 3451 2834 3506; x_wconf 86' lang='lat' dir='ltr'><strong>oratione</strong></span> <span class='ocrx_word' id='word_1_592' title='bbox 2867 3459 2921 3505; x_wconf 93' lang='lat' dir='ltr'><strong>et</strong></span> <span class='ocrx_word' id='word_1_593' title='bbox 2951 3449 3150 3518; x_wconf 86' lang='lat' dir='ltr'><strong>vigiliis</strong></span> <span class='ocrx_word' id='word_1_594' title='bbox 3181 3459 3347 3504; x_wconf 88' lang='lat' dir='ltr'><strong>totam</strong></span> <span class='ocrx_word' id='word_1_595' title='bbox 3379 3463 3481 3504; x_wconf 84' lang='lat' dir='ltr'><strong>no-</strong></span> 
     </span>
    </p>
   </div>
   <div class='ocr_carea' id='block_1_80' title="bbox 1887 3539 3480 3612">
    <p class='ocr_par' dir='ltr' id='par_1_80' title="bbox 1887 3539 3480 3612">
     <span class='ocr_line' id='line_1_80' title="bbox 1887 3539 3480 3612; baseline -0.004 -10"><span class='ocrx_word' id='word_1_596' title='bbox 1887 3554 2030 3602; x_wconf 91' lang='lat' dir='ltr'><strong>ctem</strong></span> <span class='ocrx_word' id='word_1_597' title='bbox 2059 3546 2357 3600; x_wconf 90' lang='lat' dir='ltr'><strong>insomnem</strong></span> <span class='ocrx_word' id='word_1_598' title='bbox 2384 3543 2631 3598; x_wconf 86' lang='lat' dir='ltr'><strong>duxerat.</strong></span> <span class='ocrx_word' id='word_1_599' title='bbox 2663 3539 2734 3595; x_wconf 83' lang='lat' dir='ltr'><strong>At</strong></span> <span class='ocrx_word' id='word_1_600' title='bbox 2764 3543 2853 3596; x_wconf 91' lang='lat' dir='ltr'><strong>ubi</strong></span> <span class='ocrx_word' id='word_1_601' title='bbox 2885 3556 3072 3610; x_wconf 89' lang='lat' dir='ltr'><strong>eorum</strong></span> <span class='ocrx_word' id='word_1_602' title='bbox 3103 3541 3355 3612; x_wconf 87' lang='lat' dir='ltr'><strong>cognovit</strong></span> <span class='ocrx_word' id='word_1_603' title='bbox 3384 3541 3480 3596; x_wconf 88' lang='lat' dir='ltr'><strong>ad-</strong></span> 
     </span>
    </p>
   </div>
   <div class='ocr_carea' id='block_1_81' title="bbox 1887 3633 3484 3708">
    <p class='ocr_par' dir='ltr' id='par_1_81' title="bbox 1887 3633 3484 3708">
     <span class='ocr_line' id='line_1_81' title="bbox 1887 3633 3484 3708; baseline -0.004 -14"><span class='ocrx_word' id='word_1_604' title='bbox 1887 3648 2125 3704; x_wconf 86' lang='lat' dir='ltr'><strong>ventum,</strong></span> <span class='ocrx_word' id='word_1_605' title='bbox 2173 3637 2385 3693; x_wconf 91' lang='lat' dir='ltr'><strong>cunctis</strong></span> <span class='ocrx_word' id='word_1_606' title='bbox 2433 3637 2524 3708; x_wconf 90' lang='lat' dir='ltr'><strong>qui</strong></span> <span class='ocrx_word' id='word_1_607' title='bbox 2579 3650 2763 3692; x_wconf 89' lang='lat' dir='ltr'><strong>secum</strong></span> <span class='ocrx_word' id='word_1_608' title='bbox 2814 3635 3041 3690; x_wconf 90' lang='lat' dir='ltr'><strong>aderant</strong></span> <span class='ocrx_word' id='word_1_609' title='bbox 3089 3649 3281 3705; x_wconf 88' lang='lat' dir='ltr'><strong>sopore</strong></span> <span class='ocrx_word' id='word_1_610' title='bbox 3327 3633 3484 3704; x_wconf 86' lang='lat' dir='ltr'><strong>quie-</strong></span> 
     </span>
    </p>
   </div>
   <div class='ocr_carea' id='block_1_82' title="bbox 1887 3725 3481 3800">
    <p class='ocr_par' dir='ltr' id='par_1_82' title="bbox 1887 3725 3481 3800">
     <span class='ocr_line' id='line_1_82' title="bbox 1887 3725 3481 3800; baseline -0.006 -12"><span class='ocrx_word' id='word_1_611' title='bbox 1887 3732 2161 3788; x_wconf 87' lang='lat' dir='ltr'><strong>scentibus</strong></span> <span class='ocrx_word' id='word_1_612' title='bbox 2183 3771 2198 3796; x_wconf 91' lang='lat'><strong>,</strong></span> <span class='ocrx_word' id='word_1_613' title='bbox 2257 3729 2402 3786; x_wconf 91' lang='lat' dir='ltr'><strong>lento</strong></span> <span class='ocrx_word' id='word_1_614' title='bbox 2433 3729 2600 3800; x_wconf 88' lang='lat' dir='ltr'><strong>gradu</strong></span> <span class='ocrx_word' id='word_1_615' title='bbox 2645 3728 2920 3798; x_wconf 87' lang='lat' dir='ltr'><strong>ingressus</strong></span> <span class='ocrx_word' id='word_1_616' title='bbox 2957 3736 3041 3782; x_wconf 88' lang='lat' dir='ltr'><strong>est</strong></span> <span class='ocrx_word' id='word_1_617' title='bbox 3077 3729 3129 3782; x_wconf 92' lang='lat' dir='ltr'><strong>in</strong></span> <span class='ocrx_word' id='word_1_618' title='bbox 3172 3725 3481 3780; x_wconf 91' lang='lat' dir='ltr'><strong>interiorem</strong></span> 
     </span>
    </p>
   </div>
   <div class='ocr_carea' id='block_1_83' title="bbox 1886 3820 3480 3893">
    <p class='ocr_par' dir='ltr' id='par_1_83' title="bbox 1886 3820 3480 3893">
     <span class='ocr_line' id='line_1_83' title="bbox 1886 3820 3480 3893; baseline -0.003 -12"><span class='ocrx_word' id='word_1_619' title='bbox 1886 3823 2125 3881; x_wconf 73' lang='lat' dir='ltr'><strong>careeris</strong></span> <span class='ocrx_word' id='word_1_620' title='bbox 2171 3832 2417 3893; x_wconf 90' lang='lat' dir='ltr'><strong>partem,</strong></span> <span class='ocrx_word' id='word_1_621' title='bbox 2469 3830 2526 3877; x_wconf 90' lang='lat' dir='ltr'><strong>et</strong></span> <span class='ocrx_word' id='word_1_622' title='bbox 2567 3821 2719 3891; x_wconf 83' lang='lat' dir='ltr'><strong>juxta</strong></span> <span class='ocrx_word' id='word_1_623' title='bbox 2776 3820 3078 3875; x_wconf 88' lang='lat' dir='ltr'><strong>condictam</strong></span> <span class='ocrx_word' id='word_1_624' title='bbox 3135 3820 3480 3889; x_wconf 89' lang='lat' dir='ltr'><strong>sponsionem</strong></span> 
     </span>
    </p>
   </div>
   <div class='ocr_carea' id='block_1_84' title="bbox 1887 3910 3480 3983">
    <p class='ocr_par' dir='ltr' id='par_1_84' title="bbox 1887 3910 3480 3983">
     <span class='ocr_line' id='line_1_84' title="bbox 1887 3910 3480 3983; baseline -0.004 -10"><span class='ocrx_word' id='word_1_625' title='bbox 1887 3931 2078 3974; x_wconf 89' lang='lat' dir='ltr'><strong>sonum</strong></span> <span class='ocrx_word' id='word_1_626' title='bbox 2110 3914 2340 3969; x_wconf 82' lang='lat' dir='ltr'><strong>faciebat</strong></span> <span class='ocrx_word' id='word_1_627' title='bbox 2367 3914 2418 3968; x_wconf 91' lang='lat' dir='ltr'><strong>in</strong></span> <span class='ocrx_word' id='word_1_628' title='bbox 2453 3913 2692 3983; x_wconf 88' lang='lat' dir='ltr'><strong>pariete;</strong></span> <span class='ocrx_word' id='word_1_629' title='bbox 2732 3929 2892 3981; x_wconf 91' lang='lat' dir='ltr'><strong>quem</strong></span> <span class='ocrx_word' id='word_1_630' title='bbox 2933 3912 3004 3966; x_wconf 92' lang='lat' dir='ltr'><strong>illi</strong></span> <span class='ocrx_word' id='word_1_631' title='bbox 3055 3910 3356 3967; x_wconf 85' lang='lat' dir='ltr'><strong>forinsecus</strong></span> <span class='ocrx_word' id='word_1_632' title='bbox 3381 3927 3480 3966; x_wconf 82' lang='lat' dir='ltr'><strong>au-</strong></span> 
     </span>
    </p>
   </div>
   <div class='ocr_carea' id='block_1_85' title="bbox 1887 4003 3480 4075">
    <p class='ocr_par' dir='ltr' id='par_1_85' title="bbox 1887 4003 3480 4075">
     <span class='ocr_line' id='line_1_85' title="bbox 1887 4003 3480 4075; baseline -0.003 -11"><span class='ocrx_word' id='word_1_633' title='bbox 1887 4008 2114 4072; x_wconf 90' lang='lat' dir='ltr'><strong>dientes,</strong></span> <span class='ocrx_word' id='word_1_634' title='bbox 2140 4007 2280 4063; x_wconf 87' lang='lat' dir='ltr'><strong>facto</strong></span> <span class='ocrx_word' id='word_1_635' title='bbox 2309 4006 2575 4062; x_wconf 91' lang='lat' dir='ltr'><strong>foramine</strong></span> <span class='ocrx_word' id='word_1_636' title='bbox 2601 4013 2959 4075; x_wconf 88' lang='lat' dir='ltr'><strong>susceperunt</strong></span> <span class='ocrx_word' id='word_1_637' title='bbox 2991 4003 3189 4060; x_wconf 90' lang='lat' dir='ltr'><strong>Christi</strong></span> <span class='ocrx_word' id='word_1_638' title='bbox 3221 4004 3480 4060; x_wconf 88' lang='lat' dir='ltr'><strong>athletam</strong></span> 
     </span>
    </p>
   </div>
   <div class='ocr_carea' id='block_1_86' title="bbox 1887 4094 3480 4165">
    <p class='ocr_par' dir='ltr' id='par_1_86' title="bbox 1887 4094 3480 4165">
     <span class='ocr_line' id='line_1_86' title="bbox 1887 4094 3480 4165; baseline -0.004 -8"><span class='ocrx_word' id='word_1_639' title='bbox 1887 4117 1995 4157; x_wconf 91' lang='lat' dir='ltr'><strong>non</strong></span> <span class='ocrx_word' id='word_1_640' title='bbox 2021 4116 2159 4156; x_wconf 79' lang='lat' dir='ltr'><strong>aerea</strong></span> <span class='ocrx_word' id='word_1_641' title='bbox 2191 4100 2390 4165; x_wconf 89' lang='lat' dir='ltr'><strong>lorica,</strong></span> <span class='ocrx_word' id='word_1_642' title='bbox 2431 4099 2525 4155; x_wconf 92' lang='lat' dir='ltr'><strong>sed</strong></span> <span class='ocrx_word' id='word_1_643' title='bbox 2563 4098 2766 4154; x_wconf 86' lang='lat' dir='ltr'><strong>virtute</strong></span> <span class='ocrx_word' id='word_1_644' title='bbox 2798 4095 3093 4152; x_wconf 86' lang='lat' dir='ltr'><strong>Dominicae</strong></span> <span class='ocrx_word' id='word_1_645' title='bbox 3117 4095 3295 4151; x_wconf 91' lang='lat' dir='ltr'><strong>crucis</strong></span> <span class='ocrx_word' id='word_1_646' title='bbox 3321 4094 3480 4151; x_wconf 91' lang='lat' dir='ltr'><strong>undi-</strong></span> 
     </span>
    </p>
   </div>
   <div class='ocr_carea' id='block_1_87' title="bbox 1886 4187 3482 4264">
    <p class='ocr_par' dir='ltr' id='par_1_87' title="bbox 1886 4187 3482 4264">
     <span class='ocr_line' id='line_1_87' title="bbox 1886 4187 3482 4264; baseline -0.005 -16"><span class='ocrx_word' id='word_1_647' title='bbox 1886 4209 1993 4264; x_wconf 89' lang='lat' dir='ltr'><strong>que</strong></span> <span class='ocrx_word' id='word_1_648' title='bbox 2021 4193 2308 4258; x_wconf 91' lang='lat' dir='ltr'><strong>munitum,</strong></span> <span class='ocrx_word' id='word_1_649' title='bbox 2349 4201 2704 4262; x_wconf 88' lang='lat' dir='ltr'><strong>paratumque</strong></span> <span class='ocrx_word' id='word_1_650' title='bbox 2736 4188 2960 4258; x_wconf 88' lang='lat' dir='ltr'><strong>implere</strong></span> <span class='ocrx_word' id='word_1_651' title='bbox 2995 4187 3236 4242; x_wconf 86' lang='lat' dir='ltr'><strong>divinum</strong></span> <span class='ocrx_word' id='word_1_652' title='bbox 3271 4200 3482 4241; x_wconf 85' lang='lat' dir='ltr'><strong>sermo-</strong></span> 
     </span>
    </p>
   </div>
   <div class='ocr_carea' id='block_1_88' title="bbox 1888 4277 3478 4356">
    <p class='ocr_par' dir='ltr' id='par_1_88' title="bbox 1888 4277 3478 4356">
     <span class='ocr_line' id='line_1_88' title="bbox 1888 4277 3478 4356; baseline -0.008 -15"><span class='ocrx_word' id='word_1_653' title='bbox 1888 4300 2012 4341; x_wconf 90' lang='lat' dir='ltr'><strong>nem</strong></span> <span class='ocrx_word' id='word_1_654' title='bbox 2043 4286 2133 4356; x_wconf 91' lang='lat' dir='ltr'><strong>qui</strong></span> <span class='ocrx_word' id='word_1_655' title='bbox 2159 4285 2290 4340; x_wconf 89' lang='lat' dir='ltr'><strong>dicit</strong></span> <span class='ocrx_word' id='word_1_656' title='bbox 2316 4302 2330 4338; x_wconf 86' lang='lat'><strong>:</strong></span> <span class='ocrx_word' id='word_1_657' title='bbox 2371 4283 2532 4339; x_wconf 81' lang='lat' dir='ltr'><strong>nolite</strong></span> <span class='ocrx_word' id='word_1_658' title='bbox 2569 4285 2749 4336; x_wconf 86' lang='lat' dir='ltr'><strong>timere</strong></span> <span class='ocrx_word' id='word_1_659' title='bbox 2773 4297 2860 4335; x_wconf 77' lang='lat' dir='ltr'><strong>eos</strong></span> <span class='ocrx_word' id='word_1_660' title='bbox 2885 4279 2976 4352; x_wconf 85' lang='lat' dir='ltr'><strong>qui</strong></span> <span class='ocrx_word' id='word_1_661' title='bbox 3000 4295 3187 4349; x_wconf 80' lang='lat' dir='ltr'><strong>corpus</strong></span> <span class='ocrx_word' id='word_1_662' title='bbox 3215 4277 3478 4336; x_wconf 74' lang='lat' dir='ltr'><strong>occidunt.</strong></span> 
     </span>
    </p>
   </div>
   <div class='ocr_carea' id='block_1_89' title="bbox 1887 4369 3480 4446">
    <p class='ocr_par' dir='ltr' id='par_1_89' title="bbox 1887 4369 3480 4446">
     <span class='ocr_line' id='line_1_89' title="bbox 1887 4369 3480 4446; baseline -0.008 -14"><span class='ocrx_word' id='word_1_663' title='bbox 1887 4378 2120 4432; x_wconf 84' lang='lat' dir='ltr'><strong>animam</strong></span> <span class='ocrx_word' id='word_1_664' title='bbox 2159 4387 2334 4432; x_wconf 87' lang='lat' dir='ltr'><strong>autem</strong></span> <span class='ocrx_word' id='word_1_665' title='bbox 2362 4392 2468 4430; x_wconf 82' lang='lat' dir='ltr'><strong>non</strong></span> <span class='ocrx_word' id='word_1_666' title='bbox 2500 4383 2716 4446; x_wconf 78' lang='lat' dir='ltr'><strong>possunt</strong></span> <span class='ocrx_word' id='word_1_667' title='bbox 2754 4371 3019 4437; x_wconf 83' lang='lat' dir='ltr'><strong>occidere;</strong></span> <span class='ocrx_word' id='word_1_668' title='bbox 3045 4371 3135 4424; x_wconf 84' lang='lat' dir='ltr'><strong>sed</strong></span> <span class='ocrx_word' id='word_1_669' title='bbox 3169 4369 3338 4440; x_wconf 68' lang='lat' dir='ltr'><strong>parias</strong></span> <span class='ocrx_word' id='word_1_670' title='bbox 3363 4382 3480 4421; x_wconf 82' lang='lat' dir='ltr'><strong>eum</strong></span> 
     </span>
    </p>
   </div>
   <div class='ocr_carea' id='block_1_90' title="bbox 1887 4461 3484 4540">
    <p class='ocr_par' dir='ltr' id='par_1_90' title="bbox 1887 4461 3484 4540">
     <span class='ocr_line' id='line_1_90' title="bbox 1887 4461 3484 4540; baseline -0.007 -16"><span class='ocrx_word' id='word_1_671' title='bbox 1887 4461 2061 4524; x_wconf 79' lang='lat' dir='ltr'><strong>timete</strong></span> <span class='ocrx_word' id='word_1_672' title='bbox 2088 4471 2176 4540; x_wconf 84' lang='lat' dir='ltr'><strong>qui</strong></span> <span class='ocrx_word' id='word_1_673' title='bbox 2217 4478 2382 4539; x_wconf 78' lang='lat' dir='ltr'><strong>potest</strong></span> <span class='ocrx_word' id='word_1_674' title='bbox 2407 4477 2456 4523; x_wconf 87' lang='lat' dir='ltr'><strong>et</strong></span> <span class='ocrx_word' id='word_1_675' title='bbox 2483 4469 2719 4522; x_wconf 85' lang='lat' dir='ltr'><strong>animam</strong></span> <span class='ocrx_word' id='word_1_676' title='bbox 2757 4475 2804 4520; x_wconf 86' lang='lat' dir='ltr'><strong>et</strong></span> <span class='ocrx_word' id='word_1_677' title='bbox 2847 4482 3033 4534; x_wconf 80' lang='lat' dir='ltr'><strong>corpus</strong></span> <span class='ocrx_word' id='word_1_678' title='bbox 3063 4463 3276 4534; x_wconf 85' lang='lat' dir='ltr'><strong>perdere</strong></span> <span class='ocrx_word' id='word_1_679' title='bbox 3313 4463 3365 4514; x_wconf 89' lang='lat' dir='ltr'><strong>in</strong></span> <span class='ocrx_word' id='word_1_680' title='bbox 3395 4477 3484 4532; x_wconf 81' lang='lat' dir='ltr'><strong>ge-</strong></span> 
     </span>
    </p>
   </div>
   <div class='ocr_carea' id='block_1_91' title="bbox 1889 4547 3484 4613">
    <p class='ocr_par' dir='ltr' id='par_1_91' title="bbox 1889 4547 3484 4613">
     <span class='ocr_line' id='line_1_91' title="bbox 1889 4547 3484 4613; baseline -0.006 -1"><span class='ocrx_word' id='word_1_681' title='bbox 1889 4559 2134 4613; x_wconf 82' lang='lat' dir='ltr'><strong>hennam.</strong></span> <span class='ocrx_word' id='word_1_682' title='bbox 2172 4557 2306 4612; x_wconf 85' lang='lat' dir='ltr'><strong>Mira</strong></span> <span class='ocrx_word' id='word_1_683' title='bbox 2346 4557 2463 4612; x_wconf 81' lang='lat' dir='ltr'><strong>res!</strong></span> <span class='ocrx_word' id='word_1_684' title='bbox 2500 4555 2635 4611; x_wconf 89' lang='lat' dir='ltr'><strong>Tam</strong></span> <span class='ocrx_word' id='word_1_685' title='bbox 2667 4553 2873 4608; x_wconf 86' lang='lat' dir='ltr'><strong>validus</strong></span> <span class='ocrx_word' id='word_1_686' title='bbox 2903 4553 3154 4608; x_wconf 84' lang='lat' dir='ltr'><strong>imbrium</strong></span> <span class='ocrx_word' id='word_1_687' title='bbox 3195 4551 3352 4606; x_wconf 91' lang='lat' dir='ltr'><strong>turbo</strong></span> <span class='ocrx_word' id='word_1_688' title='bbox 3379 4547 3484 4603; x_wconf 81' lang='lat' dir='ltr'><strong>col-</strong></span> 
     </span>
    </p>
   </div>
   <div class='ocr_carea' id='block_1_92' title="bbox 191 4621 3485 4722">
    <p class='ocr_par' dir='ltr' id='par_1_92' title="bbox 191 4621 3485 4722">
     <span class='ocr_line' id='line_1_92' title="bbox 191 4621 3485 4722; baseline 0 -29"><span class='ocrx_word' id='word_1_689' title='bbox 191 4653 416 4705; x_wconf 82' lang='lat' dir='ltr'><strong>eorum,</strong></span> <span class='ocrx_word' id='word_1_690' title='bbox 446 4641 560 4710; x_wconf 88' lang='lat' dir='ltr'><strong>qui,</strong></span> <span class='ocrx_word' id='word_1_691' title='bbox 593 4650 654 4696; x_wconf 90' lang='lat' dir='ltr'><strong>ut</strong></span> <span class='ocrx_word' id='word_1_692' title='bbox 701 4645 1042 4713; x_wconf 60' lang='lat' dir='ltr'><strong>praemissum</strong></span> <span class='ocrx_word' id='word_1_693' title='bbox 1090 4655 1195 4712; x_wconf 89' lang='lat' dir='ltr'><strong>est,</strong></span> <span class='ocrx_word' id='word_1_694' title='bbox 1240 4663 1338 4719; x_wconf 90' lang='lat' dir='ltr'><strong>pro</strong></span> <span class='ocrx_word' id='word_1_695' title='bbox 1383 4621 1516 4703; x_wconf 65' lang='lat' dir='ltr'><strong>Arii)</strong></span> <span class='ocrx_word' id='word_1_696' title='bbox 1557 4648 1787 4720; x_wconf 90' lang='lat' dir='ltr'><strong>ingressi</strong></span> <span class='ocrx_word' id='word_1_697' title='bbox 1818 4621 1866 4682; x_wconf 76' lang='lat' dir='ltr'><strong>D</strong></span> <span class='ocrx_word' id='word_1_698' title='bbox 1891 4649 2221 4722; x_wconf 90' lang='lat' dir='ltr'><strong>lisionesque</strong></span> <span class='ocrx_word' id='word_1_699' title='bbox 2256 4657 2543 4704; x_wconf 90' lang='lat' dir='ltr'><strong>ventorum</strong></span> <span class='ocrx_word' id='word_1_700' title='bbox 2576 4648 2629 4702; x_wconf 89' lang='lat' dir='ltr'><strong>in</strong></span> <span class='ocrx_word' id='word_1_701' title='bbox 2667 4647 2854 4702; x_wconf 82' lang='lat' dir='ltr'><strong>eadem</strong></span> <span class='ocrx_word' id='word_1_702' title='bbox 2896 4653 3174 4716; x_wconf 90' lang='lat' dir='ltr'><strong>strepuere</strong></span> <span class='ocrx_word' id='word_1_703' title='bbox 3215 4651 3392 4706; x_wconf 89' lang='lat' dir='ltr'><strong>nocte,</strong></span> <span class='ocrx_word' id='word_1_704' title='bbox 3425 4648 3485 4694; x_wconf 89' lang='lat' dir='ltr'><strong>ut</strong></span> 
     </span>
    </p>
   </div>
   <div class='ocr_carea' id='block_1_93' title="bbox 189 4728 1793 4809">
    <p class='ocr_par' dir='ltr' id='par_1_93' title="bbox 189 4728 1793 4809">
     <span class='ocr_line' id='line_1_93' title="bbox 189 4728 1793 4809; baseline 0.007 -25"><span class='ocrx_word' id='word_1_705' title='bbox 189 4728 438 4796; x_wconf 88' lang='lat' dir='ltr'><strong>fuerant,</strong></span> <span class='ocrx_word' id='word_1_706' title='bbox 465 4731 674 4789; x_wconf 89' lang='lat' dir='ltr'><strong>locutus</strong></span> <span class='ocrx_word' id='word_1_707' title='bbox 703 4735 784 4790; x_wconf 92' lang='lat' dir='ltr'><strong>eis</strong></span> <span class='ocrx_word' id='word_1_708' title='bbox 811 4735 971 4790; x_wconf 91' lang='lat' dir='ltr'><strong>verba</strong></span> <span class='ocrx_word' id='word_1_709' title='bbox 1000 4737 1294 4793; x_wconf 86' lang='lat' dir='ltr'><strong>novissima</strong></span> <span class='ocrx_word' id='word_1_710' title='bbox 1339 4747 1502 4809; x_wconf 87' lang='lat' dir='ltr'><strong>atque</strong></span> <span class='ocrx_word' id='word_1_711' title='bbox 1545 4741 1793 4796; x_wconf 89' lang='lat' dir='ltr'><strong>consola-</strong></span> 
     </span>
    </p>
   </div>
   <div class='ocr_carea' id='block_1_94' title="bbox 193 4822 1788 4895">
    <p class='ocr_par' dir='ltr' id='par_1_94' title="bbox 193 4822 1788 4895">
     <span class='ocr_line' id='line_1_94' title="bbox 193 4822 1788 4895; baseline 0.006 -17"><span class='ocrx_word' id='word_1_712' title='bbox 193 4822 340 4878; x_wconf 89' lang='lat' dir='ltr'><strong>toria</strong></span> <span class='ocrx_word' id='word_1_713' title='bbox 365 4831 421 4879; x_wconf 90' lang='lat' dir='ltr'><strong>et</strong></span> <span class='ocrx_word' id='word_1_714' title='bbox 448 4838 568 4894; x_wconf 83' lang='lat' dir='ltr'><strong>quae</strong></span> <span class='ocrx_word' id='word_1_715' title='bbox 593 4827 897 4882; x_wconf 89' lang='lat' dir='ltr'><strong>necessaria</strong></span> <span class='ocrx_word' id='word_1_716' title='bbox 920 4837 1106 4895; x_wconf 88' lang='lat' dir='ltr'><strong>erant;</strong></span> <span class='ocrx_word' id='word_1_717' title='bbox 1131 4829 1344 4895; x_wconf 87' lang='lat' dir='ltr'><strong>deinde,</strong></span> <span class='ocrx_word' id='word_1_718' title='bbox 1369 4829 1504 4886; x_wconf 86' lang='lat' dir='ltr'><strong>fusis</strong></span> <span class='ocrx_word' id='word_1_719' title='bbox 1527 4832 1591 4886; x_wconf 90' lang='lat' dir='ltr'><strong>ad</strong></span> <span class='ocrx_word' id='word_1_720' title='bbox 1619 4833 1788 4888; x_wconf 91' lang='lat' dir='ltr'><strong>Deum</strong></span> 
     </span>
    </p>
   </div>
   <div class='ocr_carea' id='block_1_95' title="bbox 191 4916 1712 4995">
    <p class='ocr_par' dir='ltr' id='par_1_95' title="bbox 191 4916 1712 4995">
     <span class='ocr_line' id='line_1_95' title="bbox 191 4916 1712 4995; baseline 0.005 -25"><span class='ocrx_word' id='word_1_721' title='bbox 191 4917 460 4989; x_wconf 85' lang='lat' dir='ltr'><strong>precibus</strong></span> <span class='ocrx_word' id='word_1_722' title='bbox 485 4918 606 4972; x_wconf 90' lang='lat' dir='ltr'><strong>vale</strong></span> <span class='ocrx_word' id='word_1_723' title='bbox 633 4916 839 4975; x_wconf 85' lang='lat' dir='ltr'><strong>faciens</strong></span> <span class='ocrx_word' id='word_1_724' title='bbox 867 4919 994 4987; x_wconf 90' lang='lat' dir='ltr'><strong>illis,</strong></span> <span class='ocrx_word' id='word_1_725' title='bbox 1023 4921 1230 4977; x_wconf 89' lang='lat' dir='ltr'><strong>dimisit</strong></span> <span class='ocrx_word' id='word_1_726' title='bbox 1257 4939 1448 4979; x_wconf 83' lang='lat' dir='ltr'><strong>omnes</strong></span> <span class='ocrx_word' id='word_1_727' title='bbox 1479 4924 1530 4978; x_wconf 91' lang='lat' dir='ltr'><strong>in</strong></span> <span class='ocrx_word' id='word_1_728' title='bbox 1563 4939 1712 4995; x_wconf 85' lang='lat' dir='ltr'><strong>pace.</strong></span> 
     </span>
    </p>
   </div>
   <div class='ocr_carea' id='block_1_96' title="bbox 269 5007 1788 5088">
    <p class='ocr_par' dir='ltr' id='par_1_96' title="bbox 269 5007 1788 5088">
     <span class='ocr_line' id='line_1_96' title="bbox 269 5007 1788 5088; baseline 0.006 -25"><span class='ocrx_word' id='word_1_729' title='bbox 269 5007 372 5063; x_wconf 82' lang='lat' dir='ltr'><strong>His</strong></span> <span class='ocrx_word' id='word_1_730' title='bbox 417 5009 491 5062; x_wconf 89' lang='lat' dir='ltr'><strong>ita</strong></span> <span class='ocrx_word' id='word_1_731' title='bbox 530 5011 794 5078; x_wconf 88' lang='lat' dir='ltr'><strong>peractis.</strong></span> <span class='ocrx_word' id='word_1_732' title='bbox 844 5011 1000 5083; x_wconf 91' lang='lat' dir='ltr'><strong>longe</strong></span> <span class='ocrx_word' id='word_1_733' title='bbox 1030 5012 1242 5084; x_wconf 86' lang='lat' dir='ltr'><strong>lateque</strong></span> <span class='ocrx_word' id='word_1_734' title='bbox 1275 5015 1474 5086; x_wconf 88' lang='lat' dir='ltr'><strong>ubique</strong></span> <span class='ocrx_word' id='word_1_735' title='bbox 1517 5015 1788 5088; x_wconf 89' lang='lat' dir='ltr'><strong>vulgatum</strong></span> 
     </span>
    </p>
   </div>
   <div class='ocr_carea' id='block_1_97' title="bbox 191 5099 1792 5178">
    <p class='ocr_par' dir='ltr' id='par_1_97' title="bbox 191 5099 1792 5178">
     <span class='ocr_line' id='line_1_97' title="bbox 191 5099 1792 5178; baseline 0.005 -22"><span class='ocrx_word' id='word_1_736' title='bbox 191 5109 284 5156; x_wconf 84' lang='lat' dir='ltr'><strong>est</strong></span> <span class='ocrx_word' id='word_1_737' title='bbox 329 5099 476 5170; x_wconf 91' lang='lat' dir='ltr'><strong>quod</strong></span> <span class='ocrx_word' id='word_1_738' title='bbox 520 5099 684 5158; x_wconf 84' lang='lat' dir='ltr'><strong>Arius</strong></span> <span class='ocrx_word' id='word_1_739' title='bbox 729 5116 760 5157; x_wconf 87' lang='lat' dir='ltr'><strong>a</strong></span> <span class='ocrx_word' id='word_1_740' title='bbox 801 5103 1070 5160; x_wconf 90' lang='lat' dir='ltr'><strong>catholica</strong></span> <span class='ocrx_word' id='word_1_741' title='bbox 1105 5106 1311 5162; x_wconf 91' lang='lat' dir='ltr'><strong>unitate</strong></span> <span class='ocrx_word' id='word_1_742' title='bbox 1349 5106 1555 5178; x_wconf 89' lang='lat' dir='ltr'><strong>absque</strong></span> <span class='ocrx_word' id='word_1_743' title='bbox 1597 5108 1792 5164; x_wconf 82' lang='lat' dir='ltr'><strong>deifico</strong></span> 
     </span>
    </p>
   </div>
   <div class='ocr_carea' id='block_1_98' title="bbox 195 5195 1794 5257">
    <p class='ocr_par' dir='ltr' id='par_1_98' title="bbox 195 5195 1794 5257">
     <span class='ocr_line' id='line_1_98' title="bbox 195 5195 1794 5257; baseline 0.006 -9"><span class='ocrx_word' id='word_1_744' title='bbox 195 5202 342 5248; x_wconf 88' lang='lat' dir='ltr'><strong>nutu</strong></span> <span class='ocrx_word' id='word_1_745' title='bbox 372 5209 480 5248; x_wconf 91' lang='lat' dir='ltr'><strong>non</strong></span> <span class='ocrx_word' id='word_1_746' title='bbox 508 5195 582 5250; x_wconf 83' lang='lat' dir='ltr'><strong>sit</strong></span> <span class='ocrx_word' id='word_1_747' title='bbox 609 5195 876 5254; x_wconf 85' lang='lat' dir='ltr'><strong>abscisus.</strong></span> <span class='ocrx_word' id='word_1_748' title='bbox 915 5195 1010 5253; x_wconf 86' lang='lat' dir='ltr'><strong>Ille</strong></span> <span class='ocrx_word' id='word_1_749' title='bbox 1045 5205 1227 5254; x_wconf 91' lang='lat' dir='ltr'><strong>autem</strong></span> <span class='ocrx_word' id='word_1_750' title='bbox 1262 5197 1479 5255; x_wconf 88' lang='lat' dir='ltr'><strong>fallendi</strong></span> <span class='ocrx_word' id='word_1_751' title='bbox 1513 5199 1709 5256; x_wconf 78' lang='lat' dir='ltr'><strong>artifex</strong></span> <span class='ocrx_word' id='word_1_752' title='bbox 1737 5209 1794 5257; x_wconf 90' lang='lat' dir='ltr'><strong>et</strong></span> 
     </span>
    </p>
   </div>
   <div class='ocr_carea' id='block_1_99' title="bbox 198 5279 1792 5366">
    <p class='ocr_par' dir='ltr' id='par_1_99' title="bbox 198 5279 1792 5366">
     <span class='ocr_line' id='line_1_99' title="bbox 198 5279 1792 5366; baseline 0.006 -25"><span class='ocrx_word' id='word_1_753' title='bbox 198 5287 377 5342; x_wconf 91' lang='lat' dir='ltr'><strong>totius</strong></span> <span class='ocrx_word' id='word_1_754' title='bbox 401 5287 658 5358; x_wconf 64' lang='lat' dir='ltr'><strong>nequitia</strong></span> <span class='ocrx_word' id='word_1_755' title='bbox 679 5279 996 5356; x_wconf 74' lang='lat' dir='ltr'><strong>aeminator,</strong></span> <span class='ocrx_word' id='word_1_756' title='bbox 1025 5289 1079 5346; x_wconf 92' lang='lat' dir='ltr'><strong>in</strong></span> <span class='ocrx_word' id='word_1_757' title='bbox 1102 5291 1186 5346; x_wconf 90' lang='lat' dir='ltr'><strong>sui</strong></span> <span class='ocrx_word' id='word_1_758' title='bbox 1211 5293 1447 5363; x_wconf 88' lang='lat' dir='ltr'><strong>pectoris</strong></span> <span class='ocrx_word' id='word_1_759' title='bbox 1482 5293 1792 5366; x_wconf 88' lang='lat' dir='ltr'><strong>labyrintho</strong></span> 
     </span>
    </p>
   </div>
   <div class='ocr_carea' id='block_1_100' title="bbox 194 5381 1795 5457">
    <p class='ocr_par' dir='ltr' id='par_1_100' title="bbox 194 5381 1795 5457">
     <span class='ocr_line' id='line_1_100' title="bbox 194 5381 1795 5457; baseline 0.006 -22"><span class='ocrx_word' id='word_1_760' title='bbox 194 5381 489 5452; x_wconf 83' lang='lat' dir='ltr'><strong>vipereum</strong></span> <span class='ocrx_word' id='word_1_761' title='bbox 518 5383 667 5439; x_wconf 90' lang='lat' dir='ltr'><strong>virus</strong></span> <span class='ocrx_word' id='word_1_762' title='bbox 707 5383 982 5441; x_wconf 89' lang='lat' dir='ltr'><strong>occultare</strong></span> <span class='ocrx_word' id='word_1_763' title='bbox 1017 5400 1123 5440; x_wconf 94' lang='lat' dir='ltr'><strong>non</strong></span> <span class='ocrx_word' id='word_1_764' title='bbox 1155 5385 1452 5452; x_wconf 91' lang='lat' dir='ltr'><strong>desinebat,</strong></span> <span class='ocrx_word' id='word_1_765' title='bbox 1479 5402 1706 5457; x_wconf 89' lang='lat' dir='ltr'><strong>sperans</strong></span> <span class='ocrx_word' id='word_1_766' title='bbox 1734 5402 1795 5445; x_wconf 84' lang='lat' dir='ltr'><strong>se</strong></span> 
     </span>
    </p>
   </div>
   <div class='ocr_carea' id='block_1_101' title="bbox 199 5472 1794 5534">
    <p class='ocr_par' dir='ltr' id='par_1_101' title="bbox 199 5472 1794 5534">
     <span class='ocr_line' id='line_1_101' title="bbox 199 5472 1794 5534; baseline 0.003 -5"><span class='ocrx_word' id='word_1_767' title='bbox 199 5473 278 5529; x_wconf 81' lang='lat' dir='ltr'><strong>ab</strong></span> <span class='ocrx_word' id='word_1_768' title='bbox 307 5472 516 5529; x_wconf 80' lang='lat' dir='ltr'><strong>Achilla</strong></span> <span class='ocrx_word' id='word_1_769' title='bbox 563 5474 649 5530; x_wconf 91' lang='lat' dir='ltr'><strong>vel</strong></span> <span class='ocrx_word' id='word_1_770' title='bbox 686 5474 997 5532; x_wconf 78' lang='lat' dir='ltr'><strong>Alexandro</strong></span> <span class='ocrx_word' id='word_1_771' title='bbox 1035 5475 1394 5532; x_wconf 90' lang='lat' dir='ltr'><strong>reconciliari.</strong></span> <span class='ocrx_word' id='word_1_772' title='bbox 1444 5476 1542 5532; x_wconf 88' lang='lat' dir='ltr'><strong>Hic</strong></span> <span class='ocrx_word' id='word_1_773' title='bbox 1575 5486 1662 5534; x_wconf 89' lang='lat' dir='ltr'><strong>est</strong></span> <span class='ocrx_word' id='word_1_774' title='bbox 1705 5477 1794 5534; x_wconf 91' lang='lat' dir='ltr'><strong>ille</strong></span> 
     </span>
    </p>
   </div>
   <div class='ocr_carea' id='block_1_102' title="bbox 198 5568 1794 5636">
    <p class='ocr_par' dir='ltr' id='par_1_102' title="bbox 198 5568 1794 5636">
     <span class='ocr_line' id='line_1_102' title="bbox 198 5568 1794 5636; baseline 0.002 -13"><span class='ocrx_word' id='word_1_775' title='bbox 198 5568 372 5624; x_wconf 86' lang='lat' dir='ltr'><strong>Arius</strong></span> <span class='ocrx_word' id='word_1_776' title='bbox 424 5568 852 5636; x_wconf 79' lang='lat' dir='ltr'><strong>haeresiarches,</strong></span> <span class='ocrx_word' id='word_1_777' title='bbox 896 5568 1370 5626; x_wconf 84' lang='lat' dir='ltr'><strong>consubstantialis</strong></span> <span class='ocrx_word' id='word_1_778' title='bbox 1404 5578 1461 5625; x_wconf 91' lang='lat' dir='ltr'><strong>et</strong></span> <span class='ocrx_word' id='word_1_779' title='bbox 1505 5569 1794 5626; x_wconf 68' lang='lat' dir='ltr'><strong>individua:</strong></span> 
     </span>
    </p>
   </div>
   <div class='ocr_carea' id='block_1_103' title="bbox 1895 4733 3483 4811">
    <p class='ocr_par' dir='ltr' id='par_1_103' title="bbox 1895 4733 3483 4811">
     <span class='ocr_line' id='line_1_103' title="bbox 1895 4733 3483 4811; baseline -0.008 -14"><span class='ocrx_word' id='word_1_780' title='bbox 1895 4755 2056 4797; x_wconf 92' lang='lat' dir='ltr'><strong>nemo</strong></span> <span class='ocrx_word' id='word_1_781' title='bbox 2089 4755 2276 4798; x_wconf 91' lang='lat' dir='ltr'><strong>eorum</strong></span> <span class='ocrx_word' id='word_1_782' title='bbox 2307 4740 2398 4811; x_wconf 89' lang='lat' dir='ltr'><strong>qui</strong></span> <span class='ocrx_word' id='word_1_783' title='bbox 2428 4739 2792 4796; x_wconf 88' lang='lat' dir='ltr'><strong>observabant</strong></span> <span class='ocrx_word' id='word_1_784' title='bbox 2825 4736 3059 4792; x_wconf 90' lang='lat' dir='ltr'><strong>carceris</strong></span> <span class='ocrx_word' id='word_1_785' title='bbox 3102 4733 3267 4798; x_wconf 90' lang='lat' dir='ltr'><strong>fores,</strong></span> <span class='ocrx_word' id='word_1_786' title='bbox 3299 4741 3483 4802; x_wconf 89' lang='lat' dir='ltr'><strong>posset</strong></span> 
     </span>
    </p>
   </div>
   <div class='ocr_carea' id='block_1_104' title="bbox 1895 4827 3478 4891">
    <p class='ocr_par' dir='ltr' id='par_1_104' title="bbox 1895 4827 3478 4891">
     <span class='ocr_line' id='line_1_104' title="bbox 1895 4827 3478 4891; baseline -0.01 0"><span class='ocrx_word' id='word_1_787' title='bbox 1895 4834 2083 4891; x_wconf 91' lang='lat' dir='ltr'><strong>audire</strong></span> <span class='ocrx_word' id='word_1_788' title='bbox 2143 4831 2430 4889; x_wconf 74' lang='lat' dir='ltr'><strong>efl‘odiendi</strong></span> <span class='ocrx_word' id='word_1_789' title='bbox 2466 4833 2700 4888; x_wconf 88' lang='lat' dir='ltr'><strong>&#39;sonum.</strong></span> <span class='ocrx_word' id='word_1_790' title='bbox 2769 4827 3250 4885; x_wconf 90' lang='lat' dir='ltr'><strong>Constantissimus</strong></span> <span class='ocrx_word' id='word_1_791' title='bbox 3297 4830 3478 4877; x_wconf 89' lang='lat' dir='ltr'><strong>autem</strong></span> 
     </span>
    </p>
   </div>
   <div class='ocr_carea' id='block_1_105' title="bbox 1894 4913 3479 4999">
    <p class='ocr_par' dir='ltr' id='par_1_105' title="bbox 1894 4913 3479 4999">
     <span class='ocr_line' id='line_1_105' title="bbox 1894 4913 3479 4999; baseline -0.009 -17"><span class='ocrx_word' id='word_1_792' title='bbox 1894 4936 2102 4999; x_wconf 88' lang='lat' dir='ltr'><strong>martyr</strong></span> <span class='ocrx_word' id='word_1_793' title='bbox 2138 4924 2363 4996; x_wconf 81' lang='lat' dir='ltr'><strong>urgebat</strong></span> <span class='ocrx_word' id='word_1_794' title='bbox 2401 4922 2704 4979; x_wconf 91' lang='lat' dir='ltr'><strong>homicidas</strong></span> <span class='ocrx_word' id='word_1_795' title='bbox 2746 4920 2900 4976; x_wconf 90' lang='lat' dir='ltr'><strong>illos:</strong></span> <span class='ocrx_word' id='word_1_796' title='bbox 2954 4918 3160 4984; x_wconf 88' lang='lat' dir='ltr'><strong>Facite,</strong></span> <span class='ocrx_word' id='word_1_797' title='bbox 3209 4913 3479 4985; x_wconf 89' lang='lat' dir='ltr'><strong>inquiens,</strong></span> 
     </span>
    </p>
   </div>
   <div class='ocr_carea' id='block_1_106' title="bbox 1894 5005 3481 5091">
    <p class='ocr_par' dir='ltr' id='par_1_106' title="bbox 1894 5005 3481 5091">
     <span class='ocr_line' id='line_1_106' title="bbox 1894 5005 3481 5091; baseline -0.009 -17"><span class='ocrx_word' id='word_1_798' title='bbox 1894 5019 2036 5091; x_wconf 85' lang='lat' dir='ltr'><strong>quod</strong></span> <span class='ocrx_word' id='word_1_799' title='bbox 2067 5017 2259 5074; x_wconf 91' lang='lat' dir='ltr'><strong>facturi</strong></span> <span class='ocrx_word' id='word_1_800' title='bbox 2299 5015 2430 5073; x_wconf 86' lang='lat' dir='ltr'><strong>estis</strong></span> <span class='ocrx_word' id='word_1_801' title='bbox 2452 5055 2467 5081; x_wconf 94' lang='lat'><strong>,</strong></span> <span class='ocrx_word' id='word_1_802' title='bbox 2497 5015 2648 5087; x_wconf 89' lang='lat' dir='ltr'><strong>prius</strong></span> <span class='ocrx_word' id='word_1_803' title='bbox 2678 5027 2841 5084; x_wconf 90' lang='lat' dir='ltr'><strong>quam</strong></span> <span class='ocrx_word' id='word_1_804' title='bbox 2872 5012 2974 5066; x_wconf 89' lang='lat' dir='ltr'><strong>hoc</strong></span> <span class='ocrx_word' id='word_1_805' title='bbox 3001 5008 3240 5066; x_wconf 89' lang='lat' dir='ltr'><strong>sentiant</strong></span> <span class='ocrx_word' id='word_1_806' title='bbox 3275 5005 3367 5078; x_wconf 88' lang='lat' dir='ltr'><strong>qui</strong></span> <span class='ocrx_word' id='word_1_807' title='bbox 3395 5020 3481 5060; x_wconf 92' lang='lat' dir='ltr'><strong>me</strong></span> 
     </span>
    </p>
   </div>
   <div class='ocr_carea' id='block_1_107' title="bbox 1893 5107 2286 5163">
    <p class='ocr_par' dir='ltr' id='par_1_107' title="bbox 1893 5107 2286 5163">
     <span class='ocr_line' id='line_1_107' title="bbox 1893 5107 2286 5163; baseline -0.005 0"><span class='ocrx_word' id='word_1_808' title='bbox 1893 5107 2286 5163; x_wconf 88' lang='lat' dir='ltr'><strong>custodiebant.</strong></span> 
     </span>
    </p>
   </div>
   <div class='ocr_carea' id='block_1_108' title="bbox 1963 5186 3484 5261">
    <p class='ocr_par' dir='ltr' id='par_1_108' title="bbox 1963 5186 3484 5261">
     <span class='ocr_line' id='line_1_108' title="bbox 1963 5186 3484 5261; baseline -0.007 -9"><span class='ocrx_word' id='word_1_809' title='bbox 1963 5197 2034 5253; x_wconf 89' lang='lat' dir='ltr'><strong>At</strong></span> <span class='ocrx_word' id='word_1_810' title='bbox 2061 5197 2137 5254; x_wconf 91' lang='lat' dir='ltr'><strong>illi</strong></span> <span class='ocrx_word' id='word_1_811' title='bbox 2167 5196 2413 5254; x_wconf 88' lang='lat' dir='ltr'><strong>tollentes</strong></span> <span class='ocrx_word' id='word_1_812' title='bbox 2437 5210 2562 5252; x_wconf 92' lang='lat' dir='ltr'><strong>eum</strong></span> <span class='ocrx_word' id='word_1_813' title='bbox 2593 5194 2866 5250; x_wconf 80' lang='lat' dir='ltr'><strong>duxerunt</strong></span> <span class='ocrx_word' id='word_1_814' title='bbox 2893 5191 2946 5246; x_wconf 91' lang='lat' dir='ltr'><strong>in</strong></span> <span class='ocrx_word' id='word_1_815' title='bbox 2964 5189 3144 5247; x_wconf 90' lang='lat' dir='ltr'><strong>locum</strong></span> <span class='ocrx_word' id='word_1_816' title='bbox 3163 5189 3256 5261; x_wconf 87' lang='lat' dir='ltr'><strong>qui</strong></span> <span class='ocrx_word' id='word_1_817' title='bbox 3284 5186 3484 5245; x_wconf 90' lang='lat' dir='ltr'><strong>dicitur</strong></span> 
     </span>
    </p>
   </div>
   <div class='ocr_carea' id='block_1_109' title="bbox 1893 5281 3482 5356">
    <p class='ocr_par' dir='ltr' id='par_1_109' title="bbox 1893 5281 3482 5356">
     <span class='ocr_line' id='line_1_109' title="bbox 1893 5281 3482 5356; baseline -0.009 -10"><span class='ocrx_word' id='word_1_818' title='bbox 1893 5289 2152 5356; x_wconf 85' lang='lat' dir='ltr'><strong>Bucolia,</strong></span> <span class='ocrx_word' id='word_1_819' title='bbox 2211 5288 2304 5344; x_wconf 92' lang='lat' dir='ltr'><strong>ubi</strong></span> <span class='ocrx_word' id='word_1_820' title='bbox 2354 5296 2411 5344; x_wconf 91' lang='lat' dir='ltr'><strong>et</strong></span> <span class='ocrx_word' id='word_1_821' title='bbox 2466 5294 2688 5341; x_wconf 88' lang='lat' dir='ltr'><strong>sanctus</strong></span> <span class='ocrx_word' id='word_1_822' title='bbox 2741 5282 2956 5338; x_wconf 82' lang='lat' dir='ltr'><strong>Marcus</strong></span> <span class='ocrx_word' id='word_1_823' title='bbox 3010 5281 3328 5354; x_wconf 82' lang='lat' dir='ltr'><strong>martyrium</strong></span> <span class='ocrx_word' id='word_1_824' title='bbox 3382 5292 3482 5348; x_wconf 91' lang='lat' dir='ltr'><strong>pro</strong></span> 
     </span>
    </p>
   </div>
   <div class='ocr_carea' id='block_1_110' title="bbox 1892 5367 3482 5451">
    <p class='ocr_par' dir='ltr' id='par_1_110' title="bbox 1892 5367 3482 5451">
     <span class='ocr_line' id='line_1_110' title="bbox 1892 5367 3482 5451; baseline -0.01 -12"><span class='ocrx_word' id='word_1_825' title='bbox 1892 5380 2111 5438; x_wconf 83' lang='lat' dir='ltr'><strong>Christo</strong></span> <span class='ocrx_word' id='word_1_826' title='bbox 2155 5381 2410 5451; x_wconf 88' lang='lat' dir='ltr'><strong>suscepit.</strong></span> <span class='ocrx_word' id='word_1_827' title='bbox 2452 5377 2726 5450; x_wconf 83' lang='lat' dir='ltr'><strong>Stupenda</strong></span> <span class='ocrx_word' id='word_1_828' title='bbox 2757 5382 3070 5432; x_wconf 89' lang='lat' dir='ltr'><strong>sanctorum</strong></span> <span class='ocrx_word' id='word_1_829' title='bbox 3098 5372 3300 5428; x_wconf 84' lang='lat' dir='ltr'><strong>virtus!</strong></span> <span class='ocrx_word' id='word_1_830' title='bbox 3345 5367 3482 5425; x_wconf 86' lang='lat' dir='ltr'><strong>Cum</strong></span> 
     </span>
    </p>
   </div>
   <div class='ocr_carea' id='block_1_111' title="bbox 1893 5461 3481 5537">
    <p class='ocr_par' dir='ltr' id='par_1_111' title="bbox 1893 5461 3481 5537">
     <span class='ocr_line' id='line_1_111' title="bbox 1893 5461 3481 5537; baseline -0.009 -8"><span class='ocrx_word' id='word_1_831' title='bbox 1893 5487 2018 5530; x_wconf 88' lang='lat' dir='ltr'><strong>eum</strong></span> <span class='ocrx_word' id='word_1_832' title='bbox 2060 5473 2356 5537; x_wconf 87' lang='lat' dir='ltr'><strong>ducerent,</strong></span> <span class='ocrx_word' id='word_1_833' title='bbox 2411 5479 2467 5527; x_wconf 93' lang='lat' dir='ltr'><strong>et</strong></span> <span class='ocrx_word' id='word_1_834' title='bbox 2513 5478 2718 5526; x_wconf 90' lang='lat' dir='ltr'><strong>tantam</strong></span> <span class='ocrx_word' id='word_1_835' title='bbox 2760 5465 2904 5523; x_wconf 89' lang='lat' dir='ltr'><strong>illius</strong></span> <span class='ocrx_word' id='word_1_836' title='bbox 2933 5464 3294 5522; x_wconf 89' lang='lat' dir='ltr'><strong>constantiam</strong></span> <span class='ocrx_word' id='word_1_837' title='bbox 3330 5461 3481 5518; x_wconf 80' lang='lat' dir='ltr'><strong>circa</strong></span> 
     </span>
    </p>
   </div>
   <div class='ocr_carea' id='block_1_112' title="bbox 1893 5555 3477 5634">
    <p class='ocr_par' dir='ltr' id='par_1_112' title="bbox 1893 5555 3477 5634">
     <span class='ocr_line' id='line_1_112' title="bbox 1893 5555 3477 5634; baseline -0.007 -15"><span class='ocrx_word' id='word_1_838' title='bbox 1893 5561 2148 5620; x_wconf 89' lang='lat' dir='ltr'><strong>funereos</strong></span> <span class='ocrx_word' id='word_1_839' title='bbox 2182 5578 2341 5620; x_wconf 87' lang='lat' dir='ltr'><strong>casus</strong></span> <span class='ocrx_word' id='word_1_840' title='bbox 2366 5571 2685 5634; x_wconf 89' lang='lat' dir='ltr'><strong>tantumque</strong></span> <span class='ocrx_word' id='word_1_841' title='bbox 2715 5559 2884 5617; x_wconf 90' lang='lat' dir='ltr'><strong>animi</strong></span> <span class='ocrx_word' id='word_1_842' title='bbox 2912 5560 3080 5617; x_wconf 90' lang='lat' dir='ltr'><strong>robur</strong></span> <span class='ocrx_word' id='word_1_843' title='bbox 3115 5555 3477 5627; x_wconf 84' lang='lat' dir='ltr'><strong>inspicerent,</strong></span> 
     </span>
    </p>
   </div>
   <div class='ocr_carea' id='block_1_113' title="bbox 196 5648 3485 5728">
    <p class='ocr_par' dir='ltr' id='par_1_113' title="bbox 196 5648 3485 5728">
     <span class='ocr_line' id='line_1_113' title="bbox 196 5648 3485 5728; baseline -0.005 -10"><span class='ocrx_word' id='word_1_844' title='bbox 196 5657 493 5718; x_wconf 78' lang='lat' dir='ltr'><strong>Trinitatis</strong></span> <span class='ocrx_word' id='word_1_845' title='bbox 522 5661 744 5719; x_wconf 87' lang='lat' dir='ltr'><strong>divisor.</strong></span> <span class='ocrx_word' id='word_1_846' title='bbox 783 5660 886 5719; x_wconf 85' lang='lat' dir='ltr'><strong>Hic</strong></span> <span class='ocrx_word' id='word_1_847' title='bbox 924 5670 1008 5719; x_wconf 91' lang='lat' dir='ltr'><strong>est</strong></span> <span class='ocrx_word' id='word_1_848' title='bbox 1045 5661 1137 5718; x_wconf 87' lang='lat' dir='ltr'><strong>aui</strong></span> <span class='ocrx_word' id='word_1_849' title='bbox 1174 5675 1270 5717; x_wconf 89' lang='lat' dir='ltr'><strong>ore</strong></span> <span class='ocrx_word' id='word_1_850' title='bbox 1299 5661 1584 5717; x_wconf 90' lang='lat' dir='ltr'><strong>temerario</strong></span> <span class='ocrx_word' id='word_1_851' title='bbox 1613 5660 1800 5718; x_wconf 88' lang='lat' dir='ltr'><strong>Domi-</strong></span> <span class='ocrx_word' id='word_1_852' title='bbox 1898 5656 2076 5713; x_wconf 86' lang='lat' dir='ltr'><strong>subito</strong></span> <span class='ocrx_word' id='word_1_853' title='bbox 2101 5656 2354 5714; x_wconf 91' lang='lat' dir='ltr'><strong>horridus</strong></span> <span class='ocrx_word' id='word_1_854' title='bbox 2379 5671 2548 5728; x_wconf 87' lang='lat' dir='ltr'><strong>pavor</strong></span> <span class='ocrx_word' id='word_1_855' title='bbox 2575 5657 2900 5728; x_wconf 88' lang='lat' dir='ltr'><strong>timidusque</strong></span> <span class='ocrx_word' id='word_1_856' title='bbox 2930 5664 3134 5710; x_wconf 88' lang='lat' dir='ltr'><strong>tremor</strong></span> <span class='ocrx_word' id='word_1_857' title='bbox 3155 5665 3251 5708; x_wconf 81' lang='lat' dir='ltr'><strong>eos</strong></span> <span class='ocrx_word' id='word_1_858' title='bbox 3287 5648 3485 5705; x_wconf 88' lang='lat' dir='ltr'><strong>invasit</strong></span> 
     </span>
    </p>
   </div>
   <div class='ocr_carea' id='block_1_114' title="bbox 281 5800 1796 5872">
    <p class='ocr_par' dir='ltr' id='par_1_114' title="bbox 281 5800 1796 5872">
     <span class='ocr_line' id='line_1_114' title="bbox 281 5800 1796 5872; baseline -0.001 -15"><span class='ocrx_word' id='word_1_859' title='bbox 281 5801 560 5857; x_wconf 61' lang='lat' dir='ltr'><strong>t‘Rursus</strong></span> <span class='ocrx_word' id='word_1_860' title='bbox 608 5809 756 5857; x_wconf 91' lang='lat' dir='ltr'><strong>recte</strong></span> <span class='ocrx_word' id='word_1_861' title='bbox 807 5800 1195 5872; x_wconf 13' lang='lat' dir='ltr'><strong>nostergvitat,</strong></span> <span class='ocrx_word' id='word_1_862' title='bbox 1227 5813 1467 5856; x_wconf 81' lang='lat' dir='ltr'><strong>errorem</strong></span> <span class='ocrx_word' id='word_1_863' title='bbox 1514 5800 1796 5872; x_wconf 86' lang='lat' dir='ltr'><strong>biographi</strong></span> 
     </span>
    </p>
   </div>
   <div class='ocr_carea' id='block_1_115' title="bbox 198 5868 1795 5946">
    <p class='ocr_par' dir='ltr' id='par_1_115' title="bbox 198 5868 1795 5946">
     <span class='ocr_line' id='line_1_115' title="bbox 198 5868 1795 5946; baseline -0.003 -12"><span class='ocrx_word' id='word_1_864' title='bbox 198 5868 388 5934; x_wconf 68' lang='lat' dir='ltr'><strong>Graeci</strong></span> <span class='ocrx_word' id='word_1_865' title='bbox 424 5872 830 5941; x_wconf 84' lang='lat' dir='ltr'><strong>Combelisiani,</strong></span> <span class='ocrx_word' id='word_1_866' title='bbox 865 5873 958 5946; x_wconf 88' lang='lat' dir='ltr'><strong>qui</strong></span> <span class='ocrx_word' id='word_1_867' title='bbox 1007 5871 1314 5930; x_wconf 80' lang='lat' dir='ltr'><strong>Heracliam</strong></span> <span class='ocrx_word' id='word_1_868' title='bbox 1357 5887 1422 5930; x_wconf 90' lang='lat' dir='ltr'><strong>ac</strong></span> <span class='ocrx_word' id='word_1_869' title='bbox 1462 5868 1795 5930; x_wconf 84' lang='lat' dir='ltr'><strong>Demetrium</strong></span> 
     </span>
    </p>
   </div>
   <div class='ocr_carea' id='block_1_116' title="bbox 1898 5793 3373 5874">
    <p class='ocr_par' dir='ltr' id='par_1_116' title="bbox 1898 5793 3373 5874">
     <span class='ocr_line' id='line_1_116' title="bbox 1898 5793 3373 5874; baseline -0.005 -15"><span class='ocrx_word' id='word_1_870' title='bbox 1898 5809 2021 5874; x_wconf 89' lang='lat' dir='ltr'><strong>post</strong></span> <span class='ocrx_word' id='word_1_871' title='bbox 2048 5798 2344 5860; x_wconf 79' lang='lat' dir='ltr'><strong>Sabellium</strong></span> <span class='ocrx_word' id='word_1_872' title='bbox 2371 5815 2437 5859; x_wconf 88' lang='lat' dir='ltr'><strong>ac</strong></span> <span class='ocrx_word' id='word_1_873' title='bbox 2458 5799 2772 5874; x_wconf 88' lang='lat' dir='ltr'><strong>Dionysium</strong></span> <span class='ocrx_word' id='word_1_874' title='bbox 2803 5798 2971 5860; x_wconf 81' lang='lat' dir='ltr'><strong>fuisse</strong></span> <span class='ocrx_word' id='word_1_875' title='bbox 2995 5799 3197 5860; x_wconf 88' lang='lat' dir='ltr'><strong>diserte</strong></span> <span class='ocrx_word' id='word_1_876' title='bbox 3223 5793 3373 5854; x_wconf 87' lang='lat' dir='ltr'><strong>dicit.</strong></span> 
     </span>
    </p>
   </div>
  </div>
