3926 5686
108 397 186 461 705
644 393 1203 455 INTERPRETATIO
1243 386 1420 454 HIST.
1456 392 1798 456 ACEPHAL.
1840 395 1942 456 SS.
1979 394 2108 456 MM.
2150 394 2313 457 CYRl
2349 395 2438 456 ET
2473 390 2668 454 JOAN.

3204 387 3311 452 706

108 515 285 583 luseris,
303 527 508 570 mecum
543 514 791 569 tractavi.
827 513 934 570 Sed
958 512 1104 569 aliud
1134 513 1270 568 nihil
1291 529 1516 584 prorsus
1535 529 1627 571 oc-
1653 521 1707 579 Α
1731 515 2126 586 prtedicaverit.
2189 514 2294 571 Sed
2336 525 2392 572 et
2430 515 2620 570 horum
2675 510 2963 583 insignium
3013 521 3314 582 martyrum

106 610 253 674 currit,
275 607 366 664 nisi
391 607 516 678 quia
548 605 832 662 charitatis
877 605 1132 661 fraternae
1162 607 1362 662 teneris
1411 606 1630 673 ail‘ectu,

108 699 332 772 gestientis
356 696 615 768 profecto,
645 712 751 752 non
781 696 956 752 solum
997 697 1184 753 Graece
1228 698 1322 752 sed
1349 706 1403 753 et
1442 697 1634 753 Latine

107 792 369 846 accedentes
397 787 673 857 proximos
702 785 958 842 salutaris
978 787 1179 856 pabulo
1206 787 1357 843 verbi
1388 787 1633 851 reﬁcere,

107 891 147 938 et
172 879 226 934 ad
243 878 319 949 pia
341 876 604 948 exempla,
634 884 690 932 et
731 877 923 932 horum
953 876 1124 933 fortes
1148 891 1246 946 pro
1269 875 1487 932 Christo
1507 893 1636 948 ago-

107 990 178 1030 nes
201 971 478 1029 accendere
504 985 520 1024 :
551 971 852 1039 praesertim
878 985 1002 1024 cum
1041 969 1301 1034 Ecclesia,
1335 969 1389 1024 in
1419 985 1524 1040 qua
1552 970 1634 1025 di-

108 1066 213 1120 vinis
238 1078 389 1134 penes
416 1060 618 1117 Urbem
647 1061 884 1118 cultibus
907 1070 962 1118 et
986 1063 1261 1132 obsequiis
1292 1061 1561 1119 incumbis
1585 1075 1636 1128 ιι,

108 1157 258 1211 horum
283 1152 849 1209 victoriosissimorum
882 1162 1187 1225 martyrum
1214 1153 1500 1220 memoria,
1528 1155 1637 1209 imo

108 1246 329 1302 miraculis
355 1244 580 1314 fulgeat,
627 1252 686 1299 et
731 1245 925 1301 horum
955 1261 1151 1300 annua:
1201 1243 1533 1300 celebritatis
1563 1259 1631 1300 en

109 1341 193 1395 dies
237 1338 386 1394 festus
424 1337 726 1392 immineat.
765 1337 908 1409 Ergo
951 1346 1110 1409 prout
1160 1338 1335 1409 potui,
1385 1338 1639 1394 charilati

109 1441 186 1486 tua:
208 1429 446 1496 satisfeci,
488 1439 544 1486 et
569 1429 771 1486 omisso
816 1445 1113 1502 parumper
1139 1447 1303 1502 opere
1329 1447 1440 1502 pm
1460 1432 1635 1486 mani.

107 1525 183 1580 bus
208 1524 392 1588 habito,
413 1523 559 1579 votis
595 1537 790 1593 parere
815 1524 921 1578 tuis
947 1524 1111 1579 etiam
1139 1523 1422 1596 languidus
1451 1523 1638 1578 malui.

78 1653 80 1673 ;
109 1619 216 1672 Sane
253 1616 506 1689 passionis
542 1617 738 1672 horum
780 1617 914 1672 duas
943 1617 1302 1672 editiones....
1349 1615 1520 1687 Hujus
1545 1633 1642 1671 au-

109 1718 185 1764 tem
209 1709 418 1779 scriptor
447 1718 674 1764 sanctus
697 1707 1062 1778 Sophronius,
1110 1708 1201 1779 qui
1231 1717 1355 1779 post
1382 1707 1641 1764 Hieroso—

75 1833 81 1871 λ
107 1801 340 1871 lymitanus
383 1800 582 1854 claruit
611 1800 918 1870 episcopus,
967 1799 1198 1864 exstitit,
1229 1797 1383 1867 cujus
1411 1797 1640 1854 celebris

108 1893 319 1948 memoria
337 1893 386 1947 in
415 1892 608 1948 multis
627 1889 892 1962 majorum
917 1891 1434 1961 conscriptionibus,
1460 1890 1555 1946 sed
1578 1899 1634 1945 et
1666 1905 1712 1964 Β

61 1981 145 2054 lin
181 1995 340 2040 sancta
371 1993 524 2040 sexta
571 1994 626 2040 et
681 1982 974 2038 universali
1032 1982 1236 2054 synodo
1288 1981 1638 2053 reperiturb;

106 2076 350 2145 praesertim
373 2091 499 2132 cum
532 2074 786 2131 nonnulla
814 2073 881 2129 ad
913 2074 1327 2130 instructionem
1348 2074 1640 2131 multorum

108 2169 314 2234 opuscula
339 2167 592 2233 ediderit,
625 2177 682 2223 et
715 2182 850 2222 sana
889 2167 1208 2223 orthodoxae
1237 2166 1358 2222 ﬁdei
1386 2167 1639 2239 dogmata

156 2264 364 2335 etEdem
399 2264 639 2335 intellige
669 2263 770 2318 SS.
803 2261 928 2316 MM.
964 2262 1090 2334 Cyri
1120 2271 1176 2318 et
1201 2261 1448 2331 Joannis,
1470 2277 1641 2335 prope

107 2333 252 2404 urbem
283 2333 784 2390 Romanam'adhuc
809 2333 1179 2404 superstitem.

158 2403 439 2461 l’Nimirum
484 2405 539 2460 in
595 2421 660 2460 eo
716 2403 949 2477 concilio
996 2405 1221 2460 recitata
1253 2412 1338 2461 est
1382 2403 1640 2477 synodica

107 2472 345 2545 Sophronii
373 2477 628 2548 epistola,
656 2490 777 2546 quae
803 2475 983 2532 adhuc
1009 2485 1282 2546 superest.

1733 625 1839 664 non
1869 619 2076 664 tantum
2125 611 2456 680 passionem,
2508 623 2697 664 verum
2738 606 2902 660 etiam
2953 603 3314 676 septuaginta,

1733 704 1823 775 qui
1851 719 2108 760 numerus
2136 706 2276 777 apud
2308 721 2405 760 nos
2443 707 2688 760 sacratus
2702 711 2787 758 est
2815 714 2864 768 ο,
2888 700 3120 772 capitula
3150 701 3320 756 mira-

1734 797 1978 854 culorum
2018 800 2254 870 ipsorum
2286 798 2705 870 conscripserit;
2748 794 2876 866 quin
2901 794 3079 864 potius
3113 791 3316 862 princi-

1736 890 1896 959 pibus
1931 890 2116 946 mundi
2145 904 2252 944 non
2284 888 2455 945 solum
2483 887 2828 952 Christianae,
2855 884 2950 941 sed
3000 893 3052 939 et
3080 893 3324 939 externa:

1738 981 2016 1052 religionis
2044 997 2143 1052 pro
2166 982 2326 1036 domo
2346 981 2559 1036 Domini
2589 994 2804 1034 murum
2831 974 3206 1047 expugnabilis
3232 989 3323 1029 ve-

1739 1073 1916 1130 ritatis
1972 1071 2321 1143 opposuerit,
2367 1079 2422 1125 et
2469 1067 2778 1126 constantia
2833 1066 2987 1121 fortis
3035 1064 3327 1121 invectionl

1739 1161 1996 1235 arguerit.
2030 1164 2267 1230 Quorum
2299 1160 2548 1216 videlicet
2596 1157 2981 1214 miraculorum
3014 1155 3325 1213 Bonifacius

1740 1261 2089 1318 consiliarius
2117 1259 2186 1314 ad
2217 1258 2440 1328 petitam
2486 1254 2755 1312 Theodori
2781 1251 3102 1317 nrimicerii,
3138 1250 3327 1306 defen—

1740 1357 1880 1414 soris
1926 1354 2184 1412 Ecclesiae
2227 1353 2486 1408 Romanae
2529 1349 2811 1406 duodecim
2855 1363 2977 1404 cum
3013 1344 3331 1417 praefatione

1741 1450 1982 1522 capitula
2026 1450 2153 1506 olim
2200 1449 2588 1518 interpretatus
2629 1452 2732 1500 est.
2758 1443 2963 1500 Caetera
2993 1442 3060 1507 si,
3093 1441 3204 1495 Deo
3233 1453 3328 1494 au~

1743 1553 1918 1610 ctore,
1949 1543 2060 1597 vita
2113 1541 2278 1597 fuerit
2313 1554 2521 1604 comes,
2576 1537 2835 1593 nostri....
2890 1537 3060 1592 Deum
3101 1548 3329 1589 orare...

1744 1635 1968 1691 dissime
2014 1632 2310 1688 Christi....
2341 1630 2636 1686 sacerdotis
2665 1628 2938 1684 sacerdos.
2988 1626 3122 1681 Data
3154 1640 3206 1679 tv
3231 1621 3335 1678 Ka-

1745 1729 1935 1786 lendas
1957 1727 2263 1792 Februarii,
2301 1725 2595 1781 indictione
2641 1724 2700 1790 8,
2759 1737 2900 1777 anno
2948 1735 3079 1777 vero
3128 1716 3334 1776 domini

1746 1825 1918 1882 nostri
1941 1823 2208 1898 (Joannis)
2236 1823 2414 1879 octavi
2445 1836 2617 1892 papas.

1753 2002 1920 2060 Sume
1950 2015 2108 2057 sacer
2146 1998 2362 2054 tandem
2391 2005 2698 2054 sanctorum
2729 1993 2882 2049 lactus
2911 2007 3132 2064 agones,

1749 2097 1851 2166 Qui
1881 2097 2100 2153 fuerunt
2127 2094 2254 2150 facti
2275 2091 2446 2158 Graii,
2477 2107 2624 2148 nunc
2648 2099 2766 2146 arte
2787 2088 3055 2150 Latinos.

1831 2268 1854 2298 ε
1883 2256 1962 2312 De
1993 2256 2095 2311 hoc
2123 2267 2353 2308 numero
2383 2250 2552 2308 multa
2604 2248 2823 2306 disserit
2851 2246 2965 2318 ipse
3002 2242 3341 2316 Sophronius

1750 2329 1805 2386 in
1833 2336 2146 2384 sanctorum
2171 2325 2498 2380 laudatione.

114 2639 3330 2689 Μ

938 2811 1345 2897 INCIPIT
1405 2807 1818 2891 TEXTUS
1873 2801 2443 2886 PASSIONIS.

159 2991 354 3049 Divinas
378 2994 542 3051 nobis
563 3009 760 3059 sermo,
786 2993 877 3066 qui
899 3006 1029 3051 vere
1050 2991 1250 3048 veritas
1275 2997 1374 3055 est,
1399 2989 1648 3046 Christus
1677 2991 1722 3054 C
1753 2986 1958 3066 Joanne
1981 2984 2253 3049 editiones,
2287 2979 2583 3063 cujusmodi
2607 2995 2786 3050 reapse
2815 2987 2934 3034 sunt
2966 2978 3341 3066 in‘nostroco—

101 3083 311 3141 videlicet
349 3087 495 3142 Deus
525 3095 740 3153 noster,
776 3087 828 3142 in
861 3084 1165 3158 Evangeliis
1203 3083 1428 3138 altisone
1457 3079 1653 3152 praedi-

105 3184 186 3241 cat,
215 3179 387 3235 dicens
427 3197 440 3233 :
471 3179 668 3234 Omnia
696 3178 970 3250 possibilia
1001 3175 1254 3233 credenti.
1289 3174 1486 3231 Beatus
1517 3188 1651 3244 quo-

102 3265 1645 3334 quePaulus..............

153 3394 312 3478 Pergit
359 3401 860 3478 reru‘l‘labitlonius
888 3402 1100 3478 dicere;
1135 3399 1649 3478 t_Ana_stasii_versio

99 3471 234 3546 magis
255 3470 439 3527 litterw
471 3473 716 3538 inliceret,
750 3490 921 3546 quam
943 3469 1436 3546 illa_BoliatLdiana,
1468 3472 1647 3546 inqua

97 3544 305 3593 omissam
338 3554 415 3596 est
445 3559 635 3596 nomen
658 3538 854 3598 loci'in
883 3542 1082 3596 Arabia
1114 3541 1200 3594 ubi
1224 3538 1392 3610 Cyrus
1414 3552 1458 3594 et
1484 3538 1650 3594 Joan-

97 3623 163 3660 nes
184 3615 536 3685 monasticam
574 3614 734 3685 vitam
763 3613 986 3685 professi
1011 3621 1154 3685 su_nt,
1183 3611 1249 3685 de
1283 3627 1386 3682 quo
1403 3611 1482 3685 sic
1501 3611 1650 3664 Ana-

95 3681 253 3767 stasius
281 3697 348 3767 :_t
371 3684 468 3765 'Ad
502 3681 898 3767 Arabiam'qua:
924 3693 1012 3767 est!
1033 3682 1251 3767 Aegypti
1277 3681 1550 3767 inuriturut.
1570 3698 1652 3767 vc:

97 3766 110 3796 t
149 3752 232 3815 m’t,
273 3763 319 3826 et
354 3755 421 3826 in
449 3753 669 3808 castello
692 3752 829 3826 quod
867 3763 1083 3826 uocatur
1112 3752 1268 3806 ϐείω
1299 3752 1571 3826 habitarit,
1601 3761 1650 3806 et

97 3836 112 3867 α
147 3837 248 3902 cum
276 3823 608 3902 habitatione
620 3821 777 3880 etiam
797 3824 1034 3879 habitum
1057 3821 1414 3902 commutavit.
1451 3842 1466 3873 ι
1497 3821 1648 3902 Idem

92 3893 194 3965 artis
218 3895 429 3948 medica:
471 3895 734 3965 oﬁicinam
782 3905 928 3951 vocat
955 3893 1335 3965 ergasterium,
1380 3894 1520 3964 quod
1551 3909 1645 3947 nos

91 3958 432 4035 labgratorium
466 3958 818 4035 appellamus.

154 4029 288 4089 Vides
336 4029 514 4106 igitur
540 4029 691 4092 'duas
736 4038 899 4108 fuisse
936 4035 1106 4110 aperis
1154 4036 1220 4090 de
1269 4033 1374 4092 SS.
1431 4033 1568 4106 Cyro
1595 4044 1642 4090 et

1756 3057 1890 3129 dice,
1917 3072 2148 3129 quarum
2160 3049 2459 3129 _utra_niq_ue
2488 3049 2858 3129 interpretatus
2887 3060 2964 3129 est
2987 3049 3340 3129 Anastasius,

1756 3138 1810 3181 ut
1833 3117 1898 3182 de
1926 3117 2096 3197 prima
2122 3117 2588 3197 Mabil!97ii_us,__de
2614 3117 2846 3176 secunda
2874 3120 3158 3197 distichum
3193 3117 3341 3172 Vati-

1755 3199 1874 3252 cani
1897 3190 2277 3265 c'odicisA/idem
2299 3193 2448 3264 facit.
2479 3193 2594 3248 Nos
2617 3191 3006 3265 autemprioris
3032 3190 3346 3265 interpreta-

1755 3270 1947 3322 tionem
1973 3268 2027 3321 in
2068 3259 2321 3320 vaticano
2361 3265 2537 3318 codice
2586 3280 2690 3317 non
2716 3259 2999 3327 habemus;
3028 3259 3191 3330 quare
3226 3259 3344 3330 ejus

1754 3339 1964 3394 initium
2014 3335 2376 3391 tantummodo
2407 3334 2744 3405 ascripsimus
2775 3348 2842 3405 ea:
2873 3327 3222 3405 Mabillonio;
3250 3327 3344 3405 Val-

1754 3410 1916 3463 terius
1938 3418 2112 3478 tamen
2137 3417 2338 3478 partem
2360 3397 2652 3478 maximam
2681 3404 2739 3478 in
2775 3400 3029 3478 Vaticano
3052 3400 3229 3478 codice
3257 3397 3345 3453 in-

1758 3481 2012 3533 venimus.
2073 3469 2578 3548 Creteroquigneque
2625 3473 2816 3548 prioris
2864 3469 3346 3548 interpretationem

1757 3542 2435 3621 Zylianamgdamusi'qu‘ia
2490 3542 2798 3621 gravissime
2842 3542 3043 3606 variat;
3076 3556 3240 3621 neque
3263 3553 3347 3592 se-

1757 3607 1945 3699 cundae
1973 3619 2232 3699 defectum
2256 3607 2448 3699 .Latine
2472 3607 2796 3699 s'upplemus,
2837 3607 3348 3699 quanatum'Grtr‘c-e

1756 3700 1867 3744 tum
1890 3678 2076 3743 Latin'e
2122 3686 2388 3759 acephalag
2416 3697 2512 3740 est.
2537 3678 2611 3739 Ὲι
2640 3678 2860 3759 quidem
2890 3681 3179 3759 Vaticanus
3201 3678 3348 3759 Lati-

1759 3777 1856 3815 nus
1882 3760 2045 3815 codex
2072 3775 2174 3814 non
2214 3750 2324 3828 '{uit
2355 3750 2663 3826 desumptus
2689 3770 2755 3810 ea:
2789 3753 2973 3828 Grazca
3003 3750 3214 3828 cryptae
3238 3751 3350 3821 {er-

1759 3843 1908 3895 ratas,
1932 3832 2021 3901 qui
2065 3822 2234 3901 paulo
2275 3827 2437 3901 altius
2464 3822 2800 3901 incipit,_sed
2839 3822 3130 3901 emLatino
3177 3829 3348 3901 vetere

1755 3890 2141 3955 Canonicornm
2170 3899 2232 3954 S.
2264 3898 2453 3953 Maria:
2475 3899 2530 3952 in
2552 3890 2636 3952 uia
2661 3894 2817 3963 Lata,
2840 3894 2929 3966 qui
2953 3908 3211 3963 nusquam
3226 3890 3343 3961 jam

1753 3981 1991 4043 apparet,
2018 3981 2074 4025 ut
2101 3970 2212 4025 dixi
2243 3970 2389 4024 alibi.

101 4251 3320 4284 —————_—.——-————-—————-——-———-—_——*\

1155 4414 1650 4496 HISTORIA
1707 4411 2236 4495 ACEPHALA

708 4621 908 4736 SS.
1003 4621 1270 4732 MM.
1365 4617 1715 4733 (ΣΥΡιί
1803 4615 1988 4731 ΕΤ
2072 4614 2714 4734 JOANNIS.

872 4836 1364 4895 INTERPRETE
1397 4834 1818 4895 ANASTASIO
1858 4835 2523 4896 BIBLIOTHECARIO.

294 5133 357 5174 re
381 5117 616 5174 minime
638 5117 917 5182 valuisset,
939 5116 1234 5186 paciscitur
1262 5116 1449 5172 dicens
1469 5133 1529 5174 se
1561 5118 1655 5174 de-
1682 5119 1733 5179 D
1757 5116 2060 5187 designata,
2081 5117 2438 5188 ergasterium
2460 5116 2706 5174 absidem
2731 5107 3048 5175 mirabilem
3074 5110 3364 5177 dedicavit

79 5209 306 5266 siderium
349 5211 567 5267 habere
595 5211 767 5266 tribus
807 5209 990 5279 pueris
1025 5208 1308 5265 ecclesiam
1345 5207 1648 5278 dedicandi,

78 5299 375 5368 eljurenem
405 5304 564 5359 hunc
594 5303 724 5359 velle
777 5300 850 5371 pii
890 5302 1067 5370 operis
1108 5302 1220 5359 fore
1253 5305 1605 5374 praepositum
1631 5342 1646 5371 ,

78 5403 164 5457 quo
206 5395 516 5466 completo,
562 5408 743 5450 rursus
773 5390 1130 5463 pollicebatur
1162 5409 1284 5448 eum
1328 5394 1647 5462 adepturum

75 5478 168 5537 fore
197 5487 546 5555 petitionem.
589 5485 721 5558 Ergo
764 5499 891 5540 cum
935 5484 1161 5539 haberet
1204 5483 1343 5557 apud
1391 5481 1643 5557 Duryzin.

73 5577 145 5640 ‘lOi
181 5577 324 5633 locus
363 5589 454 5633 est
497 5577 574 5631 ita
609 5581 877 5634 νορίιςιιιιρ
1494 5579 1501 5582 -

1760 5204 1930 5262 Porro
1965 5224 2033 5263 ne
2072 5211 2301 5278 segnitia
2352 5209 2479 5264 hinc
2522 5210 2685 5266 factae
2724 5211 3081 5271 transeamus
3117 5203 3370 5270 utilitatis

1760 5300 2161 5368 narrationem,
2192 5302 2389 5371 juvene
2419 5301 2708 5357 insistente
2753 5308 3149 5368 cooperatione
3187 5296 3372 5359 divina

1760 5401 1896 5458 opus
1923 5399 2375 5455 consummatum,
2401 5397 2457 5443 et
2481 5385 2884 5462 amplissimum
2916 5399 3177 5467 templum
3206 5382 3376 5447 aedili—

1759 5486 1940 5533 catum
1970 5490 2072 5535 est.
2102 5479 2454 5552 Diligentibus
2485 5483 2630 5536 enim
2666 5475 2962 5533 Dominum
2987 5489 3164 5540 omnia
3189 5487 3379 5543 cOOPe‘

1759 5579 1946 5610 ’λι-ἀιπ·
1972 5572 2026 5610 in
2071 5571 2258 5610 hnsmm
2327 5571 2595 5610 dinnntpna
2637 5565 3116 5612 caninnﬁccimnnu
3151 5564 3376 5612 Donlnm
