3926 5388
511 410 659 481 707..
1222 467 1230 473 .
1370 469 1377 475 ,
1699 407 2060 477 amaras“
2089 400 2632 474 BiBLiOTiiECARli
3206 468 3213 477 ,
3688 402 3779 458 τω

513 531 634 599 Dei,
665 526 859 602 Oppido
886 520 1320 599 praedicabiiem;
1352 522 1438 581 cui
1468 509 1667 580 litteris
1698 523 1840 579 datis
1868 512 1937 577 ad
1976 537 2100 578 san-
2127 521 2181 583 Α
2276 514 2327 573 6.
2370 512 2604 572 Sanctus
2630 528 2760 587 ergo
2797 512 2919 568 eum
2949 513 3096 568 esset
3125 510 3396 603 medicus,
3419 526 3602 603 quem
3631 512 3778 603 paulo

514 626 631 680 ctus
672 600 781 677 tres
822 632 1051 690 pueros,
1091 618 1238 674 hunc
1274 614 1459 690 dirigit
1495 610 1844 690 Babylonem.
1875 610 2096 672 Litterae
2204 610 2329 664 ante
2357 605 2738 678 praediximus,
2771 603 3016 661 smcularl
3059 600 3274 677 quidem
3304 601 3522 667 habitu,
3553 600 3651 660 sed
3681 618 3774 660 non

512 722 643 771 vero
682 708 1067 784 deprecatoria
1107 710 1175 767 ad
1214 709 1432 767 eosdem
1472 716 1693 767 sanctos
1730 714 1916 776 erant,
1954 704 2095 763 mitti

513 806 615 865 sibi
646 804 898 877 reliquias
936 818 1036 876 per
1070 804 1242 876 ipsum
1284 799 1613 875 efﬂagitans,
1646 816 1767 874 quae
1808 798 1862 857 in
1900 798 2099 870 templo

512 900 639 974 poni
668 898 1012 966 debuissent,
1043 898 1187 969 quod
1220 894 1299 953 eis
1331 892 1463 968 ipsis
1489 892 1756 951 desiderio
1786 891 1955 948 multo
1979 904 2098 947 erce

513 1000 685 1049 xerat.
727 991 797 1046 At
820 1004 950 1047 vero
978 988 1067 1046 hic
1104 986 1434 1045 venerabilis
1471 991 1527 1043 et
1559 992 1783 1043 ornatus
1827 982 1935 1052 vir,
1964 979 2097 1039 nihil

512 1079 776 1153 religiosae
803 1077 1083 1152 negligens
1124 1077 1523 1151 praeceptionis,
1551 1074 1878 1151 Babylonem
1907 1088 2100 1147 perve-

510 1174 611 1243 nit,
642 1183 698 1231 et
727 1170 930 1231 sanctis
958 1171 1201 1245 egregias
1229 1172 1441 1230 litteras
1470 1169 1651 1239 dedit,
1679 1172 1796 1227 haec
1830 1168 1936 1226 illis
1966 1167 2098 1225 ali'a-

510 1273 599 1323 tus
631 1286 644 1322 :
675 1265 880 1332 Sancti,
910 1262 1007 1321 Dei
1036 1263 1212 1322 almus
1241 1274 1294 1322 et
1320 1276 1565 1321 summus
1602 1263 1853 1319 sacerdos
1879 1275 1943 1319 ac
1975 1275 2095 1317 ser-

508 1372 610 1415 vus
656 1366 874 1425 vester,
925 1355 1065 1413 hanc
1113 1354 1264 1413 vobis
1311 1354 1616 1413 transmisit
1662 1352 2094 1427 depreCatoriam

510 1448 814 1521 epistolam,
844 1460 953 1520 qua
983 1452 1264 1519 suscepta,
1301 1446 1425 1503 date
1460 1460 1796 1518 responsum.
1839 1444 1967 1503 flare
2002 1458 2099 1501 and

516 1550 624 1598 tem
654 1556 774 1598 cum
802 1541 892 1598 hic
919 1541 994 1597 ita
1025 1541 1270 1610 dixisset,
1303 1541 1513 1598 medius
1537 1556 1603 1598 ex
1632 1540 1739 1599 illis
1769 1541 2002 1608 resedit,
2042 1546 2098 1598 et

510 1641 734 1688 extensa
763 1646 926 1689 manu
957 1634 1024 1688 ad
1051 1641 1223 1689 semet
1264 1633 1548 1707 epistolam
1584 1634 1779 1701 traxit,
1817 1640 1871 1691 et
1898 1630 2095 1691 iterum

514 1724 856 1794 recumbens,
884 1727 1002 1782 sine
1029 1736 1291 1798 responso
1312 1726 1489 1783 virum
1511 1725 1731 1784 dimisit.
1757 1724 1889 1783 Cum
1914 1737 2095 1783 autem

2206 696 2421 765 animo,
2466 696 2764 755 medicinas
2801 698 3124 769 peragebat;
3161 710 3267 753 non
3294 696 3440 753 enim
3472 693 3780 770 corporibus

2204 798 2413 847 tantum
2448 789 2812 848 laborantium
2854 789 3190 857 medebatur,
3234 788 3329 846 sed
3373 790 3430 846 et
3482 786 3779 856 animabus,

2201 885 2392 957 dignas
2422 881 2523 940 has
2548 896 2614 940 ex
2644 880 2881 955 indignis
2909 880 3171 950 edocens;
3204 885 3259 938 et
3286 876 3473 938 fideles
3498 894 3570 937 ex
3603 878 3779 937 alienis

2202 994 2233 1034 a
2262 976 2365 1036 tide
2403 975 2719 1045 instittiens,
2757 988 2865 1033 non
2895 986 2963 1035 ex
2994 974 3080 1032 his
3105 984 3225 1049 qua!
3260 972 3455 1032 Caleni
3500 981 3556 1029 et
3588 966 3778 1044 Hippo-

2204 1070 2389 1137 cratis,
2429 1076 2485 1125 et
2519 1066 2604 1125 his
2647 1066 2912 1125 similibus
2949 1051 3378 1141 conscriptorum
3399 1109 3415 1133 ,
3450 1062 3699 1122 infirmos
3732 1064 3778 1122 in

2201 1158 2601 1218 visitationibtts
2637 1158 2954 1227 consolans,
2990 1158 3085 1218 sed
3114 1168 3168 1217 et
3194 1156 3533 1232 prepbeticis
3570 1165 3627 1216 et
3657 1172 3776 1229 apo-

2202 1254 2405 1314 sloiicls
2434 1268 2497 1311 ac
2524 1250 2850 1328 evangelicis
2885 1250 3341 1311 admunitionibus
3360 1296 3377 1322 ,
3419 1251 3491 1309 ad
3526 1268 3646 1309 eam
3670 1269 3779 1324 qua

2200 1366 2327 1405 vere
2390 1342 2733 1405 incolumitas
2774 1347 2887 1403 vita
2938 1354 3023 1403 est
3075 1348 3437 1420 pertrahens,
3494 1350 3552 1403 et
3593 1344 3780 1404 Christi

2200 1440 2328 1499 ovili
2363 1448 2794 1509 connumerans,
2838 1444 3001 1511 algue
3047 1436 3198 1513 regni
3244 1435 3515 1501 ccelorum
3554 1434 3778 1497 haeretica

2200 1537 2509 1596 ostendens.

2270 1630 2321 1688 7.
2365 1630 2521 1691 Hunc
2546 1634 2666 1689 eum
2693 1630 2883 1690 odicns‘
2910 1626 3050 1688 bona
3076 1625 3321 1687 diabolus
3369 1628 3575 1686 multos
3600 1624 3777 1685 oEerre

2198 1724 2417 1785 Christo
2444 1724 2690 1794 vidisset,
2718 1724 2946 1798 principi
2978 1723 3127 1781 urbis
3152 1739 3249 1797 per
3276 1739 3518 1796 nequam
3546 1722 3775 1779 homines

508 1821 619 1869 tota
655 1813 991 1872 hebdomada
1022 1816 1331 1887 supplicans
1381 1815 1548 1874 abbas
1585 1830 1902 1889 responsum
1933 1816 2096 1873 mini—
2128 1888 2131 1889 ν
2198 1817 2468 1876 nuntiavit
2506 1816 2692 1875 dicens
2724 1830 2739 1873 :
2779 1814 3031 1874 Galiimus
3081 1814 3300 1889 quidam
3341 1817 3590 1873 medicus
3630 1810 3775 1872 disci-

507 1923 597 1964 me
625 1909 990 1981 percepisset,
1022 1910 1089 1965 ad
1121 1926 1244 1965 eum
1269 1909 1361 1981 qui
1395 1924 1456 1967 se
1481 1888 1704 1968 miserat
1731 1909 1975 1968 incides:
2003 1922 2096 1968 re-
2124 1888 2171 1952 B
2200 1908 2343 1983 plina
2363 1909 2671 1967 univerSam
2688 1908 2925 1966 civitatis
2946 1888 3155 1982 plebem
3180 1907 3418 1977 seduxit,
3435 1918 3491 1964 et
3516 1925 3548 1964 a
3572 1909 3773 1965 deorum

504 2001 624 2069 diit,
661 2010 715 2057 et
740 2002 880 2072 quod
909 2003 1011 2059 sibi
1040 2005 1342 2076 contigerat
1364 2007 1659 2062 enarravit.

576 2093 631 2148 4.
670 2093 753 2148 Ar
766 2088 856 2149 ille
885 2095 1290 2153 amantissimus
1315 2112 1668 2171 summusque
1691 2084 1786 2156 Dei
1817 2098 2094 2170 sacerdos,

506 2191 611 2248 iide
640 2192 757 2249 sine
790 2191 1013 2261 oﬂ‘ensa,
1039 2202 1093 2251 ct
1122 2195 1456 2252 conscientia
1481 2194 1641 2264 bona,
1671 2194 1867 2254 iterum
1897 2195 1977 2254 cis
2005 2194 2098 2254 de-

505 2283 670 2371 stinat
691 2284 834 2342 hunc
853 2285 1030 2357 ipsum
1055 2288 1168 2345 Deo
1184 2288 1487 2360 placentem
1508 2289 1707 2357 virum,
1731 2291 1846 2347 haec
1865 2290 2052 2351 dicens
2078 2307 2092 2346 :

506 2380 676 2447 Vade,
707 2380 902 2451 inquit,
936 2372 1138 2450 adhuc,
1161 2392 1218 2439 et
1237 2391 1361 2454 pete
1387 2398 1488 2454 pro
1512 2397 1603 2439 me
1626 2392 1862 2442 sanctos.
1891 2382 2096 2441 Saltem

507 2474 1001 2544 impraesentiarum
1060 2476 1351 2532 exaudient
1406 2476 1842 2548 deprecationem
1895 2493 2092 2532 meam.

505 2566 640 2622 Nam
654 2568 935 2637 epistolam
959 2578 1230 2641 receptam
1260 2569 1365 2637 fer,
1381 2585 1544 2642 quam
1571 2586 1669 2642 pro
1696 2571 1938 2641 reliquiis
1968 2588 2094 2628 sus-

500 2658 721 2732 cipiam,
752 2668 1004 2734 tanquam
1020 2660 1139 2733 jam
1168 2667 1236 2718 ab
1276 2662 1355 2719 eis
1392 2672 1672 2736 acceptam
1704 2671 1759 2718 et
1784 2663 2092 2737 sanctifica-

505 2756 634 2803 lam.
664 2750 874 2805 Cedens
901 2759 1083 2805 autem
1109 2750 1279 2817 Patri,
1307 2751 1524 2807 Christo
1554 2767 1652 2823 per
1679 2753 1863 2808 omnia
1892 2761 1944 2809 et
1970 2762 2092 2809 actu

500 2849 554 2893 ct
584 2841 795 2895 theoria
819 2842 1099 2909 obediens,
1127 2842 1452 2914 Babylonem
1479 2843 1678 2901 iterum
1709 2844 1861 2909 abiit,
1884 2852 1939 2901 et
1964 2859 2097 2916 Stip—

502 2931 710 3001 plicans
754 2949 942 2989 rursus
984 2935 1186 2990 sanctis
1216 2926 1443 2991 dicebat"
1473 2955 1484 2992 :
1528 2932 1572 2994 Ο
1605 2945 1687 2993 ter
1715 2926 1860 2994 beati
1891 2940 2095 3011 marty-

501 3036 613 3088 res.
641 3038 899 3081 summus
912 3026 1165 3082 sacerdos
1192 3026 1290 3082 Dei
1312 3042 1410 3086 me
1440 3029 1511 3086 ad
1538 3044 1634 3087 vos
1675 3030 1872 3086 iterum
1904 3031 2085 3099 misit;

2200 2002 2520 2062 adoratione
2566 2003 2820 2072 removit,
2850 2008 2908 2060 et
2933 1998 3138 2071 Jesnm,
3180 2004 3340 2074 Quem
3369 1998 3548 2059 Judaei
3574 2001 3772 2057 cruciﬁ-

2199 2107 2415 2165 xerunt,
2442 2106 2501 2153 ut
2522 2094 2693 2153 Deum
2718 2090 2895 2155 colere
2919 2093 3070 2164 fecit,
3097 2094 3528 2166 servitutemque
3550 2103 3771 2153 nostram

2197 2190 2300 2249 diis
2339 2182 2700 2248 exhibendam
2737 2190 3046 2248 universam
3088 2186 3435 2247 exterminat.
3478 2187 3575 2244 His
3614 2184 3773 2243 verbis

2194 2286 2383 2344 infelix
2424 2302 2587 2359 supra
2634 2285 2850 2343 modum
2899 2280 3261 2341 eifervescens
3306 2280 3544 2339 scelesto
3587 2277 3769 2344 furore,

2195 2374 2578 2452 comprehendi
2603 2374 2861 2435 celeriter
2878 2385 3125 2433 sanctum
3147 2375 3426 2447 praecepit.
3446 2371 3583 2431 Cum
3608 2376 3773 2427 autem

2194 2471 2387 2528 beatus
2410 2472 2516 2528 hoc
2556 2470 2852 2533 didicisse»,
2887 2464 3052 2539 fugit;
3080 2477 3137 2523 et
3158 2468 3226 2522 ad
3244 2464 3528 2531 Arabiam,
3556 2476 3678 2534 qua
3698 2470 3772 2517 est

2196 2564 2412 2636 )Egypd
2440 2559 2737 2628 maritima,
2763 2560 2949 2628 venit;
2978 2564 3034 2615 et
3060 2559 3116 2615 in
3137 2557 3365 2615 castello
3391 2556 3539 2627 quod
3564 2564 3772 2611 vocatur

2196 2657 2360 2713 Cetzo
2390 2655 2685 2722 habitavit,
2726 2661 2782 2711 et
2809 2670 2932 2710 cum
2972 2651 3310 2709 habitatione
3344 2650 3512 2706 etiam
3542 2649 3769 2704 habitum

2195 2747 2582 2813 commutavit;
2609 2756 2771 2818 caput
2790 2747 2935 2802 enim
2961 2738 3177 2812 radens,
3212 2738 3389 2800 induit
3411 2731 3779 2797 monachicum

2191 2841 2459 2901 habitum.
2486 2841 2557 2897 Et
2585 2849 2800 2898 terrena
2819 2838 3161 2896 aemulantem
3187 2852 3252 2892 ac
3271 2833 3591 2908 temporalia
3617 2833 3767 2888 vitam

2198 2932 2486 2999 nansiens,
2519 2932 2576 2988 et
2602 2931 2671 2987 ad
2698 2914 3015 2987 sublimium
3050 2928 3464 2992 transcendens,
3501 2938 3770 2997 supremus

2194 3030 2325 3086 hinc
2350 3038 2466 3084 tam
2501 3027 2721 3084 actione
2738 3040 2900 3098 quam
2925 3022 3379 3095 contemplatione
3406 3035 3630 3101 prorsus
3656 3016 3771 3073 cie-

500 3124 727 3185 noergo
752 3126 876 3172 eum
899 3115 1254 3186 inhonoretis,
1303 3119 1435 3190 quia
1482 3120 1592 3177 tale
1638 3120 1795 3179 vobis
1832 3121 2089 3192 templum
2195 3130 2314 3183 ctus
2343 3129 2467 3186 est,
2497 3135 2609 3175 non
2647 3116 2760 3189 jam
2800 3117 3091 3190 languores
3130 3112 3297 3193 variis
3338 3110 3770 3169 medicaminibus

501 3202 804 3275 dedicavit,
843 3218 1097 3279 magnum
1133 3211 1372 3281 Scilicet,
1419 3217 1474 3269 et
1514 3215 1831 3285 pneclarum
1852 3256 1867 3282 ,
1906 3226 2091 3272 amore
2118 3261 2161 3285 η
2195 3226 2429 3278 sanans,
2461 3224 2566 3266 nec
2594 3207 2886 3265 herbarum
2924 3221 3056 3262 usus
3089 3196 3307 3260 auxiliis
3331 3244 3347 3271 ,
3379 3202 3475 3259 sed
3504 3194 3621 3257 sola
3655 3214 3767 3254 ora-

500 3293 693 3359 duotus
721 3315 828 3373 quo
850 3299 998 3358 circa
1028 3318 1122 3360 vos
1150 3302 1361 3377 ﬂagrat.
1386 3305 1522 3364 Cum
1550 3316 1729 3365 autem
1761 3306 1937 3366 adhuc
1960 3310 2089 3368 abs—
2117 3287 2163 3324 υ
2197 3305 2340 3383 tione
2369 3304 2565 3385 pioque
2586 3302 2854 3389 doctrina,
2883 3292 3499 3388 ammroribusanimas
3524 3287 3769 3350 liberabat

499 3408 608 3465 que
633 3406 901 3467 responso
925 3404 1051 3453 eum
1077 3397 1253 3455 sancti
1279 3398 1648 3466 dimitterent,
1678 3400 1993 3456 mandatum
2022 3402 2093 3459 ad

499 3486 663 3569 tinem
705 3489 1006 3560 perducere
1045 3490 1245 3547 summi
1286 3490 1611 3559 sacerdotis,
1646 3504 1712 3547 ex
1748 3492 1982 3565 quodam
2009 3492 2092 3547 di-

497 3577 624 3639 vino
651 3580 878 3665 adorsus
901 3586 986 3642 est
1023 3584 1208 3653 metu,
1249 3592 1303 3642 et
1339 3584 1547 3658 pectori
1573 3590 1793 3643 manum
1824 3581 2095 3658 superim-

498 3687 726 3742 ponens,
758 3673 835 3730 ibi
864 3675 1011 3732 enim
1046 3675 1283 3734 habebat
1306 3675 1611 3748 epistolam,
1646 3678 1787 3734 hanc
1814 3692 1979 3732 manu
2004 3682 2095 3733 re-

500 3762 677 3819 tinens
706 3771 928 3822 sanctus
947 3805 962 3832 ,
992 3764 1135 3821 hanc
1163 3774 1444 3839 acceptam
1474 3766 1639 3821 traxit
1660 3767 1727 3822 ad
1752 3780 1812 3822 se
1834 3766 1926 3837 pie
1960 3762 2093 3821 bea-

501 3854 587 3909 tus
630 3869 647 3909 :
701 3856 1033 3927 sequebatur
1094 3862 1277 3914 autem
1330 3856 1675 3915 sanctissimis
1730 3872 1925 3915 manus
1970 3868 2090 3929 quae

500 3945 749 4013 tenebat;
778 3962 941 4018 quam
963 3946 1111 4004 cultu
1132 3949 1437 4006 vehementi
1458 3946 1816 4017 amplexatus,
1840 3964 1963 4006 cum
1985 3948 2090 4007 hoc

500 4050 714 4107 quoque
740 4030 1063 4095 intemerato
1092 4049 1147 4094 et
1172 4040 1445 4096 adorando
1478 4041 1765 4108 thesauro,
1794 4041 2089 4098 Alexandri

500 4130 746 4200 pervenit
795 4131 863 4187 ad
908 4133 1130 4201 urbem,
1178 4148 1341 4204 opere
1383 4134 1735 4190 sacratissimi
1783 4136 1852 4191 ad
1889 4150 1948 4191 se
1992 4135 2088 4191 lati

497 4225 752 4296 praecepti
787 4241 938 4297 spem
967 4226 1019 4282 in
1051 4226 1219 4282 Deum
1247 4224 1485 4281 habitam
1518 4225 1811 4283 ostendens
1836 4225 2085 4282 inconfu-

502 4314 1071 4371 sibnam-~-—
1270 4338 1423 4341 ~~

2192 3406 2248 3454 et
2274 3411 2525 3467 corpora.

2262 3488 2315 3547 8.
2350 3488 2503 3545 Tunc
2525 3498 2657 3560 ergo
2680 3483 3020 3543 Diocletiano
3044 3481 3420 3539 humanorum
3440 3468 3657 3551 sceptra
3679 3473 3769 3532 im-

2191 3580 2280 3658 pie
2307 3584 2654 3649 moderante,
2685 3584 2739 3637 et
2767 3576 2970 3650 ubique
2994 3582 3429 3649 persecutionem
3463 3571 3561 3629 Dei
3596 3570 3767 3628 Ecde—

2192 3680 2289 3736 siis
2316 3677 2609 3741 excitante,
2646 3673 2764 3730 hinc
2787 3671 3135 3728 beatissimus
3164 3666 3411 3725 Joannes
3424 3677 3768 3735 cognoscens.

2190 3768 2283 3842 qui
2310 3768 2615 3824 Edessenus
2634 3762 2852 3835 quidem
2879 3770 3077 3836 gernere
3098 3759 3397 3817 secundum
3423 3766 3669 3821 carnem,
3686 3752 3768 3810 sed

2191 3863 2314 3921 coeli
2341 3862 2476 3919 civis
2498 3864 2559 3918 ut
2582 3857 2758 3916 ﬁdelis
2783 3858 3194 3931 agnoscebatur,
3217 3866 3343 3910 cum
3367 3846 3593 3909 militari
3619 3846 3770 3921 putic-

2190 3965 2276 4014 ret
2297 3954 2584 4026 dignitate,
2606 3949 3037 4022 Hierosolymam
3061 3946 3451 4019 proﬁciscitur,
3478 3953 3540 3999 et
3566 3942 3673 3998 Deo
3689 3941 3769 3997 be-

2190 4050 2508 4121 ncplacente
2538 4046 2749 4104 reddito
2784 4052 2941 4109 voto,
2977 4042 3124 4099 venit
3165 4039 3502 4114 Egyptian,
3544 4036 3684 4092 fama
3708 4033 3767 4089 ad

2189 4148 2436 4200 sanctum
2468 4139 2668 4212 Cyrtim
2697 4134 2977 4202 trahente,
3021 4134 3077 4189 et
3100 4142 3228 4189 cum
3258 4130 3423 4188 beato
3451 4125 3765 4201 Cyrovcioti

2188 4235 2349 4291 unius
2379 4232 2501 4289 ﬁdei
2528 4230 2811 4295 habitavit,
2845 4236 2900 4285 et
2924 4228 2992 4283 ad
3020 4226 3275 4281 virtutem
3304 4224 3500 4280 videns
3527 4221 3765 4279 sanitatm

2184 4326 2475 4398 proiicere,
2493 4323 2565 4378 ad
2584 4323 2691 4378 has
2706 4319 3051 4394 peramplius
3066 4315 3427 4372 incitabatur;
3440 4312 3587 4370 6m
3600 4322 3771 4367 autut!

568 4407 623 4464 ὅ·
650 4408 764 4476 Qua
787 4418 1038 4480 ευεοθριει
1065 4424 1293 4482 magnus
1315 4424 1664 4480 summusque
1688 4407 1780 4463 Dei
1810 4410 2084 4479 sacerdos,
2189 4416 2492 4489 persecutio
2523 4411 2899 4469 vehementius
2918 4417 3280 4482 grassaretur,
3310 4405 3579 4462 Cassiano
3598 4400 3761 4476 gentili

497 4490 739 4573 gaudens
778 4502 984 4572 pariter
1022 4510 1079 4557 et
1118 4502 1428 4569 exsultans,
1473 4501 1641 4557 tilium
1672 4490 1868 4558 fratris
1902 4501 1987 4557 sui
2018 4501 2091 4558 ad
2188 4508 2329 4583 apud
2356 4510 2635 4582 Canopum
2673 4502 2933 4579 fungente
2960 4503 3266 4562 sacerdotio
3295 4500 3594 4566 vanitatis,
3618 4495 3763 4566 virgi-

496 4595 948 4667 prznparationem
978 4596 1286 4666 nuptiarum
1320 4595 1585 4650 incitavit.
1610 4595 1745 4651 Cum
1773 4604 1952 4650 autem
1983 4609 2081 4664 po-

2200 4619 2287 4661 nes
2320 4613 2430 4659 tres
2465 4602 2640 4659 locum
2675 4600 3014 4664 habitantes,
3048 4596 3379 4666 Christoque
3404 4593 3762 4663 desponsatas,

496 4688 620 4758 pulo
654 4689 837 4761 templi
875 4690 1114 4746 enctenia
1153 4689 1531 4761 prtudicassel‘,
1559 4688 1849 4760 divinoque
1887 4686 2083 4759 gaudio
2110 4686 2158 4700 “’
2186 4693 2243 4753 hi
2272 4695 2364 4767 qui
2396 4692 2463 4751 ad
2489 4703 2770 4765 capturam
2797 4691 2941 4748 hanc
2967 4691 3181 4746 fuerant
3205 4686 3509 4759 segregati,
3538 4694 3766 4753 compre-

498 4783 728 4839 refertus
755 4782 965 4848 fuisset,
990 4783 1237 4853 sequenti
1264 4781 1349 4838 die
1376 4788 1481 4837 una
1511 4784 1633 4837 eum
1665 4786 1775 4838 tow
1805 4780 1974 4849 clero,
1996 4780 2085 4837 re:
2185 4785 2450 4854 nendum,
2483 4795 2537 4843 et
2566 4772 2665 4843 has
2695 4800 2799 4840 una
2829 4800 2952 4840 cum
2987 4788 3160 4838 matre
3191 4780 3429 4853 Syriano
3453 4777 3609 4834 urbis
3636 4773 3766 4847 prin-

493 4875 709 4929 condita
742 4874 978 4944 pretiosa
1005 4873 1099 4928 illa
1128 4880 1183 4929 et
1222 4872 1515 4930 venerabili
1548 4888 1711 4928 manu
1746 4871 1943 4939 sancti,
1974 4886 2082 4928 una
2183 4880 2291 4951 cipi
2319 4878 2574 4936 oderunt.
2605 4878 2685 4933 De
2715 4877 2915 4949 quibus
2944 4875 3170 4931 audiens
3203 4883 3434 4929 sanctus
3470 4871 3683 4943 Cyrus,
3708 4866 3768 4921 ti-

493 4982 615 5020 cum
650 4966 1023 5038 deprecatoria
1064 4965 1291 5037 epistola
1339 4954 1458 5036 una:
1498 4967 1779 5022 tenebatur
1823 4966 1890 5022 ab
1940 4965 2079 5036 ipsa,
2185 4986 2338 5027 more
2370 4979 2428 5024 ut
2466 4969 2673 5024 amicus
2703 4966 2906 5023 Christi
2931 4966 3219 5036 depressus
3251 4972 3372 5030 est,
3404 4977 3477 5018 ne
3511 4966 3763 5038 tormenta

493 5037 946 5127 quemadmodum
971 5057 1182 5114 dicebat
1204 5058 1445 5124 recondi,
1473 5069 1528 5114 ct
1548 5057 1879 5115 sanctificata
1908 5058 2083 5114 eccle-
2180 5071 2246 5117 nt
2274 5061 2479 5134 pusillae
2505 5060 2856 5118 formidantes
2875 5100 2890 5126 ,
2914 5059 3189 5115 Christum
3217 5055 3563 5125 abjurarent,
3592 5037 3771 5110 ﬁdem:

527 5147 536 5152 -
644 5147 665 5162 υ
729 5157 737 5162 -
781 5150 791 5159 -
965 5149 1103 5170 me...
1180 5166 1187 5167 γ
1282 5166 1285 5167 ν
1467 5151 1500 5166 ·-
1564 5150 1594 5166 ··
1911 5151 1942 5164 ·’
2326 5173 2331 5175 Α
2375 5163 2579 5190 mnam
2611 5173 2624 5186 -
2653 5152 2863 5208 pusillae
2898 5152 3098 5216 unione
3120 5151 3413 5209 admodum
3442 5156 3605 5205 erant
3626 5147 3762 5207 ista;

3556 5242 3571 5255 ι
3590 5257 3629 5263 Α-
3660 5249 3762 5276 -..ι’
