3926 5412
471 396 566 454 ⁵711

1629 390 1905 452 ANASTA
1913 388 1999 449 SII
2035 379 2581 448 BIBLIOTIIECARII

3638 377 3734 440 πει

473 510 600 581 pido
622 505 976 581 supplicabat,
1000 522 1059 564 se
1083 501 1447 578 peccatorem?
1470 507 1850 577 pronuntians,
1886 512 1943 562 et
1969 504 2054 562 in-
2084 510 2135 570 Α
2162 504 2543 576 phantasmata
2569 500 2906 569 Menutheos,
2919 499 3363 574 Christianosque
3389 499 3658 573 quosda
3674 515 3736 557 ex

480 603 666 658 utilem
693 602 905 658 Domini
934 617 1152 658 servum
1182 601 1473 673 appellans.
1496 602 1632 669 Quia
1657 615 1787 672 ergo
1813 600 2059 655 utdimit—

473 702 678 751 teretur
705 695 772 749 ab
792 708 858 749 eo
891 702 1180 763 Impetrare
1207 707 1313 747 non
1341 691 1529 759 valuit,
1563 692 1631 747 ad
1655 693 1920 748 orientem
1947 699 2056 747 ste-

472 787 556 851 tit,
586 793 641 841 et
662 784 883 856 pallium
911 784 1053 854 quod
1081 791 1304 854 portans
1331 797 1494 854 super
1521 783 1776 837 humeros
1797 781 2054 846 habebat,

471 892 598 933 cum
626 875 837 941 baculo,
882 876 1132 932 manibus
1173 873 1242 930 ad
1288 874 1485 932 caelum
1528 873 1788 940 extensis,
1821 873 1938 928 haec
1987 872 2056 927 ad

470 970 637 1027 Deum
666 971 980 1026 exclamans
1005 968 1182 1026 dixit:
1211 967 1436 1024 Domine
1481 966 1611 1023 Iesu
1654 965 1870 1022 Christe
1915 965 2060 1021 Deus

470 1071 673 1127 noster,
699 1062 1074 1119 fortitudinem
1109 1078 1273 1133 quam
1321 1062 1452 1117 mihi
1481 1061 1751 1133 peccatori
1781 1075 1936 1116 servo
1965 1069 2059 1116 tuo

470 1154 684 1221 dedisti,
716 1164 911 1226 praesta
935 1165 992 1210 et
1021 1154 1146 1209 huic
1169 1153 1364 1210 baculo
1384 1169 1504 1210 meo
1531 1163 1587 1208 et
1615 1153 1778 1224 pallio
1828 1151 1938 1208 isti.
1992 1152 2063 1206 Et

439 1232 614 1304 ‘Idatis
643 1248 725 1302 his
752 1263 966 1304 summo
993 1248 1286 1314 sacerdoti,
1319 1249 1436 1303 haec
1463 1247 1531 1303 ad
1559 1261 1681 1303 eum
1719 1247 1860 1301 dixit
1901 1261 1916 1300 :
1965 1245 2062 1302 His

468 1341 783 1410 imperatori
833 1341 1192 1406 transmissis,
1242 1339 1419 1396 scribe
1465 1350 1522 1395 ut
1575 1339 1798 1410 pallium
1844 1339 2060 1410 quidem

467 1432 630 1502 capiti
659 1432 1092 1502 circumponens,
1115 1433 1338 1488 dextera
1367 1448 1498 1490 vero
1517 1449 1681 1489 manu
1703 1431 1954 1489 baculum
1976 1446 2060 1487 re-

467 1524 669 1590 tinens,
715 1535 839 1580 ante
879 1541 1097 1582 omnem
1147 1537 1306 1581 exeat
1349 1526 1674 1593 exercitum,
1703 1526 2063 1597 praeeminens

467 1617 731 1673 adversus
760 1618 1001 1674 hostium
1033 1618 1231 1673 aciem.
1260 1616 1396 1672 Nam
1429 1619 1474 1673 si
1507 1633 1592 1673 me
1621 1616 1871 1672 Christus
1918 1616 2064 1672 Deus

465 1716 652 1763 noster
683 1708 734 1762 in
776 1723 994 1763 servum
1023 1723 1179 1763 suum
1212 1708 1508 1779 deputavit,
1546 1717 1602 1763 et
1627 1707 2060 1777 deprecationem

463 1813 682 1870 quoque
709 1815 884 1854 meum
936 1800 1213 1865 exaudiet,
1254 1809 1414 1869 atque
1465 1798 1747 1854 victoriam
1795 1812 1894 1869 per
1935 1813 2059 1854 eam

464 1893 647 1960 ﬁdem,
676 1908 780 1964 qua
811 1893 956 1948 circa
981 1893 1148 1948 Deum
1173 1893 1383 1964 ﬂagrat,
1409 1893 1695 1963 percipiet.

538 1987 627 2042 14.
668 1985 804 2042 Cum
857 1995 1039 2040 autem
1095 1984 1327 2040 fuissent
1383 1984 1700 2040 transmissa
1743 1998 1864 2053 qua:
1914 1983 2060 2040 dicta

464 2089 610 2144 sunt,
643 2087 872 2134 ornatur
897 2095 927 2133 a
960 2078 1069 2134 Deo
1091 2085 1384 2134 coronatus
1415 2077 1752 2134 Theodosius
1789 2077 1951 2149 pallio
2003 2077 2059 2132 in

465 2173 674 2244 galeam
712 2172 826 2243 spei
865 2171 1078 2228 salutis.
1111 2170 1282 2226 Porro
1308 2172 1531 2226 dextera
1558 2187 1719 2228 mauu
1747 2171 1942 2229 baculo
1968 2187 2062 2228 ac-

465 2275 644 2338 cepto,
677 2266 744 2320 ad
773 2264 971 2320 bellum
1000 2279 1318 2335 progressus
1343 2274 1428 2320 est
1447 2304 1462 2329 ,
1490 2272 1545 2320 et
1592 2263 1800 2335 primus
1846 2262 2062 2319 ﬁdelem

464 2357 804 2428 praecedebat
827 2355 1158 2420 exercitum;
1191 2370 1355 2427 quem
1376 2371 1500 2412 cum
1529 2356 1749 2412 barbari
1771 2355 2057 2422 vidissent,

465 2450 536 2506 ad
562 2449 743 2520 fugam
774 2449 957 2504 statim
998 2450 1247 2507 conversi
1296 2459 1453 2515 sunt,
1482 2458 1537 2506 et
1565 2449 1883 2520 semetipsos
1911 2449 2060 2507 crede

464 2550 650 2598 mutua
677 2543 1038 2609 trucidarunt,
1063 2544 1259 2615 sagitta
1285 2558 1382 2600 seu
1408 2544 1520 2600 ictu
1547 2545 1616 2599 ab
1643 2543 1888 2602 exercitu
1914 2543 2061 2599 nullo

465 2651 689 2707 prorsus
713 2644 953 2706 accepto.
980 2635 1048 2692 Et
1071 2651 1243 2708 usque
1263 2636 1316 2691 in
1344 2636 1505 2691 tinent
1533 2637 1635 2691 hac
1659 2635 1884 2691 salutari
1906 2635 2059 2707 galea

463 2729 588 2799 pius
609 2741 675 2783 ac
700 2728 797 2783 Dei
823 2728 1038 2784 amicus
1065 2727 1362 2797 imperator
1408 2742 1507 2797 pro
1556 2727 1705 2782 omni
1764 2727 2058 2782 adornatus

463 2827 548 2874 est
567 2819 903 2886 diademate;
937 2817 1090 2889 cujus
1115 2819 1190 2876 rei
1218 2819 1384 2876 etiam
1415 2818 1682 2890 publicam
1710 2817 2059 2874 festivitatem

464 2907 806 2964 Alexandria:
835 2925 932 2979 per
986 2909 1231 2980 singulos
1273 2925 1447 2966 annos
1491 2908 1890 2974 concelebrant,
1920 2909 2061 2964 hanc

465 3001 703 3057 iconium
735 3001 1084 3056 nominantes
1113 3018 1126 3054 :
1162 3001 1376 3057 iconam
1406 3001 1606 3071 quippe
1646 3001 1850 3056 habent
1891 3000 2060 3072 ipsius

463 3091 541 3163 pii
562 3090 772 3147 scilicet
792 3089 1156 3162 imperatoris,
1179 3100 1341 3162 caput
1370 3092 1588 3160 quidem
1633 3091 1797 3162 pallio
1825 3106 2056 3162 cooper—

466 3191 582 3238 tum
614 3181 880 3245 habentis,
914 3183 1134 3237 dextera
1173 3196 1306 3236 vero
1335 3197 1495 3236 manu
1529 3179 1777 3236 baculum
1821 3183 2060 3237 retinen-

467 3277 558 3343 tis,
582 3284 637 3333 et
661 3275 862 3347 jugiter
885 3274 1204 3331 miraculum
1255 3275 1510 3332 omnibus
1554 3277 1931 3347 praedicantis,
1960 3294 2058 3350 per
2085 3245 2130 3310 Ο

471 3388 707 3428 annuam
737 3371 1139 3428 solemnitatem
1162 3386 1337 3428 suam.

538 3463 626 3520 15.
664 3463 857 3520 Divina
884 3478 1016 3519 vero
1053 3464 1258 3534 gratia,
1285 3472 1341 3520 et
1369 3462 1760 3534 cooperatione
1787 3461 1961 3519 fidelis
1997 3477 2063 3519 ac

463 3555 538 3628 pii
567 3554 826 3626 principis
853 3553 1180 3620 Theodosii,
1235 3553 1490 3610 Ecclesia:
1521 3551 1738 3626 praesul,
1760 3562 1816 3609 et
1840 3551 2061 3608 ovilium

469 3665 590 3720 quae
618 3648 960 3704 Alexandria:
990 3657 1119 3704 sunt
1151 3657 1342 3719 pastor
1380 3647 1761 3714 cautissimus,
1786 3663 1851 3703 ac
1879 3647 2062 3704 divino

466 3739 582 3795 zelo
599 3738 787 3810 plenus
807 3738 1152 3808 Theophilus,
1175 3755 1389 3806 omnes,
1407 3747 1466 3794 ut
1496 3739 1572 3795 ita
1601 3739 1868 3805 dicamus,
1889 3739 2062 3809 genti-

470 3832 602 3886 lium
647 3831 888 3888 culturas
943 3832 1210 3902 depoSuit,
1247 3840 1304 3888 et
1349 3831 1605 3888 oratoriis
1659 3840 1825 3886 totam
1871 3833 2060 3889 urbem

467 3923 718 3979 domibus
742 3924 1052 3989 adornavit,
1076 3931 1131 3978 et
1154 3925 1205 3976 in
1237 3923 1357 3978 loco
1393 3922 1488 3994 qui
1538 3921 1739 3978 dicitur
1784 3922 2057 3992 Canopus,

470 4012 734 4083 templum
765 4011 1023 4083 apostolis
1073 4011 1468 4081 amplissimum
1519 4020 1575 4067 et
1626 4011 1819 4082 ingens
1863 4012 2056 4067 erexit.

467 4105 639 4162 Extra
664 4105 854 4160 urbem
883 4118 1062 4160 autem
1085 4104 1310 4170 esthoc,
1338 4103 1507 4176 signis
1550 4104 1620 4159 ab
1659 4119 1725 4159 ea
1770 4104 2058 4160 duodecim

470 4199 700 4264 distans,
732 4197 942 4268 insigne
977 4205 1039 4253 ut
1079 4197 1416 4268 perhibetur,
1447 4206 1503 4253 et
1548 4198 1732 4268 pueris
1774 4197 2058 4272 gentilium

466 4291 795 4363 venerabile.
838 4291 950 4347 Illic
992 4291 1135 4345 enim
1185 4291 1256 4346 ab
1301 4291 1382 4347 eis
1409 4292 1632 4348 deorum
1662 4300 1861 4359 castus,
1896 4302 1957 4348 ut
1981 4292 2059 4350 fe-

467 4393 614 4449 runt,
643 4398 764 4440 esse
798 4383 1118 4454 putabatur;
1169 4381 1243 4436 ita
1293 4391 1352 4437 ut
1405 4384 1582 4438 omnis
1627 4384 1790 4439 simul
1817 4385 1906 4440 via
1936 4401 2060 4457 qua:

467 4475 594 4532 illuc
625 4474 692 4528 ab
720 4473 852 4528 urbe
880 4472 1130 4538 (lucebat,
1161 4481 1332 4528 strata
1379 4473 1579 4529 tabulis
1628 4483 1776 4530 esset
1809 4473 2054 4545 lapideis,

467 4566 795 4637 prazdiisque
820 4581 886 4620 ac
913 4565 1124 4620 balneis
1148 4565 1508 4622 consisteret:
1539 4566 1728 4638 viginti
1778 4576 1960 4623 autem
2002 4576 2058 4624 et

470 4668 705 4731 quatuor
733 4658 784 4712 in
828 4673 888 4712 ea
915 4672 1036 4713 esse
1064 4658 1190 4712 hinc
1233 4659 1357 4714 inde
1386 4658 1577 4715 balnea
1611 4659 2049 4723 conscribuntur,

469 4767 591 4824 quae
622 4751 799 4806 adhuc
823 4761 1005 4806 autem
1035 4752 1274 4805 nondum
1316 4760 1474 4806 erant
1500 4751 1760 4817 suffossa,
1793 4759 1853 4807 ut
1898 4751 2056 4807 multi

470 4842 658 4899 dicunt
689 4840 782 4911 qui
823 4848 1111 4907 noverunt,
1145 4842 1238 4896 sed
1260 4848 1314 4897 et
1349 4857 1521 4911 usque
1549 4842 1616 4895 ad
1659 4841 1834 4911 ipsum
1876 4841 2055 4897 locum

467 4931 563 5004 qui
591 4931 787 4988 dicitur
816 4932 1089 5002 Canopus,
1115 4932 1264 4987 urbis
1307 4930 1492 4986 fanum
1511 4973 1526 4996 ,
1559 4931 1844 5004 forumque
1895 4948 2055 4989 omne

470 5026 820 5096 prarpositum
849 5033 1159 5095 putaretur,
1190 5040 1221 5080 a
1249 5040 1357 5095 quo
1385 5024 1596 5080 duobus
1632 5025 1801 5096 signis
1848 5026 2055 5082 distans

473 5117 754 5164 castellum
813 5117 1010 5170 idolum
1037 5118 1272 5170 habebat
1322 5116 1599 5170 Mcnuthin
1647 5117 1963 5168 vocitatum.
2000 5117 2054 5168 in

2087 4613 2134 4673 D

2160 597 2580 669 simplicioribus
2599 596 2726 653 illuc
2747 612 2910 654 causa
2933 597 3254 668 recipiendae.
3275 595 3534 653 sanitatis
3561 604 3740 666 suapte

2160 701 2546 748 concurrentes
2569 691 2817 746 removit.
2847 690 3022 762 Super
3048 705 3156 762 quo
3183 689 3415 746 multum
3444 688 3563 744 Deo
3592 689 3742 745 mise-

2161 785 2531 842 ricordissimo
2553 783 2844 853 postulato,
2875 781 3126 855 angelum
3155 782 3301 838 videt
3327 797 3360 837 a
3386 782 3505 838 Deo
3534 790 3745 837 cuncto-

2162 894 2307 942 rum,
2329 884 2634 946 susceptam
2660 875 2776 944 ejus
2805 875 3235 946 deprecationem
3258 873 3744 946 cvangelizantem,

2161 980 2218 1027 et
2242 970 2640 1042 praecipientem
2668 967 2790 1034 sibi,
2822 978 2882 1022 ut
2908 966 3034 1039 Cyri
3069 982 3264 1038 corpus
3312 967 3369 1022 in
3422 966 3747 1037 martyribus

2164 1063 2369 1134 magni,
2396 1064 2462 1117 de
2490 1059 2690 1132 templo
2715 1060 2887 1116 sancti
2912 1059 3080 1117 Marci
3106 1069 3364 1126 sumeret,
3389 1069 3448 1116 et
3475 1059 3535 1114 in
3569 1059 3746 1116 Ecde-

2163 1156 2242 1211 sia
2272 1155 2876 1226 evangelistarum‘quae
2903 1162 2987 1211 est
3029 1155 3082 1211 in
3128 1154 3410 1212 Menuthin
3465 1153 3749 1211 decollaret

2166 1246 2525 1321 [collocaret].
2560 1245 2652 1303 Sic
2679 1247 2824 1303 enim
2853 1256 2908 1303 et
2943 1247 3226 1304 castellum
3254 1248 3642 1315 nominabant,
3677 1264 3749 1304 re-

2164 1340 2408 1396 verentia
2447 1349 2504 1396 et
2544 1355 2730 1396 amore
2757 1341 3034 1397 daemonis.
3069 1340 3214 1397 Sane
3236 1355 3333 1411 per
3363 1355 3543 1396 unum
3569 1356 3749 1396 nomen

2167 1433 2356 1488 ambos
2379 1443 2646 1504 martyres
2692 1433 3092 1502 significaverat
3131 1432 3376 1505 angelus,
3408 1433 3564 1488 sicut
3599 1435 3748 1488 etiam

2166 1540 2232 1580 ex
2261 1525 2403 1580 beati
2433 1525 2619 1598 Cyrilli
2650 1525 2991 1582 sermonibus
3019 1527 3357 1581 ostendetur.
3401 1524 3559 1580 Nihil
3600 1525 3749 1597 negli-

2167 1632 2300 1687 gens
2322 1618 2569 1674 amabilis
2591 1634 2836 1674 summus
2857 1617 2951 1674 Dei
2982 1619 3255 1684 sacerdos,
3300 1617 3413 1690 egit
3465 1617 3618 1688 quod
3661 1618 3748 1673 sibi

2167 1708 2345 1766 fuerat
2364 1709 2709 1782 imperatum,
2743 1721 2937 1782 quarto
2978 1710 3244 1768 Kalendas
3290 1708 3470 1766 Iulias
3513 1710 3750 1780 martyri-

2168 1818 2354 1858 carum
2381 1804 2790 1860 translationem
2817 1804 3169 1875 reliquiarum
3197 1803 3431 1870 faciens,
3453 1813 3516 1860 et
3557 1819 3746 1860 sermo-

2163 1907 2262 1948 nes
2297 1893 2492 1964 populo
2524 1895 2717 1951 breves
2745 1894 2902 1966 hujus
2927 1896 3003 1950 rei
3027 1911 3189 1952 causa
3208 1897 3602 1965 pronuntians,
3627 1910 3746 1964 quos

2162 1986 2573 2057 interponemus
2614 1987 2683 2043 ad
2733 1986 3024 2058 legentium
3065 1987 3446 2044 credulitatem
3498 1987 3657 2042 simul
3701 1993 3746 2040 et

2161 2079 2474 2146 utilitatem,
2504 2080 2680 2152 gratia
2709 2079 2924 2136 Domini
2969 2082 3138 2136 nostri
3187 2080 3316 2137 Jesu
3360 2080 3598 2147 Christi,
3636 2095 3740 2136 cum

2161 2184 2269 2240 quo
2299 2178 2386 2226 est
2409 2168 2557 2226 Patri
2586 2185 2692 2226 una
2717 2186 2841 2227 cum
2883 2169 3086 2241 Spiritu
3117 2170 3312 2243 gloria,
3342 2172 3526 2227 honor
3568 2180 3623 2226 et
3658 2170 3743 2226 int-

2161 2263 2371 2334 perium
2404 2263 2458 2318 in
2486 2263 2684 2320 saecula
2713 2262 3057 2320 saeculorum.
3089 2263 3282 2318 Amen.

2233 2355 2414 2424 Salve,
2442 2371 2618 2423 sacer,
2649 2365 2826 2413 amate
2863 2357 2996 2423 Deo,
3019 2356 3137 2413 sine
3157 2356 3407 2428 margine
3430 2368 3458 2397 ε
3487 2356 3648 2412 salve.

2231 2448 2299 2504 Et
2334 2464 2544 2508 memor
2568 2459 2686 2506 esto
2715 2449 2790 2505 tui
2810 2447 3001 2506 fratris
3028 2448 3327 2506 Anastasii.

2733 2621 2893 2661 DEA'I‘I
2967 2619 3175 2662 CYRILLI

2309 2713 2649 2756 ACCLAIATIO
2720 2714 2788 2754 AD
2854 2713 3238 2755 TABE‘NISIOTAS
3317 2712 3616 2764 IOEACBOS,

2232 2809 2323 2858 QUI
2353 2811 2490 2851 SUNT
2520 2809 2572 2849 IN
2602 2809 2828 2860 CANOI’O,
2875 2809 3013 2857 QUAE
3044 2807 3264 2848 DICITUR
3299 2808 3675 2855 ιιαεκιτεετιλ,

2333 2881 2398 2921 DE
2445 2881 2666 2921 SANC'I‘IS
2695 2879 3036 2920 MARTYBIBUS
3059 2879 3195 2920 01⁸110
3222 2879 3295 2919 ΕΤ
3328 2879 3580 2918 ΙΟΙΙΔΝΝΕ.

2160 2969 2336 3012 EPIPIII
2371 2970 2630 3024 SBCUNDA,
2653 2971 2794 3021 QUOD
2823 2971 2922 3011 EST
2943 2970 3153 3011 OCTAVO
3175 2969 3455 3011 κλιειεωιε
3470 2969 3734 3011 Αυωετις.

2231 3115 2512 3173 Fortitudo
2539 3124 2596 3173 et
2619 3115 2877 3188 patientia
2898 3113 3061 3182 bona,
3087 3124 3253 3185 atque
3273 3114 3608 3172 visionabilis
3625 3113 3739 3169 dua-

2161 3208 2288 3265 Iitas
2336 3209 2622 3275 virtutum,
2655 3215 2872 3265 sanctos
2926 3208 3183 3264 condecet
3243 3207 3524 3273 maxime;
3566 3207 3739 3276 quibus

2162 3302 2355 3357 beatus
2409 3300 2626 3372 quidem
2675 3299 2844 3356 David
2901 3299 3214 3356 acclamat:
3256 3297 3500 3355 Virilitcr
3555 3307 3736 3366 age,et

2163 3395 2491 3464 confortatur
2511 3411 2603 3449 cor
2642 3403 2809 3456 tuum,
2831 3403 2880 3448 et
2905 3394 3104 3448 sustine
3126 3391 3434 3447 Dominum.
3466 3391 3738 3446 Salvator'ta

2163 3497 2344 3543 autem
2372 3487 2668 3557 discipulus
2697 3485 3004 3542 :Patientia
3041 3485 3194 3542 vobis
3217 3491 3308 3540 est
3339 3484 3664 3546 necessaria,
3692 3490 3740 3535 ut

2165 3580 2494 3643 voluntatem
2547 3579 2642 3636 Dei
2688 3577 2953 3634 facientes
2977 3619 2993 3644 ,
3043 3577 3365 3648 percipiatis
3411 3577 3735 3648 promissum.

2163 3669 2388 3744 Oportet
2413 3670 2610 3742 quippe
2635 3685 2736 3726 nos
2764 3669 2817 3725 in
2847 3667 3071 3726 exordio
3098 3668 3365 3724 bonorum
3394 3667 3515 3723 ﬁeri
3553 3667 3644 3722 sed
3685 3663 3737 3724 ﬁ.-

2162 3780 2287 3820 nem
2309 3765 2621 3836 exquirere,
2653 3772 2714 3818 ut
2739 3777 2963 3834 regnum
2984 3761 3246 3819 calorum
3277 3761 3676 3825 haereditemns,
3696 3759 3737 3814 iu

2161 3858 2380 3916 Christo
2408 3857 2537 3914 Jesu
2569 3856 2795 3913 Domino
2841 3865 3051 3923 nostro,
3081 3854 3168 3911 cui
3194 3853 3374 3927 gloria
3413 3863 3471 3910 et
3499 3863 3734 3926 potestas.

2160 3953 2356 4007 Amen.

2843 4056 3073 4098 ειυευειί

2267 4152 2441 4193 EPIPIII
2473 4149 2702 4193 SEPTIIA
2725 4149 2778 4190 ID
2811 4149 2910 4190 EST
2948 4148 3125 4190 PRIDIE
3157 4149 3392 4190 κλιειω.
3425 4148 3648 4191 Αυεωτ.

2380 4241 2710 4283 ηεωιτιοκεε
2746 4240 2885 4282 DUAE
2915 4241 2968 4281 IN
2996 4241 3232 4282 SANC'I‘OS
3259 4241 3550 4282 IABTYRES

2265 4334 2398 4374 ΑΒΕΔ
2424 4333 2599 4374 ογιιωι
2627 4333 2697 4372 ΕΤ
2718 4333 2975 4381 IOANNEI,
3006 4332 3093 4380 QUI
3130 4331 3220 4371 HIC
3249 4329 3640 4381 REQUIESCUNT;

2161 4425 2260 4466 PER
2289 4425 2424 4474 QUAS
2459 4423 2548 4464 1116
2578 4422 2752 4464 PATER
2790 4422 3041 4463 IKSINUAT
3069 4423 3139 4462 ET
3170 4423 3551 4483 BONOMBILEI
3576 4419 3724 4462 808151

2805 4515 3116 4566 rassrousu,

2300 4615 2370 4655 ΕΤ
2408 4611 2800 4655 υενοειτιοκειι
2857 4609 3174 4652 ελΝοτΑιιωι
3227 4609 3608 4660 BBLIOUIABUI.

2161 4707 2322 4749 DICTA
2375 4707 2473 4748 EST
2527 4705 2708 4747 AUTEII
2787 4700 3048 4743 PRAESENS
3121 4701 3287 4742 PBIIA
3359 4703 3623 4745 Μωτιο
3681 4701 3722 4740 ll

2807 4795 3103 4848 METANCEA,

2442 4891 2580 4940 noon
2603 4867 3053 4930 tursnrasrnua
3083 4886 3473 4941 POENITBNTIA,

2303 4985 2422 5028 SIVE
2457 4985 2508 5025 IN
2557 4982 2805 5023 ECCLESIA
2843 4980 3159 5022 ελκοτοιιωι
3203 4980 3604 5023 ΑΡοστοιιοιιῠι.

2230 5112 2374 5167 Piuri
2411 5125 2514 5160 non
2547 5107 2747 5163 fuimus
2766 5107 2908 5163 circa
2933 5115 3253 5163 consuetum
3277 5121 3600 5176 sermonem,
3621 5104 3713 5171 sed.

3297 5212 3471 5234 “““⁶³·⁸
3502 5211 3592 5258 εει.
3613 5214 3711 5256 ατο

3747 4905 3756 4997 l
