4016 6296
159 399 274 454 715

912 381 1432 445 COLLECTANEA.
1467 410 1536 419 —
1575 377 1728 434 VITA
1770 373 2050 432 JOANNIS
2087 361 2664 430 ELEEMOSYNARII.

3329 367 3430 424 7H

161 527 296 582 qua:
322 506 570 576 adjacent
608 483 852 559 ecclesize
916 498 1225 555 sanctorum
1268 491 1754 566 evangelistarum;
1787 493 1834 553 Α
1864 495 2287 548 contemnentes,
2307 479 2952 582 magn‘ametpracclarant
2967 482 3438 582 mercedeminve-

165 601 328 656 ibant
357 596 503 654 enim
526 605 632 650 nOn
656 593 918 649 habentes
940 589 1218 647 oraculum
1241 588 1308 643 ad
1332 587 1498 642 altera
1527 584 1757 656 quodam

166 691 317 755 loca,
346 694 402 744 et
424 689 551 743 dum
581 684 875 741 Christiani
901 691 1104 747 essent,
1144 680 1428 746 errabant;
1451 676 1761 756 necessario

167 781 560 854 inquisivimus
583 787 895 834 sanctorum
922 783 1220 846 martyrum
1242 772 1518 843 reliquias.
1536 769 1763 841 Compe-

168 873 353 929 rimus
373 887 506 942 ergo
526 877 584 926 et
630 876 882 926 accurate
905 866 1189 923 didicimus
1213 865 1356 935 quod
1379 871 1624 932 tempore
1655 875 1762 931 quo

168 962 502 1034 martyrium
536 959 876 1032 pertulerant
916 965 1120 1013 sanctae
1146 955 1404 1027 virgines,
1435 951 1664 1024 quarum
1708 957 1764 1006 et

171 1053 386 1108 fontem
413 1051 678 1106 habemus
716 1048 858 1119 apud
887 1055 1133 1102 sanctum
1177 1043 1565 1115 evangelistam
1616 1039 1764 1095 Mar-

171 1158 325 1209 cum,
348 1144 457 1198 duo
473 1141 716 1212 quidam,
738 1135 966 1210 quorum
986 1152 1124 1192 unus
1147 1131 1440 1190 monachus
1463 1131 1764 1198 abstinens,

171 1243 228 1288 et
255 1234 402 1290 alter
450 1233 625 1300 miles,
665 1232 887 1287 aderant
915 1228 1212 1285 excitantes
1259 1225 1474 1281 easdem
1506 1221 1764 1292 virgines,

170 1330 226 1378 et
252 1324 328 1380 ad
352 1331 631 1380 certamen
667 1328 932 1392 aptantes,
967 1327 1232 1388 quatenus
1277 1331 1400 1372 cum
1429 1311 1569 1369 virili
1606 1325 1767 1368 sensu

173 1431 274 1485 pro
327 1415 606 1472 Salvatore
649 1422 839 1469 nostro
874 1409 1258 1468 sustinuissent
1311 1404 1630 1477 perieulum.
1659 1402 1764 1458 Re-

173 1505 472 1580 quiescunt
498 1514 680 1560 autem
710 1504 874 1558 etiam
913 1500 1014 1572 ipsi
1043 1515 1167 1578 cum
1199 1498 1279 1554 eis
1307 1497 1359 1552 in
1386 1495 1644 1552 oratorio.
1675 1494 1766 1548 In-

175 1597 354 1668 gresSi
381 1606 508 1653 sunt
535 1595 770 1662 fortiter,
819 1603 875 1650 et
924 1591 1127 1648 Christi
1175 1590 1496 1662 martyrium
1539 1587 1768 1658 pertule-

174 1696 332 1756 rurrt,
385 1695 788 1760 posueruntque
832 1701 932 1759 pro
975 1701 1040 1743 eo
1074 1686 1284 1741 animas
1335 1699 1480 1740 suas.
1525 1683 1769 1738 Fuerunt

173 1788 365 1836 autem
409 1777 568 1834 simul
613 1793 840 1848 corpora
867 1785 1179 1833 sanctorum
1226 1784 1527 1850 martyrum
1557 1773 1611 1828 in
1657 1787 1766 1828 uno

1861 579 2031 634 nient.
2081 578 2142 632 Et
2177 579 2234 634 ut
2273 577 2401 646 quid
2426 575 2569 630 aliud
2621 576 2688 629 ad
2720 575 2836 629 hmc
2873 573 3072 640 dicam,
3099 574 3440 631 innotescent

1861 676 2114 739 quantam
2140 667 2192 720 in
2224 681 2322 721 nos
2365 665 2705 721 dilectionem
2736 663 2954 727 habeat,
3000 663 3125 719 dum
3176 679 3276 719 nec
3325 665 3440 734 ipse

1861 775 1982 832 qua:
2000 761 2142 816 circa
2163 774 2222 815 se
2256 769 2400 825 sunt,
2424 759 2644 814 meliora
2670 756 2870 813 nostris
2893 756 3052 813 rebus
3070 758 3232 814 elIicit
3253 772 3306 825 ει,
3330 775 3440 816 non

1861 853 2150 940 praeposuit
2171 867 2290 922 qua:
2319 852 2545 930 circase
2585 860 2712 906 sunt
2733 851 2857 906 vitae
2881 851 3122 906 ninnium
3169 861 3224 908 et
3260 854 3440 910 saluti.

1863 939 1998 998 Cum
2023 943 2094 998 sit
2124 942 2288 1008 Deus,
2309 955 2408 1011 pro
2431 940 2584 997 nobis
2613 939 2788 996 factus
2814 949 2900 996 est
2918 941 3100 1009 homo,
3126 952 3178 998 et
3199 944 3442 1014 pertulit,

1864 1046 2080 1088 crucem
2098 1030 2413 1088 confusione
2434 1036 2760 1102 Contempla.
2780 1030 2885 1087 Sed
2902 1033 2992 1103 qui
3017 1035 3443 1104 compatiuntur,

1817 1131 1826 1140 ‘
1865 1133 1920 1177 et
1971 1124 2412 1194 conregnab‘unt;
2456 1124 2545 1193 qui
2584 1126 2745 1182 simul
2804 1125 3119 1181 tlehonurati
3161 1111 3317 1193 sunt,
3348 1143 3446 1196 per

1865 1215 2046 1270 omnia
2070 1224 2124 1270 et
2145 1215 2638 1286 cengloriahuntur.

1940 1306 2031 1362 Sic
2059 1305 2354 1376 profecisse
2400 1306 2670 1363 credimus
2697 1309 2862 1364 etiam
2921 1319 3138 1366 sanctos
3180 1319 3447 1382 martyres

1868 1396 2067 1469 Cyrum
2089 1406 2143 1453 et
2172 1390 2478 1454 Joannem:
2522 1399 2701 1455 devoti
2761 1402 2959 1473 quippe
3010 1402 3309 1469 subierunt,
3350 1420 3450 1474 pro

1869 1488 2070 1558 pietate
2099 1499 2396 1544 certamen.
2427 1489 2494 1544 Et
2514 1491 2748 1560 pessima
2774 1491 2948 1548 bestia
2981 1493 3033 1548 in
3083 1509 3176 1550 eos
3219 1493 3444 1560 insiluit,

1870 1579 1974 1635 hoc
1995 1589 2077 1635 est
2105 1594 2286 1646 mors;
2319 1581 2413 1636 sed
2438 1585 2708 1638 memores
2733 1582 2952 1639 fuerunt
2983 1585 3193 1641 Domini
3233 1587 3315 1642 sui
3367 1588 3450 1642 di—

1870 1675 2089 1730 centis:
2129 1675 2231 1742 Qui
2282 1690 2388 1731 non
2441 1674 2627 1732 tulerit
2652 1690 2868 1731 crucem
2911 1691 3083 1744 suam,
3106 1686 3163 1732 et
3203 1679 3449 1749 sequitur

1872 1779 1980 1830 me,
2005 1779 2110 1818 non
2144 1771 2320 1834 potest
2365 1777 2519 1818 meus
2560 1777 2682 1818 esse
2737 1763 3046 1834 discipulus.
3091 1765 3456 1836 Expleverunt

175 1871 296 1928 loco
326 1869 605 1940 iacentia:
637 1845 845 1940 θάψει,
877 1869 1183 1925 indiscreta
1222 1845 1383 1924 erant
1425 1881 1611 1923 eorum
1640 1865 1766 1921 re“-
1793 1845 1841 1905 B
1869 1854 2204 1921 mandatum,
2235 1853 2477 1910 tulerunt
2519 1857 2681 1910 etiarn
2711 1855 2814 1926 ipsi
2861 1865 3102 1924 crucem,
3128 1859 3300 1914 secuti
3348 1861 3455 1915 Do-

185 1962 372 2032 quizn,‘
423 1975 524 2017 nec
548 1960 696 2016 enim
743 1959 1030 2016 manifeste
1068 1959 1484 2032 dignoscebatur
1506 1958 1628 2029 quis
1657 1957 1766 2022 hic,

173 2053 374 2122 quisve
405 2051 525 2118 ille;
578 2051 890 2108 necessario
915 2061 1174 2122 utrosque
1207 2056 1562 2116 assumentes,
1594 2057 1770 2104 trans-

176 2142 408 2198 tulimus
448 2151 506 2199 et
531 2143 868 2213 reposuimus
912 2143 967 2198 in
1018 2143 1245 2199 ecclesia
1282 2139 1766 2212 evangelistarum,

178 2235 448 2291 facientes
473 2243 532 2290 ut
553 2235 878 2306 martyribus
905 2234 1041 2292 solet
1087 2235 1426 2291 memoriam.
1467 2232 1770 2290 Convenia-

178 2343 299 2384 mus
323 2328 510 2400 igitur,
539 2327 648 2382 Deo
669 2328 904 2395 volente,
925 2329 1163 2385 crastino
1183 2328 1407 2399 pariter,
1431 2335 1540 2382 tam
1554 2335 1772 2382 sanctos

178 2420 545 2492 evangelistas
574 2421 924 2487 honorantes,
950 2435 1111 2492 quam
1153 2419 1344 2477 beatos
1367 2427 1654 2490 martyres,
1678 2417 1771 2488 qui

178 2519 448 2566 vocantur
484 2510 658 2584 Cyrus
683 2519 737 2566 et
776 2509 1032 2567 Joannes.

859 2659 1112 2701 EIUSDEM.

322 2747 504 2788 EPIPIII
530 2747 760 2799 ocnva,
793 2751 848 2789 ID
897 2750 996 2790 ss'r
1039 2735 1312 2790 ntemnas
1356 2748 1630 2790 mensus

468 2825 603 2880 APUD
653 2840 943 2880 scccssuu
986 2839 1484 2891 svmcsusmnuu,

403 2930 485 2970 JBI
516 2931 570 2972 IN
590 2931 916 2975 NONUIENTO
940 2933 1262 2974 RECONDIDIT
1284 2932 1562 2981 RELIQUIAS

245 3019 568 3060 SA‘NCTOBUI
633 3021 753 3061 CYRI
784 3022 856 3064 ΕΤ
894 3023 1159 3076 IOHANNIS,
1183 3027 1215 3063 Α
1246 3023 1450 3064 DUOBUS
1489 3022 1702 3062 IILIBUS

321 3109 394 3149 DE
422 3111 596 3152 PARTE
617 3111 863 3154 ORIENTIS
887 3113 1074 3155 CANOPI
1101 3114 1266 3155 IUXTA
1291 3110 1630 3153 IENUTHEOS.

1871 1944 2076 1999 minum
2103 1959 2279 2000 suum.
2306 1943 2654 2002 Ducebantur
2680 1953 2864 2001 autem
2893 1955 3019 2002 tunc
3078 1962 3184 2002 non
3229 1949 3328 2004 soli
3381 1951 3450 2004 ad

1871 2033 2192 2100 certamina,
2218 2033 2312 2089 sed
2339 2042 2396 2088 ct
2425 2033 2624 2090 chorus
2649 2043 2962 2090 sanctarum
3011 2036 3302 2107 virginum,
3331 2053 3454 2107 quae

1870 2113 2361 2194 mulieres'quidem
2395 2132 2574 2191 erant,
2595 2124 2691 2180 sed
2717 2125 2915 2181 mentis
2944 2125 3159 2181 fuerant
3206 2127 3454 2184 incorru—

1869 2223 1994 2286 pun.
2024 2213 2404 2271 Consummata
2439 2224 2522 2270 est
2550 2215 2712 2285 igitur
2747 2231 2869 2272 cum
2894 2217 2974 2274 eis
3016 2228 3070 2274 et
3097 2220 3213 2276 haec
3245 2222 3450 2294 optima

1873 2306 2098 2362 duorum
2119 2305 2442 2362 athletarum
2480 2306 2743 2376 parilitas,
2766 2317 2821 2363 et
2840 2309 3142 2366 mercedem
3169 2312 3454 2368 charitatis

1871 2411 1991 2465 qua:
2015 2396 2068 2450 in
2095 2394 2312 2451 Christo
2354 2405 2442 2452 est
2485 2395 2752 2462 obtinent,
2783 2397 3132 2454 coneulcandi
3167 2398 3446 2469 Satanam,

1872 2497 1927 2542 et
1969 2486 2270 2558 expellendi
2325 2488 2558 2560 maligna
2595 2490 3094 2546 daamonia.Adsint
3144 2491 3306 2564 igitur
3339 2495 3457 2564 qui

1872 2577 2000 2633 olim
2030 2579 2308 2645 errabant,
2344 2579 2568 2634 veniant
2604 2579 2671 2635 ad
2695 2593 2880 2635 veram
2906 2591 2961 2636 et
2988 2582 3458 2651 incauponabilem

1873 2667 2216 2722 medicinam.
2248 2667 2436 2722 Nullus
2484 2667 2626 2738 apud
2671 2684 2772 2725 nos
2824 2669 2981 2741 fingit
3031 2672 3458 2738 insomnia;nec

1874 2756 2288 2813 advenientibus
2312 2757 2444 2812 dicit
2477 2775 2490 2810 :
2534 2757 2682 2813 Dixit
2708 2757 2946 2826 domina,
2974 2759 3084 2814 Fac
3108 2761 3211 2817 hoc
3256 2770 3350 2816 aut
3394 2762 3460 2815 il-

1873 2848 1993 2917 lud;
2033 2850 2256 2906 omnino
2275 2849 2490 2906 domina
2520 2857 2576 2906 et
2596 2849 2740 2906 Deus
2767 2865 2888 2907 esse
2912 2859 3110 2921 potest,
3139 2863 3195 2908 et
3239 2853 3456 2908 adorari

1872 2940 2006 2996 vult.
2030 2940 2186 3012 Apud
2215 2941 2485 2997 daemones
2505 2956 2614 2998 non
2638 2948 2724 2996 est
2745 2941 3016 2997 masculus
3043 2957 3216 3014 neque
3235 2943 3458 2999 femina.

1873 3033 1942 3089 Et
1970 3033 2093 3090 vide
2121 3033 2280 3106 quale
2332 3034 2531 3089 habent
2572 3033 2929 3104 propositum,
2963 3043 3024 3089 ut
3070 3043 3125 3090 et
3173 3035 3466 3091 mulierum

1874 3127 2185 3184 nominibus
2203 3126 2386 3183 vocari
2410 3125 2593 3181 velint.
2621 3124 3007 3182 Proculcantes
3033 3127 3199 3196 igitur
3220 3128 3318 3183 has
3339 3129 3457 3183 ani-

261 3221 770 3284 Proﬁciscebantur
791 3237 970 3284 autem
995 3245 1116 3285 cum
1156 3245 1221 3285 co
1253 3211 1442 3284 turba}.
1473 3227 1683 3294 multae;
1716 3235 1772 3281 et
1799 3190 1846 3254 ο
1875 3219 1954 3275 les
1974 3219 2206 3284 fabulas,
2237 3227 2292 3274 et
2314 3217 2670 3273 divinantium
2697 3217 2912 3274 eﬂ‘etata
2970 3219 3222 3286 colludia,
3248 3221 3469 3275 veniant

178 3327 484 3371 conversus
504 3315 640 3370 dixit
669 3319 736 3372 ad
778 3333 873 3375 eos
905 3337 919 3374 :
945 3319 1262 3391 Quicunque
1291 3319 1440 3374 venit
1477 3317 1543 3372 ad
1582 3334 1689 3384 me,
1719 3325 1776 3374 et

181 3418 287 3459 non
315 3403 436 3459 odit
467 3413 672 3475 patrem
698 3423 875 3476 suum,
919 3417 975 3467 et
1007 3420 1260 3476 matrem,
1288 3419 1345 3466 et
1375 3410 1534 3476 filios,
1561 3417 1616 3465 et
1635 3424 1774 3465 uxo-

181 3507 321 3562 rem,
351 3504 408 3549 et
433 3495 652 3564 fratres,
675 3507 731 3554 et
757 3515 992 3569 sorores,
1015 3503 1235 3574 insuper
1263 3512 1318 3559 et
1339 3503 1573 3558 animam
1597 3517 1773 3568 suam,

180 3599 288 3640 non
347 3593 529 3655 potest
574 3602 726 3644 meus
774 3605 895 3648 esse
949 3593 1280 3663 discipulus;
1318 3593 1627 3664 quicunque
1668 3608 1777 3649 non

179 3677 487 3742 pertaverit
515 3692 731 3734 crucem
758 3695 912 3737 suam
943 3691 997 3738 et
1027 3685 1237 3741 venerit
1265 3693 1387 3756 post
1415 3700 1522 3752 me,
1553 3699 1657 3740 non
1679 3699 1774 3756 po-

183 3775 290 3823 test
307 3781 466 3823 meus
487 3783 605 3825 esse
624 3771 934 3843 discipulus.
958 3773 1252 3852 Fer-ventes
1270 3791 1368 3832 nos
1393 3788 1513 3832 esse
1534 3776 1601 3831 ad
1623 3789 1774 3830 reve-

183 3859 422 3914 rentiam
452 3859 748 3919 Salvatoris
801 3874 1062 3937 expetunt
1093 3869 1372 3934 verba;et
1415 3869 1506 3938 qui
1553 3867 1776 3938 diligere

181 3964 309 4006 eum
332 3949 624 4019 voluerint,
649 3955 783 4010 nihil
813 3957 1100 4027 pretiosius
1114 3959 1388 4015 testimare
1425 3958 1773 4030 persuadent,

183 4056 292 4097 non
317 4040 569 4098 affectum
599 4049 861 4117 corporis,
886 4063 992 4104 non
1021 4065 1258 4106 amorem
1287 4061 1522 4121 patrum,
1555 4065 1658 4104 non
1690 4063 1779 4103 re-
1813 4079 1822 4088 -

185 4131 492 4188 verentiam
524 4143 756 4192 matrum
777 4147 833 4194 et
862 4154 1106 4195 sororum
1135 4158 1148 4205 ;
1175 4142 1277 4196 scit
1325 4141 1469 4195 enim
1505 4141 1627 4210 quia
1657 4141 1773 4194 haec

257 4283 286 4311 ι
334 4267 448 4326 lmo
473 4270 559 4328 dic
587 4258 774 4330 {haud
795 4293 894 4330 sua
921 4276 1088 4346 pluris
1109 4293 1277 4350 ﬂuam
1332 4289 1512 4331 nostra
1563 4277 1862 4333 mtimavit.

1879 3311 1948 3366 ad
1973 3325 2131 3366 veros
2163 3309 2399 3379 desuper
2425 3309 2682 3374 medicos,
2711 3309 2908 3380 quibus
2943 3311 3283 3380 omnipotens
3326 3311 3469 3366 Deus

1876 3410 1938 3456 ut
1959 3414 2150 3456 curare
2169 3400 2378 3471 possint
2402 3399 2588 3454 tribuit
2607 3406 2932 3470 potestatem
2953 3400 3140 3456 dicens
3168 3418 3181 3454 :
3215 3399 3466 3470 Inﬁrmos

1879 3501 2078 3556 curate,
2124 3491 2286 3560 gratis
2334 3489 2624 3560 accepistis,
2679 3491 2842 3560 gratis
2889 3489 3032 3544 date.
3080 3488 3238 3544 Omni
3284 3491 3468 3560 itaque

1879 3582 2108 3647 medela,
2136 3597 2255 3651 qua:
2293 3596 2324 3635 a
2378 3579 2660 3636 Salvatore
2711 3580 3014 3636 condonata
3059 3589 3143 3635 est
3189 3581 3465 3651 perpotiti,

1882 3675 2247 3731 collaudemus
2276 3673 2562 3730 Dominum
2608 3680 2872 3738 nostrum,
2907 3679 2966 3727 ut
2996 3683 3051 3726 et
3089 3687 3313 3744 regnum
3358 3688 3469 3728 cm-

1881 3764 2014 3821 leste
2037 3777 2346 3820 mereamur
2376 3763 2430 3818 in
2459 3763 2676 3819 Christo
2702 3762 2830 3819 Jesu
2886 3763 3114 3818 Domino
3142 3773 3350 3832 nostro,
3372 3777 3470 3834 per

1880 3873 2039 3930 quem
2059 3867 2261 3914 etcum
2288 3873 2398 3928 quo
2427 3857 2538 3914 Deo
2561 3856 2710 3912 Patri
2739 3871 2864 3912 cum
2897 3866 3086 3913 sancto
3108 3855 3313 3927 Spiritu
3351 3855 3468 3926 glo-

1880 3951 1980 4016 ria,
2006 3951 2176 4004 honor
2196 3956 2251 4005 et
2278 3956 2540 4018 potestas,
2571 3963 2712 4004 nunc
2740 3957 2796 4002 et
2823 3961 3040 4019 semper
3065 3948 3119 4002 in
3141 3945 3333 4003 srecula
3361 3961 3465 4001 sm-

1879 4044 2140 4100 culorum.
2169 4044 2361 4106 Arnen.

208 4475 243 4509 ι,
453 4477 466 4482 -
611 4479 613 4482 i

1113 4663 1339 4767 VITA
1394 4667 1793 4768 JOANNIS
1839 4667 2624 4769 ELEEMOSYNABII

726 4883 1103 4954 AUCTORE
1145 4893 1500 4956 LEONTIO
1543 4896 2014 4957 NEAPOLEOS
2059 4896 2494 4960 CYPRORUM
2539 4895 2944 4968 EPISCOPO,

995 5046 1508 5148 INTERPRETE,
1548 5081 1966 5139 ANASTASIO
2003 5083 2663 5142 BIBLIOTHECARIO.

954 5252 1164 5332 .(Vide
1187 5255 1564 5336 Patrologiaa
1591 5260 1741 5318 tom.
1776 5257 2066 5334 LXXIII,
2101 5259 2222 5324 col.
2260 5261 2379 5321 337
2411 5265 2473 5324 et
2501 5260 2666 5340 seq.)

1365 5541 2262 5582 ----—-...—————-

592 5870 868 5930 Pnaoc.
915 5868 1203 5931 CXXIX.

2933 5869 3021 5944 23.
