4016 6296
525 379 647 447 "Hs

1723 385 2083 446 ANASTASII
2119 385 2662 446 BIBLIOTIIECARII

3721 398 3835 454 7w

549 576 3814 608 mm—

1982 726 2385 808 INCIPIT

751 886 786 932 α
844 889 1334 1008 PASSIO
1421 888 1938 1007 SANCTI
1977 871 1981 876 '
2021 891 2754 1050 DEMETRIL
2806 889 3594 1049 MARTYRIS,

1064 1105 1566 1237 ﬂuctore
1625 1101 2270 1212 Anastasio
2350 1103 3263 1230 Bibliothecario.

1627 1361 1790 1425 (Apud
1816 1360 2134 1424 Mabill.,‘;vet
2149 1359 2394 1423 Amalech,
2429 1375 2543 1428 pag.
2571 1362 2740 1429 172.”

607 1550 833 1606 Domino
861 1550 1104 1621 piissimo
1158 1550 1473 1621 imperatori
1515 1551 1734 1608 CAROLO
1763 1565 1978 1624 semper
2003 1551 2193 1614 Αιι-,Α
2221 1568 2316 1609 eos
2357 1553 2450 1624 qui
2492 1567 2561 1608 ex
2601 1551 2830 1609 adverso
2873 1550 3103 1612 invicem
3149 1555 3414 1615 theatrice
3448 1573 3506 1615 se
3537 1560 3839 1634 impugna-

535 1653 694 1718 gusto
729 1645 1066 1702 ANASTASIUS
1099 1645 1326 1716 exiguus
1351 1659 1610 1701 coronam
1649 1654 1704 1701 et
1745 1659 1967 1714 regnum
1998 1658 2123 1701 cum

536 1736 776 1793 Christo.

605 1832 758 1888 Beati
787 1831 1046 1888 Demetrii
1075 1829 1590 1888 Thessalonicensis
1633 1827 1888 1901 martyris
1911 1826 2124 1899 passio-

535 1935 660 1978 nem
700 1931 864 1991 atque
893 1920 1155 1976 miracula
1197 1919 1542 1975 hortantibus
1581 1917 1874 1985 fratribus,
1915 1925 1973 1972 et
2011 1931 2128 1972 ma-

535 2017 685 2072 xime
713 2015 831 2071 viro
860 2014 1191 2086 peritissimo
1220 2012 1428 2069 Joanne
1459 2012 1688 2068 diacono
1706 2051 1723 2077 ,
1764 2018 1961 2068 vestrae
2001 2008 2127 2065 fidei

537 2107 776 2178 puritate
805 2121 872 2162 ac
901 2107 1142 2162 scientiae
1184 2105 1435 2161 claritate
1477 2102 1800 2168 notissimo,
1848 2114 2020 2173 nuper
2060 2099 2128 2155 de

537 2198 728 2256 Graeco
756 2198 810 2254 in
838 2197 1092 2252 Latinum
1124 2195 1374 2252 transtuli
1415 2207 1740 2250 sermonem.
1784 2192 1885 2260 Qui
1928 2189 2125 2263 praefa-

534 2297 624 2345 tus
655 2286 891 2345 Joannes
918 2286 1079 2356 hujus
1109 2286 1367 2359 martyris
1387 2325 1403 2352 ,
1434 2285 1488 2340 in
1521 2285 1684 2340 domo
1724 2282 1943 2355 quidem
1990 2297 2086 2339 sua
2106 2322 2123 2349 ,

533 2380 687 2435 mine
727 2379 1070 2449 antiquitatis
1099 2386 1154 2433 et
1180 2375 1603 2448 pulchritudinis
1627 2375 1926 2431 oratorium
1959 2373 2125 2429 habe-

533 2475 668 2531 bat:
701 2481 880 2530 tamen
909 2472 1095 2544 qualis
1113 2471 1216 2528 iste
1245 2477 1454 2541 martyr
1491 2468 1692 2525 Christi
1725 2475 1870 2524 esset
1907 2465 2130 2538 ignora-

532 2565 648 2623 bat.
678 2565 792 2637 Ego
819 2580 986 2631 vero,
1015 2564 1155 2620 sicut
1194 2570 1450 2634 expertus
1493 2575 1610 2616 sum
1657 2559 1798 2630 apud
1838 2557 2127 2614 Thessalo-

533 2656 712 2712 nicam
731 2697 747 2724 ,
771 2657 862 2712 ubi
893 2655 1188 2726 pretiosum
1216 2669 1413 2724 corpus
1442 2651 1560 2722 ejus
1583 2651 1857 2707 conditum
1889 2648 2121 2714 redolet,

533 2752 592 2800 et
629 2743 916 2816 splendore
944 2743 1329 2800 miraculorum
1376 2739 1640 2814 refulget,
1689 2740 1893 2796 innotui
1935 2740 1982 2795 ei
2029 2753 2127 2810 per

534 2834 802 2892 ordinem.
835 2834 942 2890 Sed
971 2835 1096 2906 quia
1128 2832 1416 2904 imperium
1440 2840 1680 2888 vestrum
1706 2831 1840 2886 tanti
1865 2831 2124 2903 agonistae

2227 1651 2382 1708 rent,
2439 1641 2567 1714 quia
2630 1641 2916 1698 delectatio
2991 1651 3112 1701 erat
3166 1645 3217 1701 ei
3291 1647 3530 1718 aspicere
3589 1651 3830 1706 humani

2225 1735 2506 1808 sanguinis
2559 1734 2846 1792 fusionem.
2903 1737 3293 1797 Verumtamen
3350 1757 3458 1797 non
3512 1744 3631 1799 sine
3688 1761 3834 1800 cura

2225 1835 2280 1882 et
2330 1825 2691 1882 sollicitudine
2734 1826 2972 1883 habebat
3016 1828 3160 1898 quod
3204 1843 3327 1887 esse
3355 1831 3456 1886 sibi
3499 1831 3836 1891 delectabile

2225 1919 2570 1984 cernebatur.
2605 1917 2897 1990 Flagrabat
2922 1929 3104 1974 autem
3135 1921 3404 1977 desiderio
3440 1924 3590 1979 circa
3627 1939 3835 1994 quem-

2225 2007 2350 2063 dam
2369 2047 2385 2074 ,
2408 2005 2626 2078 Lyaeum
2655 2008 2900 2072 nomine,
2942 2010 3381 2075 monomacbum,
3417 2013 3508 2082 qui
3533 2011 3646 2082 jam
3679 2013 3832 2068 mul-

2227 2105 2314 2153 tos
2335 2136 2352 2163 ,
2395 2097 2596 2153 virtute
2632 2111 2698 2152 ac
2739 2096 2882 2152 mole
2909 2098 3156 2170 corporis
3185 2099 3415 2165 abusus,
3448 2102 3827 2169 exstinxerat,

2225 2186 2508 2244 occidendi
2549 2185 2980 2258 experimentum
3010 2202 3109 2257 per
3139 2189 3543 2246 meditationem
3585 2199 3640 2246 et
3682 2207 3826 2248 con-

2227 2275 2567 2333 suetudinem
2596 2276 2920 2347 'possidens.
2968 2276 3126 2334 Hunc
3168 2294 3234 2335 eo
3279 2281 3423 2350 quod
3465 2296 3659 2338 omnes
3709 2283 3822 2338 for-

2229 2365 2540 2431 midarent,
2593 2374 2649 2422 et
2701 2365 2882 2422 nullus
2933 2365 2983 2422 ei
3038 2368 3130 2437 qui
3182 2368 3462 2424 resisteret
3520 2370 3826 2438 videretur,

2227 2458 2373 2514 inter
2401 2457 2611 2530 primos
2640 2457 3001 2516 Maximianus
3033 2459 3306 2528 habebat,
3339 2471 3395 2518 et
3442 2463 3743 2536 diligebat,
3771 2477 3827 2520 et

2228 2548 2462 2605 libenter
2521 2549 2575 2604 in
2630 2564 2753 2605 eum
2811 2551 3151 2622 respiciebat.
3205 2551 3485 2610 Laudabat
3530 2566 3720 2610 autem
3769 2568 3827 2612 et

2229 2640 2548 2705 mirabatur,
2599 2650 2656 2696 et
2702 2642 2858 2712 quasi
2911 2656 3074 2714 super
3113 2657 3308 2717 magna
3354 2660 3413 2702 re
3459 2647 3515 2702 in
3560 2651 3818 2719 superbia

2226 2731 2330 2786 viri
2385 2731 2734 2799 gloriabatur.
2803 2731 2972 2788 Porro
3016 2748 3141 2790 cum
3186 2751 3355 2808 prope
3400 2739 3646 2797 stadium
3691 2757 3814 2813 per-

2227 2821 2484 2887 venisset,
2535 2828 2663 2878 tunc
2727 2823 3004 2879 adducunt
3041 2825 3111 2892 εἰ,
3135 2825 3224 2896 qui
3271 2838 3557 2897 cmperant
3603 2829 3821 2885 beatum

532 2923 773 2978 fraudari
801 2923 992 2979 notitia
1019 2922 1166 2988 novi,
1196 2922 1350 2979 vobis
1390 2935 1604 2993 quoque
1643 2920 1874 2991 idipsum
1914 2935 2114 2990 oppor-
2144 2911 2192 2973 B
2219 2911 2570 2968 Demetrium.
2612 2913 2852 2970 Audiens
2899 2923 3079 2971 autem
3129 2916 3430 2988 imperator
3474 2921 3624 2990 quod
3667 2921 3826 2978 Chri-

534 3023 665 3070 tune
693 3015 911 3070 mittere
937 3015 1224 3084 procuravi
1255 3031 1270 3080 ;
1303 3023 1574 3083 quatenus
1601 3021 1781 3069 vestra
1807 3013 2119 3084 magnitudo

534 3119 659 3161 cum
689 3105 1170 3161 intercessionibus
1196 3113 1503 3160 sanctorum
1546 3113 1602 3160 et
1641 3105 1940 3160 amicorum
1979 3104 2116 3170 Dei,

538 3194 698 3251 istius
749 3209 964 3266 quoque
1001 3209 1162 3266 prece
1202 3195 1341 3266 apud
1392 3195 1560 3250 Deum
1602 3195 1847 3252 obtinere
1891 3195 2118 3267 gratiam

533 3284 746 3352 valeat,
779 3292 834 3340 et
858 3283 1062 3357 perfrui
1093 3294 1370 3341 mereatur
1400 3285 1567 3356 gloria
1609 3286 1956 3356 sempiterna.
2002 3287 2118 3342 Rex

533 3392 722 3449 regum
759 3386 815 3434 et
863 3377 1122 3434 Dominus
1165 3377 1560 3433 dominantium
1603 3392 1828 3449 regnum
1877 3385 2118 3434 vestrum

532 3469 755 3525 dextera
785 3483 880 3525 sua
907 3476 1183 3541 protegat,
1216 3478 1272 3525 et
1311 3469 1377 3525 de
1416 3467 1702 3540 temporali
1742 3469 1813 3524 ad
1854 3477 2116 3526 {uernum

535 3562 829 3618 transferat
858 3576 1103 3632 regnum.

605 3654 738 3708 Cum
765 3655 1061 3724 imperator
1088 3652 1444 3709 Maximianus
1471 3654 1524 3709 in
1553 3653 2118 3710 Thessalonicensium

537 3745 756 3817 degeret
785 3745 1007 3800 civitate
1025 3785 1040 3810 ,
1073 3745 1235 3800 homo
1264 3744 1687 3814 superstitiosus
1714 3744 1817 3814 piae
1844 3743 2121 3815 religionis

537 3834 815 3890 auditores
846 3835 1295 3903 persequebatur,
1327 3843 1381 3889 et
1425 3833 1887 3891 interficiebantur
1925 3835 1994 3891 ab
2033 3849 2116 3892 eo.

537 3923 684 3980 Inter
724 3938 861 3994 quos
887 3933 1004 3978 erat
1035 3925 1227 3981 beatus
1269 3923 1601 3989 Demetrius,
1647 3924 1992 3987 manifestum
2038 3925 2121 3982 fa-

537 4013 688 4069 ciens
717 4016 1063 4084 semetipsum
1094 4015 1298 4084 absque
1327 4013 1435 4070 ullo
1465 4014 1688 4081 timore,
1730 4014 1823 4085 qui
1853 4030 1896 4070 .a
1930 4016 2122 4088 juven-

536 4115 654 4162 tute
681 4115 736 4161 et
763 4105 906 4161 bona
933 4114 1121 4176 egerat
1144 4119 1306 4175 opera
1336 4114 1391 4160 et
1417 4105 1552 4161 alios
1575 4104 1851 4162 docuerat.
1883 4106 2122 4164 Docebat

535 4195 682 4251 enim
710 4194 944 4266 qualiter
971 4194 1150 4250 divina
1193 4193 1472 4265 Sapientia
1514 4196 1867 4253 descenderat
1905 4197 1973 4252 ad
2019 4206 2122 4255 ter-

536 4301 653 4342 ram
683 4259 751 4340 de
779 4284 920 4341 cmlo
941 4325 955 4352 ,
985 4293 1045 4339 ut
1072 4259 1346 4340 hominem
1375 4286 1465 4355 qui
1501 4294 1748 4341 mortuus
1785 4285 1962 4343 fuerat
1998 4304 2122 4358 pec-
2148 4259 2195 4324 ο

537 4387 696 4448 cato,
729 4378 1028 4435 vivificaret
1067 4378 1329 4450 sanguine
1357 4379 1597 4449 proprio.
1627 4378 1762 4435 Cum
1791 4380 1906 4438 haec
1931 4389 1988 4436 et
2016 4381 2120 4438 alia

537 4471 709 4527 multa
738 4469 1086 4541 praedicaret,
1117 4466 1333 4540 quidam
1365 4469 1600 4526 ministri
1629 4469 2000 4541 imperatoris,
2029 4474 2119 4543 qui

538 4559 607 4616 ad
638 4559 932 4630 capiendos
960 4558 1302 4615 Christianos
1329 4559 1545 4614 fuerant
1571 4559 1844 4630 deputati,
1874 4570 2120 4618 tenentes

538 4660 788 4708 sanctum
842 4649 1171 4706 Demetrium
1221 4649 1533 4720 imperatori
1585 4651 1900 4707 obtulerunt
1948 4652 2119 4708 Maxi-

539 4743 740 4798 miano.
767 4741 1078 4811 Contigerat
1103 4739 1246 4794 enim
1279 4740 1357 4795 ire
1387 4740 1764 4810 imperatorem
1789 4743 1856 4797 ad
1885 4744 2119 4798 stadium

537 4837 795 4903 civitatis,
825 4844 1043 4906 propter
1063 4849 1156 4888 eos
1182 4833 1274 4904 qui
1305 4832 1371 4888 ad
1403 4833 1677 4906 singulare
1703 4845 1977 4892 certamen
2009 4836 2120 4892 fue-

541 4939 664 4986 rant
693 4927 1059 5000 congressuri.
1086 4926 1200 4980 lllic
1227 4925 1374 4980 enim
1401 4925 1695 4995 parabatur
1727 4942 1825 4997 per
1861 4929 2119 4997 quasdam

542 5024 754 5080 tabulas
781 5022 1014 5079 circulus
1043 5022 1468 5092 circumseptus,
1499 5022 1588 5078 ubi
1628 5031 1976 5094 suspectui-us
2004 5036 2124 5082 erat

614 5161 844 5234 {Hujus
895 5163 1032 5219 Vita:
1063 5163 1309 5234 meminit
1333 5162 1648 5218 Vincentius
1687 5164 1738 5218 in
1787 5162 2002 5234 Speculi
2049 5163 2132 5218 hi-

543 5233 908 5306 storialisglib.
940 5249 1040 5299 xu,
1072 5249 1192 5306 cap.
1216 5233 1347 5306 λιῦρ.
1371 5235 1459 5306 _Ab
1496 5235 1784 5306 Anastasio
1818 5233 2018 5306 scripta
2047 5243 2132 5291 est

544 5318 688 5358 anno
713 5304 839 5369 8‘76,
867 5312 1050 5374 utpote
1076 5303 1269 5360 Carolo
1296 5303 1461 5360 Calvo
1503 5312 1630 5374 tum,
1656 5303 1966 5374 imperatori
1992 5321 2127 5359 nun-

545 5382 759 5444 cnpata.
807 5373 1017 5444 Scripta
1060 5390 1190 5430 vero
1223 5384 1305 5430 est
1347 5377 1561 5430 hortatu
1605 5373 1829 5430 Joannis
1868 5374 1926 5430 S.
1961 5375 2026 5429 Β.
2061 5376 2122 5429 Ε.

540 5445 752 5501 diaconi
775 5481 804 5516 ,ς
833 5445 886 5499 in
919 5444 1069 5516 cujus
1113 5446 1340 5516 gratiam
1390 5447 1530 5500 idem
1579 5446 1898 5501 Anastasius
1945 5445 2122 5500 Colle-

541 5524 731 5570 ctanca
775 5515 963 5570 Grznca
1007 5514 1198 5569 Latine
1243 5517 1504 5580 reddnlit,
1546 5532 1575 5570 a
1616 5516 1902 5571 Sirmondo
1941 5517 2121 5579 edita,

543 5595 603 5640 ut
633 5587 842 5643 scilicet
866 5584 1057 5640 Joanni
1085 5586 1506 5642 ecclesiasticam
1535 5587 1814 5641 historiam
1840 5587 2120 5641 meditanti

544 5656 854 5728 adjumento
891 5671 1011 5713 esse
1039 5665 1274 5728 possent.
1309 5657 1356 5712 ls
1385 5665 1468 5712 est
1505 5657 1820 5728 Anastasius
1859 5671 2016 5728 quem
2057 5657 2122 5725 ﬁ-

543 5727 816 5781 dissimum
844 5725 1061 5796 fratrem
1089 5738 1136 5782 et
1169 5727 1466 5797 religiosum
1489 5727 1724 5780 abbatem
1755 5737 1912 5797 vocat
1954 5725 2120 5797 llinc-

543 5811 728 5852 marus
759 5799 810 5852 in
841 5797 1059 5864 epistola
1089 5796 1321 5868 quadam
1354 5797 1452 5866 ipsi
1495 5797 1715 5851 directa.
1758 5796 1860 5862 Qui
1905 5796 2123 5868 quidem

2221 3001 2430 3056 stianus
2451 3009 2622 3068 esset,
2650 3003 2774 3073 quia
2798 3018 2858 3059 se
2879 3012 3050 3061 totum
3067 3005 3134 3060 ad
3153 3009 3502 3077 praesentiam
3521 3013 3822 3081 spectaculi

2221 3092 2558 3160 contulerat,
2600 3095 2818 3151 beatum
2863 3095 3192 3153 Demetrium
3219 3097 3384 3168 jussit
3425 3101 3632 3158 ibidem
3666 3103 3819 3174 juxta

2221 3186 2453 3242 stadium
2477 3187 2731 3254 existere,
2766 3195 2822 3244 et
2849 3203 3014 3259 penes
3042 3189 3314 3261 publicum
3343 3191 3603 3250 balneum
3641 3207 3821 3250 custo-

2221 3275 2346 3332 diri.
2376 3277 2496 3348 lpse
2524 3295 2654 3335 vero
2683 3281 2979 3352 imperator
3002 3282 3262 3350 residens,
3290 3283 3451 3355 Lyaeo
3481 3286 3814 3356 introducto,

2221 3371 2588 3442 interrogabat
2637 3372 2760 3444 quis
2811 3373 3084 3446 singulare
3143 3388 3265 3431 cum
3313 3391 3379 3432 eo
3441 3378 3610 3434 vellet
3674 3381 3814 3438 inire

2223 3472 2521 3530 certamen,
2557 3465 2696 3520 dona
2737 3465 3060 3536 promittens
3106 3475 3162 3522 et
3198 3480 3527 3538 proponens.
3581 3470 3652 3526 Et
3699 3473 3818 3542 qui-

2223 3555 2347 3612 dam
2369 3557 2682 3614 adolescens
2717 3560 2934 3615 nomine
2958 3560 3174 3626 Nestor,
3204 3578 3234 3617 a
3263 3564 3646 3633 superioribus
3670 3567 3812 3620 exsi-

2221 3644 2362 3702 liens
2387 3647 2668 3718 gradibus,
2695 3649 2956 3707 adversus
2991 3651 3211 3723 Lyzeum
3240 3653 3440 3718 stabat,
3482 3655 3814 3726 singularem

2223 3738 2532 3796 conflictum
2560 3741 2799 3812 arripere
2817 3742 3062 3813 cupiens,
3094 3743 3168 3798 ita
3205 3745 3687 3816 utobstupcscens
3709 3746 3817 3801 Ma-

2225 3831 2496 3887 ximianus
2517 3840 2736 3888 vocaret
2765 3833 2833 3887 ad
2867 3847 2927 3890 se
2957 3831 3268 3901 Nestorem,
3295 3835 3388 3906 qui
3428 3836 3496 3891 ad
3533 3837 3644 3892 hoc
3677 3839 3821 3892 exsi-

2225 3921 2406 3990 lierat,
2437 3923 2620 3995 illique
2655 3925 2812 3981 daret
2849 3927 3134 3982 consilium
3164 3928 3385 3986 dicens:
3413 3927 3554 3986 Novi
3589 3931 3734 4000 quod
3761 3940 3815 3986 te

2224 4015 2577 4086 pecuniarum
2625 4025 2841 4086 egestas
2889 4018 2956 4072 ad
3011 4028 3220 4074 tantum
3267 4019 3574 4090 phantasia:
3621 4019 3818 4076 fecerit

2225 4106 2448 4173 elevari,
2480 4116 2541 4163 ut
2575 4117 2671 4164 aut
2707 4124 2969 4180 superans
3009 4111 3230 4168 divitias
3279 4113 3598 4184 repentinas
3634 4114 3820 4184 acqui-

2227 4217 2340 4268 ras,
2378 4210 2471 4257 aut
2495 4211 2619 4258 voto
2644 4201 2945 4268 fraudatus,
2970 4219 3094 4259 cum
3124 4205 3233 4259 vita
3262 4205 3591 4260 molestante
3628 4220 3820 4262 careas

2227 4301 2482 4364 egestate.
2513 4292 2624 4362 Ego
2652 4301 2832 4348 autem
2862 4293 2954 4348 tibi
2983 4297 3054 4350 ob
3092 4295 3488 4350 miserationem
3521 4311 3633 4366 qua
3661 4295 3821 4352 ador-

2225 4385 2374 4440 naris
2393 4386 2588 4451 aetatis,
2617 4384 2758 4440 dabo
2788 4386 2952 4440 etiam
2989 4402 3086 4456 pro
3119 4387 3236 4442 solo
3275 4402 3410 4442 ausu
3455 4388 3734 4458 condigna
3763 4396 3820 4444 et

2225 4473 2544 4532 sullicientia
2589 4475 2754 4542 dona,
2799 4483 2854 4530 et
2885 4475 3042 4544 vade,
3083 4476 3290 4534 habeas
3327 4493 3449 4534 cum
3494 4478 3611 4532 vita
3654 4478 3818 4534 etiam

2226 4563 2383 4622 dona.
2416 4562 2574 4635 Lyaeo
2608 4579 2737 4619 vero
2775 4566 3116 4637 temetipsum
3157 4582 3225 4622 ne
3260 4567 3519 4637 obiicias,
3558 4569 3818 4640 quoniam

2227 4653 2425 4709 multos
2445 4663 2497 4709 te
2521 4655 2854 4724 potentiores
2884 4655 3098 4712 devicit.
3126 4656 3220 4713 His
3245 4657 3440 4715 Nestor
3465 4659 3698 4725 auditis,
3723 4676 3822 4716 nec

2229 4744 2422 4814 recipit
2450 4745 2654 4800 monita
2684 4745 3048 4817 imperatoris,
3073 4765 3248 4820 neque
3275 4750 3589 4807 formidavit
3617 4753 3690 4808 de
3711 4754 3822 4809 vir-

2229 4845 2341 4891 tute
2391 4835 2558 4908 Lyaai.
2605 4837 2920 4907 Imperatori
2966 4848 3148 4895 autem
3187 4843 3462 4912 respondit
3509 4859 3526 4898 :
3572 4841 3691 4899 Nec
3730 4860 3825 4915 pe-

2227 4929 2424 4996 cuniis,
2455 4939 2514 4986 ut
2549 4931 2878 4998 asseruistis,
2910 4933 2978 4988 ad
3007 4934 3153 4990 hunc
3189 4948 3417 5005 agonem
3447 4935 3594 5000 veni,
3633 4936 3734 4991 sed
3763 4946 3821 4991 ut

2229 5020 2508 5077 meliorem
2562 5020 2724 5093 Lyaeo
2765 5024 3143 5096 memetipsum
3195 5025 3440 5081 reddam.
3502 5023 3632 5082 Mox
3689 5041 3824 5098 ergo

2230 5161 2553 5236 Anastasius
2602 5173 2772 5236 nepos
2820 5173 2940 5236 erat
2979 5163 3195 5236 Arsenii
3244 5162 3818 5236 Qrtensisepiscopi,

2230 5232 2438 5290 Nicolai
2484 5246 2638 5302 papae
2685 5233 2846 5305 legati
2891 5244 2949 5290 et
2989 5234 3316 5305 consiliarii,
3370 5235 3447 5305 uti
3491 5232 3821 5292 Anastasius

2230 5305 2562 5376 ipse‘auctor
2591 5303 2779 5376 estin
2811 5303 3039 5374 epistola
3080 5305 3352 5376 encyclica
3388 5304 3454 5358 de
3480 5314 3674 5376 imor-te
3721 5306 3818 5360 Ni-

2227 5373 2364 5429 e’olai
2420 5387 2571 5444 papae
2623 5373 2999 5444 primi;’quaa
3050 5373 3276 5444 epistola
3324 5375 3377 5429 in
3428 5375 3590 5444 editis
3641 5375 3818 5430 Adoni

2228 5443 2970 5518 Yiennensiarcbiepiscopo
3012 5443 3270 5518 inscripta
3311 5454 3415 5518 est.
3461 5443 3636 5518 Porro
3674 5449 3818 5518 apud

2225 5513 2447 5570 Surium
2487 5513 2555 5567 ad
2585 5511 2727 5568 diem
2747 5511 2788 5570 ’8
2819 5511 3068 5571 Octobris
3098 5511 3330 5570 habetur
3354 5514 3568 5570 libellus
3595 5517 3665 5570 de
3691 5511 3820 5571 Pas-

2228 5585 2380 5640 sione
2409 5583 2583 5636 sancti
2625 5583 2883 5658 Demetrii
2911 5587 3177 5658 martyris
3215 5601 3245 5640 a
3287 5584 3656 5658 Metraphastc
3697 5587 3814 5642 edi.

2230 5665 2314 5710 tus
2347 5672 2359 5707 :
2393 5667 2580 5708 verum
2608 5657 2879 5728 Anastasii
2911 5655 3213 5728 lucubratio
3240 5665 3296 5711 et
3326 5656 3659 5728 auctoritate
3683 5672 3820 5728 prae-

2229 5733 2372 5790 stat,
2404 5732 2460 5778 et
2487 5738 2669 5780 rerum
2704 5726 3059 5796 Singularium
3103 5727 3642 5782 commemoratione.
