3926 5600
79 428 181 498 m

867 426 1388 491 COLLECTANEA.
1425 457 1494 467 —
1532 425 1620 481 DE
1657 422 1989 481 PASSIONE
2024 421 2079 477 S.
2124 418 2448 477 DEMETRII
2490 410 2558 475 Μ.

3241 418 3344 475 718

80 566 194 612 um
240 553 578 624 imperator,
627 561 787 619 quam
846 546 902 603 hi
951 547 1040 616 qui
1082 545 1228 601 circa
1274 547 1462 603 erant,
1510 537 1668 609 Lyaeo
1698 540 1745 601 Α
1774 534 1915 590 ferre
1963 532 2216 598 volueris,
2265 532 2333 587 ab
2388 528 2704 587 inﬁrmitate
2746 530 3081 588 liberaberis.
3131 533 3200 587 At
3256 533 3348 589 ille

84 646 352 708 faventes,
397 642 453 699 in
501 641 639 697 iram
695 637 854 694 dictis
899 636 1139 692 Nestoris
1191 638 1546 701 consurgunt,
1584 626 1671 697 ja-

85 736 353 792 ctantiam
392 732 507 803 ejus
531 746 637 786 non
664 734 934 794 terentes;
976 728 1271 799 imperator
1300 736 1428 777 vero
1454 716 1671 775 confor-

87 831 237 885 tabat
254 826 477 898 Lyaeum
506 835 564 880 ‘et
586 824 747 877 ﬁdum
775 822 899 877 eum
937 821 1214 878 reddebat.
1238 818 1309 871 At
1336 816 1423 871 ille
1448 814 1670 884 dignum

83 931 146 972 se
172 912 532 985 imperatorio
556 911 757 982 judicio
784 909 1077 965 festinabat
1101 904 1403 962 ostendere.
1429 900 1673 969 Cumque

86 1003 236 1058 facta
287 1002 484 1058 fuisset
522 998 851 1070 congressio,
892 996 1175 1053 mortalem
1217 993 1404 1065 Lyaeus
1436 988 1706 1059 suscepit‘

90 1096 284 1159 ictum,
316 1102 375 1149 et
415 1093 664 1163 protinus
693 1100 941 1146 mortuus
973 1097 1076 1154 est,
1117 1096 1173 1142 et
1207 1096 1506 1140 extremam
1550 1080 1677 1136 fecit

92 1183 414 1257 imperatori
458 1181 849 1238 confusionem.
894 1178 1053 1234 Unde
1100 1192 1199 1233 nec
1250 1175 1371 1230 ullis
1408 1172 1579 1245 pactis
1621 1179 1678 1225 et

95 1274 445 1346 repromissis
506 1273 751 1345 pecuniis
808 1270 1022 1329 Nestori
1074 1281 1526 1339 recompensans,
1582 1264 1679 1320 sed

99 1381 219 1420 mox
268 1365 327 1419 in
377 1379 477 1420 suo
527 1354 943 1426 solio'resilivit,
991 1367 1047 1417 et
1099 1357 1268 1414 tristis
1314 1356 1383 1412 ad
1419 1353 1679 1429 palatium

101 1468 355 1510 reversus
407 1461 512 1509 est.
553 1452 688 1507 Cum
736 1460 915 1506 autem
956 1450 1006 1504 ei
1041 1448 1261 1519 quidam
1298 1445 1367 1501 de
1402 1443 1681 1500 Demetrio

102 1550 524 1622 suggessissent,
564 1547 748 1602 statim
773 1545 830 1601 in
877 1544 957 1598 ira
994 1548 1269 1613 permotus
1311 1538 1366 1594 in
1407 1538 1523 1608 ipso
1562 1535 1682 1590 loco

104 1622 155 1697 in
183 1658 293 1714 quo
334 1640 441 1697 fuit
481 1648 744 1710 retentus,
783 1637 949 1706 jussit
989 1650 1111 1691 eum
1149 1632 1352 1688 lanceis
1394 1627 1685 1715 perforari.

105 1733 176 1788 ita
204 1732 401 1789 beatus
438 1730 746 1789 Demetrius
784 1727 940 1783 bona:
966 1723 1325 1782 confessionis
1359 1718 1683 1791 martyrium

108 1824 527 1881 consummavit.
563 1821 772 1893 Corpus
807 1830 937 1875 vero
980 1818 1098 1890 ejus
1134 1817 1204 1873 ab
1247 1811 1685 1870 interfectoribus

1773 631 1948 701 inquit
1978 648 1991 685 :
2021 628 2160 698 Quid
2188 629 2447 700 scriptum
2473 628 2667 684 habet?
2712 628 2927 697 Nescio,
2967 631 3062 697 ait,
3110 634 3206 687 sed
3255 649 3351 688 no-

1771 726 1916 781 mina
1960 725 2182 780 deorum
2213 723 2633 795 angelorumque
2670 723 2821 781 dicit.
2853 724 3121 782 Marianus
3164 727 3300 782 dixit
3332 744 3349 784 ς

1773 808 1931 879 Deus,
1962 817 2165 888 absque
2198 817 2351 889 cujus
2390 826 2522 872 nutu
2552 812 2685 872 nihil
2712 816 2801 884 ﬁt,
2834 828 3011 890 potest
3051 835 3136 874 me
3160 835 3351 875 sanum

1775 910 1998 965 reddere
2040 909 2157 964 sine
2188 908 2407 973 charta;
2455 906 2651 963 habeat
2680 907 2823 977 quod
2856 924 3011 964 suum
3041 919 3143 977 est,
3176 909 3241 967 de
3267 925 3355 966 me

1777 1000 1874 1054 ﬁat
1901 998 2151 1054 voluntas
2179 998 2296 1053 Dei.
2324 997 2419 1055 llis
2444 999 2623 1067 dictis,
2656 999 3154 1073 confestimsomno
3183 1004 3353 1059 corri-

1776 1089 1918 1159 pitur
1946 1103 2057 1158 prte
2080 1087 2264 1144 dolore
2287 1096 2343 1143 et
2377 1087 2614 1143 tristitia.
2662 1088 2765 1156 Qui
2808 1106 2930 1145 cum
2973 1092 3353 1155 obdormisset,

1777 1178 2024 1247 apparuit
2051 1179 2100 1233 ei
2133 1179 2322 1233 beatus
2348 1178 2649 1234 Demetrius
2672 1181 2855 1236 dicens
2883 1198 2895 1235 :
2928 1180 3123 1253 Surge,
3148 1192 3202 1238 et
3234 1200 3356 1240 ser-

1779 1267 1859 1321 vis
1896 1267 2002 1322 tuis
2032 1267 2253 1337 impera,
2287 1267 2432 1337 quod
2463 1278 2515 1322 te
2548 1268 2795 1325 deferant
2830 1271 2886 1325 in
2912 1270 3131 1327 domum
3168 1276 3361 1330 Deme-
3392 1334 3401 1343 ,

1778 1359 1900 1427 trii-;
1931 1374 2056 1415 nam
2088 1359 2162 1415 ibi
2184 1356 2408 1431 iuvante
2445 1361 2556 1416 Deo
2588 1362 2818 1434 recipies
2848 1364 3162 1422 sanitatem.
3191 1367 3360 1423 Cum-

1778 1463 1884 1521 que
1912 1448 2194 1519 evigilans,
2240 1463 2269 1502 a
2310 1448 2790 1508 circumstantibus
2837 1452 3053 1508 domum
3104 1455 3363 1513 Demetrii

1780 1538 2033 1610 martyris
2058 1537 2381 1607 requireret,
2412 1537 2492 1592 ait
2525 1539 2743 1609 quidam
2771 1559 2784 1595 :
2815 1540 2912 1597 Est
2947 1543 3139 1600 domus
3169 1546 3366 1602 vilissi-

1781 1644 1869 1683 ma
1893 1642 2060 1699 prope
2080 1628 2337 1693 stadium,
2373 1628 2427 1683 in
2457 1644 2560 1700 qua
2585 1615 2769 1685 dicunt
2796 1630 2981 1703 jacere
3008 1634 3362 1702 Demetrium,

1783 1708 1876 1790 qui
1907 1718 2107 1774 dudum
2140 1719 2342 1777 lanceis
2380 1721 2695 1779 interfectus
2736 1734 2819 1780 est
2855 1724 3008 1795 jussu
3052 1727 3367 1787 Maximiani

1787 1810 2144 1881 imperatoris.
2180 1811 2317 1867 Tum
2358 1812 2445 1870 ille
2475 1831 2487 1866 :
2518 1814 2649 1871 Illuc
2688 1830 2774 1871 me
2813 1815 2966 1881 ferte,
2998 1819 3125 1889 quia
3154 1820 3206 1875 in
3248 1820 3369 1877 visu

108 1918 489 1990 parvipensum
532 1886 783 1980 esu-sed
835 1886 1055 1982 quidam
1096 1907 1334 1979 religiosi
1373 1905 1476 1961 viri
1522 1913 1685 1989 noctu
1719 1886 1762 1945 Β
1796 1901 2000 1958 dictum
2043 1912 2127 1959 est
2156 1902 2287 1959 mihi
2331 1903 2441 1961 illic
2465 1906 2752 1962 sanitatem
2793 1922 2879 1964 me
2907 1886 3064 1980 posse
3106 1912 3367 1983 recipere.

114 2011 337 2066 latenter
362 2014 649 2073 venerunt,
679 2014 738 2061 et
758 2013 1034 2061 sumentes
1061 2001 1194 2057 illud
1217 2016 1286 2056 ex
1318 1999 1448 2071 ipsis
1479 1999 1532 2054 in
1563 1996 1687 2068 qui-

111 2103 207 2160 bus
253 2100 562 2172 projectum
618 2098 795 2153 fuerat
845 2094 1193 2167 pulveribus,
1248 2099 1303 2147 et
1353 2096 1692 2160 eomportata

114 2200 278 2259 terra,
308 2198 575 2262 quantum
619 2196 935 2261 potuerunt,
977 2184 1314 2242 abscondere
1343 2189 1691 2246 curaverunt,

112 2300 176 2343 ne
205 2286 488 2342 laesionem
524 2284 595 2340 ab
628 2282 811 2355 aliquo
842 2283 911 2338 de
952 2281 1192 2338 trucibus
1217 2287 1273 2336 et
1298 2278 1539 2335 cruentis
1574 2276 1697 2339 ani-

113 2377 345 2434 malibus
372 2356 689 2433 sustineret.
718 2371 862 2429 Nulli
895 2380 1076 2429 autem
1108 2379 1230 2445 post
1257 2371 1373 2427 haec
1411 2384 1555 2426 cum
1596 2366 1697 2423 fuit

113 2467 414 2525 ususferre
456 2464 836 2537 corpusculum
896 2463 1071 2520 sancti
1095 2504 1112 2529 ,
1158 2461 1253 2519 sed
1300 2460 1552 2517 manebat
1595 2459 1697 2516 sub

119 2562 292 2632 signo.
317 2559 493 2615 Porro
516 2566 577 2614 ut
606 2555 875 2614 modicum
895 2553 1283 2618 celebraretur,
1316 2567 1423 2607 non
1451 2565 1621 2622 pauca
1642 2550 1698 2605 in

109 2652 300 2708 eodem
324 2650 446 2715 loco
485 2648 629 2705 facta
662 2657 789 2705 sunt
816 2648 1077 2702 virtutum
1122 2660 1189 2701 ac
1224 2643 1517 2701 sanitatum
1563 2641 1699 2697 insi-

108 2746 233 2817 gnia
257 2741 349 2799 bis
377 2742 472 2812 qui
514 2740 619 2797 fide
654 2755 780 2807 eum
823 2739 1165 2796 invocabant.
1191 2736 1327 2794 Cum
1355 2732 1470 2804 jam
1513 2733 1703 2800 fuisset

111 2836 373 2892 meritum
405 2834 663 2907 martyris
689 2833 1042 2905 divulgatum,
1068 2831 1328 2887 Leontius
1352 2829 1568 2902 quidem
1591 2829 1703 2885 Deo

112 2925 392 2995 amabilis,
414 2925 502 2981 vir
535 2925 810 2981 adornans
853 2924 1104 2980 thronum
1154 2922 1485 2994 Illyricorum
1515 2919 1706 2993 praefe-

110 3031 306 3086 cturae,
342 3020 563 3079 domum
583 3035 702 3090 qme
739 3018 1138 3075 sanctissimum
1166 3015 1471 3073 continebat
1497 3021 1706 3085 marty-

114 3111 191 3167 ris
214 3124 442 3180 eorpus,
470 3125 593 3165 eum
626 3108 922 3165 humillima
962 3114 1110 3165 esset
1147 3115 1202 3163 et
1244 3104 1480 3176 undique
1507 3106 1705 3160 obruta

109 3210 168 3256 et
207 3209 570 3274 coaugustata
613 3200 912 3271 porticibus
946 3198 1147 3269 publici
1192 3196 1372 3255 balnei
1413 3211 1479 3251 ac
1519 3194 1700 3261 stadii,

115 3293 376 3349 universa
410 3291 663 3347 nocentia
694 3290 975 3346 mundavit
1005 3297 1062 3347 et
1084 3287 1426 3360 expurgavit,
1456 3286 1701 3357 praediis-

114 3398 223 3453 que
264 3381 623 3452 amplioribus
653 3380 898 3436 dilatavit
929 3394 1074 3445 eam,
1120 3390 1177 3436 et
1202 3379 1379 3435 erexit
1408 3378 1482 3434 ibi
1522 3386 1706 3435 orato-

118 3474 262 3528 rium
300 3472 357 3527 in
389 3473 593 3529 honore
622 3471 795 3527 sancti
820 3470 1075 3542 martyris
1106 3469 1363 3527 Demetrii
1394 3470 1463 3526 ad
1491 3469 1706 3527 laudem

121 3563 337 3620 Domini
385 3563 557 3621 nostri
598 3560 726 3620 Iesu
772 3563 997 3629 Christi,
1040 3576 1165 3620 cum
1211 3577 1322 3635 quo
1350 3571 1436 3621 est
1465 3562 1613 3618 Patri
1652 3569 1709 3618 et

120 3652 355 3724 Spiritui
388 3664 577 3710 saneto
599 3652 789 3724 gloria,
818 3654 994 3710 honor
1027 3660 1086 3711 et
1113 3653 1400 3724 imperium
1427 3653 1485 3710 in
1511 3652 1707 3710 sarcula

120 3742 468 3800 saeculorum.

193 3835 478 3893 Marianos
501 3836 743 3906 quidam,
778 3851 917 3893 unus
956 3836 1024 3892 de
1048 3833 1412 3902 senatoribus,
1435 3835 1503 3891 ab
1540 3834 1708 3905 impc-

122 3931 405 3988 ratoribus
457 3930 641 4001 jussus
694 3939 779 3989 est
844 3930 1109 3988 dominari
1170 3930 1422 4001 gentibus
1473 3943 1595 4000 quae
1650 3928 1706 3984 in

124 4022 345 4094 Illyrico
372 4031 533 4077 erant
569 4037 719 4079 more
740 4021 1141 4093 praefectorum.
1163 4019 1268 4088 Qui
1287 4020 1510 4079 veniens
1539 4018 1712 4076 Thes-

123 4110 425 4167 salouicam
465 4111 552 4179 pie
576 4109 909 4182 przefeetura:
925 4111 1264 4182 gubernabat
1292 4110 1553 4175 habenas,
1578 4109 1711 4165 Deo-

121 4217 233 4273 que
257 4211 315 4258 et
353 4203 660 4258 hominibus
695 4209 818 4257 erat
851 4210 1124 4272 acceptus.
1156 4201 1308 4259 Tunc
1331 4202 1594 4266 diabolus,
1629 4202 1711 4257 in-

121 4294 322 4350 videns
344 4291 464 4362 ejus
494 4292 704 4363 opibus,
736 4292 812 4346 uti
838 4291 942 4349 Job
959 4292 1182 4362 expetiit
1210 4306 1333 4348 eum
1369 4301 1428 4346 ut
1456 4301 1707 4347 tentaret.

122 4385 197 4441 Et
228 4386 286 4439 in
308 4385 500 4455 primis
519 4384 683 4454 coepit
702 4398 827 4439 eum
852 4391 1061 4439 tentare
1088 4392 1294 4453 septem
1319 4384 1487 4439 vitiis.
1508 4384 1708 4450 Atille,

122 4475 308 4546 gratia
346 4474 441 4529 Dei
471 4471 738 4540 suffultus,
779 4480 973 4528 cuncta
1002 4471 1119 4542 ejus
1144 4472 1578 4530 machinamenta
1617 4489 1711 4529 su-

1793 1990 1945 2049 Tunc
1977 1992 2162 2050 famuli
2204 1994 2444 2053 tulerunt
2478 1997 2755 2055 dominum
2784 2016 2941 2055 suum
2972 2001 3061 2057 ubi
3089 2000 3226 2071 jussi
3251 2005 3367 2058 fue-

1792 2096 1953 2155 rant;
1988 2097 2042 2144 et
2069 2087 2231 2157 jussit
2258 2104 2318 2145 se
2359 2086 2561 2160 ponere
2594 2089 2931 2148 solummodo
2960 2092 3013 2147 in
3040 2095 3370 2165 pavimento.

1793 2176 2036 2250 Cumque
2078 2179 2306 2250 jaceret,
2346 2195 2540 2236 somno
2588 2180 2765 2236 subito
2809 2182 3100 2253 arripitur;
3154 2194 3210 2240 et
3246 2201 3376 2243 ecce

1794 2270 1986 2327 beatus
2013 2269 2316 2327 Demetrius
2338 2271 2533 2328 iterum
2560 2271 2807 2343 apparuit
2825 2274 2876 2328 ei
2903 2274 3088 2331 dicens
3117 2293 3130 2329 :
3164 2273 3269 2332 Per
3291 2291 3378 2332 me

1797 2364 1976 2419 sanari
2007 2373 2180 2435 potes,
2208 2365 2302 2421 sed
2330 2364 2495 2419 timeo
2520 2380 2589 2419 ne
2613 2364 2754 2421 forte
2776 2374 2897 2437 post
2919 2367 3205 2423 sanitatem
3229 2369 3377 2424 euris

1797 2457 1957 2528 hujus
2004 2459 2187 2514 mundi
2228 2467 2280 2513 te
2325 2450 2589 2530 implices;
2638 2459 2707 2515 At
2757 2458 3076 2517 Marianus:
3128 2461 3206 2516 Tu
3246 2464 3375 2525 scis,

1799 2549 2039 2615 domine,
2069 2550 2195 2620 quia
2240 2565 2516 2621 nunquam
2566 2550 2669 2606 hoc
2714 2550 2801 2623 egi
2849 2566 2952 2608 nec
2999 2567 3159 2623 agere
3195 2554 3374 2622 cupio.

1800 2645 1866 2699 Et
1888 2645 2013 2701 ille:
2046 2645 2293 2703 Christus
2316 2652 2370 2701 te
2407 2654 2563 2702 sanat
2594 2646 2684 2717 qui
2720 2646 2880 2717 erigit
2901 2646 3080 2703 elisos.
3121 2648 3184 2701 Et
3213 2646 3380 2718 evigi-

1801 2736 1918 2795 lans
1946 2736 2216 2792 Marianus
2255 2736 2419 2807 coepit
2460 2752 2686 2792 narrare
2720 2737 3001 2792 visionem.
3032 2736 3274 2807 Cumque
3313 2738 3380 2792 ad

1802 2828 1907 2885 hoc
1937 2836 2160 2883 ventum
2205 2827 2394 2883 fuisset
2434 2829 2524 2884 ubi
2571 2819 2785 2901 martyr
2828 2830 3007 2885 dixit:
3038 2830 3288 2888 Christus
3329 2840 3381 2887 te

1804 2930 1964 2977 sanat
1986 2922 2077 2993 qui
2100 2922 2262 2994 erigit
2286 2923 2473 2989 elisos,
2501 2938 2666 2979 sanus
2716 2923 2953 2980 surrexit
2989 2924 3191 2997 gratias
3217 2938 3384 2995 agens

1805 3013 1916 3070 Deo
1943 3028 2063 3069 cum
2092 3014 2346 3070 omnibus
2374 3014 2467 3085 qui
2506 3013 2616 3070 illic
2657 3015 2906 3082 aderant,
2935 3015 3027 3087 qui
3056 3016 3189 3070 vivit
3215 3026 3268 3071 et
3297 3032 3381 3071 rc-

1804 3113 1934 3178 gnat
1963 3106 2015 3159 in
2045 3104 2242 3161 saecula
2268 3106 2605 3161 saeculorum.
2633 3107 2826 3161 Amen.

1877 3195 2000 3251 Fuit
2036 3195 2164 3251 item
2199 3196 2418 3267 quidam
2455 3195 2742 3268 praefectura
2773 3197 3165 3255 Thessalonica:
3198 3199 3389 3255 civita-

1810 3286 1882 3343 tis
1902 3285 1992 3357 qui
2029 3284 2231 3342 ﬂuxum
2263 3287 2542 3358 sanguinis
2568 3287 2873 3357 patiebatur
2909 3296 2966 3343 et
2991 3289 3137 3345 velut
3172 3289 3383 3352 mulier,

1805 3395 1925 3451 qua:
1974 3387 2119 3435 tactu
2167 3379 2395 3436 fimbriae
2428 3378 2739 3435 vestimenti
2783 3376 2994 3437 Domini
3044 3390 3234 3436 sanata
3280 3391 3383 3447 est,

1804 3485 1944 3543 pene
1968 3484 2185 3527 omnem
2231 3485 2455 3527 censum
2501 3469 2557 3525 in
2589 3471 2830 3526 medicos
2875 3473 3229 3543 expenderat,
3259 3481 3315 3528 et
3353 3487 3383 3526 a

1807 3562 2031 3618 nemine
2061 3562 2245 3617 sanari
2274 3570 2510 3633 poterat.
2540 3560 2780 3619 Tandem
2808 3578 2937 3634 ergo
2980 3564 3272 3633 inspiratus
3293 3563 3388 3641 di-

1806 3652 1933 3707 vina
1981 3650 2288 3716 clementia,
2336 3651 2569 3724 quadam
2608 3652 2696 3707 die
2735 3654 2812 3707 ait
2852 3653 3023 3709 servis
3072 3654 3184 3708 suis
3214 3673 3225 3708 :
3255 3653 3388 3708 Por-

1817 3750 1996 3799 tantes
2047 3750 2259 3814 portate
2305 3743 2391 3798 ine
2434 3746 2500 3799 ad
2551 3745 2769 3799 domum
2813 3746 3136 3817 protectoris
3168 3726 3390 3823 nostra:

1808 3833 2066 3889 civitatis.
2105 3833 2177 3887 At
2204 3833 2279 3888 illi
2310 3850 2433 3890 cum
2459 3834 2653 3890 timore
2679 3835 3062 3913 respondentes
3091 3836 3275 3892 dicunt
3296 3836 3386 3891 ei:

1809 3925 1867 3980 ln
1902 3924 2060 3996 cujus
2100 3926 2425 3998 protectoris
2459 3927 2675 3984 domum
2695 3912 2856 4007 jubes
2897 3928 3097 3985 ducere
3130 3912 3218 3984 te?
3248 3929 3393 3987 Dicit

1808 4017 1891 4072 eis
1922 4035 1936 4072 :
1971 4016 2159 4073 Primi.
2203 4016 2305 4085 Qui
2345 4017 2498 4073 aiunt
2544 4035 2561 4074 :
2610 4017 2776 4091 Cujus
2812 4019 3019 4090 primi?
3063 4019 3162 4077 Dic
3210 4022 3390 4087 nobis,

1796 4108 2046 4175 domine,
2074 4124 2291 4164 nomen.
2321 4108 2416 4165 Ille
2456 4124 2587 4165 vero
2631 4110 2858 4166 intuitus
2893 4126 2988 4167 eos
3015 4112 3151 4167 dixit
3190 4130 3204 4167 :
3247 4112 3392 4168 Proh

1811 4196 1996 4253 dolor!
2055 4212 2156 4270 ego
2213 4198 2512 4254 semivivus
2557 4196 2745 4266 iacens
2791 4200 2939 4255 illum
2992 4216 3289 4271 cognosco,
3337 4211 3395 4257 et

1812 4309 1909 4349 vos
1962 4308 2085 4348 cum
2124 4293 2244 4348 sani
2288 4294 2424 4357 sitis,
2477 4294 2737 4365 ignoratis
2781 4296 2941 4349 eum?
2990 4294 3219 4352 Nescitis
3247 4298 3393 4366 quod

1814 4385 2012 4440 multos
2058 4393 2394 4455 protectores
2442 4385 2604 4441 habet
2655 4386 2771 4440 haec
2822 4385 3013 4442 civitas
3040 4427 3056 4453 ,
3113 4388 3206 4442 sed
3253 4403 3393 4443 unus

1813 4477 2180 4546 supereminet
2224 4476 2453 4542 cunctis,
2502 4478 2595 4546 qui
2644 4493 2743 4548 pro
2781 4494 2844 4534 ea
2888 4495 3102 4551 semper
3144 4480 3394 4536 alacriter

125 4568 364 4639 peravit.
399 4566 639 4636 Cumque
676 4579 779 4620 nec
818 4565 898 4620 sic
934 4565 1222 4633 proficeret
1269 4564 1530 4631 diabolus,
1575 4581 1712 4621 cuu-
1737 4593 1787 4654 ο
1813 4578 2044 4639 pugnat;
2076 4584 2238 4638 quem
2262 4578 2319 4622 ut
2348 4584 2560 4624 murum
2590 4570 3060 4641 ineXpugnabilem
3087 4587 3192 4628 non
3219 4570 3394 4627 solum

124 4672 252 4717 etas
277 4660 352 4714 illi
379 4657 536 4728 hujus
565 4656 983 4713 mundidivitias
1003 4655 1224 4712 abstulit
1245 4673 1260 4723 ;
1281 4664 1338 4711 et
1365 4672 1465 4713 nec
1491 4658 1570 4713 sic
1590 4659 1706 4713 vin—

121 4768 258 4811 cere
290 4750 482 4823 potuit,
510 4762 803 4820 supernum
830 4749 975 4805 enim
1012 4764 1136 4807 cum
1166 4748 1257 4804 illo
1280 4757 1399 4804 erat
1424 4751 1705 4815 auxilium.

196 4847 289 4903 Ad
311 4846 558 4902 ultimum
582 4859 715 4916 ergo
762 4842 1023 4909 diabolus,
1063 4842 1409 4913 permittente
1441 4844 1572 4911 Deo,
1602 4854 1712 4901 tam

123 4938 291 5010 gravi
335 4951 457 4992 eum
484 4934 753 5007 percussit
795 4932 1130 4997 inﬁrmitate,
1177 4940 1237 4987 ut
1278 4932 1346 4988 de
1373 4933 1520 4989 nullo
1546 4950 1717 4992 mem-

121 5028 372 5088 brorum
408 5028 638 5086 habebat
663 5034 1010 5101 potestatem,
1044 5028 1147 5084 nisi
1187 5027 1354 5083 solius
1394 5028 1605 5099 linguae,
1649 5027 1719 5085 de

121 5138 244 5194 qua
277 5122 446 5178 Deum
472 5121 691 5178 assidue
738 5119 1009 5176 laudabat.
1047 5118 1291 5190 Cumque
1319 5119 1411 5174 diu
1453 5120 1595 5176 hanc
1636 5121 1718 5177 in-

121 5215 453 5272 ﬁrmitatem
490 5229 611 5272 cum
644 5211 909 5286 patientia
954 5211 1321 5277 sustinuisset,
1363 5212 1512 5268 venit
1538 5213 1721 5269 diaboo

123 5307 217 5364 lus
233 5308 296 5363 in
308 5306 570 5363 civitatem
592 5307 651 5364 in
672 5304 856 5376 specie
874 5302 1126 5368 hominis,
1145 5302 1326 5359 ferens
1347 5304 1718 5361 membranam

124 5398 433 5469 quamdam
467 5396 516 5452 in
552 5396 830 5461 manibus,
857 5403 913 5452 et
952 5394 1087 5453 dixit
1119 5394 1211 5450 uni
1241 5407 1520 5451 servorum
1551 5396 1668 5465 ejus
1700 5414 1715 5453 :

123 5491 193 5548 Si
221 5492 379 5546 hanc
398 5504 550 5540 Bttner
570 5506 633 5540 an.
663 5487 847 5537 tulerit
876 5488 1123 5532 timui-me
1153 5494 1277 5530 [nne
1331 5486 1399 5528 ah
1432 5486 1735 5528 infit-mila;

1812 4660 2026 4727 civitas,
2057 4661 2151 4715 sed
2177 4668 2232 4715 et
2258 4659 2459 4715 habere
2485 4667 2594 4715 tata
2629 4661 2932 4729 promeruit
2960 4662 3150 4732 regio?
3179 4660 3395 4715 Deferte

1813 4755 1977 4827 igitur
2011 4771 2098 4811 me
2124 4756 2177 4809 in
2216 4756 2432 4810 domum
2477 4755 2615 4826 ejus.
2648 4755 2755 4808 Aut
2783 4756 2929 4811 enim
2976 4757 3204 4812 visitaus
3235 4757 3396 4809 mise-

1816 4845 2024 4901 rebitur
2065 4844 2204 4911 mei;
2252 4852 2343 4900 aut
2380 4854 2552 4911 certe,
2595 4858 2718 4899 cum
2745 4844 2853 4901 illic
2881 4846 3168 4904 defunctus
3210 4845 3394 4914 fuero,

1820 4934 2080 5005 suscipiet
2122 4934 2359 4988 animam
2394 4949 2592 4998 meam,
2628 4943 2683 4989 et
2722 4934 2775 4988 in
2803 4916 3104 5013 futuraq'me
3145 4937 3399 4993 horrendi

1822 5026 2110 5083 tribunalis
2142 5025 2345 5081 Christi
2381 5026 2669 5097 praesentia
2695 5026 3065 5094 intercedens,
3109 5026 3309 5108 eripiet.
3336 5029 3404 5083 ab

1820 5128 2027 5179 aeterno
2071 5120 2354 5191 supplicio.
2382 5119 2594 5189 Quibus
2638 5119 2714 5174 illi
2754 5125 2982 5193 auditis,
3031 5123 3411 5181 intellexerunt

1820 5214 1966 5282 quod
1998 5216 2064 5272 de
2112 5221 2305 5268 saneto
2350 5211 2562 5271 diceret
2608 5213 2909 5285 Demetrio,
2961 5216 3051 5290 qui
3105 5218 3413 5288 frequenter

1822 5303 2087 5363 sanitates
2136 5301 2365 5359 inﬁrmis
2419 5304 2712 5371 reddebat;
2761 5311 2821 5357 et
2851 5309 3107 5367 celeriter
3147 5310 3415 5365 elevatum

1823 5393 2063 5453 tulerunt
2102 5410 2224 5450 eum
2252 5391 2397 5447 illuc.
2441 5395 2572 5464 Qua:
2595 5398 2774 5447 autem
2809 5393 3016 5473 lingua,
3061 5398 3259 5455 fratres
3286 5395 3416 5449 cha-

1824 5485 2026 5528 riccimi
2081 5491 2222 5528 Iulnn
2247 5493 2550 5526 marive-nev
2587 5486 2612 5510 λ’
