4016 6296
562 389 665 462 'ite

1711 387 2068 462 ANASTASII
2117 385 2658 501 nisuoruscamt

3726 415 3835 469 7‘20

560 520 725 590 poris,
757 521 848 575 sed
876 527 930 574 et
953 519 1144 574 animm
1177 519 1475 590 promeruit
1511 511 1800 576 sanitatem
1839 537 1934 592 per
1962 517 2134 574 virt'no
2161 525 2213 584 Α
2241 506 2624 576 r'estrueretur.
2664 520 2867 578 Taliter
2911 530 3237 579 restructnm
3268 535 3349 582 est
3386 528 3522 598 opus
3561 543 3707 599 smpe
3737 547 3834 586 no-

561 620 668 665 tem
699 610 910 666 Domini
950 611 1117 666 nostri
1153 609 1282 667 Jesu
1308 611 1530 679 Christi,
1563 612 1655 682 qui
1687 613 1818 668 vivit
1857 623 1910 669 et
1950 623 2141 684 regnat
2241 613 2501 668 minatum
2533 615 2741 670 meritis
2769 617 2944 672 sancti
2972 618 3248 690 martyris,
3273 615 3566 678 auxiliante
3597 625 3834 680 Domino

561 700 612 752 in
639 699 834 755 sarcula
867 699 1206 754 saeculorum.
1237 700 1430 756 Amen.

625 790 870 844 Amicum
901 790 1164 855 veritatis,
1204 791 1412 847 scilicet
1455 807 1726 849 summum
1767 793 2134 858 sacerdotem,

556 885 859 940 audivimus
901 901 1126 938 narrare
1153 886 1220 940 de
1251 886 1521 941 Demetrio
1560 895 1799 957 martyre
1819 927 1835 952 ,
1880 901 2000 954 quae
2027 886 2137 941 Deo

553 973 840 1040 a’tljuvante
871 974 923 1028 in
969 975 1426 1044 subsequentibus
1469 977 1769 1032 cdissercre
1803 987 2133 1045 satagemus.

552 1065 812 1135 Contigit,
859 1065 1053 1136 inquit,
1107 1066 1318 1122 incendi
1367 1077 1531 1123 noctu
1579 1069 1866 1134 ciborium,
1907 1070 2050 1138 quod
2081 1068 2134 1122 in

495 1157 497 1160 ⁴
551 1168 741 1215 sancto
771 1159 1094 1228 ejus’fuerat
1122 1161 1322 1232 templo
1351 1170 1524 1217 totum
1554 1178 1620 1218 ex
1650 1175 1874 1234 argento
1899 1163 2134 1232 splendi-

551 1251 701 1314 dum,
751 1251 823 1306 ita
866 1260 925 1306 ut
973 1254 1143 1307 totum
1195 1251 1513 1308 solveretur.
1567 1252 1954 1310 Sanctissimus
2003 1269 2134 1325 ergo

555 1343 842 1414 episcopus
871 1343 1149 1416 satagebat
1189 1345 1459 1402 fabricare
1492 1344 1806 1417 prtedictum
1843 1341 2129 1411 cibarium,

545 1444 601 1488 et
637 1449 743 1489 non
777 1434 1084 1490 inveniebat
1121 1436 1390 1506 integrum
1425 1436 1636 1506 pondus
1682 1438 1937 1506 argenti,
1987 1437 2131 1507 quod

543 1522 832 1580 conflatum
877 1524 1054 1580 fuerat
1092 1525 1159 1580 ad
1196 1525 1716 1580 consummationem
1745 1526 1878 1580 tanti
1929 1526 2128 1597 operis.

544 1614 905 1670 Meditabatur
953 1630 1188 1684 namque
1235 1615 1377 1684 apud
1429 1631 1488 1670 se
1534 1625 1597 1670 ut
1637 1625 1952 1687 argenteum
1986 1617 2131 1672 thro-

544 1722 696 1772 num,
724 1707 812 1776 qui
845 1706 898 1759 in
929 1706 1117 1762 eodem
1153 1715 1276 1760 erat
1326 1705 1615 1761 venerabili
1650 1707 1846 1776 templo
1873 1747 1888 1772 ,
1933 1704 2130 1762 dissul-

543 1805 715 1862 veret,
759 1799 814 1851 et
845 1797 969 1852 inde
1001 1811 1135 1867 opus
1157 1795 1460 1866 perﬁceret.
1501 1793 1744 1866 Cumque
1777 1798 1878 1852 hoc
1908 1797 2132 1852 statuis-

2239 709 2424 760 uestro
2463 705 2600 762 'Jesu
2657 707 2918 776 Christo,
2983 711 3074 781 qui
3125 727 3250 767 cum
3301 713 3461 770 Patre
3515 725 3570 770 et
3621 715 3832 787 Spiritu

2238 797 2426 852 saneto
2451 799 2584 852 ’vivit
2623 806 2678 856 et
2705 811 2896 872 regnat
2931 803 2984 857 in
3018 803 3213 859 sarcula
3252 805 3594 860 seculorum.
3627 808 3828 862 Amen.

2310 889 2414 944 Sed
2451 906 2550 945 nec
2579 891 2713 945 illud
2760 893 3122 950 omittendum
3151 897 3424 952 credimus
3460 899 3666 968 quod‘a
3695 915 3830 954 san-

2237 981 2480 1037 ctissimo
2523 981 2933 1056 archiepiscopo
2979 989 3300 1044 audivimus.
3338 989 3631 1046 Referebat
3680 996 3828 1048 enim

2237 1075 2302 1128 de
2337 1075 2570 1145 quodam
2602 1077 2970 1135 mansion'ario
3000 1064 3181 1151 templi
3231 1083 3490 1152 martyris
3541 1083 3825 1150 Demetrii,

2236 1165 2454 1220 nomine
2499 1165 2892 1238 llonesiphoro.
2940 1169 3075 1225 Cu’m
3119 1174 3400 1242 pergerem
3449 1174 3688 1242 quodam
3741 1176 3828 1230 die

2235 1251 2302 1306 ad
2356 1251 2644 1309 ecclesiam
2690 1255 2934 1324 praedicti
2980 1258 3256 1328 martyris,
3304 1259 3482 1315 inveni
3534 1262 3826 1331 praefatum

2235 1337 2669 1413 Honesiphorum
2714 1348 3137 1404 mansionarium
3165 1349 3442 1420 jacente‘m
3489 1362 3620 1407 ante
3651 1357 3825 1408 sancti

2233 1434 2487 1505 martyris
2515 1437 2715 1494 ostium
2764 1441 3105 1496 semivivum.
3159 1440 3401 1512 Cumque
3447 1444 3707 1500 turbatus
3755 1447 3825 1501 la-

2233 1522 2511 1580 mentarer
2552 1541 2652 1597 pro
2681 1529 2844 1585 amici
2873 1530 3210 1599 inﬁrmitate,
3242 1533 3298 1587 in
3328 1548 3387 1589 se
3421 1547 3681 1592 reversus
3709 1536 3822 1593 Ho-

2233 1613 2554 1684 nesiphor'us
2581 1632 2667 1672 me
2689 1616 3051 1686 ﬁerevidens,
3077 1622 3152 1676 ait
3182 1639 3196 1676 :
3227 1621 3407 1690 Quare
3433 1623 3678 1680 tristaris
3699 1632 3821 1697 pro-

2231 1710 2354 1771 pter
2380 1719 2486 1768 me,
2509 1704 2726 1762 domine
2757 1708 2996 1764 Eusebi?
3029 1711 3072 1766 si
3104 1726 3189 1767 me
3217 1711 3417 1784 diligis,
3441 1715 3552 1770 noli
3585 1717 3815 1780 turbari,

2231 1791 2326 1848 Sed
2350 1794 2581 1866 praecipe
2621 1806 3028 1854 monumentum
3069 1817 3248 1858 meum
3275 1805 3600 1874 praeparari,
3641 1815 3698 1861 et
3736 1817 3816 1862 me

542 1893 624 1938 set
649 1885 790 1955 apud
823 1900 902 1948 se,
935 1883 1040 1939 alio
1069 1885 1286 1942 nemine
1317 1886 1525 1942 sciente
1561 1887 1870 1951 consilium,
1903 1894 2125 1956 apparet
2155 1890 2200 1950 Β
2228 1882 2282 1937 in
2323 1897 2388 1938 eo
2431 1885 2611 1940 vivum
2656 1888 2844 1946 obrue.
2873 1889 3004 1959 ’Qua
3036 1907 3109 1947 re
3147 1894 3391 1950 turbatus
3433 1904 3672 1952 mmstus
3709 1896 3812 1951 dixi

543 1976 594 2028 in
627 1977 833 2030 somnis
857 1976 1055 2032 Chris‘ti
1099 1987 1306 2049 martyr
1331 1978 1634 2034 Demetrius
1669 1979 1985 2051 presbytero
2012 1977 2124 2034 cui-

548 2068 696 2133 dam,
721 2068 840 2123 viro
866 2070 1083 2140 optima:
1124 2070 1269 2134 vitae,
1301 2070 1575 2125 Demetrio
1613 2071 1852 2136 nomine,
1889 2072 2072 2126 dicens
2106 2090 2118 2125 :

543 2161 708 2226 Vade,
741 2162 828 2217 dic
855 2163 1106 2233 episc0po
1135 2163 1372 2218 civitatis
1399 2179 1412 2215 :
1449 2161 1526 2216 Nc
1550 2168 1844 2232 priesumas
1870 2163 2121 2216 thronum

540 2256 730 2310 domus
752 2270 886 2310 mea:
907 2255 1205 2310 destruere.
1250 2255 1384 2309 Cum
1413 2253 1516 2310 hoc
1559 2254 1845 2326 presbyter
1870 2253 2122 2324 episcopo

543 2343 840 2411 retulisset,
870 2346 1046 2416 primo
1077 2345 1293 2416 quidem
1323 2344 1522 2414 praesul
1541 2344 1786 2399 ‘miratus
1812 2352 1896 2400 est
1938 2359 2036 2414 pro
2057 2357 2122 2399 eo

535 2435 680 2504 quod
707 2450 806 2492 sua
833 2437 1088 2508 cogitatio
1115 2444 1234 2492 erat
1260 2435 1607 2491 manifestata
1633 2450 1647 2500 ;
1689 2434 1884 2490 deinde
1911 2435 2122 2504 putavit

533 2547 657 2586 eum
689 2531 869 2603 aliqua
897 2532 1204 2603 suspicione
1241 2532 1355 2588 haec
1383 2530 1625 2594 ﬁnxisse,
1658 2529 1747 2600 qui
1773 2530 2121 2599 eratdispen-

536 2634 686 2677 satcr
717 2623 902 2694 templi
933 2622 1262 2678 venerabilis
1283 2621 1562 2693 martyris.
1593 2619 1664 2675 Et
1687 2619 1821 2674 dixit
1839 2619 1889 2674 ei
1914 2619 2120 2690 episco-

533 2721 634 2782 pus
683 2730 696 2766 :
745 2711 1030 2783 Nunquam
1071 2728 1139 2767 ex
1187 2728 1274 2768 me
1325 2713 1429 2768 hoc
1488 2711 1708 2776 audisti,
1764 2711 1950 2766 frater.
1992 2709 2122 2766 Post

534 2799 734 2855 multos
763 2809 894 2856 vero
923 2801 1038 2857 dies
1082 2801 1278 2856 iterum
1327 2799 1585 2856 scrutatis
1615 2799 1816 2865 causis,
1866 2798 2121 2870 nulloque

535 2898 752 2960 reperto
783 2891 1009 2946 consilio
1033 2904 1117 2946 ex
1163 2905 1271 2961 quo
1321 2891 1676 2960 perﬁceretur
1716 2905 1852 2962 opus
1891 2890 2118 2956 eiborii,

535 2979 760 3033 consilio
784 2980 959 3048 primo
979 2995 1038 3036 se
1062 2981 1423 3047 conﬁrmavit,
1449 2980 1592 3050 quod
1615 2981 1681 3037 de
1699 2981 1897 3037 throno
1916 2980 2120 3037 faceret

535 3067 825 3122 ciborium.
857 3067 992 3124 Cum
1017 3069 1410 3140 vero'jussisset
1433 3070 1805 3142 argentarium
1831 3071 2037 3139 vocari,
2060 3081 2120 3127 ut

529 3157 848 3230 przeciperet
875 3160 926 3215 ei
955 3159 1142 3216 tollere
1175 3161 1447 3228 thromim,
1476 3163 1805 3218 renuntiavit
1827 3164 1874 3219 ei
1900 3163 2116 3234 quidam

2223 1973 2274 2028 ei
2306 1989 2319 2027 :
2352 1972 2517 2046 Cujus
2563 1977 2636 2033 rei
2689 1993 2886 2046 causa,
2924 1977 3129 2036 frater?
3172 1982 3266 2040 Hie
3310 1986 3594 2055 respondit
3631 2003 3646 2042 :
3682 1986 3811 2054 Quia

2224 2064 2433 2120 lrritavi
2477 2082 2595 2122 mea
2622 2069 2793 2140 ‘Culpa
2833 2072 2899 2127 ad
2951 2072 3283 2129 iracundiam
3324 2078 3576 2131 sanctam
3617 2087 3812 2149 mar-ty.

2223 2171 2356 2212 rem.
2389 2157 2652 2229 Apparuit
2691 2161 2820 2216 mihi
2857 2165 3130 2233 peccaturi
3165 2174 3656 2238 sanctusnamque
3681 2185 3814 2225 mar-

2221 2258 2309 2319 tyr
2335 2249 2386 2302 in
2411 2250 2636 2318 somnis,
2669 2260 2721 2308 et
2744 2253 2886 2310 dulci
2905 2269 3040 2310 voce
3071 2255 3281 2313 loeutus
3309 2265 3394 2314 est
3419 2259 3488 2313 ad
3507 2274 3614 2320 me
3646 2277 3659 2312 :
3689 2259 3814 2315 Fra-

2221 2347 2306 2394 ter
2346 2339 2738 2412 llonesiphore,
2790 2360 2898 2402 non
2945 2347 3123 2416 placet
3171 2349 3302 2404 mihi
3349 2349 3495 2420 quod
3543 2353 3810 2420 operaris.

2220 2429 2404 2487 Placet
2430 2434 2558 2488 mihi
2585 2435 2759 2505 magis
2785 2436 2978 2493 animae
3004 2439 3150 2494 salus
3183 2454 3347 2510 quam
3378 2439 3547 2495 millia
3576 2442 3810 2512 pondera

2219 2523 2360 2577 auri.
2390 2524 2471 2578 An
2498 2527 2676 2581 nescis
2698 2528 2828 2596 quia
2850 2542 3039 2584 cereus
3061 2529 3153 2599 qui
3175 2527 3402 2586 offertur
3425 2544 3528 2601 pro
3553 2533 3809 2602 peccatis,

2220 2620 2424 2682 quanto
2465 2621 2691 2686 apparet
2734 2618 2950 2684 ardens,
3005 2628 3156 2674 tanto
3215 2629 3430 2675 sanctos
3477 2631 3675 2676 manet
3721 2636 3812 2691 pro

2219 2704 2595 2772 peccatoribus
2639 2707 2708 2760 ad
2750 2707 3214 2765 intercedendum.
3259 2709 3390 2766 Sine
3429 2709 3602 2781 igitur
3630 2725 3812 2767 cereos

2219 2793 2453 2864 majores
2473 2804 2529 2851 et
2557 2797 2798 2854 minores
2821 2799 3032 2865 ardere,
3059 2800 3188 2870 quia
3214 2809 3429 2870 oportet
3462 2803 3694 2857 omnino
3728 2818 3814 2858 ce-

2220 2889 2327 2944 reis
2366 2888 2708 2959 resplendere
2749 2891 2967 2947 domum
3009 2908 3206 2949 meam.
3240 2893 3355 2966 Ego
3383 2902 3570 2951 autem
3611 2893 3810 2960 infelix,

2219 2978 2631 3049 expergefactus
2670 2979 2938 3036 azstimavi
2981 2996 3068 3037 me
3105 2982 3719 3052 phantasiam'videre,
3761 2994 3813 3040 et

2219 3065 2492 3137 dixiapud
2537 3083 2624 3124 me
2671 3086 2685 3123 :
2733 3068 2968 3126 Sanctus
3007 3086 3114 3126 non
3146 3079 3373 3142 apparet
3409 3074 3809 3142 peccatoribus.

2217 3153 2311 3212 Bis
2334 3171 2462 3212 vero
2483 3165 2540 3212 et
2578 3167 2660 3213 ter
2688 3159 2876 3216 eadem
2915 3161 3121 3216 monita
3163 3161 3218 3216 in
3255 3162 3461 3218 somnis
3484 3163 3729 3232 suscepi.
3762 3173 3811 3219 et

529 3251 716 3307 dicens
750 3268 763 3306 :
800 3251 1108 3306 Demetrius
1142 3253 1430 3324 presbyter
1460 3253 1528 3308 ad
1562 3253 1914 3308 sanctitatem
1967 3263 2112 3308 tuam
2142 3255 2187 3320 ρ
2218 3247 2334 3303 haec
2356 3247 2626 3304 custodire
2662 3248 2838 3317 volui,
2878 3257 2936 3305 et
2974 3265 3148 3320 usque
3186 3251 3240 3306 in
3280 3250 3440 3306 ﬁnem
3484 3265 3810 3308 conservare

530 3341 739 3412 ingredi
770 3341 1028 3412 postulat.
1060 3341 1161 3409 Qui
1192 3357 1317 3398 cum
1347 3343 1604 3398 intrasset
1633 3343 1761 3398 dicit
1792 3343 1840 3398 ei
1876 3342 2114 3398 :Deme~

527 3436 668 3491 trius
717 3443 952 3509 martyr,
1002 3436 1095 3508 qui
1131 3437 1280 3508 prius
1331 3435 1582 3507 apparuit
1628 3436 1762 3491 mihi
1813 3437 2112 3508 peccatori,

527 3525 725 3582 iterum
771 3527 829 3583 in
875 3528 992 3584 visu
1044 3527 1299 3598 apparuit
1345 3526 1479 3583 mihi
1525 3527 1666 3582 tristi
1717 3527 2113 3598 quodammodo

528 3618 712 3684 vultu,
762 3627 818 3674 et
859 3621 1114 3690 prmcepit
1167 3618 1420 3674 nuntiare
1463 3617 1786 3673 beatitudini
1841 3627 1944 3673 tuae
1999 3618 2120 3674 haec

528 3710 697 3764 verba
735 3728 747 3765 :
780 3710 1008 3782 Propter
1039 3711 1362 3766 eharitatem
1390 3725 1460 3766 ne
1505 3711 1794 3766 contristes
1821 3725 1907 3766 me
1927 3711 1989 3766 'in
2017 3709 2111 3765 de-

527 3802 827 3858 8tructione
877 3802 1080 3857 throni.
1131 3803 1203 3856 At
1246 3801 1338 3856 ille
1393 3800 1620 3856 audiens
1675 3799 1984 3871 indignatus
2031 3808 2116 3855 est

529 3893 789 3950 adversus
815 3893 1215 3965 presbyterum,
1264 3893 1494 3964 putabat
1526 3892 1670 3948 enim
1717 3891 1867 3946 illum
1911 3890 2116 3962 ﬁngere

529 3985 677 4040 talia.
712 3985 882 4053 Quem
905 3995 960 4041 et
987 3985 1260 4042 austerius
1287 4001 1317 4039 a
1348 3999 1406 4040 se
1432 3984 1657 4050 dimisit,
1689 3992 1744 4039 et
1770 3981 2112 4038 manifestam

529 4091 682 4131 suam
710 4075 840 4140 fecit
870 4077 1250 4142 intentionem,
1285 4075 1472 4131 dicens
1512 4093 1525 4130 :
1558 4074 1785 4130 Abunde
1817 4075 1931 4130 dari
1969 4072 2117 4143 judi-

528 4182 622 4222 cas
671 4167 816 4238 quod
861 4167 1070 4239 argenti
1101 4167 1280 4222 minus
1325 4177 1408 4221 est
1460 4164 1734 4236 ponderis.
1794 4163 1873 4220 Ne
1907 4173 2115 4220 temere

524 4259 758 4330 judices,
785 4258 1194 4329 phiIOSOphatus
1217 4257 1269 4312 in
1293 4255 1519 4313 aliorum
1546 4254 1939 4319 tribulationes.
1965 4255 2115 4310 Tunc

527 4351 615 4406 ille
662 4352 946 4422 presbyter
973 4349 1226 4406 confusus
1269 4349 1459 4404 exivit.
1508 4347 1757 4403 Nondum
1790 4347 1987 4418 quippe
2033 4346 2114 4401 di-

525 4450 683 4496 xerat
707 4443 756 4497 ei
801 4449 1020 4498 sanctus
1062 4442 1189 4511 quid
1219 4441 1335 4496 ﬁeri
1369 4447 1666 4512 oporteret,
1713 4439 1808 4494 sed
1857 4446 2111 4491 tantum:

525 4533 703 4588 Meum
752 4549 820 4590 ne
847 4533 1075 4604 dissipes
1129 4534 1402 4588 thronum.
1454 4531 1512 4586 ln
1564 4531 1679 4600 ipsa
1728 4539 1909 4586 autem
1951 4539 2110 4586 nocte

2212 3336 2484 3394 desidero.
2517 3337 2576 3392 In
2615 3339 2718 3394 hac
2759 3353 2890 3396 vero
2933 3349 3092 3396 nocte
3135 3341 3284 3396 venit
3321 3341 3547 3411 quidam
3591 3343 3811 3400 devotus

2212 3428 2299 3483 vir
2322 3429 2390 3484 ad
2418 3427 2701 3485 ecclesiam
2735 3445 2962 3504 magnos
2995 3447 3184 3489 cereos
3225 3432 3480 3489 offerens.
3519 3433 3664 3490 Post
3695 3450 3812 3490 ora-

2216 3517 2415 3574 tionem
2455 3533 2610 3575 suam
2655 3521 2886 3577 recessit
2926 3521 2994 3578 de
3037 3521 3291 3579 ecclesia.
3330 3522 3585 3592 Cogitavi
3613 3540 3718 3596 ego
3756 3536 3810 3580 ut

2215 3612 2617 3682 exstinguerem
2647 3611 2787 3681 illos,
2805 3613 3003 3671 oblitus
3030 3615 3307 3672 decretum
3331 3617 3504 3670 sancti
3531 3619 3806 3690 martyris.

2214 3703 2454 3775 Cumque
2497 3706 2756 3776 impetum
2789 3706 3036 3766 fecissem
3070 3718 3129 3764 ut
3166 3724 3352 3767 cereos
3375 3711 3805 3782 exstinguerem,

2215 3802 2434 3850 sanctus
2490 3795 2796 3854 Demetrius
2858 3797 2926 3854 de
2979 3806 3239 3868 argenteo
3287 3799 3451 3855 cubili
3524 3815 3628 3856 suo
3683 3812 3808 3856 voce

2213 3899 2410 3957 magna
2427 3893 2490 3942 et
2511 3886 2745 3943 terribili
2779 3886 3024 3945 clamans
3057 3889 3128 3945 ad
3164 3903 3251 3944 me
3285 3889 3426 3948 dixit
3459 3908 3471 3943 :
3498 3889 3548 3946 0
3579 3892 3803 3962 cupide!

2213 3982 2271 4030 et
2307 3975 2524 4042 iterum,
2569 3991 2604 4032 ο
2635 3977 2865 4047 cupide!
2909 3977 3024 4050 Ego
3067 3993 3198 4035 vero
3225 3979 3595 4049 miserrimus,
3645 3983 3808 4036 nimis

2213 4066 2554 4136 perterritus,
2579 4067 2647 4123 ad
2673 4076 2876 4125 terram
2892 4069 3080 4136 elisus,
3102 4079 3255 4125 extra
3276 4070 3464 4126 valvas
3487 4073 3806 4130 monasterii

2214 4159 2438 4231 ejectus,
2467 4160 2561 4217 ubi
2590 4160 2844 4218 invenisti
2886 4177 2974 4218 me
3019 4160 3178 4231 jaceo
3203 4177 3344 4234 pene
3377 4173 3654 4220 mortuus.
3688 4165 3808 4220 [lare

2213 4249 2431 4322 quidem
2459 4267 2602 4324 saepe
2620 4254 2900 4310 enarravit
2927 4253 3091 4310 Pater
3115 4262 3299 4310 noster
3336 4256 3804 4326 archiepiscopus.

2213 4341 2324 4398 Nos
2369 4353 2550 4398 autem
2577 4343 2836 4400 obaudire
2864 4352 3078 4414 oportet
3103 4358 3170 4399 ea
3214 4359 3334 4416 quae
3357 4344 3389 4398 ὸ
3439 4347 3654 4401 sanctis
3695 4349 3808 4417 ejus

2213 4433 2394 4489 divina
2447 4434 2768 4490 auctoritate
2829 4434 3235 4506 praecipiuntur.
3295 4435 3497 4490 Eorum
3571 4453 3806 4507 namque

2214 4525 2524 4598 benignitas
2575 4541 2676 4583 nos
2729 4541 2944 4598 semper
2971 4527 3256 4593 custodiat,
3306 4537 3362 4584 et
3414 4529 3466 4582 in
3521 4530 3807 4598 prmeeptis

525 4627 775 4696 apparuit
803 4636 1024 4680 sanctus
1055 4624 1356 4680 Demetrius
1382 4624 1705 4695 presbytero
1735 4621 2026 4686 Demetrio,
2053 4629 2109 4676 et
2135 4605 2188 4666 Ῑ)
2213 4617 2415 4674 Christi
2450 4619 2874 4690 perseverabiles
2899 4623 3106 4678 reddat.
3133 4623 3328 4676 Amen.

527 4721 660 4773 dixit
684 4720 731 4773 ei
763 4733 778 4772 :
816 4719 980 4784 Vade,
1014 4718 1102 4774 die
1151 4717 1564 4787 archiepiscopo
1601 4734 1614 4772 :
1649 4715 1768 4772 Noli
1822 4730 2018 4771 curare
2045 4715 2112 4772 de

529 4826 650 4864 meo
673 4810 903 4873 eihorio,
934 4824 1034 4879 ego
1057 4809 1198 4864 enim
1235 4808 1362 4862 illud
1389 4808 1667 4878 perﬁciam
1701 4821 1797 4878 per
1829 4807 2110 4877 memetip-

527 4916 668 4956 sum.
701 4900 945 4970 Implevit
989 4915 1220 4970 namque
1254 4900 1536 4970 presbyter
1576 4899 1724 4970 jussa
1753 4900 2027 4972 martyris,
2057 4910 2113 4955 et

530 5009 630 5048 suo
677 4994 792 5048 haec
838 4993 974 5048 dixit
1003 4992 1239 5063 praesuli.
1291 4991 1405 5046 lloc
1447 5006 1567 5045 cum
1615 4991 1853 5046 audisset
1890 4991 2108 5062 praesul,

529 5083 720 5137 laudes
763 5083 996 5138 reddidit
1037 5082 1148 5137 Deo
1198 5091 1252 5135 et
1301 5090 1491 5136 saneto
1541 5083 1768 5154 martyri
1817 5083 2108 5140 Demetrio.

530 5177 668 5230 Dum
716 5174 893 5228 adhuc
935 5175 1002 5228 de
1049 5173 1132 5228 his
1180 5172 1532 5243 loquerentur
1575 5172 1642 5226 ad
1692 5171 1948 5239 invicem,
1986 5188 2114 5230 ecce

529 5263 784 5321 ostiarius
831 5262 1044 5316 advenit
1085 5261 1278 5317 Dicens
1319 5279 1332 5314 :
1374 5261 1572 5317 Sancte
1599 5261 1816 5332 praesul,
1853 5262 2116 5331 praedives

532 5353 756 5408 Mennas
785 5359 892 5406 stat
914 5361 1037 5406 ante
1060 5350 1282 5418 januam
1313 5360 1459 5405 tuam
1489 5353 1710 5421 cupiens
1741 5359 1916 5407 tecum
1945 5351 2111 5421 loqui.

533 5443 676 5500 Dicit
701 5443 750 5498 ei
787 5459 800 5496 :
839 5442 1050 5496 Veniat.
1087 5443 1320 5498 Veniens
1343 5443 1634 5513 praedictus
1665 5442 1886 5499 Mennas
1921 5443 2113 5500 obtulit

532 5554 587 5598 et
617 5556 759 5598 uxv
791 5540 958 5596 libras
987 5540 1195 5611 argenti
1219 5541 1271 5594 in
1297 5539 1564 5610 adiutorio
1585 5540 1796 5596 ciborii.
1827 5540 1893 5594 Et
1916 5539 2111 5595 deinde

533 5637 682 5692 venit
707 5635 970 5702 Joannes,
999 5633 1208 5692 scilicet
1247 5634 1477 5690 dulcedo
1511 5649 1808 5704 pauperum
1832 5675 1847 5699 ,
1879 5633 2112 5690 offerens

537 5728 586 5782 ci
628 5728 984 5799 quadraginta
1035 5727 1292 5780 librarum
1337 5727 1549 5796 pondus
1594 5725 1837 5796 argenti;
1885 5735 1940 5781 et
1969 5727 2114 5782 cives

537 5819 900 5886 advenientes,
932 5829 1090 5890 prout
1113 5825 1381 5890 poterant,
1413 5815 1730 5885 offerebant,
1758 5825 1816 5873 ut
1847 5817 2113 5874 ciborium

2282 4709 2498 4769 Accidit
2536 4709 2936 4768 habitatoribus
2963 4710 3363 4769 Thessalonicae
3408 4711 3682 4780 civitatis,
3711 4728 3807 4784 pro

2213 4803 2450 4873 peccatis
2471 4803 2720 4858 videlicet
2752 4803 2885 4870 suis,
2914 4813 2975 4858 ut
2995 4819 3126 4876 gens
3157 4802 3443 4859 barbarica
3481 4817 3684 4859 eorum
3714 4806 3804 4861 de-

2214 4895 2551 4965 praedaretur
2581 4904 2814 4962 terram,
2853 4895 3042 4951 domos
3082 4894 3295 4950 illorum
3333 4895 3585 4959 ardebat,
3629 4906 3686 4951 et
3730 4898 3806 4950 vi-

2216 5003 2346 5043 neas
2383 4989 2667 5058 stirpabat,
2699 4987 2838 5042 filios
2865 4996 2920 5043 et
2949 4986 3109 5051 ﬁlias,
3149 5000 3318 5057 equos
3342 4995 3398 5042 et
3437 4987 3648 5055 asinos,
3680 5004 3806 5044 oves

2217 5087 2272 5135 et
2301 5080 2466 5134 boves
2489 5079 2542 5133 in
2576 5079 2941 5147 captivitatem
2981 5078 3358 5144 transferebat;
3390 5078 3730 5136 frumentum
3755 5092 3808 5137 et

2218 5173 2401 5227 vinum
2435 5181 2491 5226 et
2518 5170 2694 5226 oleum
2737 5171 2792 5224 in
2823 5169 3159 5225 obsidionem
3194 5170 3432 5226 civitatis
3461 5172 3808 5229 devastabat.

2219 5263 2585 5321 Persecutioni
2617 5263 2902 5319 subsecuta
2932 5270 3018 5317 est
3047 5259 3222 5318 fames
3252 5262 3431 5316 valida
3469 5262 3526 5317 in
3565 5271 3681 5319 tota
3724 5280 3808 5319 re-

2221 5358 2378 5428 gione
2402 5355 2512 5411 illa.
2555 5353 2671 5422 Qua
2707 5364 2928 5424 propter
2964 5355 3224 5425 primates
3257 5353 3495 5408 civitatis
3538 5357 3810 5412 miserunt

2221 5450 2425 5521 legatos
2453 5449 2518 5503 ad
2543 5449 2925 5518 imperatorem
2955 5453 3014 5501 ut
3041 5447 3108 5501 ab
3133 5446 3419 5502 obsidione
3439 5445 3806 5503 barbarorum

2216 5551 2269 5596 et
2308 5541 2376 5596 ab
2415 5539 2718 5594 imminenti
2760 5538 2904 5594 fame
2947 5537 3204 5594 liberaret
3243 5539 3543 5594 civitatem.
3595 5539 3806 5595 Interea

2219 5630 2638 5702 gloriosissimus
2669 5637 2877 5700 martyr
2911 5628 3216 5684 Demetrius
3241 5627 3316 5682 ita
3359 5637 3418 5682 ut
3453 5630 3507 5682 in
3547 5630 3804 5700 imagini-

2219 5740 2319 5780 nus
2352 5723 2610 5794 pingitur,
2641 5723 2894 5794 apparuit
2925 5722 2979 5776 in
3008 5730 3165 5792 parte
3198 5721 3389 5777 insulm
3419 5722 3555 5793 Chyi
3589 5723 3805 5778 cuidam

2219 5814 2499 5882 nauclero,
2541 5813 2757 5870 nomine
2797 5811 3100 5884 Stephano,
3143 5826 3282 5869 onus
3309 5810 3570 5866 frumenti
3609 5811 3808 5866 ducen-
