3926 5418
494 361 600 419 725

1630 323 1987 415 Auasrasu
2023 352 2562 415 BlBLlOTilECARll

3646 357 3737 413 ’ω

493 479 576 536 eis
602 490 700 534 cur
727 442 872 532 tanta
896 474 1179 531 multitudo
1219 474 1424 545 absque
1445 473 1550 529 ulla
1582 488 1641 529 re
1661 473 1889 546 fugeret.
1922 471 2074 528 Tunc
2101 471 2147 531 Δ
2177 479 2232 526 et
2259 472 2569 533 misericors
2601 474 2775 541 Deus,
2803 475 2893 546 qui
2921 477 3185 534 exaudisti
3228 477 3423 535 Jonam
3469 476 3538 534 de
3564 486 3739 541 ventre

491 569 714 628 barbari
748 587 762 624 :
790 567 1071 623 Multitudo
1094 567 1366 632 virorum,
1392 581 1553 636 quam
1588 565 1916 627 occultastis,
1948 578 2071 619 cum

492 659 631 716 duce
660 659 955 716 fortissimo
1002 666 1306 715 nostrorum
1349 655 1558 727 fugavit
1589 666 1853 711 catervas.
1883 653 1954 710 At
1994 653 2072 709 illi

494 753 877 811 intellexerunt
899 753 1087 807 ducem
1114 765 1234 807 esse
1255 749 1587 805 Demetrium
1619 756 1932 820 martyrem,
1949 760 2072 801 eum

492 847 734 911 exercitu
780 844 1093 916 angelorum
1138 843 1320 899 hostes
1369 840 1711 913 effugantem.
1761 838 1912 895 Tunc
1956 836 2070 893 col-

489 934 646 993 lectis
674 936 905 999 hostium
953 934 1138 1005 spoliis
1166 932 1468 1005 conglobati
1500 930 1569 986 ad
1606 929 1889 986 ecclesiam
1927 926 2071 983 beati

490 1027 748 1083 Demetrii
781 1027 1077 1083 immensas
1103 1026 1212 1081 Deo
1249 1025 1451 1097 gratias
1498 1021 1818 1086 retulerunt,
1850 1020 1942 1093 qui
1975 1034 2074 1091 per

490 1117 607 1188 ejus
634 1116 1076 1174 intercessionem
1096 1130 1284 1176 eorum
1308 1115 1375 1171 ab
1396 1113 1642 1187 hostibus
1666 1111 1916 1168 liberavit
1941 1109 2073 1173 civi-

489 1214 678 1263 tatem.
708 1204 840 1262 Cum
862 1205 1047 1277 plures
1076 1205 1227 1276 plura
1253 1204 1601 1275 loquerentur
1626 1203 1694 1260 de
1717 1203 2070 1258 barbarorum

490 1299 636 1370 fuga,
674 1313 972 1370 exsurgens
1014 1297 1235 1368 quidam
1275 1312 1343 1353 ex
1387 1296 1589 1353 nostris
1635 1295 1895 1373 fratribus
1935 1293 2073 1351 dixit

492 1391 651 1447 nobis
676 1409 689 1445 :
719 1389 853 1446 Cum
877 1389 1111 1462 quadam
1154 1399 1314 1447 nocte
1360 1391 1518 1463 hujus
1546 1389 1917 1456 hebdomadae,
1950 1396 2072 1459 post

490 1486 806 1549 matutinos,
832 1492 1133 1556 perstarem
1158 1484 1211 1540 in
1234 1483 1430 1555 templo
1445 1483 1618 1541 sancti
1637 1481 1894 1538 Demetrii
1919 1496 2069 1537 mar-

492 1578 644 1650 tyris,
674 1587 728 1633 et
750 1593 961 1633 orarem
983 1585 1111 1633 ante
1130 1585 1375 1633 sanctum
1403 1575 1709 1647 sepulcrum
1735 1572 1878 1644 ejus,
1920 1573 2072 1629 inva-

487 1669 561 1723 sit
595 1684 682 1723 me
711 1683 872 1738 sopor
907 1667 1129 1733 nimius,
1175 1667 1247 1725 ita
1294 1676 1351 1722 ut
1383 1680 1481 1724 nec
1509 1665 1732 1721 omnino
1757 1662 2066 1728 dormirem,

488 1772 589 1814 nec
631 1773 698 1813 ex
729 1765 840 1813 toto
870 1757 1164 1829 vigilarem.
1214 1756 1282 1811 Et
1325 1771 1455 1813 ecce
1484 1757 1589 1812 duo
1622 1754 1724 1810 viri
1762 1754 1879 1809 visu
1913 1752 2069 1809 terri-

2175 563 2314 629 ceti,
2343 573 2399 619 et
2437 574 2546 621 tres
2589 581 2784 638 pueros
2822 567 2887 623 de
2938 568 3151 631 camino
3195 569 3333 642 ignis
3384 569 3651 635 ardentis,
3693 576 3742 624 et

2174 648 2481 707 Susannam
2510 653 2578 709 de
2624 652 2761 710 falso
2791 651 3040 722 crimine,
3068 656 3263 712 exaudi
3290 656 3554 728 populum
3582 665 3738 723 tuum,

2173 751 2229 799 et
2272 743 2442 801 libera
2493 760 2619 801 eum
2669 746 2739 802 de
2783 747 3005 803 interitu
3056 747 3438 804 barbarorum.
3487 747 3558 802 Et
3612 747 3741 803 illico

2174 837 2357 902 audita
2394 849 2477 893 est
2498 853 2601 894 vox
2630 838 2797 894 missa
2826 855 2857 894 a
2885 838 3115 895 Domino
3139 857 3152 894 :
3198 838 3320 894 Fiat
3345 840 3429 894 eis
3457 838 3742 894 secundum

2172 930 2503 986 voluntatem
2553 938 2723 989 tuam.
2763 930 2832 987 Et
2874 931 3130 988 continuo
3165 946 3289 988 cum
3331 945 3533 1003 magno
3562 931 3746 1002 gaudio

2172 1024 2428 1080 salutavit
2465 1024 2601 1082 duos
2622 1024 2848 1096 juvenes
2886 1026 2953 1082 ad
2984 1041 3042 1082 se
3082 1026 3296 1091 missos,
3344 1024 3552 1101 gratias
3590 1037 3744 1094 agens

2172 1116 2316 1184 Deo,
2351 1118 2476 1189 quia
2524 1118 2801 1175 exaudivit
2843 1134 2987 1176 eum.
3036 1118 3165 1176 Sine
3197 1117 3360 1175 dubio
3395 1117 3588 1174 sciatis
3627 1115 3744 1186 quia

2171 1224 2269 1284 per
2313 1210 2474 1268 istum
2522 1220 2771 1269 sanctum
2796 1212 2965 1269 vitam
3005 1221 3062 1269 et
3108 1213 3392 1269 victoriam
3434 1210 3742 1281 recepistis.

2173 1301 2469 1363 auxiliante
2490 1303 2719 1364 Domino
2741 1311 2929 1360 nostro
2968 1302 3094 1360 Jesu
3130 1303 3372 1369 Christo,
3397 1303 3492 1374 qui
3536 1302 3672 1358 vivit
3698 1310 3745 1367 et

2171 1404 2362 1466 regnat
2391 1395 2445 1450 in
2475 1395 2668 1451 saecula
2698 1394 3037 1452 saeculorum.
3064 1395 3255 1450 Amen.

2242 1487 2560 1545 Miraculum
2595 1489 2740 1560 quod
2771 1489 3101 1561 temporibus
3129 1488 3328 1545 nostris
3349 1488 3518 1559 gessit
3538 1494 3748 1543 sanctus

2171 1587 2377 1649 martyr
2416 1576 2720 1633 Demetrius
2747 1617 2762 1645 ,
2813 1578 2956 1635 inter
2987 1586 3180 1635 caetera
3229 1577 3498 1635 miracula
3548 1585 3607 1634 et
3652 1576 3748 1633 hoc

2172 1668 2414 1725 inserere
2465 1668 2608 1726 volo.
2652 1669 2784 1735 Erat
2830 1671 3047 1742 quidam
3090 1669 3376 1741 cpiscopus
3427 1670 3497 1725 de
3541 1667 3747 1740 regione

2171 1759 2449 1827 Afrorum,
2481 1760 2700 1818 nomine
2732 1760 3054 1832 Cyprianus,
3080 1761 3197 1816 veri
3229 1761 3521 1819 sacerdotii
3562 1759 3745 1816 sollici-

488 1847 627 1903 biles
651 1849 1036 1920 apparuerunt,
1074 1857 1129 1903 et
1171 1847 1425 1902 dixerunt
1470 1845 1677 1902 custodi
1707 1844 1886 1915 templi
1916 1863 1929 1899 :
1965 1844 2066 1901 Ubi
2099 1830 2146 1892 Β
2178 1841 2414 1907 tudinem
2445 1862 2502 1909 et
2528 1852 2691 1908 vitam
2718 1830 2829 1910 Deo
2848 1851 3217 1924 dignissimam
3238 1853 3466 1909 ducens.
3498 1851 3747 1908 Procura-

486 1944 573 1994 est
619 1935 871 1992 dominus
918 1935 1079 2006 hujus
1127 1936 1363 2010 templi?’
1394 1935 1690 2007 Respondit
1736 1954 1752 1989 :
1815 1934 1928 1991 Sub
1984 1933 2074 1990 illo

490 2031 697 2087 ciborio
728 2038 931 2105 manet._
980 2030 1050 2086 At
1076 2029 1152 2085 illi
1186 2049 1199 2086 :
1230 2029 1401 2097 Vade,
1431 2030 1520 2084 dic
1561 2029 1636 2084 illi
1675 2029 1799 2099 quia
1848 2028 1915 2084 ad
1949 2044 2072 2085 eum

488 2140 677 2183 sumus
708 2122 879 2178 missi.
917 2123 1019 2178 lvit
1066 2122 1185 2188 ille,
1229 2131 1284 2178 et
1328 2122 1415 2177 isti
1446 2121 1615 2178 secuti
1662 2129 1789 2179 sunt
1831 2135 1978 2176 eum.
2006 2120 2075 2182 Et

488 2213 701 2270 vocavit
738 2228 861 2268 eum
912 2213 1138 2269 dicens:
1182 2213 1380 2269 Sancte
1425 2212 1700 2278 Demetri,
1728 2212 1923 2268 adsunt
1966 2212 2074 2268 duo

417 2312 429 2321 ‘
486 2305 688 2361 milites
722 2319 751 2358 a
783 2304 1002 2361 domino
1049 2319 1148 2362 suo
1176 2304 1243 2360 ad
1283 2312 1336 2360 te
1364 2303 1535 2360 missi.
1583 2303 1652 2358 Et
1695 2303 1877 2358 statim
1912 2317 2075 2374 appa-

487 2395 600 2450 ruit
629 2396 696 2451 ab
727 2394 873 2463 intus
919 2394 1294 2450 sanctissimus
1319 2393 1521 2450 Christi
1565 2402 1793 2465 martyr,
1823 2400 1878 2447 et
1923 2392 2073 2449 stetit

486 2485 635 2554 juxta
651 2483 872 2555 januas,
900 2495 954 2541 et
985 2486 1114 2542 mihi
1146 2501 1359 2556 quoque
1402 2486 1618 2558 indigno
1666 2485 1930 2557 apparuit.
1959 2483 2075 2555 Ego

485 2594 618 2633 vero
654 2578 835 2649 corrui
867 2580 918 2632 in
951 2576 1166 2649 faciem,
1199 2593 1305 2639 non
1336 2578 1517 2635 ferens
1547 2578 1743 2636 intueri
1774 2578 2074 2651 angelicum

486 2669 693 2725 vultum
722 2670 857 2741 ejus.
893 2670 1021 2725 Erat
1051 2670 1194 2725 enim
1222 2667 1430 2741 species
1469 2668 1587 2739 ejus
1626 2685 1729 2725 non
1767 2668 1919 2741 juxta
1948 2684 2073 2740 spe-

487 2762 626 2818 ciem
670 2775 789 2833 quae
835 2762 887 2816 in
925 2761 1320 2832 antiquioribus
1363 2761 1481 2833 ejus
1524 2761 1845 2832 imaginibus
1872 2771 1955 2817 est
1980 2761 2075 2816 de-

485 2853 667 2923 picta,
714 2852 808 2908 sed
857 2853 998 2907 sicut
1041 2852 1121 2909 sol
1170 2847 1337 2908 facies
1382 2853 1500 2924 ejus
1542 2853 1723 2909 radios
1770 2852 2070 2911 emittebat.

490 2940 752 3008 Quamvis
780 2957 982 3012 pronus
1017 2942 1278 3015 iacerem,
1308 2950 1489 2999 tamen
1521 2942 1806 3014 diligenter
1826 2942 2072 2998 intende-

488 3034 614 3089 bam
642 3049 762 3105 quae
806 3034 1154 3104 loquerentur
1189 3035 1259 3089 ad
1305 3035 1556 3092 invicem.
1601 3036 1791 3092 Audivi
1842 3049 2073 3105 namque

490 3123 617 3194 quia
646 3125 1017 3181 salutaverunt
1041 3125 1141 3186 viri
1171 3125 1400 3198 benigne
1428 3136 1697 3183 sanctum.
1726 3126 1797 3183 At
1820 3127 1908 3183 ille
1937 3127 2073 3182 dixit

2172 1941 2251 1997 vit
2293 1942 2374 1998 ire
2429 1941 2498 1998 ad
2550 1943 2792 2014 reginam
2841 1943 3118 1999 civitatum
3156 1942 3504 2017 Byzantium,
3537 1950 3745 2014 urgente

2172 2024 2386 2104 quoque
2412 2047 2575 2090 causa
2609 2033 2690 2092 rei
2733 2035 3072 2097 necessariae.
3122 2034 3369 2107 Cumque
3415 2036 3744 2105 navigassent

2173 2123 2357 2180 multis
2388 2123 2612 2192 diebus,
2659 2133 2714 2181 et
2747 2125 2860 2197 jam
2907 2126 3153 2197 partibus
3198 2125 3424 2183 Graecia
3469 2125 3743 2196 appropin-

2172 2223 2450 2287 quassent,
2476 2230 2508 2271 a
2537 2213 2889 2272 ferocissimis
2912 2215 3121 2273 Sclavis
3151 2227 3339 2287 captus
3371 2225 3460 2272 est
3500 2231 3622 2271 cum
3644 2230 3746 2271 om-

2172 2303 2331 2361 nibus
2359 2304 2493 2365 suis.
2522 2303 2667 2374 Quos
2691 2306 2939 2376 captivos
2961 2305 3103 2367 inter
3143 2322 3201 2362 se
3242 2322 3367 2362 cum
3407 2306 3746 2373 divisissent,

2173 2394 2334 2451 simul
2362 2411 2482 2451 cum
2514 2396 2596 2451 eis
2634 2404 2688 2452 et
2722 2396 3034 2465 prmdictum
3078 2397 3391 2467 episcopum
3445 2396 3504 2450 in
3541 2395 3747 2451 servitu-

2175 2495 2282 2542 tem
2310 2487 2413 2544 sibi
2441 2486 2760 2544 diviserunt.
2789 2486 2885 2543 His
2915 2488 2988 2542 ita
3014 2488 3181 2559 gestis
3222 2487 3522 2543 redeuntes
3541 2486 3611 2542 ad
3638 2501 3748 2558 pro-

2170 2581 2288 2652 pria
2317 2580 2456 2647 loca,
2488 2588 2651 2652 prout
2672 2580 2903 2652 quisque
2929 2579 3193 2635 barbarus
3218 2579 3391 2636 voluit
3428 2595 3536 2635 suo
3554 2580 3744 2651 captivo

2171 2687 2309 2728 onus
2362 2671 2635 2728 servitutis
2690 2671 2967 2743 imposuit.
3016 2670 3314 2742 Episcopus
3381 2685 3624 2741 namque
3659 2668 3744 2741 Cy.

2170 2765 2393 2834 prianus
2435 2764 2728 2835 cophinum
2770 2762 2973 2819 domini
3020 2762 3103 2819 sui
3147 2762 3422 2828 servabat,
3456 2777 3561 2834 per
3586 2760 3745 2833 provi-

2172 2853 2408 2909 dentiam
2439 2853 2710 2924 sapienter
2737 2853 2887 2909 cibos
2914 2850 3030 2921 ejus
3054 2850 3413 2907 distribuebat
3432 2892 3451 2917 ,
3491 2853 3743 2921 vitamque

2172 2958 2327 3000 suam
2356 2945 2409 2999 in
2439 2943 2799 3008 orationibus,
2838 2942 3037 3014 vigiliis
3071 2950 3125 2998 et
3156 2939 3381 3013 jejuniis
3417 2941 3745 2997 laudabiliter

2172 3035 2531 3094 confortabat.
2552 3033 2915 3092 Considerans
2939 3033 3238 3090 absentiam
3264 3032 3451 3105 populi
3486 3033 3593 3089 sibi
3613 3048 3741 3089 eom-

2172 3126 2344 3191 missi,
2381 3124 2667 3181 Dominum
2696 3124 2993 3196 principem
3034 3134 3311 3196 pastorum
3341 3123 3745 3194 deprecabatur,

490 3183 559 3273 ad
588 3231 682 3272 eos
711 3230 725 3269 :
760 3216 949 3275 Gratia
975 3218 1067 3273 Dei
1094 3183 1393 3275 vobiscum.
1422 3218 1532 3277 Cur
1552 3228 1732 3275 autem
1762 3219 1913 3275 missi
1939 3219 2071 3275 estis
2097 3183 2142 3247 Ο
2174 3224 2234 3271 ut
2271 3214 2388 3286 ejus
2433 3183 2711 3289 regimine.
2736 3183 3058 3271 salva-retur:
3103 3183 3441 3286 Dicebatque
3489 3215 3562 3269 ad
3589 3213 3745 3271 Domi.

490 3306 559 3361 ad
599 3307 720 3363 me?
749 3306 943 3362 Dietmt
988 3309 1091 3364 viri
1120 3327 1133 3364 :
1165 3308 1423 3366 Dominus
1452 3326 1553 3367 nos
1584 3309 1735 3365 misit
1762 3311 1830 3366 ad
1873 3310 2074 3375 sancti-

490 3407 655 3453 tatem
691 3409 872 3476 tuam,
904 3400 1019 3455 hinc
1044 3400 1138 3457 tibi
1181 3401 1505 3457 denuntians
1535 3419 1548 3456 :
1595 3399 1859 3458 Celeriter
1886 3400 2073 3457 exiens

489 3490 613 3546 veni
646 3491 710 3546 ad
742 3506 846 3558 me,
871 3491 1065 3557 civitas
1084 3492 1227 3547 enim
1255 3491 1489 3548 inimicis
1516 3491 1775 3548 tradetur.
1801 3492 1914 3565 Ego
1943 3505 2074 3548 vero

489 3599 610 3638 cum
637 3584 929 3651 audissem,
956 3586 1201 3643 turbatus
1221 3601 1333 3657 pm
1358 3585 1541 3644 dolore
1555 3585 2072 3655 s_ermonis,surrexi

487 3689 651 3744 super
681 3691 874 3755 manus
899 3691 1082 3747 meas,
1118 3686 1173 3732 et
1198 3676 1497 3749 suspiciens
1538 3692 1751 3733 sursum
1778 3676 2073 3748 paulisper,

486 3765 598 3820 vidi
629 3764 821 3823 faciem
842 3767 1069 3839 piissimi
1099 3769 1354 3841 martyris
1373 3770 1536 3826 nimis
1561 3779 1834 3825 maestam.
1864 3767 2072 3824 Etcum

486 3858 820 3927 praeterisset
861 3859 1026 3925 hora,
1056 3858 1166 3913 vidi
1213 3859 1482 3931 laetymas
1510 3860 1580 3916 ab
1622 3859 1794 3917 oculis
1829 3856 1948 3933 ejus
1977 3858 2073 3915 de-

489 3958 772 4005 currentes
819 3963 982 4020 super
1030 3964 1198 4021 genas
1246 3952 1437 4021 ipsius.
1495 3949 1646 4007 Tunc
1707 3950 1842 4008 dixit
1891 3959 2076 4008 custos

490 4036 674 4108 templi
708 4039 774 4103 ad
803 4039 938 4095 duos
959 4039 1185 4111 juvenes
1216 4057 1353 4111 quos
1390 4041 1726 4098 introduxit:
1766 4041 1876 4099 Cur
1904 4041 2077 4099 domi-

487 4144 619 4184 num
651 4144 827 4199 meum
860 4130 1279 4201 tribulastisi‘Si
1319 4147 1449 4188 vere
1476 4133 1810 4203 praescissem
1838 4143 2074 4193 vestram

485 4220 868 4289 intentionem,
905 4241 1011 4280 non
1057 4240 1152 4280 vos
1184 4226 1249 4280 ad
1296 4241 1419 4282 eum
1467 4224 1829 4281 deduxissem.
1871 4223 2079 4281 Deinde

486 4319 709 4367 sanctus
748 4312 843 4368 Dei
870 4313 1008 4367 dixit
1051 4313 1341 4385 ministro:
1393 4312 1457 4368 lli
1504 4315 1646 4371 servi
1692 4314 1798 4370 mei
1840 4323 1984 4383 sunt,
2020 4323 2077 4371 et

488 4417 610 4472 qum
640 4403 789 4479 jussa
835 4412 961 4459 sunt
1005 4404 1106 4471 eis,
1154 4405 1271 4461 inec
1309 4413 1365 4461 ct
1403 4404 1536 4460 mihi
1597 4406 2073 4463 annuutiaverunt.

487 4481 754 4563 D'einccps
779 4494 951 4568 inquit
976 4505 1195 4551 sanctus
1220 4505 1428 4567 martyr
1451 4493 1561 4549 alta
1585 4510 1721 4551 voce
1745 4512 1758 4549 :
1783 4494 1827 4550 Ο
1849 4494 2076 4553 Domine

486 4582 611 4638 Jesu
642 4583 888 4651 Christe,
926 4591 983 4639 tu
1031 4584 1216 4640 dixisti
1247 4603 1260 4639 :
1314 4584 1454 4639 Nolo
1499 4595 1716 4653 mortem
1752 4586 2072 4655 peccatoris,

486 4674 576 4728 sed
618 4685 672 4728 ut
719 4662 1050 4731 convertatur
1074 4685 1122 4731 et
1167 4676 1334 4741 vivat;
1383 4684 1440 4730 et
1485 4675 1657 4731 item:
1703 4671 1968 4729 Gaudium
1998 4687 2075 4732 est

488 4765 686 4837 angelis
715 4764 811 4819 Dei
852 4783 1006 4838 super
1048 4783 1151 4826 uno
1177 4778 1446 4839 peccatore
1472 4767 1828 4837 paenitentiam
1865 4777 2071 4839 agente.

488 4856 625 4912 Nam
654 4866 711 4923 et
736 4866 790 4912 tu
812 4844 943 4914 cum
981 4874 1131 4917 esses
1165 4859 1424 4931 Dominus
1448 4859 1691 4931 omnium
1736 4844 2079 4932 angelorum,

491 4936 686 5004 dediSti
737 4949 973 5013 animam
1029 4959 1173 5013 tuam
1223 4966 1323 5024 pro
1372 4950 1742 5024 redemptione
1794 4950 2076 5007 hominum

492 5038 823 5093 iniquorum.
859 5041 960 5098 Tlt.
995 5040 1253 5096 Domine.
1281 5043 1601 5092 commisisti
1632 5042 1766 5097 mihi
1803 5043 2077 5113 civitatem

2103 4540 2158 4620 Β
2179 4598 2283 4653 pus
2312 4540 2586 4652 rgspondit
2625 4581 2675 4637 ei
2697 4596 2712 4635 :
2737 4581 2870 4650 Quis
2908 4597 2969 4638 es
2997 4592 3072 4648 tu,
3105 4590 3161 4638 et
3185 4586 3330 4639 unde
3373 4540 3628 4654 egressu;
3651 4584 3747 4655 huc

2174 3322 2305 3362 num
2331 3324 2346 3360 :
2375 3305 2508 3361 Cum
2540 3320 2713 3362 essem
2740 3304 2857 3361 sine
2886 3303 3067 3376 aliquo
3093 3304 3313 3371 merito,
3339 3314 3625 3373 pastorem
3648 3317 3744 3374 gre-

2175 3398 2258 3470 gis
2288 3397 2366 3457 tui
2396 3412 2482 3453 me
2508 3396 2835 3453 constituisti
2862 3413 2876 3464 ;
2909 3397 3181 3467 quomodo
3214 3410 3361 3452 nunc
3389 3396 3741 3452 communica-

2175 3498 2262 3546 tus
2282 3504 2422 3556 sum,
2448 3498 2506 3544 ut
2538 3504 2569 3543 a
2607 3489 2696 3544 tali
2742 3489 2931 3545 ordine
2968 3487 3036 3544 ad
3066 3488 3349 3545 servitium
3400 3487 3744 3544 barbarorum

2174 3583 2277 3638 sim
2322 3581 2645 3651 deputatus?
2687 3579 2791 3636 Sed
2834 3580 3151 3636 reminiscor
3197 3580 3324 3650 quia
3372 3595 3477 3651 pro
3526 3580 3747 3651 peccatis

2174 3675 2312 3732 meis
2333 3673 2436 3731 hoc
2469 3674 2665 3730 accidit
2690 3675 2842 3739 mihi,
2875 3681 2925 3728 et
2952 3673 3073 3729 ideo
3114 3674 3218 3728 hac
3246 3673 3607 3729 tribulatione
3632 3674 3746 3728 irre-

2176 3768 2307 3829 titus
2330 3767 2588 3823 retineor.
2619 3765 2752 3835 Quis
2793 3766 2984 3821 ovibus
3011 3764 3146 3820 meis
3187 3763 3453 3820 indicabit
3484 3763 3631 3835 quod
3667 3779 3747 3835 pa-

2176 3867 2291 3927 stor
2314 3873 2500 3914 earum
2527 3872 2557 3912 a
2600 3855 2901 3915 barbaricis
2942 3856 3133 3913 bestiis
3165 3863 3360 3928 captus
3412 3856 3524 3910 sit?
3555 3854 3677 3912 Hac
3702 3864 3747 3909 et

2176 3951 2372 4007 horum
2405 3949 2598 4006 similia
2627 3947 2841 4005 deﬂenti
2872 3948 3045 4004 astitit
3082 3947 3399 4005 adolescens
3439 3948 3667 4020 pulcher
3699 3959 3747 4003 et

2177 4038 2350 4096 forma
2377 4039 2640 4104 decorus,
2675 4036 2966 4092 militarem
3010 4037 3248 4107 speciem
3292 4046 3349 4094 et
3392 4038 3639 4094 habitum
3677 4035 3748 4091 ie.

2176 4145 2325 4196 rens,
2357 4130 2598 4199 dixitque
2625 4128 2693 4184 ad
2728 4143 2852 4184 eum
2879 4146 2892 4183 :
2927 4127 2985 4184 Si
3032 4129 3115 4185 vis
3137 4144 3169 4184 a
3195 4129 3461 4185 servitute
3485 4145 3594 4201 qua
3623 4128 3747 4185 deti-

2178 4221 2326 4277 neris
2352 4219 2599 4286 liberari,
2620 4228 2675 4275 et
2701 4234 2732 4273 a
2759 4218 3061 4277 barbaricis
3082 4219 3237 4289 eripi,
3264 4234 3429 4289 surge
3455 4228 3515 4275 et
3534 4233 3747 4291 sequere

2178 4326 2284 4367 me.
2314 4310 2552 4367 Observa
2578 4318 2757 4365 autem
2782 4309 2925 4381 apud
2948 4319 3021 4376 te,
3057 4309 3458 4367 ambulantibus
3489 4310 3666 4375 nobis,
3686 4325 3747 4363 ne

2178 4388 2401 4459 omnino
2429 4401 2667 4471 loquaris
2684 4400 2818 4455 mihi
2840 4416 2854 4467 ;
2888 4400 2983 4456 sed
3001 4400 3216 4455 silentio
3241 4404 3524 4458 studentes
3546 4402 3747 4472 utrique

2179 4490 2285 4547 iter
2309 4507 2529 4562 agamus
2559 4491 2611 4545 in
2655 4499 2834 4546 mente
2869 4490 3037 4545 Deum
3067 4500 3304 4548 orantes.
3354 4493 3508 4548 Tunc
3554 4494 3747 4565 episco-

2181 4672 2480 4738 advenisti?
2501 4674 2570 4728 At
2597 4672 2683 4730 ille
2705 4673 2841 4737 dixit
2875 4673 2941 4728 ad
2964 4689 3085 4728 eum
3110 4692 3122 4728 :
3169 4674 3476 4731 Demetrius
3507 4675 3679 4742 dicor,
3698 4683 3749 4729 et

2179 4757 2343 4819 miles
2362 4779 2480 4819 sum
2506 4764 2848 4835 imperatoris
2877 4765 3055 4836 magni
3079 4783 3093 4820 :
3125 4766 3317 4822 domus
3341 4777 3527 4822 autem
3558 4782 3678 4823 mea
3698 4767 3748 4821 ia

2182 4852 2361 4908 medio
2396 4852 2794 4910 Thessalonica:
2823 4854 3061 4909 civitatis
3090 4854 3377 4919 consistit,
3405 4856 3472 4909 ad
3513 4872 3675 4927 quam
3706 4855 3751 4910 si

2181 4958 2269 5003 mc
2292 4952 2512 5003 secutus
2536 4942 2721 5008 fueris,
2748 4944 2867 4999 sine
2891 4943 3170 5015 dispendio
3195 4953 3248 5000 te
3269 4946 3488 5001 ducam.
3521 4947 3751 5018 Surgens

2183 5052 2312 5108 ergo
2350 5046 2565 5092 secutus
2596 5044 2679 5093 est
2712 5051 2862 5102 eum,
2885 5045 2941 5091 et
2967 5036 3283 5093 incedebant
3303 5040 3466 5093 ambo
3498 5047 3747 5095 tacentes.

2183 5126 2439 5176 Noctibus
2499 5127 2714 5197 quidem
2764 5126 2869 5181 iter
2920 5127 3187 5197 agebant,
3236 5142 3335 5196 per
3379 5127 3526 5182 diem
3580 5137 3751 5182 autem

2937 5217 3003 5232 ..
3064 5227 3075 5234 .
3126 5217 3163 5228 _
3274 5219 3409 5245 ea.“
3486 5236 3564 5246 Ν,
3622 5236 3642 5242 ,
3691 5217 3749 5250 ὦ
