3926 5736
94 270 182 324 725
303 250 311 259 ’
842 260 1366 324 COLLECTANEA.
1406 288 1475 299 -—
1516 256 1606 313 DE
1641 254 1979 314 PASSIONE
2020 256 2079 315 S.
2119 256 2446 314 DEMETRII
2484 256 2553 311 Μ.

3224 253 3331 312 ΗΒ

92 383 350 454 disparuit.
380 378 511 439 Cum
565 390 745 437 autem
794 379 1007 436 fidelem
1054 380 1333 435 ductorem
1376 384 1434 434 et
1476 373 1645 432 comi-
1670 371 1725 435 Α
1750 369 1852 427 Ubi
1882 380 1964 428 est
2004 371 2138 428 lldes
2183 373 2318 429 tua?
2364 371 2409 429 Ο
2439 374 2622 439 homo,
2653 368 2758 427 noli
2802 369 3066 428 sollicitus
3089 385 3210 428 esse
3238 379 3330 429 eo“

92 486 185 531 tem
206 477 401 532 bonum
431 473 719 545 episcopus
755 472 1080 544 requireret,
1111 480 1168 528 et
1199 486 1308 528 non
1348 468 1644 536 inveniret,

91 568 343 639 ingressus
370 574 452 621 est
477 564 774 621 civitatem.
816 562 1149 636 Requirebat
1170 577 1300 618 vero
1329 562 1398 618 ab
1433 560 1514 619 eis
1550 559 1643 632 qui

90 661 280 715 obviam
322 658 425 714 sibi
454 658 745 715 veniebant
792 666 849 713 et
893 656 1323 728 alloquebantur,
1367 654 1460 711 ubi
1500 660 1645 709 esset

88 750 254 807 domus
273 748 529 804 Demetrii
565 748 774 805 militis.
815 747 1061 819 Cumque
1100 746 1297 804 multos
1340 744 1644 801 faterentur

86 850 189 897 esse
225 840 275 895 in
304 838 525 894 civitate
567 838 903 904 Demetrius,
927 848 985 895 et
1014 838 1159 908 ipsos
1195 835 1416 893 militari
1450 833 1641 890 ordine

87 929 233 1001 fungi,
264 928 353 985 ille
379 928 741 999 perhibebat:
786 927 950 1001 Ejus,
994 927 1245 999 inquiens
1272 967 1288 994 ,
1338 926 1430 996 qui
1460 923 1641 995 requi-

85 1020 203 1074 ritur
225 1034 253 1073 a
281 1033 367 1074 me
397 1018 590 1075 domus
633 1026 718 1074 est
758 1019 812 1074 in
853 1018 1031 1081 medio
1056 1017 1316 1075 civitatis.
1341 1017 1485 1088 Ergo
1512 1030 1639 1072 cum

85 1127 246 1169 omnes
273 1111 587 1168 hmsitarent
613 1127 734 1166 cum
764 1127 849 1178 eo,
876 1112 922 1167 is
962 1112 1055 1182 qui
1100 1112 1465 1184 quaerebatur,
1510 1124 1667 1166 nus--

83 1219 220 1275 quam
264 1203 657 1261 inveniebatur.
717 1203 1063 1261 llabitatores
1102 1219 1232 1261 vero
1267 1203 1504 1260 civitatis
1544 1202 1643 1258 de-

84 1294 319 1349 duxerunt
336 1294 648 1364 episcopum
672 1296 739 1350 ad
761 1295 1017 1368 martyris
1037 1295 1341 1352 ecclesiam.
1367 1296 1437 1353 Ut
1456 1304 1638 1352 autem

84 1386 308 1453 introivit,
337 1388 524 1443 statim
547 1404 605 1443 se
637 1388 689 1442 in
712 1388 1013 1444 orationem
1032 1387 1202 1455 dedit,
1226 1397 1282 1444 et
1304 1387 1492 1444 laudes
1513 1402 1638 1459 gra—

85 1477 230 1533 tiﬁcas
256 1477 524 1535 Salvatori
553 1479 661 1535 Deo
692 1479 912 1547 retulit;
944 1488 1000 1537 et
1034 1496 1262 1553 surgens
1291 1495 1507 1536 sursum
1542 1493 1638 1535 ex-

85 1567 223 1624 tensis
246 1568 494 1625 manibus
521 1584 645 1625 cum
683 1569 961 1628 obtutibus
992 1570 1298 1637 oculorum,
1330 1569 1469 1626 vidit
1500 1569 1637 1626 ima-

83 1658 227 1729 ginem
267 1658 523 1719 Demetrii
565 1660 819 1732 martyris
863 1660 916 1716 in
949 1661 1136 1718 habitu
1183 1661 1267 1718 sui
1315 1661 1529 1717 comitis
1578 1669 1636 1717 et

81 1750 404 1808 eon'ductoris.
452 1750 606 1808 Tune
634 1766 819 1809 coram
864 1752 1115 1809 omnibus
1160 1752 1434 1820 clamavit,
1482 1751 1631 1808 alIir-

82 1857 207 1899 tnaus
228 1842 422 1912 absque
443 1843 613 1899 dubio
657 1843 833 1914 ipsum
879 1857 999 1901 esse
1027 1842 1382 1909 Demetrium,
1408 1843 1501 1914 qui
1532 1843 1632 1899 du-

81 1940 208 1987 xcrat
248 1943 403 2004 atque
453 1933 763 1991 sali-averet
787 1948 942 2001 eum;
983 1944 1038 1992 et
1075 1935 1218 1991 hanc
1251 1948 1372 1991 esse
1411 1936 1629 1992 domum

83 2023 318 2095 martyris,
345 2038 514 2095 quam
546 2024 677 2085 mihi
712 2038 977 2094 apparens
1018 2024 1086 2080 ab
1123 2024 1277 2081 initio
1308 2026 1423 2097 ipse
1452 2024 1628 2081 mani-

84 2112 274 2169 festavit.
308 2115 460 2171 Tunc
493 2115 638 2171 enim
668 2116 924 2188 episcopo
951 2115 1188 2173 civitatis
1211 2118 1496 2188 praesentia
1526 2117 1629 2174 viri

82 2202 406 2271 denuntiatur,
445 2213 507 2259 et
531 2200 654 2276 quae
685 2204 758 2259 illi
801 2205 1111 2265 acciderant
1141 2215 1272 2263 nota
1302 2204 1626 2265 efﬁciuntur.

81 2293 159 2361 Qui
180 2297 347 2352 statim
364 2306 685 2375 susceptum
708 2297 1139 2353 comministrum
1165 2298 1219 2353 in
1236 2298 1511 2370 episcopio
1531 2313 1630 2356 suo

82 2385 266 2459 recepit,
307 2397 361 2445 et
396 2389 634 2461 benigne
682 2388 949 2446 tractabat
986 2404 1132 2447 eum.
1180 2389 1253 2445 At
1291 2390 1379 2446 ille
1412 2405 1514 2447 nec
1558 2389 1630 2447 ad

80 2476 233 2532 horam
249 2495 432 2549 passus
446 2489 534 2537 est
559 2480 628 2537 ab
647 2481 876 2537 ecclesia
902 2480 1076 2537 sancti
1092 2483 1348 2553 martyris
1361 2498 1551 2554 separa
1559 2481 1625 2550 ri,

82 2568 154 2623 sed
178 2571 308 2626 omni
356 2580 603 2642 tempore
646 2588 755 2644 quo
782 2572 837 2631 in
871 2572 1091 2630 civitate
1138 2575 1357 2641 mansit,
1386 2580 1626 2632 Commo-

82 2669 204 2716 ratus
226 2662 376 2737 estin
407 2664 604 2721 eadem
631 2662 881 2735 ecclesia.
933 2663 1069 2722 Cum
1097 2665 1208 2722 illic
1231 2667 1544 2736 biemasset,
1571 2676 1628 2725 et

83 2756 257 2821 tempus
295 2755 656 2826 navigationis
703 2761 1104 2826 exspectasset,
1148 2755 1295 2813 illico
1335 2757 1464 2813 dum
1492 2766 1629 2815 tem-

79 2853 158 2911 pus
175 2842 389 2910 advenit,
423 2847 673 2903 ascendit
712 2848 766 2905 in
797 2848 976 2904 navim
1009 2857 1220 2920 sumpta
1267 2865 1450 2908 secum
1486 2851 1625 2908 ima-

80 2931 175 2999 gine
199 2936 440 3006 martyris
483 2938 769 3004 Demetrii,
822 2939 1205 3011 navigavitque
1247 2955 1508 3012 prospere
1557 2940 1625 2996 ad

77 3021 230 3077 urbem
253 3023 816 3098 Cornstantinopolim;
845 3038 901 3084 et
930 3030 1143 3101 negotio
1170 3046 1269 3087 suo
1297 3040 1419 3103 apte
1442 3032 1625 3102 dispo-

1749 466 2053 524 lumnarum
2087 468 2169 526 vel
2201 469 2448 527 ambonis
2472 484 2658 525 causa.
2691 466 2974 541 Navigium
3009 469 3207 541 quippe
3232 471 3305 527 bo

1747 557 1833 614 die
1873 576 1903 613 a
1951 559 2140 632 pelago
2166 561 2464 628 descendit,
2491 561 2675 618 omnia
2699 575 2821 632 qua:
2861 561 2930 616 ad
2980 563 3331 633 praeparatio-

1745 665 1868 706 nem
1900 651 2085 723 templi
2112 666 2248 723 opus
2273 652 2476 711 habere
2503 653 2706 710 videris
2746 665 2992 724 portans.
3028 653 3126 711 Est
3170 670 3328 712 nam-

1743 756 1851 813 que
1900 744 2183 815 episcopus
2231 746 2284 801 in
2340 744 2635 802 Galliarum
2671 746 2937 818 partibus,
2997 745 3052 803 in
3111 747 3332 805 civitate

1743 834 2003 903 Massilia,
2024 837 2279 909 populum
2317 838 2418 894 sibi
2455 838 2806 895 commissum
2841 854 3189 906 conservans,
3235 839 3332 913 qui

1741 928 1973 983 aedificat
2002 928 2257 999 templum
2287 930 2569 997 inibonore
2588 930 2759 986 sancti
2785 931 3040 1005 martyris
3068 931 3326 997 Victoris,

1743 1019 1915 1074 nostri
1951 1019 2189 1075 consocii
2220 1019 2302 1075 vel
2331 1020 2537 1086 fratris,
2562 1030 2618 1076 et
2642 1021 2790 1093 cupit
2815 1020 2865 1076 ei
2895 1008 3169 1078 aediﬁcare
3208 1037 3327 1078 am-

1740 1107 2026 1164 boneuret
2062 1108 2350 1175 ciborium,
2379 1110 2523 1164 sicut
2554 1117 2610 1165 tu
2638 1109 2692 1165 in
2723 1124 2841 1165 mea
2869 1109 3051 1167 domo.
3081 1109 3332 1181 Quapro-

1742 1206 1862 1269 pter
1889 1198 2035 1253 misit
2065 1199 2337 1270 navigium
2365 1215 2489 1255 cum
2515 1200 2688 1263 servis
2712 1200 2827 1257 suis
2849 1200 2917 1256 ad
2944 1206 3180 1274 montem
3201 1216 3329 1273 por-

1739 1291 2095 1363 phyreticum,
2128 1301 2185 1345 ut
2214 1299 2456 1347 emerent
2483 1292 2533 1347 ei
2562 1292 2842 1348 columnas
2881 1284 2939 1349 et
2985 1293 3195 1350 tabulas
3239 1309 3327 1350 sa-

1742 1382 1811 1439 tis
1854 1382 2264 1455 porpbyretieas
2292 1382 2360 1437 ad
2386 1397 2522 1454 opus
2564 1383 2737 1439 sancti
2790 1385 3045 1456 martyris
3089 1383 3327 1443 Victoris

1738 1472 2146 1544 perliciendum.
2180 1471 2286 1529 Sed
2312 1474 2677 1530 intercedente
2700 1473 2816 1545 jam
2845 1484 3035 1531 sancto
3059 1483 3322 1549 martyre,

1732 1563 1845 1637 jam
1878 1565 2155 1620 adinvenit
2196 1564 2487 1635 praedictus
2534 1566 2979 1638 episcopusinfra
3018 1569 3321 1635 civitatem,

1738 1654 2017 1711 columnas
2045 1666 2101 1711 et
2131 1656 2339 1713 tabulas
2366 1659 2777 1730 porphyretieas
2822 1659 2960 1715 miro
3004 1662 3194 1717 ordine
3223 1663 3322 1719 de-

1663 1742 1707 1803 B
1734 1747 1929 1820 pictas,
1978 1748 2032 1802 in
2081 1756 2227 1803 terra
2276 1748 2474 1805 dudum
2529 1751 2814 1821 repositas.
2870 1751 3151 1825 Navigium
3197 1769 3323 1810 cum

1731 1838 1995 1895 columnis
2020 1848 2076 1895 et
2106 1840 2302 1898 tabulis
2330 1842 2728 1915 porphyreticis
2758 1843 2955 1913 emptis
2981 1844 3097 1900 suis
3131 1844 3323 1918 legati-

1733 1929 1800 1985 tis
1825 1928 2023 1985 Clu-isti
2055 1940 2263 2003 martyr
2292 1931 2610 1989 transmith
2650 1932 2830 1999 nobis,
2856 1940 3003 1988 utex
3023 1934 3105 1990 eis
3154 1934 3323 1993 facias

1731 2035 1867 2091 opus
1894 2022 2038 2091 quod
2066 2020 2198 2079 mihi
2223 2019 2405 2078 facere
2443 2021 2622 2094 cupis.
2665 2022 2979 2094 Exsurgens
3021 2024 3256 2094 denique
3289 2040 3323 2081 a

1731 2110 1928 2167 lectulo
1954 2112 2171 2182 praesul,
2192 2112 2374 2169 retulit
2397 2129 2495 2185 per
2514 2111 2764 2171 ordinem
2790 2114 2903 2171 suis
2922 2114 3138 2172 clericis
3163 2115 3325 2172 visio-

1732 2220 1877 2260 nem.
1917 2204 2085 2275 llujus
2124 2206 2198 2261 rei
2248 2206 2421 2278 gratia
2473 2207 2620 2263 misit
2646 2223 2740 2265 eos
2765 2208 2833 2264 ad
2872 2217 3090 2282 portum
3133 2210 3321 2267 maris.

1731 2298 1831 2366 Qui
1880 2314 2001 2353 cum
2054 2298 2329 2368 navigium
2378 2298 2751 2367 invenissent,
2795 2308 2852 2357 et
2897 2315 3022 2356 cum
3068 2300 3326 2358 nauclero

1731 2390 1896 2446 locuti
1942 2388 2194 2455 fuissent,
2246 2400 2575 2462 rogaverunt
2622 2400 2889 2462 quatenus
2931 2392 3150 2463 dignum
3192 2406 3318 2462 pre-

1730 2478 1866 2534 tium
1912 2493 2009 2548 pro
2061 2478 2327 2535 columnis
2373 2487 2428 2534 et
2488 2480 2809 2537 marmoreis
2859 2480 3059 2536 tabulis
3112 2481 3321 2551 recipe-

1730 2581 1873 2639 rent,
1910 2573 2348 2642 desideriumque
2382 2573 2617 2645 episcopi
2651 2573 3030 2646 adimpierent.
3062 2572 3169 2630 Sed
3189 2588 3320 2629 nau-

1731 2665 1908 2724 clerus
1958 2676 2015 2722 et
2066 2667 2159 2737 qui
2206 2682 2330 2722 cum
2376 2681 2444 2722 eo
2488 2675 2680 2734 erant,
2737 2667 3095 2737 abnegatores
3143 2662 3321 2721 effecti

1730 2769 1873 2822 sunt,
1919 2757 2055 2815 nihil
2099 2758 2314 2831 penitus
2360 2774 2551 2815 eorum
2598 2768 2974 2815 asseverantes
3014 2775 3075 2815 se
3118 2759 3321 2815 habere

1729 2867 1849 2922 qua:
1895 2851 2294 2919 qmerebantur.
2346 2848 2671 2906 Nuntiantes
2724 2858 2906 2907 autem
2954 2848 3139 2907 clerici
3199 2851 3318 2907 haec

1730 2940 1820 3013 qui
1865 2940 2015 2996 missi
2059 2938 2278 2996 fuerant
2305 2954 2404 2996 suo
2455 2940 2731 3012 episeopo,
2764 2941 2973 2997 tristem
3016 2956 3141 2997 eum
3189 2941 3315 2996 inde

1731 3033 2102 3099 reddiderunt,
2132 3041 2189 3088 et
2218 3047 2457 3090 maerens
2488 3034 2778 3091 incedebat
2800 3034 3094 3091 frustratus
3132 3034 3316 3091 consi-

76 3112 173 3180 sito,
204 3128 521 3187 cooperante
568 3119 1014 3176 victoriosissimo
1045 3129 1283 3193 martyre
1327 3122 1620 3191 Demetrio,
1651 3098 1697 3160 C
1730 3123 1818 3180 lio.
1848 3124 2049 3180 lterum
2078 3141 2311 3196 namque
2336 3135 2545 3198 martyr
2569 3134 2790 3182 sanctus
2818 3126 3124 3183 Demetrius
3145 3141 3311 3196 appa-

76 3215 162 3256 sna':
183 3219 235 3262 se
259 3207 457 3278 regioni
485 3216 545 3264 et
564 3209 709 3280 gregi
734 3209 928 3266 deinde
960 3226 1214 3268 remeans
1236 3212 1419 3279 dedit,
1442 3215 1628 3286 copio-

76 3307 171 3349 sum
194 3311 257 3351 ex
284 3298 369 3354 his
405 3315 535 3369 quae
567 3301 879 3357 acciderant
907 3303 1233 3372 promittens
1264 3305 1489 3378 martyri
1512 3305 1626 3361 cul-

72 3394 180 3442 tum.
204 3388 368 3446 Porro
416 3392 678 3447 talionem
727 3393 851 3451 inde
898 3395 1123 3451 reddere
1147 3397 1418 3467 cogitans,
1445 3409 1500 3454 et
1526 3415 1625 3471 pro

71 3473 281 3537 libertate
305 3482 540 3553 gratiam
574 3483 812 3541 tribuere
847 3495 1122 3558 satagens,
1166 3486 1422 3558 templum
1470 3488 1622 3544 dedi~

71 3582 174 3628 care
197 3573 249 3629 in
270 3574 489 3633 civitate
516 3592 612 3633 sua
645 3577 865 3650 collegae
894 3594 993 3634 suo
1013 3587 1069 3634 et
1098 3580 1321 3652 martyri
1348 3581 1627 3645 Demetrio

71 3665 223 3736 cepit.
273 3665 609 3725 Desiderium
640 3678 819 3727 autem
856 3671 1094 3727 habebat
1135 3671 1313 3729 simile
1357 3656 1623 3729 ciborium

69 3764 113 3811 et
131 3758 336 3818 similem
372 3766 683 3829 ambonem,
730 3781 891 3836 quem
932 3765 1087 3833 vidit,
1120 3775 1435 3823 construere
1499 3783 1621 3824 cum

69 3852 349 3909 marmoreis
370 3854 663 3922 columnis,
689 3856 744 3914 in
766 3857 974 3915 honore
992 3859 1169 3916 sancti
1194 3859 1453 3917 Demetrii
1480 3877 1624 3917 mar-

68 3939 196 4007 tyris.
232 3941 353 4000 lude
376 3954 502 4002 erat
552 3946 707 4003 valde
755 3948 1042 4017 Sollicitus,
1072 3950 1200 4021 quia
1238 3950 1431 4007 borum
1460 3967 1621 4023 appa-

69 4039 233 4099 ratum,
275 4036 516 4107 qualiter
556 4047 611 4093 et
640 4039 785 4096 unde
824 4039 927 4096 hoc
973 4039 1194 4107 faceret,
1237 4041 1413 4098 modis
1447 4043 1625 4098 omnic-

66 4120 149 4179 bus
186 4125 479 4198 ignorabat.
535 4130 777 4198 Quadam
817 4131 1049 4203 denique
1095 4139 1271 4198 nocte,
1325 4147 1448 4187 eum
1494 4133 1619 4189 fati-

68 4222 196 4282 gatus
233 4218 372 4275 esset
418 4220 492 4277 ob
541 4222 763 4279 nimiam
816 4222 1181 4280 incursionem
1232 4223 1621 4296 cogitationum

68 4304 329 4380 cpiscopus,
369 4327 539 4384 sopor
583 4314 781 4371 invasit
805 4331 928 4371 eum
965 4323 1021 4371 et
1048 4315 1304 4372 continuo
1340 4315 1619 4375 obdormi-

68 4394 147 4450 vit.
171 4398 235 4455 Et
259 4415 384 4458 ecce
413 4404 593 4459 astitit
618 4414 746 4461 ante
785 4420 909 4462 eum
939 4413 1163 4462 sanctus
1194 4415 1402 4479 martyr
1424 4408 1619 4464 Deme-

70 4484 197 4553 trius,
221 4490 398 4548 dicens
438 4493 517 4550 illi
548 4510 563 4549 :
592 4493 772 4562 Quare
814 4495 1180 4562 contristaris,
1231 4495 1438 4552 frater?
1480 4511 1619 4552 non-

69 4592 123 4632 ne
142 4582 320 4639 audisti
346 4586 634 4642 Dominmn
660 4585 1142 4645 Jesum'dieentem
1162 4586 1441 4658 discipulis
1466 4588 1613 4644 suis:

71 4668 205 4725 Amen
228 4673 338 4729 dico
370 4676 536 4743 vobis,
567 4677 614 4735 si
640 4676 757 4748 quis
779 4677 975 4735 dixerit
1002 4678 1123 4733 huic
1151 4677 1313 4732 monti
1338 4689 1356 4730 :
1391 4675 1615 4743 Tollere,

70 4760 304 4819 amittere
338 4767 396 4821 in
439 4785 609 4834 mare,
647 4776 696 4823 et
744 4786 847 4825 non
880 4769 1198 4825 haesitaverit
1228 4769 1284 4823 in
1311 4769 1466 4825 corde
1490 4784 1612 4833 suo,

73 4848 146 4902 ted
167 4855 426 4915 crediderit
465 4859 593 4932 quia
638 4861 981 4933 quodcunque
1019 4862 1210 4919 dixerit
1257 4864 1375 4932 ﬁat,
1396 4862 1482 4933 ﬁet
1520 4863 1617 4917 ei?

1728 3217 1838 3272 ruit
1860 3216 1910 3272 ei
1951 3216 2003 3271 iu
2032 3215 2259 3285 visione,
2289 3216 2523 3273 dicens:
2564 3217 2710 3273 Vade
2739 3226 2792 3271 tu
2847 3217 2961 3286 ipse
3006 3218 3073 3273 ad
3121 3215 3315 3287 prtedi-

1725 3318 1873 3362 etum
1904 3306 2240 3372 nauclerum,
2263 3315 2319 3363 et
2360 3307 2448 3364 die
2490 3307 2540 3363 ei
2590 3326 2602 3362 :
2637 3306 2756 3361 Noli
2787 3323 2907 3363 esse
2957 3307 3221 3373 mendax;
3254 3308 3311 3364 in

1681 3388 1941 3471 'propria
1972 3399 2115 3454 enim
2166 3399 2290 3454 navi
2337 3399 2504 3455 habes
2546 3398 2863 3469 instipatum
2921 3400 3208 3454 ambonem
3255 3407 3315 3454 et

1727 3488 1930 3558 reliqua
1964 3504 2231 3545 marmora
2261 3488 2552 3545 absconsa.
2608 3487 2751 3544 Nihil
2807 3503 2936 3544 vero
2983 3488 3198 3545 dubites
3245 3489 3312 3544 ad

1726 3577 1840 3632 hac
1869 3577 1999 3632 mihi
2038 3577 2340 3643 tribuenda,
2372 3586 2593 3650 propter
2619 3578 2928 3649 episcopum
2957 3579 3049 3650 qui
3072 3578 3218 3634 misit
3263 3587 3315 3635 te

1723 3668 1790 3723 ad
1831 3669 1947 3724 haec
1990 3670 2373 3739 perquirenda.
2429 3668 2624 3725 Frater
2667 3669 2811 3727 enim
2841 3684 2994 3727 meus
3021 3669 3227 3727 invenit
3256 3670 3313 3726 in

1723 3759 1942 3816 civitate
1966 3759 2202 3815 Massilia
2230 3760 2467 3831 qualiter
2495 3761 2701 3833 proprii
2729 3762 2949 3818 oratorii
2996 3761 3313 3832 perﬁcietur

1722 3867 1876 3922 opus.
1902 3851 2146 3923 Cumque
2172 3852 2376 3910 abisset
2399 3853 2707 3925 episcopus,
2723 3845 2779 3909 et
2805 3853 2920 3909 haec
2941 3853 3165 3909 dixisset
3184 3867 3314 3907 nau-

1723 3941 1889 4010 clero,
1913 3952 1968 3998 et
2006 3953 2282 4000 narrasset
2306 3944 2406 4000 has
2443 3944 2724 4002 mirabiles
2751 3934 3008 4012 visiones,
3039 3945 3308 4014 persuasit

1723 4034 1773 4092 ei
1802 4045 2069 4109 quatenus
2095 4037 2330 4109 pretium
2356 4052 2456 4108 pro
2481 4037 2844 4109 marmoribus
2868 4038 3053 4094 datum
3102 4037 3313 4107 recipe-

1723 4138 1808 4185 ret
1837 4129 1904 4184 ab
1929 4144 2013 4184 eo.
2041 4126 2109 4184 Et
2129 4129 2202 4185 ita
2234 4128 2435 4186 factum
2458 4138 2563 4186 est.
2587 4130 2866 4187 Dedicavit
2896 4131 3061 4201 igitur
3099 4130 3308 4200 episco-

1721 4235 1823 4292 pus
1870 4220 2146 4290 templum,
2197 4219 2341 4291 quod
2392 4229 2580 4277 sancto
2622 4222 2845 4292 martyri
2877 4221 3149 4276 Demetrio
3176 4235 3307 4276 con-

1722 4312 1937 4375 struxit,
1971 4327 2093 4366 cum
2124 4313 2353 4366 amboue
2383 4319 2439 4366 et
2463 4310 2670 4366 ciborio
2699 4310 2768 4367 ad
2789 4310 2997 4366 laudem
3027 4308 3228 4365 Christi
3253 4320 3311 4368 et

1723 4401 1949 4473 gloriam
1978 4402 2234 4472 martyris
2262 4416 2404 4472 δωρεᾶ
2440 4401 2592 4457 dicti.
2620 4398 2726 4455 Per
2772 4400 3046 4456 orationes
3089 4398 3207 4469 ejus
3259 4402 3307 4457 si

1720 4490 1843 4559 quis
1872 4490 2119 4544 infirmus
2149 4489 2200 4543 in
2240 4489 2431 4544 eodem
2460 4487 2659 4558 templo
2687 4488 2914 4544 devotus
2939 4489 3238 4552 advenerit,
3262 4489 3309 4547 si

1718 4590 2011 4653 perunctus
2032 4579 2195 4636 fuerit
2222 4578 2288 4635 de
2316 4578 2437 4635 oleo
2463 4577 2728 4650 lampadis
2754 4577 2891 4648 ejus,
2922 4580 3067 4636 illico
3090 4578 3308 4634 sanabi-

1721 4682 1809 4728 tur
1836 4688 1933 4742 per
1954 4671 2240 4728 Dominum
2268 4681 2516 4729 nostrum
2536 4668 2725 4726 Jesum
2738 4667 3013 4727 Christum
3027 4710 3042 4735 ,
3063 4666 3155 4738 qui
3170 4667 3303 4723 vivit

1720 4774 1773 4833 et
1802 4775 1991 4836 regnat
2020 4763 2073 4819 in
2097 4762 2291 4820 smcula
2315 4763 2657 4823 smculomm.
2683 4759 2879 4819 Amen.
