3926 5662
527 382 633 440 727

1711 386 2075 446 ANASTASII
2115 378 2657 457 BlBLlOTllECABIl

527 555 3769 595 ___________________________________________._.....

1206 737 1582 857 ACTA
1669 734 2267 854 SANCTfE
2353 728 3063 863 CRISPINI’E

1663 944 2020 1011 VIRGINIS
2058 943 2160 1004 ET
2202 941 2640 1016 MARTYRIS,

1392 1099 1729 1158 AUCTORE
1766 1096 2180 1155 ANASTASIO
2224 1094 2881 1167 BIBLIOTHECARIO.

1938 1224 2360 1243 ﬂ

871 1283 1039 1350 (Apud
1059 1288 1258 1356 ﬂebili,
1278 1291 1393 1346 Vet.
1419 1295 1662 1361 A_nalect.,
1684 1308 1747 1345 ex
1773 1297 2099 1359 manuscripto
2124 1297 2295 1347 codice
2316 1295 2525 1347 coenobii
2548 1296 2700 1346 sancti
2718 1286 3006 1347 Theoderici
3030 1304 3184 1358 prope
3215 1291 3477 1352 Rhenos.)

596 1563 929 1622 Diocletiano
961 1566 1005 1637 ll
1029 1577 1085 1624 et
1118 1568 1453 1633 Maximiano
1482 1570 1723 1643 Augusto
1774 1574 2104 1641 consulzhus,
2136 1576 2189 1635 A
2216 1572 2324 1630 Sed
2349 1572 2455 1640 fac,
2481 1573 2525 1629 si
2557 1572 2636 1629 vis
2657 1589 2688 1628 a
2718 1572 2894 1645 legum
2924 1570 3214 1628 severitate
3250 1569 3512 1626 immunis
3544 1569 3785 1640 evadere.

525 1653 614 1710 die
651 1654 927 1713 Nonarum
956 1658 1356 1729 Decembrium,
1383 1663 1525 1739 apud
1574 1662 1849 1735 Coloniam
1895 1664 2110 1722 Thebe-

523 1747 747 1823 8tinam,
784 1750 840 1804 in
861 1752 1156 1820 secretario
1177 1752 1276 1825 pro
1302 1742 1556 1816 tribunali
1583 1757 1854 1814 assidente
1879 1757 2112 1814 Anulino

522 1841 875 1911 proconsule,
903 1841 1403 1911 Commentariense
1429 1847 1661 1905 ollicium
1691 1851 1828 1906 dixit
1860 1865 1875 1905 :
1904 1851 2114 1923 Thaga-

528 1928 708 1986 rensis
745 1928 1012 2001 Crispina,
1045 1949 1167 2005 qua:
1203 1934 1375 2007 legem
1422 1938 1759 1994 dominorum
1812 1940 2112 2013 principum

527 2023 879 2094 contempsit,
909 2026 956 2081 si
978 2025 1210 2097 jusseris
1235 2030 1507 2087 audiatur.
1530 2032 1796 2099 Anulinus
1824 2036 2114 2107 proconsul

527 2111 707 2169 dixit:
738 2114 1048 2181 Inducatur.
1088 2120 1157 2196 Et
1197 2121 1418 2184 inducta
1457 2124 1615 2183 beata
1645 2123 1914 2197 Crispina,
1960 2126 2114 2184 Anu-

526 2203 673 2260 linus
688 2208 986 2277 proconsul
1008 2209 1144 2277 dixit
1176 2227 1191 2268 :
1220 2210 1483 2285 Praecepli
1512 2216 1650 2271 sacri
1673 2216 1785 2288 jam
1818 2219 2115 2288 cognovisti

528 2298 898 2355 sententiam?
920 2301 1088 2358 Beata
1112 2302 1363 2381 Crispina
1390 2294 1703 2380 respondit:
1744 2309 1882 2377 Quid
1910 2325 2115 2381 praece-

528 2396 681 2456 ptum
711 2389 783 2446 sit
801 2392 1005 2448 nescio.
1024 2394 1294 2467 Anulinus
1320 2398 1613 2467 proconsul
1634 2390 1814 2454 dixit:
1849 2399 1920 2456 Ut
1945 2401 2119 2462 omnis

527 2481 633 2537 bus
660 2480 764 2539 diis
788 2485 989 2549 nostris
1013 2502 1109 2558 pro
1134 2487 1305 2559 salute
1336 2491 1641 2564 principum
1677 2493 1976 2560 sacriﬁcos,
2031 2510 2118 2550 se-

528 2574 765 2630 cundum
795 2576 967 2649 legem
995 2579 1177 2635 datam
1211 2597 1241 2636 a
1280 2581 1512 2639 dominis
1557 2584 1759 2640 nostris
1786 2584 2118 2643 Diocliciano

530 2664 929 2757 etMaximiano
955 2671 1059 2757 piis
1073 2673 1352 2746 Augustis,
1371 2684 1428 2733 et
1443 2674 1760 2737 Constantio
1786 2678 2118 2754 nobilissimo

528 2756 763 2815 Caesare.
814 2752 983 2818 Beata
1027 2762 1274 2845 Crispina
1320 2767 1645 2845 respondit:
1687 2751 1974 2840 Nunquam
2020 2783 2120 2845 ego

530 2848 859 2917 sacriﬁcavi,
890 2866 990 2908 nec
1017 2842 1291 2923 sacriﬁco,
1336 2844 1440 2911 nisi
1491 2858 1587 2931 uni
1635 2858 1746 2916 Deo
1791 2869 1847 2915 et
1890 2842 2120 2917 Domino

2214 1663 2380 1741 Beata
2406 1665 2657 1736 Crispina
2679 1663 2990 1734 respondit:
3014 1661 3168 1732 Quod
3191 1661 3330 1719 dicis
3354 1675 3462 1717 non
3485 1660 3673 1725 timeo,
3695 1661 3782 1717 hoc

2214 1755 2351 1823 nihil
2376 1766 2478 1812 est.
2509 1756 2677 1811 Deum
2706 1766 2886 1810 autem
2912 1755 3003 1826 qui
3037 1755 3090 1810 in
3131 1754 3287 1811 ccelis
3330 1761 3417 1821 est
3464 1754 3513 1824 si
3558 1762 3781 1809 contem-

2214 1861 2397 1919 psero,
2422 1846 2684 1919 sacrilega
2717 1861 2832 1916 ero,
2858 1855 2914 1903 et
2942 1846 3106 1905 semel
3131 1860 3220 1901 me
3244 1845 3472 1918 perdet,
3499 1852 3687 1900 utnon
3714 1847 3782 1898 in-

2216 1939 2403 1995 veniar
2436 1939 2489 1994 in
2519 1938 2610 1995 illo
2630 1938 2719 1994 die
2745 1946 2990 1993 venturo.
3015 1936 3280 1993 Anulinu‘s
3310 1935 3606 2008 proconsul
3630 1935 3781 1989 dixit:

2218 2029 2493 2102 Sacrilege
2520 2044 2627 2084 non
2655 2028 2785 2095 eris,
2808 2027 2854 2084 si
2877 2029 3047 2085 sacris
3077 2028 3420 2099 obtemperes
3440 2023 3785 2096 jussionibus.

2215 2122 2383 2185 Beata
2410 2120 2661 2192 Crispina
2682 2120 2959 2192 respondit
2985 2137 2997 2174 :
3028 2117 3168 2188 Quid
3188 2118 3270 2174 vis
3286 2118 3313 2174 ἲ
3333 2126 3395 2174 ut
3413 2117 3519 2173 sim
3543 2115 3782 2188 sacrilega

2218 2214 2358 2287 apud
2388 2215 2579 2281 Deum,
2607 2222 2663 2270 et
2707 2213 2846 2289 apud
2894 2212 3244 2282 imperatores
3290 2224 3401 2266 non
3440 2209 3588 2266 sim?
3630 2207 3782 2281 Absit.

2218 2305 2363 2367 Deus
2390 2320 2642 2377 magnus,
2667 2293 2767 2376 qui
2795 2302 2922 2369 fecit
2960 2317 3132 2367 mare,
3158 2311 3214 2357 ct
3260 2300 3465 2356 herbas
3505 2298 3721 2369 virides,
3742 2305 3788 2350 et

2220 2399 2427 2455 aridam
2454 2384 2686 2465 terram;
2734 2397 2981 2469 homines
3011 2403 3189 2450 autem
3220 2391 3350 2448 facti
3398 2390 3471 2447 ab
3514 2392 3651 2461 ipso,
3676 2388 3787 2459 quid

2219 2491 2352 2547 mihi
2380 2498 2605 2561 possunt
2631 2488 2924 2560 praestare?
2970 2484 3235 2554 Anulinus
3277 2481 3578 2553 proconsul
3630 2478 3787 2533 dixit:

2220 2581 2349 2638 Cole
2376 2580 2691 2653 religionem
2719 2577 3041 2642 Romanam,
3069 2590 3231 2646 quam
3281 2581 3338 2627 et
3378 2570 3591 2627 domini
3640 2568 3796 2640 nostri.

2222 2671 2564 2728 invictissimi
2588 2670 2830 2726 Caesares
2852 2677 2909 2723 et
2943 2681 3041 2722 nos
3083 2665 3185 2737 ipsi
3231 2663 3614 2735 observamus.
3642 2658 3783 2714 Beata

2221 2760 2471 2833 Crispina
2524 2758 2843 2830 respondit:
2871 2757 3039 2811 Deum
3088 2753 3213 2809 novi
3258 2760 3478 2826 tantum
3512 2768 3531 2806 :
3564 2764 3680 2804 nam
3723 2746 3786 2801 illi

2223 2853 2428 2926 lapides
2458 2861 2618 2918 sunt,
2641 2860 2698 2907 et
2720 2851 2976 2921 llgmenta
3017 2862 3275 2917 manuum
3310 2845 3603 2917 hominum
3647 2843 3785 2898 facta.

527 2949 719 3032 nostro
742 2941 870 2999 Jesu
884 2943 1100 3002 Christo
1125 2947 1260 3003 Filio
1281 2947 1413 3019 ejus,
1428 2950 1521 3019 qui
1546 2928 1708 3007 natus
1727 2960 1812 3008 est
1831 2959 1886 3007 et
1908 2967 2119 3024 passus.
2151 2923 2494 3032 B_Anulinus
2535 2941 2821 3031 proconsul
2862 2941 2998 2997 dixit
3046 2958 3059 2995 :
3101 2938 3510 3009 Blasphemiam
3558 2935 3788 3006 loqueris.

534 3031 807 3090 Anulinus
832 3036 1120 3105 proconsul
1168 3038 1342 3094 dixit:
1381 3038 1614 3111 Amputa
1658 3043 2117 3113 superstitionem,

533 3130 590 3175 et
616 3121 840 3193 subiuga
868 3135 1031 3195 caput
1059 3136 1207 3182 tuum
1241 3130 1306 3184 ad
1345 3145 1497 3186 sacra
1524 3132 1744 3188 deorum
1791 3142 2120 3192 nostrorum.

533 3211 700 3267 Beata
727 3213 975 3285 Crispina
1022 3220 1301 3289 respondit
1339 3235 1354 3274 :
1401 3219 1634 3278 Cottidie
1676 3238 1908 3280 veneror
1956 3225 2122 3287 Deum

534 3318 739 3369 meum,
766 3319 964 3385 praeter
984 3324 1145 3379 quem
1171 3311 1335 3367 alium
1368 3328 1472 3368 non
1514 3313 1659 3368 novi.
1699 3314 1964 3372 Anulinus
1994 3332 2122 3387 pro—

538 3396 727 3451 consul
771 3397 949 3454 dixit:
980 3392 1124 3457 Dura
1161 3417 1221 3459 es
1269 3413 1324 3460 et
1369 3406 1749 3476 contemptrix,
1798 3417 1854 3463 et
1900 3408 2124 3480 incipies

536 3487 644 3541 vim
668 3487 844 3561 legum
866 3490 1035 3548 invita
1056 3494 1345 3551 sustinere.
1366 3495 1533 3552 Beata
1545 3482 1792 3568 crispina
1813 3501 2119 3570 respondit:

539 3576 811 3648 Quidquid
839 3584 1125 3641 emerserit
1152 3600 1251 3657 pro
1273 3585 1379 3642 llde
1414 3602 1533 3643 mea
1567 3570 1726 3659 quam
1752 3598 1927 3655 teneo,
1954 3590 2127 3648 liben-

533 3680 621 3749 ter
644 3673 843 3743 patiar.
885 3676 1152 3735 Anulinus
1197 3681 1488 3751 proconsul
1535 3683 1673 3739 dixit
1714 3701 1728 3738 :
1773 3685 1999 3752 vanitas
2043 3693 2128 3743 cst

538 3764 707 3819 animi
737 3766 833 3831 tui,
863 3777 923 3831 ut
945 3768 1061 3840 jam
1101 3785 1212 3832 non
1259 3772 1483 3830 dimissa
1530 3776 1917 3849 superstitione
1969 3792 2124 3849 sacra

537 3855 759 3911 nomina
786 3860 1077 3917 venereris.
1112 3861 1279 3919 Beata
1305 3863 1552 3937 Crispina
1595 3846 1881 3940 respondit
1908 3887 1921 3923 :
1950 3846 2122 3926 Cotti;

538 3943 627 3999 dic
657 3962 886 4005 veneror
909 3990 925 4015 ,
980 3953 1076 4013 sed
1127 3953 1413 4012 Dominum
1442 3946 1445 3949 ’
1475 3973 1675 4025 meum,
1723 3969 1920 4033 przeter
1965 3978 2124 4033 quem

540 4036 707 4092 alium
740 4053 846 4097 non
879 4041 1024 4097 novi.
1060 4041 1327 4108 Anulinus
1350 4050 1642 4120 proconsul
1668 4049 1803 4106 dixit
1834 4069 1847 4106 :
1881 4031 1998 4125 Ego
2040 4036 2126 4125 sa}

543 4142 696 4183 crum
727 4139 1057 4201 praeceptum
1086 4134 1308 4198 oliorum
1338 4139 1482 4208 quod
1507 4140 1778 4197 observes.
1821 4120 1984 4199 Beata
2010 4120 2131 4208 Cri;

543 4219 700 4286 spina
730 4223 1007 4293 respondit
1041 4244 1053 4278 :
1084 4224 1420 4298 Praeceptum
1465 4229 1715 4305 observo,
1764 4233 1857 4288 sed
1915 4214 2125 4290 Domini

541 4311 648 4367 mei
678 4311 806 4368 Jcsu
830 4312 1054 4372 Christi.
1084 4309 1348 4393 Amtlinus
1393 4304 1679 4391 proconsul
1726 4324 1861 4379 dixit
1888 4344 1899 4379 :
1926 4304 2125 4382 Perdes

540 4413 724 4475 caput,
761 4406 807 4461 si
861 4423 967 4471 non
1015 4411 1275 4468 obediens
1330 4411 1496 4468 fueris
1534 4413 1703 4483 jussis
1739 4396 2122 4486 imperaturum

542 4494 883 4550 dominorum
942 4508 1286 4565 nostrorum,
1342 4501 1538 4571 quibus
1589 4504 1865 4560 deservire
1918 4507 2126 4575 cogeris

543 4581 854 4654 subjugata;
886 4589 1029 4655 quod
1067 4598 1123 4644 et
1148 4593 1325 4646 omnis
1364 4590 1545 4647 Africa
1590 4592 1738 4658 fecit,
1772 4612 1870 4651 nec
1901 4596 1994 4651 tibi
2025 4596 2126 4651 du-

543 4670 691 4726 bium
718 4682 822 4728 est.
868 4675 1034 4731 Beata
1067 4677 1316 4750 Crispina
1366 4682 1681 4752 respondit:
1716 4683 2002 4754 Nunquam
2057 4667 2129 4741 sit

544 4761 652 4817 illis
683 4766 850 4831 bene,
874 4776 933 4821 ut
965 4783 1050 4823 me
1079 4770 1360 4840 daemoniis
1388 4771 1594 4828 faciant
1642 4773 1952 4830 sacriﬁcare
1980 4794 1993 4829 :
2032 4777 2129 4832 sed

545 4853 797 4911 sacriﬁco
831 4856 1082 4923 Domino,
1112 4862 1206 4932 qui
1238 4860 1368 4917 fecit
1391 4862 1586 4919 coalqu
1627 4872 1684 4919 et
1727 4871 1946 4932 terram,
1978 4844 2129 4921 mare

547 4954 603 4998 et
627 4948 810 5004 omnia
839 4964 959 5018 quae
990 4953 1043 5006 in
1072 4953 1152 5009 eis
1172 4963 1317 5010 sunt.
1338 4956 1604 5013 Anulinus
1632 4958 1918 5029 proconsul
1950 4960 2084 5015 dixit
2113 4978 2131 5015 :

549 5035 692 5106 Ergo
723 5039 813 5095 isti
847 5041 919 5095 dii
952 5058 1059 5098 non
1086 5054 1214 5100 sunt
1242 5061 1273 5101 a
1308 5054 1362 5102 te
1390 5049 1620 5117 accepti,
1651 5048 1848 5119 quibus
1875 5049 2133 5107 exhibere

559 5130 904 5197 cognosceris
934 5131 999 5202 [f.
1022 5136 1255 5208 cogeris]
1280 5136 1618 5203 famulatum,
1648 5147 1708 5194 ut
1751 5139 1899 5195 salva
1941 5153 2135 5210 perve-

554 5216 674 5270 nias
728 5218 796 5271 ad
852 5220 1210 5280 devotionem.
1257 5227 1419 5283 Beata
1485 5228 1735 5300 Crispina
1786 5230 2065 5301 respondit
2114 5247 2129 5283 :

556 5302 714 5359 Nulla
735 5306 949 5364 devotio
975 5321 1060 5367 est
1080 5329 1199 5384 qua:
1247 5318 1479 5388 opprimi
1526 5320 1676 5388 cogit
1720 5321 1933 5377 invitos.
1983 5322 2135 5377 Anu.»

2154 4282 2198 4344 C

2226 3054 2351 3094 nam
2381 3052 2487 3094 non
2524 3024 2866 3107 prosequeris
2890 3047 3010 3103 quae
3033 3031 3188 3087 saluti
3218 3042 3323 3087 tuac
3351 3030 3701 3086 conveniunt.
3736 3028 3792 3082 Et

2226 3129 2425 3200 adjecit
2450 3114 3041 3196 Anulinus‘proconsul,
3080 3133 3135 3177 et
3160 3121 3665 3191 Co‘mmentariense
3691 3117 3792 3183 olli-

2226 3221 2311 3278 cio
2331 3220 2466 3276 dixit
2488 3236 2501 3274 :
2526 3219 2608 3273 Ad
2631 3231 2845 3274 omnem
2867 3214 3298 3273 deformitionem
3324 3213 3584 3275 deducta,
3602 3228 3631 3267 a
3651 3225 3792 3289 nova‘

2230 3311 2346 3368 cula
2395 3309 2589 3366 ablatis
2645 3307 2888 3364 crinibus
2935 3304 3263 3370 decalvetur,
3312 3311 3373 3358 ut
3427 3301 3553 3371 ejus
3582 3303 3790 3373 primum

2230 3400 2397 3457 facies
2420 3398 2485 3454 ad
2512 3411 2762 3470 pompam
2790 3393 3087 3467 perveniat.
3110 3392 3275 3449 Beata
3300 3389 3563 3461 Crispina
3597 3404 3793 3459 respon-

2227 3493 2307 3549 dit
2335 3510 2349 3548 :
2375 3491 2690 3562 Loquautur
2714 3489 2815 3559 ipsi
2839 3488 2932 3553 dii,
2962 3495 3019 3543 et
3043 3486 3261 3542 credam
3305 3499 3322 3538 :
3362 3499 3467 3555 ego
3506 3486 3557 3538 si
3588 3483 3799 3553 salutent

2228 3600 2335 3640 non
2361 3597 2658 3655 quaererem
2688 3581 3036 3645 audiendam,
3068 3587 3193 3634 ante
3233 3577 3474 3633 tribunal
3507 3587 3658 3633 tuum
3699 3590 3794 3631 non

2228 3689 2428 3747 essem.
2472 3673 2741 3743 Anulinus
2770 3669 3059 3745 proconsul
3087 3667 3227 3723 dixit
3266 3685 3281 3720 :
3325 3666 3431 3722 Diu
3459 3667 3646 3721 vivere
3672 3664 3796 3720 desii.

2230 3766 2408 3830 deras,
2441 3773 2534 3820 aut
2558 3764 2696 3819 mori
2730 3763 2782 3817 in
2822 3761 3017 3833 pernis,
3043 3759 3184 3816 sicut
3205 3767 3261 3814 et
3288 3767 3504 3815 caetera:
3528 3766 3794 3833 consortes

2231 3872 2341 3930 tua:
2362 3862 2614 3927 Maxima,
2637 3858 2901 3916 Donatilla
2922 3898 2938 3925 ,
2960 3865 3014 3914 et
3044 3856 3313 3912 Secunda.
3353 3853 3527 3909 Beata
3569 3851 3797 3922 Crispina

2230 3955 2508 4032 respondit
2537 3969 2552 4008 :
2590 3952 2647 4009 Si
2675 3951 2810 4007 mori
2844 3950 3059 4014 vellem,
3083 3956 3140 4004 ct
3167 3947 3221 4002 in
3261 3945 3544 4002 interitum
3575 3945 3800 3998 animam

2231 4046 2467 4112 tradere,
2494 4054 2551 4099 et
2582 4045 2634 4100 in
2666 4044 2843 4113 ignem
2871 4051 3157 4105 aeternum,
3187 4037 3292 4093 tuis
3312 4036 3599 4093 dzemoniis
3626 4036 3797 4089 darem

2230 4142 2564 4197 voluntatem
2592 4152 2788 4211 meam.
2809 4133 3075 4189 Auulinus
3096 4127 3390 4205 proconsul
3432 4127 3575 4184 dixit
3600 4145 3614 4179 :
3644 4125 3798 4194 Caput

2231 4234 2326 4311 tibi
2353 4232 2608 4295 incidam,
2636 4229 2680 4285 si
2704 4229 2837 4293 deos
2859 4224 3197 4282 venerabiles
3216 4223 3445 4279 adorare
3489 4218 3796 4290 dispexeris.

2229 4306 2393 4397 Beata
2444 4321 2690 4392 Crispina
2726 4317 3002 4397 respondit
3036 4334 3049 4371 :
3082 4314 3299 4371 Gratias
3352 4326 3455 4382 ago
3498 4306 3613 4365 Deo
3668 4323 3800 4397 meo,

2229 4414 2271 4469 si
2303 4396 2405 4479 hoc
2432 4398 2591 4485 fuero
2617 4394 2927 4464 consecuta.
2957 4405 3131 4475 Caput
3155 4416 3337 4458 meum
3364 4399 3534 4471 perdo
3582 4396 3751 4454 semel
3787 4411 3800 4447 :

2230 4503 2324 4559 sed
2376 4502 2423 4558 si
2463 4498 2847 4556 lhuriﬂcavero
2898 4495 3123 4551 idolis...
3193 4493 3458 4549 Anulinus
3523 4487 3803 4562 proconsul

2231 4591 2366 4646 dixit
2397 4609 2410 4644 :
2449 4590 2515 4645 Et
2534 4589 2754 4659 omnino
2782 4587 2836 4641 in
2865 4586 2968 4640 isto
2990 4597 3153 4640 sensu
3179 4590 3271 4638 tuo
3317 4580 3487 4638 stulto
3527 4578 3802 4651 persistis?

2230 4684 2392 4739 Beata
2422 4665 2669 4751 Crispina
2697 4677 2974 4750 respondit
3000 4693 3014 4729 :
3041 4675 3182 4730 Deus
3207 4687 3360 4746 meus
3387 4672 3481 4743 qui
3508 4681 3616 4739 est,
3638 4682 3696 4726 et
3721 4670 3801 4739 qui

2232 4775 2354 4842 fuit,
2383 4775 2498 4845 ipse
2525 4787 2612 4829 me
2629 4770 2791 4843 jussit
2823 4768 3004 4842 nasci;
3056 4767 3173 4837 ipse
3213 4764 3361 4820 dedit
3405 4764 3539 4819 mihi
3586 4763 3804 4818 salutem

2231 4878 2328 4937 per
2357 4878 2552 4934 aquam
2578 4859 2860 4930 baptismi;
2895 4858 3009 4927 ipse
3029 4870 3240 4911 mecum
3258 4862 3363 4919 est,
3382 4862 3445 4909 ut
3466 4855 3649 4909 anima
3671 4866 3804 4911 mea.

2232 4948 2375 5012 sicut
2405 4965 2462 5010 tu
2490 4954 2594 5019 vis,
2626 4967 2732 5007 non
2763 4949 2930 5005 faciat
2956 4945 3319 5017 sacrilegium.
3370 4944 3643 4999 Anulinus
3683 4957 3803 5012 pro-

2233 5045 2422 5103 consul
2475 5042 2612 5099 dixit
2655 5059 2672 5097 :
2717 5040 2857 5109 Quid
2913 5038 3155 5110 pluribus
3212 5035 3528 5092 sufferimus
3595 5034 3813 5104 impiam,

2192 5162 2195 5165 π
2234 5137 2576 5212 Crispinam?
2599 5136 2733 5191 Acta
2759 5149 2825 5190 ex
2856 5133 3045 5190 codice
3069 5145 3191 5202 quae
3219 5129 3364 5186 dicta
3394 5137 3523 5185 sunt
3574 5126 3805 5197 relegan-

554 5393 698 5451 linus
718 5402 1004 5466 proconsul
1035 5404 1167 5463 dixit
1202 5427 1213 5460 :
1257 5407 1362 5465 Sed
1399 5410 1605 5465 utinam
1629 5411 1818 5468 devota
1864 5413 2129 5483 sequaris,
2182 5408 2188 5414 ’

556 5483 699 5539 utin
730 5487 942 5557 templis
980 5494 1148 5549 sacris
1197 5495 1335 5555 ﬂexo
1387 5499 1566 5570 capite
1618 5499 1721 5555 diis
1769 5500 2132 5558 Romanorum

562 5575 719 5624 “mm
749 5578 1012 5628 “mm”-
1044 5582 1206 5634 Beala
1246 5588 1490 5642 Crimina
1519 5590 1833 5646 respondit:
1866 5592 1979 5642 Hoc
2025 5608 2130 5638 nnn

2235 5243 2344 5290 tur.
2371 5220 2439 5288 Et
2472 5246 2594 5287 cum
2624 5228 3016 5298 relegerentur,
3044 5223 3315 5287 Anulinus
3352 5222 3653 5292 proconsul
3692 5236 3804 5275 sen-

2236 5326 2457 5383 tentiam
2486 5325 2554 5380 de
2582 5320 2762 5377 libello
2790 5319 2925 5391 legit
2976 5336 2990 5373 :
3038 5315 3384 5387 Crispina.in
3429 5311 3805 5385 superstitione

2237 5417 2455 5489 indigna
2475 5414 2790 5487 perdurans,
2810 5424 2930 5481 quae
2949 5408 3052 5466 diis
3077 5407 3275 5464 nostris
3295 5404 3611 5461 sacriﬁcare
3625 5402 3803 5462 noluit,

2237 5506 2532 5567 secundum
2566 5502 2792 5576 Augusti
2820 5501 2953 5574 legis
2977 5500 3225 5556 mandata
3252 5512 3288 5553 a
3315 5495 3602 5554 cmicsti...
3641 5496 3804 5552 locum

2166 5645 2183 5647 -
2238 5599 2430 5648 tendit-
2448 5613 2568 5646 eam
2587 5596 2764 5646 gladio
2790 5592 3145 5649 animadverti
3172 5589 3349 5644 iussit.
3379 5588 3549 5644 Beata
3572 5589 3801 5645 Crispina
