3926 5770
136 324 240 383 729

620 318 1134 380 consonum.
1172 349 1248 362 —
1280 318 1488 377 suam.
1526 318 1585 376 s.
1627 317 1880 377 msoo.
1922 319 2197 379 sruurr.
2237 296 2327 379 os
2362 322 2422 379 s.
2464 321 2909 395 sanruotou.

3312 319 3417 375 750

136 438 307 492 Passa
335 442 423 490 est
449 436 608 492 beata
641 434 885 504 Crispina
926 433 1070 503 apud
1112 401 1392 490 Coloniam
1445 431 1730 488 Thebesti-
1755 430 1805 497 Α
1831 432 2047 490 Christo
2071 435 2126 489 in
2148 435 2357 493 unitate
2383 435 2618 517 Spiritus
2644 439 2819 501 sancti
2851 437 2907 494 in
2954 435 3153 494 sacula
3200 434 3419 509 saculo-

136 542 289 591 nam,
332 527 427 583 die
472 527 744 583 Nonarum
772 524 1171 590 Decembrium,
1222 524 1524 594 imperante
1573 524 1719 579 Anu—

134 619 245 683 lino
308 617 631 687 proconsule
652 657 670 685 ,
734 627 988 690 regnante
1055 617 1282 674 Domino
1345 626 1533 674 nostro
1586 615 1714 673 Iesu

1828 542 1969 582 rum.
1997 527 2194 597 Amen.

145 787 3412 837 W

659 940 1128 1058 SERMO
1210 941 1329 1059 S.
1429 944 2157 1060 THEODOBI
2242 943 2908 1063 STUDlT/E

846 1204 861 1213 η
1087 1138 1194 1199 DE
1235 1139 1297 1201 S.
1338 1140 1978 1206 BARTHOLOM/EO
2019 1146 2458 1215 APOSTOLO,

574 1280 1230 1417 Interprete
1306 1279 1941 1401 Anastasio
2038 1285 2948 1415 Bibliothecario.

1554 1448 2023 1464 *-

1289 1488 1452 1552 (Apud
1472 1490 1761 1556 Acherlum,
1786 1492 2039 1557 Spicilegii
2072 1502 2108 1546 t.
2138 1492 2226 1558 ll.)

1555 1617 1984 1639 —-—-——

781 1728 1291 1809 EPISTOLA
1356 1729 1901 1810 ANASTASII
1965 1680 2809 1815 NilNCUPATORIA.

205 1960 419 2026 Sancto
459 1973 523 2013 ac
557 1959 852 2016 venerabili
884 1959 1045 2017 Amm
1086 1961 1327 2027 antistiti,
1357 1960 1722 2018 Beneventino
1752 1967 1801 2028 Β
1828 1961 2038 2030 utilem,
2065 1964 2315 2022 obscuris
2344 1967 2671 2024 dictionibus
2702 1970 2888 2042 (quem
2927 1971 3271 2043 interpretari
3311 1976 3411 2034 tibi

134 2054 485 2127 Anastasius
523 2062 726 2111 sancta
755 2055 897 2113 sedis
922 2056 1236 2127 apostolica
1261 2054 1729 2130 bibliothecarius,

136 2147 194 2202 in
222 2147 455 2203 Domino
485 2146 741 2203 salutem.

208 2240 459 2296 Fervens
513 2238 873 2296 sanctimonia
929 2248 1020 2294 tua
1084 2240 1232 2296 circa
1279 2237 1734 2296 Bartbolomaum

137 2332 447 2405 apostolum
491 2333 645 2389 multi
690 2332 896 2390 amoris
939 2332 1130 2389 alfectu
1176 2346 1265 2388 me
1307 2344 1479 2403 nuper
1521 2330 1735 2385 hortata

136 2433 261 2499 est,
326 2425 456 2496 quia
498 2423 613 2494 jam
667 2425 788 2496 ejus
836 2440 1005 2496 penes
1056 2439 1116 2481 se
1164 2423 1399 2481 celebris
1437 2423 1738 2479 habebatur

137 2516 448 2580 memoria,
512 2517 560 2571 si
604 2515 735 2587 quid
781 2516 836 2571 in
876 2516 1035 2571 laude
1088 2516 1257 2585 ipsius
1309 2513 1503 2570 saltem
1548 2513 1736 2569 Graec

140 2608 505 2674 inveniretur,
549 2609 694 2680 quod
737 2607 821 2664 vel
860 2607 1057 2663 Latine
1096 2606 1183 2662 vel
1221 2604 1412 2661 Graec
1453 2604 1526 2660 sit
1570 2604 1736 2658 inter-

137 2708 442 2780 pretatum,
487 2699 589 2755 sibi
632 2699 924 2755 misissem.
970 2696 1171 2753 Verum
1201 2694 1450 2767 quamvis
1485 2695 1540 2750 in
1579 2693 1737 2750 laude

139 2792 312 2862 ipsius
357 2790 530 2845 multa
578 2790 927 2845 inveniantur
970 2803 1092 2859 qua
1113 2787 1199 2842 vel
1220 2786 1417 2842 Latine
1444 2784 1528 2840 vel
1551 2784 1738 2853 Graec

142 2881 415 2951 descripta
461 2890 609 2946 sunt,
636 2898 777 2937 unus
801 2890 978 2940 tamen
1013 2895 1193 2936 sermo
1231 2893 1407 2950 nuper
1429 2877 1607 2934 editus
1633 2887 1734 2943 est,

140 2973 230 3042 qui
268 2982 457 3028 utrum
493 2973 684 3030 Latine
723 2974 1030 3043 reperiatur
1072 2971 1218 3028 nullo
1258 2972 1522 3027 hactenus
1559 2969 1738 3025 declac

142 3074 296 3119 ratur
331 3065 560 3121 indicio.
609 3065 764 3121 Hunc
800 3080 930 3135 ergo
969 3063 1317 3135 interpretari
1342 3071 1400 3119 et
1420 3062 1735 3134 paternitati

142 3165 247 3220 tua
291 3155 558 3211 destinari
601 3156 840 3212 decrevi.
890 3155 947 3211 Si
996 3163 1176 3210 autem
1218 3154 1419 3225 quatis
1444 3153 1566 3225 quis
1602 3152 1739 3208 tanti

143 3245 418 3301 sermonis
481 3245 745 3300 habeatur
797 3244 1118 3315 expositor,
1182 3243 1417 3300 libenter
1472 3241 1733 3313 aperiam.

1832 2054 2070 2129 voluisti)
2115 2056 2306 2115 Graec
2350 2060 2521 2116 edidit
2549 2060 2767 2129 famine,
2812 2064 2904 2135 qui
2942 2063 3134 2122 Graec
3160 2068 3422 2127 vocabulo

1830 2144 2106 2220 ἐγκώμιον
2134 2147 2353 2216 dicitur,
2382 2149 2526 2220 quod
2557 2151 2751 2208 Latine
2778 2157 3122 2224 praconium,
3155 2160 3269 2214 sive
3296 2159 3414 2217 laus

1831 2234 2172 2304 exprimitur.
2237 2237 2339 2305 Qui
2395 2240 2466 2295 ad
2510 2238 2826 2301 Latinitatis
2875 2246 3133 2303 notitiam
3188 2249 3419 2307 ﬁdeliter

1835 2326 2172 2396 translatus,
2236 2339 2299 2386 ut
2359 2333 2675 2404 scrupulum
2728 2350 2949 2392 omnem
2997 2338 3065 2394 de
3116 2342 3423 2396 nutantium

1834 2418 2148 2488 pectoribus
2184 2420 2443 2489 auferat,
2494 2433 2549 2479 et
2593 2424 2870 2494 improbas
2903 2426 3209 2484 invidorum
3241 2444 3305 2486 ac
3331 2431 3424 2486 de-

1837 2509 2170 2566 trahentium
2201 2511 2414 2583 linguas
2441 2516 2796 2585 comprimat,
2843 2525 3011 2588 atque
3056 2516 3423 2589 ignorantiam

1838 2601 2073 2657 instruat
2114 2602 2450 2672 insciorum,
2494 2616 2894 2678 consequenter
2921 2609 3180 2679 legendus
3209 2621 3314 2667 est.
3358 2612 3425 2669 Et

1836 2707 2060 2757 revera,
2102 2693 2228 2763 quia
2262 2693 2517 2752 Salomon
2546 2698 2663 2753 ait:
2706 2697 2966 2755 Memoria
2994 2700 3268 2771 jurlorum
3306 2708 3422 2757 cum

1836 2785 2104 2853 laudibus,
2141 2788 2256 2845 scio
2282 2789 2545 2859 quosdam
2573 2804 2683 2847 non
2713 2791 2951 2848 scientes
2976 2792 3261 2863 utriusque
3288 2792 3428 2850 idio-

1836 2889 1984 2935 mata
2032 2880 2228 2952 lingua
2275 2881 2715 2953 interpretationi
2762 2897 2898 2940 mea
2942 2884 3329 2956 derogaturos,
3368 2895 3426 2941 et

1837 2985 1927 3026 me
1961 2985 2024 3026 ea
2059 2986 2346 3041 passurum
2374 2986 2497 3043 qua
2523 2973 2799 3044 quondam
2833 2973 2923 3031 ille
2952 2974 3193 3032 calestis
3230 2974 3428 3033 biblio-

1841 3062 2012 3119 theca
2032 3062 2209 3119 cultor
2236 3078 2269 3119 a
2293 3064 2410 3120 suis
2436 3065 2646 3121 amulis
2673 3065 2920 3136 pertulit.
2956 3067 3158 3124 Verum
3181 3068 3428 3140 quisquis

1841 3153 1928 3210 ille
1957 3154 2094 3220 fuit,
2131 3152 2253 3223 ejus
2277 3154 2588 3212 salubribus
2619 3154 2842 3214 monitis
2865 3157 3112 3215 eruditus
3140 3173 3247 3215 non
3276 3174 3336 3216 se
3359 3160 3428 3216 ad

1840 3242 2236 3301 detrahendum
2260 3243 2407 3300 velut
2434 3244 2713 3316 improbus
2741 3245 2983 3319 ingerat,
3026 3248 3119 3302 sed
3151 3248 3219 3304 ad
3249 3247 3425 3305 corri-

143 3333 468 3391 Theodorus
514 3334 769 3391 videlicet
822 3335 1043 3404 quidam
1096 3334 1354 3390 sacerdos
1400 3333 1542 3404 apud
1589 3331 1733 3389 Con-
1764 3328 1809 3391 C
1840 3338 2074 3407 gendum
2118 3336 2276 3406 quasi
2321 3337 2525 3407 probus
2572 3336 2828 3404 accedat;
2882 3348 2985 3394 nec
3036 3347 3158 3408 post
3207 3340 3429 3396 dorsum

142 3425 686 3497 stantinOpolitanam
735 3427 929 3485 urbem
983 3426 1318 3496 temporibus
1361 3425 1466 3479 fuit
1507 3423 1732 3480 Adriani

140 3507 195 3571 et
234 3516 437 3572 Leonis
486 3516 851 3583 Romanorum
895 3516 1235 3587 pontiﬁcum,
1268 3514 1352 3569 vir
1380 3513 1535 3570 valde
1570 3514 1736 3568 mira-

141 3607 295 3680 bilis,
331 3608 429 3677 qui
473 3623 576 3671 non
615 3605 789 3677 solum
832 3606 956 3661 ﬁdei
996 3605 1331 3675 constantia,
1354 3619 1543 3660 verum
1568 3604 1732 3658 etiam

145 3696 388 3751 scientia
435 3695 614 3767 gratia
672 3704 729 3753 et
790 3696 1068 3775 signorum
1131 3694 1357 3765 polleret
1402 3693 1731 3761 virtutibus;

145 3791 377 3845 duorum
448 3788 790 3859 imperalium
857 3788 1255 3860 insigniumque
1316 3785 1732 3856 coenobiorum,

146 3884 326 3958 Studii
359 3884 571 3940 scilicet
599 3894 654 3939 ct
680 3883 1108 3951 Saccudiorum,
1144 3884 1472 3957 constitutus
1511 3892 1595 3940 est
1619 3882 1733 3951 Yah-

1838 3426 2024 3482 l‘ratris
2046 3440 2244 3482 carnes
2270 3425 2583 3482 invidentia
2607 3425 2771 3482 dente
2795 3426 3073 3497 decerpat,
3103 3429 3198 3484 sed
3223 3428 3427 3498 palam,

1838 3523 1883 3579 si
1915 3531 2123 3594 potest,
2162 3522 2308 3592 quod
2342 3536 2373 3575 a
2397 3536 2530 3578 vero
2559 3522 2833 3590 discrepat
2853 3561 2868 3586 ,
2901 3519 3095 3577 affectu
3131 3521 3424 3578 charitatis

1838 3612 2104 3672 emendet.
2150 3610 2268 3667 Non
2297 3611 2443 3667 enim
2479 3609 2743 3680 majorem
2789 3611 3021 3681 gratiam
3068 3620 3421 3669 consecutum

1838 3702 2068 3767 invideo,
2095 3702 2192 3760 sed
2222 3711 2404 3775 grates
2432 3704 2643 3760 auctori
2690 3703 2953 3774 rependo,
3001 3704 3116 3774 qui,
3160 3703 3265 3761 etsi
3313 3718 3424 3760 non

1838 3809 1937 3865 per
1973 3809 2079 3860 me,
2111 3809 2210 3865 per
2253 3808 2605 3866 quoscunque
2635 3802 2816 3851 tamen
2847 3794 3098 3862 Latinos,
3125 3796 3191 3851 de
3233 3794 3325 3852 die
3368 3796 3424 3852 in

1841 3887 1982 3943 diem
2026 3885 2185 3943 donis
2233 3886 2443 3958 replet,
2493 3888 2692 3958 quibus
2734 3902 2797 3944 se
2839 3886 3014 3944 Graci
3061 3886 3264 3944 ditatus
3309 3901 3429 3944 esse

145 3976 267 4051 bas.
318 3975 424 4044 Qui
462 3991 676 4047 semper
711 3976 767 4032 in
802 3976 1113 4047 apostolica
1155 3976 1301 4033 sedis
1355 3975 1737 4035 communione
1841 3991 2168 4050 magnopere
2189 3976 2574 4047 gloriarentur.
2610 3976 2692 4032 Tu
2722 3986 2928 4044 tamen,
2957 3977 3208 4043 obsecro,
3237 3977 3285 4033 si
3313 3977 3431 4033 hac

146 4058 489 4149 persistens,
554 4069 936 4127 hareticorum
977 4070 1185 4140 nanias
1238 4078 1294 4126 et
1346 4069 1735 4140 imperatorum
1844 4066 2125 4122 translatio
2178 4081 2343 4137 parva
2389 4066 2608 4137 placet,
2658 4081 2780 4122 eam
2830 4065 3115 4138 legendam
3167 4065 3430 4123 Ecclesia

144 4161 430 4231 vesaniam
462 4160 584 4216 ﬁdei
607 4161 935 4228 constantia,
960 4161 1125 4217 etiam
1162 4159 1448 4216 tormentis
1487 4158 1734 4225 all‘cetus,
1842 4156 2020 4222 trade,
2068 4165 2124 4212 et
2164 4171 2264 4228 pro
2305 4171 2394 4213 me
2436 4157 2548 4214 Deo
2593 4158 2737 4213 hanc
2779 4158 2977 4228 legenti
3025 4157 3216 4212 saltem
3259 4155 3429 4211 semel

146 4253 353 4323 mentis
379 4252 587 4310 virtute
609 4253 904 4325 repressit;
950 4266 1163 4308 necnon
1191 4258 1247 4306 et
1280 4249 1457 4306 sancti
1504 4248 1737 4321 Spiritus
1844 4244 2010 4318 Kyrie
2057 4245 2266 4318 eleyson
2312 4247 2493 4305 dicere
2533 4247 2682 4317 jube.
2738 4247 2930 4313 Salve,
2979 4245 3177 4317 prasul
3242 4252 3424 4299 amate

147 4345 328 4430 gratia
380 4343 571 4414 plenus
616 4342 882 4417 opuscula
929 4341 1187 4399 nonnulla
1241 4340 1547 4412 composuit
1599 4340 1742 4397 inter
1846 4337 1978 4395 Deo.
2012 4336 2144 4393 Sine
2165 4337 2411 4409 margine
2446 4351 2475 4393 εξ
2499 4328 2647 4395 salve
2674 4345 2731 4394 et
2756 4351 2968 4393 memor
2990 4344 3110 4392 esto
3137 4333 3322 4389 fratris
3349 4332 3427 4389 tui

148 4428 273 4507 qua
302 4442 356 4488 et
394 4448 698 4490 sermonem
752 4434 894 4508 hunc
946 4431 1012 4487 de
1059 4430 1119 4485 Β.
1162 4429 1560 4502 Bartholpmao
1607 4428 1740 4495 satis
1846 4430 2141 4488 Anastasii.
2250 4444 2265 4463 ο

222 4547 337 4613 91d
377 4557 463 4604 est
508 4548 630 4605 ﬁne.
735 4589 740 4593 ρ

1445 4724 2129 4790 PREFATIUNCULA
2142 4770 2157 4785 .

216 4893 374 4951 Beati
397 4894 782 4951 Bartholomai
810 4894 1040 4964 apostoli
1063 4892 1372 4950 venerabile
1393 4893 1745 4965 omniumque
1773 4908 1825 4970 υ
1850 4891 1961 4949 imo
1990 4891 2186 4949 divina
2213 4888 2644 4960 dispensationis
2678 4890 2870 4941 nutum
2887 4928 2904 4954 ,
2946 4888 3242 4958 Lippareos
3269 4881 3442 4937 mira-

152 4986 383 5051 laudum
415 4986 637 5043 solemni
670 4986 1033 5041 attollendum
1062 5000 1263 5055 corpus
1292 4984 1584 5053 praeconio,
1615 5000 1743 5057 qua-
1847 4983 2034 5041 biliter
2066 4982 2138 5038 sit
2172 4989 2422 5039 evectum
2466 4983 2531 5042 in
2564 4976 2830 5041 insulam,
2872 4981 3022 5036 unde
3054 4973 3317 5034 hodierna
3353 4986 3447 5028 80‘-

150 5079 286 5147 liter
315 5078 384 5134 de
410 5077 665 5135 Armenia
697 5076 955 5152 Indorum
983 5074 1261 5146 provincia
1299 5082 1423 5145 post
1456 5073 1741 5144 decessum
1848 5074 2106 5132 lemnitas
2131 5073 2473 5140 celebratur,
2508 5067 2785 5147 cujusdam
2811 5064 3096 5130 Theodori
3117 5062 3459 5120 reverendis-

149 5168 371 5225 Polimii
398 5170 533 5241 regis
556 5180 728 5242 atque
755 5167 1046 5238 pontiﬁcis,
1079 5166 1370 5237 aliquantis
1397 5165 1740 5231 elabentibus
1851 5164 1980 5221 simi
2023 5164 2325 5221 sacerdotis
2361 5167 2624 5228 veridica
2670 5161 2754 5212 est
2794 5155 3076 5220 relatione
3116 5158 3469 5219 reseratum;

150 5260 319 5337 annis
367 5275 461 5330 per
496 5261 819 5336 iniquorum
866 5266 1028 5329 atque
1073 5258 1371 5315 inﬁdelium
1416 5259 1740 5330 perfidiam,
1854 5254 2023 5314 habet
2044 5255 2187 5312 enim
2216 5256 2296 5312 sic
2322 5249 2658 5320 huiusmodi
2683 5245 2951 5305 llaﬂ'al'lO‘
2966 5254 3125 5312 illius.

1567 5369 2053 5391 ..Ἀ

1214 5490 1550 5585 SERMO
1628 5497 1714 5599 s,
1779 5491 2211 5574 THEODO
2229 5489 2351 5571 31.

226 5662 489 5718 Maximus
515 5667 742 5738 quidem
775 5662 949 5729 labor,
991 5674 1071 5730 et,
1113 5672 1171 5720 ut
1205 5665 1426 5732 addam,
1460 5670 1632 5741 gloria
1664 5684 1748 5734 est
1867 5670 1967 5726 sed
2013 5665 2201 5735 majori
2229 5665 2545 5725 devotione
2575 5654 3063 5753 marlyi‘_‘luisquc
3106 5644 3264 5708 ἀθυθί
3307 5637 3508 5739 ME"?
