3926 5408
515 346 607 400 751

1672 341 2042 408 ἈΝΑδΤΑδιι
2078 349 2622 416 BIBLIOTHECARII
2717 404 2724 408 .

3669 356 3766 424 iss

515 463 584 517 At
615 471 741 519 vero
771 471 825 520 et
848 465 1147 536 apostolum
1180 466 1739 537 irrcprebensibiliter
1767 467 2094 528 coilaudare,
2125 468 2174 526 Λ
2203 483 2322 524 sera
2348 470 2584 542 linguam
2611 488 2782 528 meam
2809 484 3038 542 mutam,
3065 478 3131 533 da
3157 478 3288 533 mibi
3327 477 3611 534 materiam
3644 495 3760 548 pne

519 564 766 626 quantae,
809 565 999 627 putas,
1026 571 1147 612 esse
1176 557 1375 627 poterit
1403 557 1570 613 etiam
1601 557 1892 629 insignium
1925 557 2098 628 magl-

518 655 757 702 strorum
790 647 1100 712 industri:e,
1148 647 1358 703 scilicet
1400 663 1563 718 quem
1603 649 1828 719 spiritus
1867 647 1936 702 ad
1971 663 2099 702 con-

517 741 918 812 templationem
952 741 1197 795 laudibus
1225 749 1280 796 et
1309 740 1597 796 modulatis
1622 741 1843 796 vocibus
1866 739 2099 796 extulit?

516 832 681 902 Cujus
708 831 852 887 enim
883 848 1048 888 sonus
1087 831 1140 885 in
1176 847 1393 888 omnem
1424 840 1624 885 terram
1659 831 1860 896 exivit,
1893 839 1955 885 ut
1978 845 2102 885 ver—

513 927 709 981 borum
742 926 944 980 virtute
977 927 1114 980 lines
1141 925 1418 980 ordinaret
1448 925 1626 989 orbis,
1668 933 1885 994 oportet
1913 925 2100 994 utique

513 1028 569 1072 ut
600 1028 654 1073 et
685 1017 803 1074 laus
831 1017 950 1086 ejus
977 1033 1043 1073 ex
1070 1033 1226 1086 mque
1264 1016 1598 1088 intelligatur
1625 1025 1680 1072 et
1708 1015 1943 1071 ﬁdeliter
1969 1029 2099 1086 pro-

515 1107 726 1164 feratur
751 1126 764 1162 :
799 1117 852 1165 et
882 1109 950 1163 ad
975 1106 1090 1164 hinc
1112 1108 1232 1178 quis
1260 1117 1368 1163 tam
1392 1108 1638 1172 idoneus,
1661 1109 1784 1178 quis
1809 1106 2098 1175 suﬂiciens,

516 1203 638 1272 quis
678 1201 975 1258 robustus?
1023 1201 1405 1272 Numquidnam
1444 1202 1572 1272 quia
1612 1217 1711 1258 nee
1747 1200 1962 1268 Petrus,
2004 1215 2105 1258 nec

514 1294 756 1350 Joannes
785 1302 870 1350 est
899 1294 1116 1350 divinus
1142 1293 1570 1350 Bartbolouneus
1588 1334 1605 1362 ,
1647 1295 1850 1350 idcirco
1883 1294 2107 1365 paucio-

516 1384 672 1439 ribus
704 1392 789 1441 est
820 1384 1163 1440 sermonibus
1196 1384 1592 1455 prmdicandus,
1624 1393 1678 1440 et
1707 1385 1862 1456 quasi
1903 1401 2012 1441 non
2035 1385 2107 1440 sit

516 1473 673 1529 multi
704 1474 982 1545 praeconii,
1031 1475 1210 1529 minus
1239 1474 1444 1545 aliquid
1473 1473 1828 1530 efferendus?
1877 1473 2108 1544 Aposto-

516 1563 628 1619 lum
655 1563 858 1621 Christi
899 1565 1058 1620 audis
1087 1580 1153 1619 ex
1189 1573 1324 1629 toto,
1361 1573 1418 1619 et
1449 1581 1553 1620 non
1593 1565 1934 1636 pertimescis
1982 1580 2106 1621 eum

517 1654 606 1725 qui
655 1655 806 1710 misit
849 1655 1045 1709 illum?
1097 1655 1314 1710 Testem
1346 1655 1593 1711 veritatis
1631 1671 1801 1712 sensu
1844 1657 2016 1726 capis,
2054 1665 2108 1712 ct

517 1761 626 1800 non
665 1746 884 1801 miraris
917 1760 1038 1800 cum
1071 1746 1162 1815 qui
1190 1754 1271 1802 est
1299 1746 1459 1818 digne
1496 1747 1818 1804 canendus?
1868 1747 2006 1816 Quin
2047 1757 2109 1803 et

519 1837 563 1893 si
597 1837 890 1892 multorum
920 1853 1061 1892 unus
1088 1846 1202 1891 erat
1225 1879 1239 1902 ,
1282 1839 1412 1892 nulli
1445 1847 1627 1894 tamen
1654 1839 1984 1894 famulorum
2012 1839 2107 1896 Dei
2137 1826 2186 1888 Β

520 1932 720 1988 minori
752 1931 913 1987 laude
949 1931 1370 2001 comparandus.
1404 1930 1487 1986 An
1515 1931 1641 2002 quia
1673 1932 1756 1989 est
1781 1932 1948 1988 divini
1978 1931 2112 1988 duo-

521 2025 731 2080 denarii
764 2023 973 2079 numeri
1001 2023 1245 2079 medius?
1273 2023 1371 2078 Est
1398 2023 1542 2080 enim
1576 2033 1630 2078 et
1659 2023 1746 2079 hic
1769 2023 2111 2090 duodenarii,

525 2117 582 2172 in
613 2116 832 2173 senario
861 2116 1146 2182 medietas,
1190 2115 1335 2172 sicut
1376 2116 1430 2170 in
1471 2115 1695 2171 citharae
1725 2117 2009 2172 harmonia
2039 2117 2114 2172 si-

529 2210 696 2275 milis,
743 2225 955 2282 aequum
1000 2218 1055 2264 et
1099 2210 1169 2265 ab
1215 2218 1449 2278 utraque
1489 2217 1648 2280 parte
1695 2222 1889 2264 sonum
1917 2207 2114 2264 divina:

526 2301 1007 2364 sermocinationis
1046 2300 1280 2357 similem
1318 2300 1474 2356 dans.
1528 2299 1600 2354 At
1637 2314 1770 2356 vero
1799 2299 1843 2356 si
1874 2299 2116 2356 volueris

526 2404 587 2450 ut
640 2395 693 2450 in
745 2394 1042 2466 apostolico
1087 2394 1319 2459 ordine,
1376 2392 1518 2450 sicut
1559 2393 1611 2448 in
1657 2392 1875 2448 annuali
1911 2391 2116 2449 circulo

525 2482 1066 2554 uniuscujuscunque
1117 2482 1362 2548 mensis,
1414 2496 1483 2537 ex
1531 2496 1691 2552 aequo
1737 2481 1888 2538 utilis
1933 2482 2116 2537 omni-

525 2577 702 2634 modis
729 2575 1044 2632 conl‘eratur
1074 2591 1358 2643 numerus,
1386 2585 1443 2632 et
1473 2575 1692 2647 propria
1723 2575 1860 2632 alter
1890 2575 2118 2631 alterius

525 2667 833 2738 quantitate
879 2676 932 2723 et
979 2667 1245 2737 qualitate
1293 2682 1446 2722 suam
1487 2665 1684 2722 habeat
1723 2664 2116 2731 differentiam,

526 2775 634 2816 non
667 2759 828 2830 plane
857 2760 1015 2815 nobis
1045 2760 1087 2814 is
1116 2760 1208 2830 qui
1250 2759 1505 2816 laudatur
1531 2760 1790 2830 exiguus,
1832 2758 1926 2815 sed
1955 2767 2009 2814 et
2037 2759 2120 2812 nio

527 2851 632 2906 mis
659 2851 908 2907 sublimis
932 2852 1135 2907 virtute
1158 2851 1396 2921 Spiritus
1426 2852 1727 2922 apparebit,
1754 2853 1963 2908 habens
1989 2852 2118 2922 quid

527 2940 582 2996 in
611 2941 726 3012 ipsa
751 2941 1138 3012 supputatione
1166 2941 1456 3013 mysticum
1487 2942 1580 2996 Dei
1607 2942 1897 2998 verborum
1931 2952 2117 3013 typum

526 3035 830 3090 secundum
853 3035 1256 3090 arithmeticam
1280 3043 1476 3091 artem.
1508 3035 1672 3091 Solus
1697 3035 1842 3092 enim
1871 3036 2122 3091 senarius

531 3138 798 3179 numerus
848 3139 876 3179 a
922 3125 1098 3194 prima
1131 3125 1366 3180 monade
1408 3123 1686 3195 perfectus
1715 3124 1961 3196 partibus
2005 3124 2119 3178 suis

534 3215 814 3284 complens
864 3230 930 3270 ex
981 3215 1068 3270 his
1120 3215 1252 3286 ipsis
1302 3215 1650 3271 medietatem
1694 3213 1910 3285 quidem
1963 3229 2118 3270 suam

533 3320 656 3374 quae
685 3315 771 3362 est
802 3305 905 3361 tria
925 3345 941 3372 ,
986 3305 1202 3361 tertiam
1232 3319 1360 3360 vero
1389 3313 1602 3376 partem
1639 3319 1793 3359 suam
1830 3303 2121 3373 perliciens

532 3414 603 3455 ex
631 3398 861 3462 duobus,
903 3406 1118 3453 sextam
1151 3406 1336 3453 autem
1362 3411 1430 3452 ex
1461 3396 1694 3452 monade
1718 3410 2120 3452 eonsummans.

533 3491 592 3546 lu
631 3506 739 3562 quo
775 3505 907 3548 vero
942 3505 1172 3547 numero
1219 3490 1310 3546 hic
1353 3489 1632 3560 apostolus
1659 3529 1674 3555 ,
1728 3489 1773 3545 si
1823 3488 2122 3544 secundum

535 3581 907 3653 evangelicum
931 3580 1451 3638 dinumeraverimus
1477 3578 1805 3651 catalogum,
1831 3586 2016 3634 sextus
2043 3593 2126 3634 re-

535 3675 766 3744 peritur.
814 3674 984 3730 Porro
1013 3682 1068 3728 et
1095 3673 1139 3728 si
1171 3671 1465 3728 secundum
1495 3671 1726 3726 Actuum
1758 3669 2126 3742 apostolorum

538 3763 844 3833 catalogum
870 3763 1361 3828 numeraverimus,
1391 3763 1678 3833 septimum
1708 3777 1969 3833 ponemus
1995 3761 2129 3815 Bar-

542 3856 913 3921 tholomaaum,
931 3855 1141 3925 eritque
1164 3854 1276 3924 ipse
1301 3854 1494 3910 iterum
1521 3853 1844 3924 principium
1868 3861 1923 3908 et
1940 3860 2127 3906 vertex

545 3947 799 4004 secundm
821 3948 1078 4002 hexados.
1128 3945 1204 4000 Ita
1234 3954 1291 4000 ut
1317 3945 1444 4000 hinc
1471 3945 1738 4015 possimus
1764 3941 2130 4011 argumentari

541 4055 667 4095 eum
707 4039 773 4094 ad
817 4039 1034 4093 Petrum
1081 4038 1284 4093 habere
1339 4035 1795 4106 comparationem
1824 4074 1839 4100 ,
1889 4033 2016 4087 dum
2063 4047 2130 4088 ex

543 4131 722 4204 prima
759 4131 973 4202 quidem
1015 4131 1224 4187 hexade
1259 4129 1584 4201 principium
1627 4135 1911 4199 reputatur
1946 4127 1998 4180 in
2039 4125 2134 4182 Pc-

546 4232 666 4289 tro,
713 4238 780 4278 ex
824 4225 1057 4278 secunda
1101 4237 1263 4287 vero,
1309 4222 1436 4292 quia
1485 4221 1771 4276 summitas
1818 4226 1903 4274 cst
1943 4233 2132 4273 eorum

545 4313 639 4383 qui
700 4321 821 4383 post
882 4314 1054 4383 ipsum
1113 4319 1277 4378 sunt,
1348 4312 1748 4376 dinumeratur,
1812 4309 2132 4380 principium

546 4410 766 4460 taxatur
812 4403 864 4457 in
911 4401 1323 4459 Bartholomazo.
1383 4401 1558 4466 Nota,
1602 4400 1983 4465 dilectissime,
2028 4397 2132 4454 Pc-

548 4501 665 4549 trus
712 4494 868 4549 docet
914 4495 1205 4560 nationes;
1269 4493 1364 4548 sed
1419 4501 1474 4547 et
1527 4489 1955 4546 Bartbolomaeus
1997 4503 2133 4545 con-

549 4593 846 4654 sequenter
896 4585 1048 4655 paria
1101 4585 1411 4656 investigat.
1485 4582 1630 4638 Petri
1689 4581 1920 4651 speciosi
1972 4581 2136 4652 pedes

551 4675 696 4739 bona
751 4675 1208 4746 evangelizantis,
1275 4676 1370 4731 sed
1429 4683 1485 4730 et
1542 4670 1924 4729 Bartholomaei
1983 4689 2138 4743 mque

549 4768 774 4844 jucundi
823 4769 1076 4826 sublimia
1126 4768 1193 4823 de
1242 4769 1352 4823 Deo
1400 4767 1690 4838 loquentis.
1756 4765 1953 4832 Petrus
2003 4779 2137 4834 ope-

557 4869 708 4922 ratur
749 4860 992 4930 prodigia
1040 4873 1256 4926 magna,
1300 4858 1393 4912 sed
1438 4865 1494 4912 ct
1536 4855 1964 4911 Bartholomreus
2011 4854 2141 4910 facit

555 4950 817 5014 miracula
861 4950 1060 5005 valida.
1112 4949 1304 5004 Petrus
1345 4949 1595 5004 deorsum
1636 4948 1814 5018 capite
1874 4948 2148 5017 cruciﬁgi-

557 5051 648 5108 tur
665 5081 684 5109 ,
710 5041 803 5096 sed
825 5056 858 5098 e
885 5041 1098 5097 diverso
1136 5040 1560 5095 Bartbolommus
1586 5054 1776 5109 ptenas
1801 5053 1900 5108 pro
1927 5037 2144 5094 Christo

2200 563 2356 616 conia
2389 572 2493 617 tum
2521 565 2906 636 magnitudinis
2934 571 3248 637 enarrandi,
3279 585 3387 626 non
3417 579 3479 626 ut
3517 571 3633 641 ipse
3651 587 3756 642 pro-

2202 649 2355 707 ﬁcias
2376 651 2580 722 aliquid
2603 695 2618 719 ,
2655 655 2862 712 habens
2883 658 3210 716 intrinsecus
3243 661 3642 716 beatitudinum
3667 661 3764 732 ple-

2201 743 2522 811 nitudinem,
2546 745 2637 800 sed
2663 755 2716 800 ut
2737 751 3113 818 quoquomodo
3139 751 3449 806 declaretur
3470 767 3625 806 amor
3640 751 3768 806 circa

2202 841 2256 888 te
2295 833 2554 889 divinitus
2592 835 3040 906 praedestinatus,
3072 848 3131 893 ut
3170 848 3225 895 et
3268 856 3370 912 ego
3414 841 3768 912 pauperrimus

2202 939 2339 994 puer
2368 933 2490 979 tuus
2529 925 2771 995 paternis
2807 928 3144 984 orationibus
3181 929 3330 984 fruar
3375 930 3429 984 in
3461 929 3623 985 laude
3654 930 3769 985 cele-

2203 1015 2422 1071 britatis
2465 1023 2586 1070 tuae.
2629 1014 2747 1073 Non
2790 1017 2934 1073 enim
2963 1020 3162 1090 poterit
3208 1022 3326 1077 sine
3376 1020 3769 1092 participatione

2204 1107 2614 1164 illuminationis
2644 1124 2994 1184 permanere,
3021 1113 3110 1184 qui
3153 1112 3220 1167 ad
3260 1112 3608 1184 splendorem
3657 1113 3770 1167 radii

2205 1198 2338 1254 solis
2367 1200 2661 1256 accesserit
2687 1199 2772 1256 vel
2797 1196 3026 1273 pupillas
3059 1204 3318 1259 erexerit.

2276 1289 2429 1345 Alius
2468 1289 2632 1362 igitur
2667 1292 3033 1361 apostolorum
3066 1294 3172 1359 bic,
3203 1294 3340 1349 alius
3365 1309 3498 1349 vero
3523 1293 3650 1347 alibi
3676 1309 3771 1363 per-

2206 1383 2350 1454 cepit
2379 1390 2588 1454 partem
2624 1383 2772 1440 orbis
2810 1383 2865 1440 in
2904 1385 3286 1455 pradicatione
3320 1385 3651 1457 cognitionis
3673 1384 3771 1448 Dei,

2207 1485 2264 1532 et
2289 1491 2477 1531 omnes
2519 1475 2926 1531 universitatem
2956 1476 3056 1531 sibi
3083 1476 3501 1546 dispertientes;
3532 1474 3773 1546 pradica-

2210 1574 2356 1624 tores
2377 1567 2540 1638 Regis
2561 1581 2746 1637 regum
2774 1565 2975 1620 Christi
3005 1567 3284 1640 constituti
3310 1574 3470 1622 sunt:
3503 1565 3775 1620 Constituet

2210 1659 2354 1713 enim
2410 1675 2498 1714 eos
2561 1661 2819 1730 principes
2863 1675 3020 1728 super
3074 1674 3276 1712 omnem
3331 1667 3532 1712 terram
3623 1653 3772 1725 (Puri.

2213 1767 2375 1818 xuv,
2439 1752 2570 1824 17),
2617 1751 2898 1821 Scriptura
2967 1749 3354 1822 pronuntiavit.
3396 1749 3462 1804 Ei
3491 1757 3670 1803 autem
3701 1747 3776 1815 qui

2213 1861 2358 1902 nunc
2395 1845 2596 1902 celebri
2639 1844 2780 1901 fama
2810 1845 3060 1900 laudatur
3087 1860 3206 1898 sors
3244 1851 3298 1896 et
3329 1842 3510 1913 portio
3532 1839 3779 1895 Armenia:

2213 1935 2387 2001 locus,
2412 1937 2504 2008 qui
2528 1945 2612 1992 est
2638 1937 2707 1992 ab
2734 1937 2944 1991 Evilatb
2985 1950 3154 2005 usque
3192 1933 3464 1999 Gabaoth,
3504 1941 3559 1986 et
3583 1933 3635 1986 iu
3664 1929 3779 1984 mul-

2215 2027 2286 2083 tis
2328 2027 2577 2099 gentibus
2605 2035 2660 2082 et
2701 2027 3012 2083 civitatibus
3037 2035 3121 2081 est
3154 2025 3498 2080 distributus.
3542 2024 3645 2078 Istc
3673 2034 3781 2089 ergo

2213 2133 2337 2174 cum
2389 2119 2699 2174 mitteretur
2763 2119 2991 2190 mystice
3036 2117 3255 2172 verbum
3304 2117 3399 2171 Dei
3458 2115 3778 2170 annuntiarc.

2217 2210 2336 2267 litec
2379 2209 2638 2265 divinitus
2676 2209 2883 2264 audivit
2917 2225 2946 2263 a
2989 2207 3254 2263 Domino:
3301 2205 3484 2270 Vade,
3512 2203 3781 2273 discipule,

2215 2302 2283 2358 ad
2309 2300 2713 2372 prtedicandum
2734 2340 2748 2365 ,
2779 2301 2863 2355 exi
2904 2299 2972 2354 ad
3001 2314 3265 2370 pugnam,
3298 2312 3470 2368 capax
3507 2304 3622 2352 esto
3657 2295 3781 2365 peri-

2217 2393 2496 2460 culorum;
2544 2390 2764 2448 consule
2819 2391 3072 2461 ﬁgmento
3129 2403 3288 2457 meo,
3341 2387 3500 2456 cujus
3554 2387 3783 2441 misertus

2218 2485 2382 2542 homo
2410 2483 2589 2540 factus
2617 2498 2770 2548 sum,
2805 2490 2860 2537 et
2891 2497 2990 2552 pro
3032 2496 3140 2552 quo
3161 2479 3352 2534 mortis
3385 2477 3621 2532 dedecus
3647 2475 3781 2545 elegi.

2217 2575 2332 2648 Ego
2379 2583 2663 2648 paternum
2704 2588 2841 2644 opus
2882 2570 3283 2635 consummavi;
3325 2568 3540 2639 primus
3571 2566 3784 2621 veritatis

2220 2667 2377 2724 testis
2403 2666 2578 2722 factus
2607 2682 2755 2733 sum;
2783 2681 2880 2721 vos
2901 2665 3044 2734 quod
3066 2661 3436 2719 necessarium
3458 2668 3544 2716 est
3569 2658 3781 2727 implete,

2219 2765 2273 2814 et
2298 2773 2418 2828 quae
2441 2765 2563 2828 post
2583 2757 2747 2813 verba
2784 2753 3183 2828 praedicationis
3206 2767 3340 2809 mea:
3369 2751 3574 2807 mundo
3595 2751 3784 2814 desunt,

2222 2852 2288 2906 ad
2312 2850 2716 2908 similitudinem
2746 2863 2921 2904 meam
2948 2846 3211 2917 supplete.
3233 2844 3455 2900 Imitare
3495 2841 3784 2912 Magistrum

2217 2953 2400 3009 tuum,
2431 2941 2688 2998 :emulare
2716 2940 2998 2995 Dominum
3027 2947 3200 3004 tuum,
3226 2951 3380 3006 aequa
3404 2935 3656 3006 passione
3678 2949 3779 2988 san-

2226 3038 2443 3107 guinem
2477 3051 2576 3106 pro
2612 3051 2698 3090 me
2723 3047 2892 3105 pone,
2922 3041 2978 3088 et
3005 3045 3223 3088 carnem
3252 3028 3594 3086 cruciatibus
3626 3025 3758 3080 trade
3775 3040 3798 3093 ;_

2229 3138 2415 3200 patere
2456 3141 2680 3199 qumque
2722 3125 2954 3182 sustinui
3007 3138 3106 3196 pro
3146 3131 3200 3178 te
3243 3136 3458 3193 passus.
3495 3117 3723 3174 Ostende
3747 3115 3790 3169 in

2229 3222 2401 3304 teipse
2445 3218 2761 3275 manifestas
2806 3217 3046 3273 actiones
3090 3213 3425 3270 characteris
3479 3210 3608 3264 mei.
3651 3208 3789 3262 Anna

2227 3300 2324 3366 tibi
2355 3309 2798 3381 sint'benignitas
2836 3308 2887 3362 in
2917 3304 3202 3362 sudoribus
3225 3344 3241 3370 ,
3282 3300 3648 3358 mansuetudo
3679 3300 3792 3352 inter

2227 3402 2538 3468 maledicos,
2562 3400 2822 3471 patientia
2840 3398 2892 3453 in
2914 3398 3002 3453 his
3028 3397 3118 3468 qui
3143 3404 3198 3451 te
3222 3393 3581 3466 perculerint.
3611 3390 3679 3446 Ut
3699 3390 3794 3444 ovis

2223 3495 2282 3550 in
2323 3491 2502 3549 medio
2547 3491 2796 3563 luporum
2846 3487 3089 3553 efﬁcere,
3119 3484 3412 3542 virtutibus
3460 3492 3704 3538 armatus
3741 3478 3795 3533 ad

2226 3586 2367 3644 bella
2409 3600 2625 3642 acuere.
2672 3583 2786 3640 Non
2822 3581 3104 3638 resultavit
3146 3577 3458 3650 apostolus;
3494 3591 3603 3632 non
3643 3573 3793 3630 dixit:

2230 3677 2512 3748 Quomodo
2537 3676 2691 3749 lupos
2714 3674 2952 3731 nancisci
2993 3673 3193 3743 poterit
3236 3671 3591 3743 agnus'unus
3638 3667 3797 3722 decem

2230 3770 2434 3826 millia?
2455 3769 2736 3838 Quomodo
2757 3764 3362 3838 praecipietperegrinus
3379 3762 3578 3833 primis
3598 3759 3792 3820 civium.

2233 3863 2386 3920 exsul
2407 3862 2658 3929 ducibus,
2685 3860 2902 3932 regibus
2918 3860 2963 3915 is
2983 3859 3075 3930 qui
3099 3873 3260 3912 unam
3283 3856 3528 3927 possidet
3551 3850 3796 3908 tunicam?

2235 3955 2342 4011 Sed
2373 3964 2433 4010 ut
2458 3953 2694 4009 famulus
2722 3952 2928 4017 fidelis,
2975 3950 3258 4006 Dominico
3280 3948 3641 4019 acquiesccns
3686 3959 3802 4015 pra:-

2235 4056 2418 4117 cepto,
2461 4044 2641 4115 pergit
2682 4042 2952 4114 gaudens,
3001 4039 3137 4095 nihil
3177 4037 3430 4094 deferens
3457 4052 3676 4101 secum,
3714 4033 3804 4088 nisi

2235 4143 2443 4190 tantum
2459 4133 2659 4190 Christi
2684 4130 2978 4202 pretiosum
3009 4143 3201 4184 nomen
3228 4143 3327 4196 pro
3348 4126 3498 4181 omni
3528 4133 3800 4179 armatura.

2306 4227 2492 4296 Itaque
2533 4223 2852 4295 aggrediens
2868 4222 3034 4276 verbo
3053 4217 3460 4291 praedicationis
3489 4214 3803 4287 provinciam

2237 4329 2385 4373 sorte
2408 4323 2717 4388 perceptam
2744 4354 2759 4379 ,
2787 4321 2988 4383 quanta
3020 4310 3131 4366 illic
3161 4309 3429 4380 gesserit,
3461 4315 3662 4377 quanta
3695 4305 3808 4358 sub-

2241 4409 2358 4464 iens
2403 4407 2725 4480 pertulerit,
2776 4417 3009 4474 sequens
3051 4417 3229 4458 sermo
3271 4401 3562 4471 depinget;
3603 4410 3807 4470 quorum

2167 4545 2216 4605 D
2240 4502 2459 4571 quidem
2493 4510 2620 4555 sunt
2665 4498 2910 4570 quredam
2956 4495 3250 4552 secundum
3303 4494 3655 4548 traditionem
3691 4490 3810 4544 anti-

2453 4592 2465 4605 ι
2511 4592 2543 4605 ,ο
2627 4591 2638 4602 ι
2773 4599 2808 4605 ,ν
2899 4586 3127 4605 νηηΑιᾼη-
3173 4601 3296 4605 ------
3343 4599 3504 4605 A----_
3525 4584 3638 4605 ιφ...
3667 4581 3788 4605 --.2-

2241 4609 2362 4664 qua:
2391 4591 2672 4648 relationis
2703 4599 2856 4656 acta,
2886 4586 3132 4659 quardam
3173 4601 3302 4640 vero
3337 4584 3642 4640 secundum
3667 4581 3812 4636 ratio-

2242 4700 2366 4739 nem
2409 4682 2846 4753 evangelicarum
2889 4679 3260 4735 doctrinarum
3311 4685 3467 4747 gesta
3511 4675 3810 4732 consistunt.

2244 4776 2300 4832 Si
2333 4777 2479 4832 enim
2503 4774 2593 4829 lux
2623 4773 2807 4828 mundi
2839 4781 2923 4826 est
2957 4771 3112 4842 juxta
3139 4768 3278 4838 quod
3310 4769 3529 4824 Veritas
3561 4763 3815 4833 discipulis

2245 4869 2322 4924 ait
2347 4883 2361 4922 :
2402 4866 2504 4922 l'os
2531 4868 2654 4921 estis
2685 4865 2778 4919 lux
2802 4864 3016 4926 mundi,
3053 4861 3296 4933 profecto
3317 4877 3382 4916 ea
3405 4875 3530 4931 qua:
3556 4859 3691 4915 lucis
3709 4863 3817 4911 sunt

2246 4968 2501 5031 Operatus
2529 4966 2612 5012 est
2655 4958 2705 5011 iu
2732 4957 2816 5011 bis
2843 4955 2934 5026 qui
2967 4955 3018 5010 in
3051 4953 3289 5009 tenebris
3329 4961 3386 5007 et
3417 4953 3612 5007 umbra
3652 4949 3820 5004 mortis

2249 5051 2526 5107 sedebant.
2558 5049 2624 5103 Et
2670 5049 2715 5103 si
2753 5047 2828 5102 sal
2865 5056 3022 5102 terrae
3049 5053 3153 5111 est,
3201 5042 3553 5098 manifestum
3597 5049 3678 5096 cst
3713 5038 3818 5108 quia

561 5132 857 5198 sustinens,
909 5141 1196 5202 postquam
1241 5131 1430 5186 vivens
1465 5130 1780 5186 exeoriatus
1820 5137 1924 5194 est,
1973 5128 2118 5198 capit

2247 5151 2439 5214 gentes
2471 5137 2870 5194 irrationabiles
2897 5136 3144 5191 veritatis
3180 5134 3389 5189 ratione
3418 5131 3624 5188 saliens
3650 5146 3820 5187 emun-

563 5221 839 5280 rlectilur.
871 5222 1146 5278 ﬂunluuot
1179 5222 1344 5275 igitur
1363 5221 1559 5270 Petrus
1596 5220 1704 5264 πει
1772 5219 1989 5270 totidem
2018 5233 2150 5278 ουρ-

2255 5235 2422 5286 davit.
2450 5233 2516 5284 Ει
2545 5234 2588 5282 si
2620 5232 2902 5284 onerarius
2923 5227 3230 5284 evanuelice
3250 5224 3566 5281 nominatus
3581 5234 3690 5289 051.
3707 5237 3825 5280 con’
