3926 5582
145 330 252 386 733

653 326 1170 386 COLLECTANEA.
1214 359 1273 369 --
1323 328 1530 385 SERM.
1573 327 1629 384 S.
1671 328 1918 385 THEOD.
1962 329 2232 387 STUDIT.
2266 329 2356 386 DE
2395 329 2450 384 S.
2493 329 2934 387 BARTllOLOM.

3313 329 3416 384 734

144 444 403 500 videlicet
443 443 928 516 comtemplationis
953 452 1009 500 et
1035 442 1264 499 actionis
1288 485 1304 509 ,
1333 459 1432 499 nec
1459 445 1731 499 seminan-
1760 448 1810 506 Α
1835 441 1958 497 dem
2001 441 2260 513 sepultus.
2312 437 2414 510 Qui
2444 442 2695 498 videlicet
2741 432 3008 513 glOriOsus
3058 441 3292 497 ﬁdelium
3323 457 3418 511 pa-

146 547 254 590 tem
295 534 510 605 aliquid
537 533 879 591 detinentium
908 544 964 591 et
987 536 1415 606 corruptibilium
1444 578 1458 602 ,
1491 538 1584 592 sed
1609 537 1731 593 ﬁdei

143 624 375 678 verbum
397 623 455 676 in
477 622 801 694 profundum
819 625 998 680 cordis
1014 625 1392 680 recondentem
1411 643 1425 691 ;
1445 626 1732 698 aliquando

145 728 277 769 vero
303 713 649 784 plantantem
699 715 980 786 paradisus
1011 725 1064 771 et
1091 716 1278 772 vincas
1321 717 1567 782 Domini,
1613 719 1734 776 illos

140 806 356 862 scilicet
382 805 612 876 quijam
639 808 947 878 receptione
992 809 1143 865 verbi
1188 810 1255 865 ad
1285 809 1508 867 meliora
1551 812 1734 869 incre-

143 905 390 956 mentum
445 898 709 965 fecerunt,
753 907 809 953 et
847 899 916 954 ab
941 898 1164 956 ineunte
1193 908 1352 956 aetate
1391 916 1490 972 per
1523 901 1733 974 singula

143 996 389 1056 tempora
440 987 651 1043 fructus
695 989 1023 1060 multiplices
1083 991 1398 1060 ediderunt;
1444 992 1734 1065 aliquando

142 1089 326 1134 autem
356 1081 756 1138 medicinaliter
775 1083 1013 1139 exhibita
1047 1083 1276 1154 singulis
1296 1085 1609 1156 passionum
1642 1101 1731 1142 re-

142 1170 321 1237 media
352 1172 612 1228 confercit
622 1185 748 1234 tem.

213 1264 418 1320 Verum
467 1267 720 1321 eumdem
750 1281 913 1323 nosse
957 1267 1092 1323 velis
1131 1282 1304 1324 caecos
1331 1269 1515 1325 oculos
1538 1268 1735 1325 illumi-

144 1362 389 1420 nantem,
415 1355 669 1427 leprosos
716 1359 1088 1425 mundantem,
1133 1358 1314 1415 febres
1352 1359 1730 1429 expellentem,

144 1445 350 1504 claudis
378 1447 600 1516 vadere,
632 1449 811 1506 surdis
843 1449 1031 1506 audire
1074 1450 1425 1522 praabentem,
1452 1459 1615 1522 atque
1641 1465 1730 1506 re-

144 1537 416 1608 liquorum
444 1539 766 1612 languorum
792 1543 1138 1599 multimodas
1159 1543 1480 1614 expellendo
1501 1544 1730 1614 species,

143 1630 343 1699 duplici
373 1633 609 1688 sanitate
637 1643 843 1690 naturae
866 1635 1097 1706 propria:
1139 1635 1420 1707 languidos
1445 1637 1732 1692 restituen-

144 1729 248 1775 tem
275 1731 331 1776 et
356 1732 512 1779 certe
533 1725 857 1794 pastoralem
886 1739 1091 1782 morem
1115 1726 1520 1798 suscipientem,
1552 1735 1608 1782 et
1645 1742 1735 1783 se-

141 1811 344 1879 mitas,
390 1813 505 1870 Deo
546 1816 897 1886 perﬁciente,
942 1817 1317 1884 deducentem,
1365 1827 1732 1885 revocantem,

138 1912 494 1972 pugnantem,
537 1906 922 1974 propellentem
952 1908 1154 1964 bestias
1201 1907 1490 1973 haereseos,
1533 1910 1731 1964 daemo-

136 2008 381 2064 numque
429 1994 758 2066 phalanges:
807 1997 1120 2067 imperfecta
1155 1999 1333 2069 rigare
1367 2013 1551 2066 manu,
1593 1999 1731 2055 edu-

135 2099 265 2142 ειη-θ
298 2095 612 2142 crescentes
634 2087 688 2141 in
715 2096 876 2143 aetate
896 2087 1124 2154 Christi,
1155 2090 1341 2159 spinas
1367 2089 1730 2160 intelligibiles

134 2173 392 2240 evellere,
439 2175 524 2231 vel
557 2177 724 2232 silvas
754 2178 1018 2247 impactas
1058 2194 1268 2244 secare,
1320 2195 1477 2250 scpes
1511 2182 1733 2252 dogma-

135 2265 278 2330 ticas
317 2266 750 2337 circumponere,
795 2277 849 2324 et
875 2270 1134 2340 quidquid
1161 2287 1350 2327 eorum
1378 2275 1563 2330 deesse
1593 2288 1728 2329 con-

134 2356 343 2412 stiterit
385 2372 506 2426 quze
545 2368 845 2429 opportune
872 2369 996 2416 sunt
1027 2365 1318 2433 sequenda,
1350 2362 1507 2421 facile
1541 2366 1731 2435 praevi-

134 2447 286 2502 dere.
327 2448 444 2517 Ipse
490 2458 670 2505 autem
714 2450 1012 2506 :ediﬁcator
1051 2463 1107 2507 et
1145 2454 1474 2511 architectus
1516 2455 1728 2512 aedificii

137 2553 200 2592 ac
229 2538 606 2596 fabricationis
632 2555 737 2595 non
765 2542 1106 2609 manufactaa,
1135 2544 1456 2614 templorum
1482 2545 1731 2602 videlicet

136 2628 375 2700 Domini,
404 2646 523 2700 qua:
552 2647 650 2701 per
678 2630 939 2701 Spiritum
981 2642 1036 2689 et
1073 2635 1358 2689 veritatem
1407 2646 1730 2693 construun-

137 2731 245 2786 tur,
290 2737 358 2778 ac
396 2723 752 2794 perﬁciuntur
791 2725 844 2780 in
891 2726 1146 2798 populum
1192 2729 1592 2798 acceptabilem,
1645 2746 1726 2784 se-

136 2821 404 2872 cutorem
442 2815 709 2870 bonorum
753 2830 998 2884 operum.
1031 2817 1248 2873 Intuere
1293 2833 1529 2885 mecum,
1568 2835 1602 2875 o
1631 2821 1728 2876 ho-

135 2918 265 2969 mo,
329 2904 580 2960 civitates
634 2913 688 2960 et
739 2907 1046 2961 habitacula
1077 2947 1092 2972 ,
1143 2923 1265 2978 quae
1326 2908 1453 2964 olim
1503 2911 1728 2981 populus

135 2999 396 3056 seductus
437 2998 758 3063 inﬁdelitate
802 3002 1062 3070 possedit,
1115 3003 1366 3073 nequiter
1412 3004 1601 3058 turrim
1632 3019 1727 3074 po-

133 3103 289 3153 nens,
319 3089 374 3144 in
417 3088 510 3144 Dei
553 3091 878 3160 cognitione,
921 3099 976 3146 et
1026 3091 1461 3148 adversariorum
1503 3093 1725 3149 insidias

1847 542 2054 601 tronus,
2099 535 2263 589 etiam
2316 543 2440 604 post
2485 535 2689 589 obitum
2742 534 2991 605 apparuit
3047 549 3271 604 magnus
3321 533 3414 588 Dei

1835 624 2180 696 praedicator.
2206 624 2325 680 Non
2353 625 2497 679 enim
2527 625 2609 680 vel
2636 634 2918 696 postquam
2943 625 3194 696 migravit
3216 641 3281 679 ex
3313 625 3415 680 hoc

1835 715 2039 771 mundo
2060 714 2297 788 neglexit
2315 716 2616 782 occisores;
2645 716 2739 771 sed
2763 723 2822 770 ut
2842 724 3028 787 pastor
3053 716 3226 769 bonus
3247 730 3418 784 quan-

1836 814 1948 862 tum
1980 807 2237 877 temporis
2264 815 2402 872 erat,
2455 807 2717 861 invitabat
2759 806 3038 862 miraculis
3074 806 3332 877 perditos,
3361 815 3418 860 et

1832 898 2097 969 prodigiis
2147 897 2467 954 admittebat
2511 912 2749 955 aversos.
2801 896 2906 954 Sed
2954 897 3233 952 bestialem
3260 912 3414 951 men-

1834 997 1944 1046 tem
1998 997 2054 1045 et
2101 989 2456 1046 inhumanum
2499 1006 2597 1046 cor
2639 990 2714 1046 nil
2764 1000 2881 1046 erat
2926 991 3067 1060 quod
3105 1003 3416 1060 compesce-

1835 1088 1939 1148 ret,
1976 1081 2051 1135 nil
2082 1081 2224 1150 quod
2265 1082 2571 1138 retraheret
2596 1097 2876 1153 usquequo
2910 1082 2964 1136 in
3003 1080 3267 1151 profunda
3301 1095 3416 1135 ma-

1834 1169 2011 1226 lorum
2056 1170 2390 1228 deciderent.
2446 1171 2586 1240 Quid
2627 1186 2759 1246 ergo
2811 1173 2877 1229 de
2928 1182 3122 1228 caetero
3168 1171 3416 1226 faciunt?

1833 1263 2115 1319 lnsaniunt
2143 1273 2328 1320 contra
2373 1279 2587 1319 sacrum
2613 1265 2739 1319 illud
2765 1279 2988 1334 corpus;
3016 1264 3199 1318 furunt
3227 1272 3414 1317 contra

1834 1357 2081 1412 diversas
2097 1355 2302 1428 iugiter
2331 1366 2673 1426 praestantem
2703 1357 2961 1414 sanitates
3008 1356 3148 1412 sacri
3171 1355 3414 1427 corporis

1833 1461 2038 1503 arcam.
2082 1447 2363 1519 Respuunt
2421 1449 2715 1503 remedium
2759 1449 2990 1520 aegroti;
3029 1446 3141 1502 orbi
3196 1461 3414 1500 mamnn

1833 1539 2144 1605 ducentem,
2191 1540 2319 1596 caeci
2371 1539 2507 1596 lucis
2547 1540 2808 1604 datorem,
2857 1538 3098 1616 naufragi
3148 1539 3418 1612 guberna-

1834 1641 2029 1697 torem,
2069 1639 2245 1687 morte
2287 1630 2463 1686 affecti
2507 1629 2914 1687 viviﬁcatorem.
2946 1629 3014 1686 Et
3060 1631 3163 1686 hoc
3190 1644 3414 1700 quomo-

1827 1724 1940 1780 do?
1966 1723 2264 1794 Projiciunt
2310 1726 2362 1782 in
2390 1724 2611 1796 pelagus
2649 1724 2844 1795 ipsam,
2874 1739 2979 1795 qua
3019 1739 3234 1780 sacrum
3262 1733 3414 1795 tege-

1764 1826 1808 1886 Β
1841 1815 1998 1872 batur
2049 1833 2264 1890 corpus,
2313 1816 2578 1888 lapideam
2629 1833 2831 1882 arcam,
2877 1825 2938 1871 ut
2989 1817 3044 1871 in
3089 1814 3414 1887 profundum

1833 1911 2048 1980 penitus
2090 1911 2336 1966 demersa
2374 1911 2603 1967 ulterius
2646 1925 2752 1966 non
2790 1917 3126 1979 compareret
3157 1917 3414 1978 tanquam

1832 2001 1913 2057 eis
1945 2009 2128 2058 tantus
2164 2001 2438 2073 apostolus
2477 2001 2618 2056 nulla
2670 1999 2986 2072 prmstiterit
3020 1996 3302 2054 beneﬁcia.
3331 1995 3417 2050 ln-

1835 2089 2078 2146 vidorum
2100 2090 2299 2146 etenim
2327 2089 2516 2145 vitium
2543 2087 2850 2158 huiusmodi
2877 2096 2981 2155 est,
3028 2099 3088 2142 ut
3111 2084 3412 2142 voluntaria

1830 2181 2132 2250 perditione
2155 2197 2248 2238 sua
2278 2196 2376 2237 nec
2404 2181 2630 2236 aliarum
2668 2180 2785 2236 ﬁeri
2832 2179 3065 2235 salutem
3117 2178 3413 2249 patiantur.

1833 2272 1942 2329 Sed
1982 2274 2029 2330 is
2057 2273 2147 2344 qui
2176 2289 2275 2345 per
2298 2273 2466 2329 David
2493 2272 2652 2344 longe
2685 2281 2810 2327 ante
2847 2271 3142 2327 clamavit:
3175 2269 3237 2324 In
3282 2267 3418 2321 mari

1831 2364 1926 2419 via:
1949 2372 2076 2431 tute,
2105 2372 2152 2418 et
2176 2364 2371 2418 semin
2399 2374 2506 2418 tua:
2530 2363 2585 2418 in
2607 2364 2758 2433 aquis
2783 2364 2996 2428 multis;
3024 2373 3070 2417 et
3096 2363 3416 2433 vestigiatua

1830 2469 1934 2508 non
1969 2464 2346 2525 cognoscentur
2375 2451 2546 2526 (Psal.
2572 2469 2750 2519 um,
2783 2453 2874 2524 20)
2906 2470 2920 2509 :
2953 2462 3008 2509 et
3038 2453 3124 2508 hic
3152 2453 3412 2507 tumidum

1829 2557 1982 2597 mare
2007 2542 2237 2598 meabile
2265 2552 2322 2598 et
2347 2543 2588 2614 peevium
2621 2542 2845 2614 lapidea:
2883 2555 3031 2599 trem
3055 2541 3305 2612 praebuit.
3351 2540 3415 2594 Et

1829 2630 2022 2688 Petrus
2050 2648 2279 2704 magnus
2306 2633 2577 2688 clamante
2613 2633 2682 2688 ad
2730 2648 2855 2688 cum
2901 2633 3119 2690 Christo
3165 2633 3219 2688 in
3275 2631 3413 2686 mari

1829 2720 2135 2777 ambulasse
2155 2722 2510 2792 dignoscitur.
2528 2723 2681 2790 Quod
2694 2731 2749 2780 et
2761 2725 2976 2780 divinus
2989 2722 3414 2798 Bartholommus

1819 2812 2092 2868 similiter
2122 2828 2262 2868 arca:
2282 2827 2478 2882 corpus
2500 2828 2656 2869 suum
2689 2815 2920 2886 gestanti
2942 2815 3195 2885 gradiens
3221 2822 3413 2869 contra

1823 2903 2018 2961 ﬂuctus
2036 2905 2299 2960 exhibuit.
2332 2905 2376 2961 Ο
2403 2906 2721 2961 miraculum
2746 2906 2987 2962 divinum
3014 2908 3027 2959 l
3059 2921 3093 2962 ο
3129 2920 3265 2976 opus
3290 2919 3412 2959 ma-

1827 2993 2113 3065 gniﬁcum!
2145 2994 2285 3050 Mota
2312 3004 2395 3050 est
2427 2996 2570 3050 enim
2618 2996 2816 3066 impetu
2851 2997 2963 3066 ipsa
3001 3011 3127 3053 arca
3150 2996 3217 3052 de
3239 2995 3412 3067 regio-

1826 3097 1895 3138 ne
1920 3083 2213 3152 Armeniae,
2250 3100 2373 3140 cum
2400 3094 2632 3156 quatuor
2659 3087 2888 3142 aliorum
2919 3097 3216 3159 martyrum
3243 3087 3409 3153 arcis,

132 3180 314 3240 facile-
337 3181 614 3247 dimissas,
659 3197 880 3254 campos
921 3181 1198 3248 florentes,
1227 3182 1415 3239 vineas
1447 3183 1724 3239 condensi-
1751 3179 1796 3240 C
1827 3191 1947 3246 quae
1965 3177 2213 3233 similiter
2240 3177 2366 3233 dum
2391 3178 2541 3250 signa
2568 3189 2932 3250 operaremur
2961 3193 3084 3234 cum
3115 3193 3180 3233 ca
3207 3179 3259 3233 in
3288 3193 3406 3232 ma-

133 3280 244 3334 tate
271 3271 625 3343 pullulantes,
655 3273 843 3330 hortos
883 3276 1105 3331 odorem
1146 3275 1357 3341 dantes,
1395 3284 1724 3347 aegrotantes

131 3366 276 3421 omni
307 3363 572 3438 languore
603 3372 659 3420 et
686 3367 830 3421 omni
877 3359 1197 3422 inﬁrmitate
1221 3368 1444 3424 sanitati
1483 3369 1723 3438 pristinae

132 3452 491 3520 reformatos;
533 3469 655 3525 quae
699 3455 826 3512 talia
873 3466 1018 3521 sunt,
1068 3467 1127 3511 ut
1174 3458 1246 3514 ita
1279 3459 1401 3529 quis
1426 3459 1590 3525 dicat,
1613 3460 1723 3528 pri-

131 3558 220 3607 rna
268 3542 444 3614 spolia
495 3553 552 3599 et
593 3544 818 3600 exuviae.
874 3546 1032 3600 Tanti
1073 3547 1262 3619 agouis
1307 3547 1523 3604 labores
1568 3558 1621 3603 et
1664 3549 1719 3603 in

131 3633 279 3694 fame
332 3643 390 3691 et
433 3635 489 3690 in
519 3635 629 3701 siti,
667 3636 723 3690 in
751 3636 953 3708 frigore
974 3647 1028 3698 et
1068 3639 1330 3704 nuditate,
1361 3639 1414 3694 in
1444 3647 1722 3695 contume-

130 3725 220 3798 liis
251 3734 312 3780 et
327 3727 656 3796 opprobriis,
702 3728 756 3783 in
792 3731 1106 3793 carceribus
1132 3739 1188 3792 et
1221 3731 1470 3798 vinculis,
1517 3731 1569 3786 iu
1592 3745 1720 3801 per-

130 3815 504 3874 secutionibus
544 3826 601 3874 et
653 3818 1068 3877 adductionibus
1117 3821 1186 3876 de
1243 3821 1364 3877 loco
1411 3822 1466 3882 in
1519 3823 1717 3888 locum,

131 3905 201 3961 de
246 3905 470 3962 civitate
509 3907 564 3962 in
611 3908 904 3975 civitatem,
954 3911 1022 3966 de
1064 3911 1277 3968 theatro
1304 3913 1357 3968 in
1406 3913 1716 3979 theatrum;

133 3995 188 4050 in
216 3999 501 4052 tormentis
525 4007 580 4053 et
605 4000 959 4069 verberibus;
1001 4010 1055 4058 et
1082 4003 1150 4057 ad
1179 4012 1482 4062 extremum
1527 4005 1582 4060 in
1623 4020 1718 4061 oc-

131 4085 342 4151 cisione
387 4095 444 4142 et
468 4087 668 4157 gladio.
700 4088 926 4163 Propter
955 4107 1075 4162 quae
1122 4109 1358 4166 namque
1407 4106 1721 4167 oportuerat

132 4190 230 4230 eos
272 4191 622 4234 remunerare
661 4179 817 4237 bonis
869 4181 1218 4253 Magistrum,
1273 4183 1613 4244 Salvatorem
1664 4197 1719 4244 et

130 4265 400 4322 Medicum
427 4283 526 4338 pro
569 4269 656 4325 his
705 4282 999 4342 operantur
1047 4277 1272 4343 atrocia,
1319 4279 1715 4346 conviciantur,

127 4357 475 4426 detrahunt,
547 4361 890 4430 percellunt,
947 4356 1197 4434 torquent
1226 4407 1243 4431 ,
1296 4369 1516 4423 rodunt.
1578 4368 1717 4436 Quid

128 4463 238 4505 non
268 4450 581 4507 discentes?
629 4454 757 4522 quid
801 4469 906 4517 non
937 4459 1204 4526 agentes?
1242 4460 1371 4528 quid
1417 4475 1524 4515 non
1555 4473 1715 4516 exco-

1824 3283 1887 3323 re
1915 3267 2132 3325 fuerant
2173 3268 2449 3340 projectae,
2475 3278 2557 3326 'et
2579 3284 2678 3340 per
2707 3278 2915 3325 tantum
2960 3270 3193 3339 spatium
3241 3268 3412 3324 maris

1821 3369 2056 3432 quatuor
2079 3361 2166 3416 his
2186 3362 2588 3418 ambulantibus
2615 3371 2670 3416 et
2695 3361 3144 3433 praecedentibus,
3170 3369 3224 3414 et
3252 3359 3409 3415 obse-

1823 3455 2005 3524 quium
2048 3456 2290 3524 apostolo
2331 3456 2729 3526 quodammodo
2777 3455 3097 3510 facientibus
3143 3461 3408 3508 venerunt

1823 3543 1877 3596 in
1917 3543 2202 3599 ulteriores
2227 3553 2408 3614 partes
2439 3546 2652 3609 Sicilire,
2699 3546 2752 3601 in
2778 3546 3006 3602 insulam
3042 3562 3162 3616 qua:
3185 3547 3408 3601 vocatur

1821 3634 2088 3705 Lipparis,
2111 3636 2254 3692 facta
2279 3638 2608 3693 revelationc
2635 3639 2703 3694 ad
2734 3639 3136 3694 sanctissimum
3167 3639 3408 3706 Agatho-

1823 3744 1943 3784 nem
1967 3731 2057 3799 qui
2089 3730 2196 3786 illic
2217 3739 2336 3786 erat
2357 3731 2644 3802 episcopus
2678 3730 2980 3788 Hastensis.
3026 3731 3158 3798 Quis
3202 3730 3407 3786 audivit

1814 3829 2030 3878 tantum
2079 3825 2424 3897 prodigium?
2475 3827 2596 3896 quis
2643 3827 2832 3883 didicit
2881 3836 2991 3883 tam
3060 3828 3404 3899 magniﬁcum

1819 3917 1988 3985 opus?
2013 3916 2058 3972 Ο
2080 3918 2398 3973 miraculum
2425 3919 2476 3973 in
2508 3919 2802 3975 miraculo!
2836 3920 3086 3991 Lipparis
3116 3932 3320 3986 autem,
3352 3921 3404 3974 id

1819 4015 1920 4066 est,
1950 4008 2172 4077 pinguis,
2198 4009 2594 4078 quodammodo
2617 4011 2789 4066 insula
2818 4011 3068 4082 Lipparis
3091 4011 3271 4066 ferens
3288 4011 3405 4082 ipsa

1819 4097 1919 4152 sibi
1967 4099 2309 4169 pinguedinis
2360 4099 2553 4155 futura:
2597 4117 2813 4157 nomen.
2848 4099 2966 4172 Ipsa
3025 4101 3249 4157 forsitan
3283 4103 3398 4157 haec

1819 4187 2180 4246 ineil‘abilibus
2204 4191 2425 4247 vocibus
2453 4191 2719 4246 clamabat
2753 4210 2765 4246 :
2799 4191 2928 4246 Veni
2955 4192 3020 4246 ad
3044 4207 3150 4255 me,
3174 4207 3402 4262 pauper-

1817 4278 2020 4344 culam,
2043 4279 2295 4336 thesaure
2319 4280 2584 4335 ditissime
2607 4281 2778 4334 sancti
2805 4279 3198 4350 Spiritus.Veni
3225 4280 3289 4334 ad
3315 4295 3401 4334 me

1815 4383 1936 4437 qua;
1981 4385 2099 4424 sum
2153 4370 2562 4431 inhonorabilis,
2625 4369 3023 4436 pretiosissima
3075 4370 3398 4439 margarita.

1819 4461 1951 4518 Veni
1989 4464 2057 4516 ad
2103 4479 2188 4516 me
2218 4462 2533 4531 supplicem,
2573 4462 2662 4530 qui
2707 4477 2736 4514 a
2786 4461 3007 4528 perfidis
3035 4460 3276 4529 abiectus
3332 4479 3395 4522 es.

128 4543 408 4612 gitantes?
451 4545 578 4614 quid
620 4560 728 4598 non
778 4547 1182 4612 adinvenientes
1247 4563 1434 4605 eorum
1478 4565 1598 4620 qua:
1645 4551 1713 4605 ad

1826 4558 2192 4630 iniquissime;
2251 4557 2487 4614 inhabita
2519 4571 2628 4622 me,
2654 4565 2707 4610 et
2736 4554 3101 4624 multipliciter
3128 4555 3399 4612 inhabita-

129 4632 399 4686 acriorem
458 4631 803 4706 aﬂlictioncm
847 4644 903 4690 et
957 4637 1317 4694 tribulationis
1367 4641 1714 4710 augmentum

127 4721 394 4792 proﬁcere
439 4724 829 4779 crediderunt?
877 4725 1053 4795 Papae,
1107 4728 1520 4784 crudelitatem!
1566 4728 1610 4785 Ο
1638 4729 1716 4785 fe-

129 4820 302 4875 ralem
329 4821 629 4880 insaniam!
679 4823 880 4890 Quales
908 4825 1184 4880 mercedes
1225 4824 1465 4880 Creatori
1508 4826 1716 4882 obtule-

129 4921 274 4975 runt,
319 4915 409 4984 qui
437 4916 632 4982 visum,
664 4899 759 4985 qui
807 4914 1048 4974 auditum
1097 4919 1447 4986 receperant!
1494 4919 1713 4988 proho-

130 5004 760 5082 porejnhonorantiam,
821 5022 921 5076 pro
958 5007 1335 5064 benedictione
1383 5011 1710 5068 maledictio-

130 5113 276 5164 nem,
326 5113 423 5169 pro
453 5099 823 5179 requiescibili
853 5100 962 5154 vita
1005 5102 1403 5158 amarissimam
1434 5115 1661 5162 mortem
1691 5107 1705 5159 !

200 5187 414 5261 Legitur
431 5193 591 5249 etiam
622 5193 680 5248 in
708 5189 884 5261 gestis
909 5189 1024 5259 ejus
1047 5191 1437 5261 antiquioribus
1459 5203 1513 5252 et
1531 5212 1712 5252 emen-

1818 4648 1934 4704 bor.
1964 4647 2122 4702 Salva
2167 4661 2271 4712 me,
2315 4655 2370 4700 et
2396 4646 2654 4715 populosa
2683 4659 2808 4706 ero;
2841 4645 3059 4699 nomine
3115 4645 3310 4713 fungar
3348 4653 3404 4699 ct

1817 4737 2018 4808 ubique
2065 4738 2391 4809 personabo.
2417 4735 2474 4790 Si
2505 4736 2594 4791 alii
2621 4743 2672 4790 te
2701 4749 2956 4803 maguum
2989 4735 3109 4789 caeli
3137 4733 3405 4789 luminare

1818 4839 2262 4904 contempserunt
2311 4839 2364 4886 et
2406 4830 2742 4898 repulerunt,
2789 4830 2884 4882 sed
2936 4844 3034 4899 ego
3066 4825 3406 4897 splendorem

1819 4933 1970 4978 tuum
2022 4923 2273 4981 desidero
2312 4923 2583 4983 hactenus
2626 4919 2798 4976 tristis
2847 4929 2901 4973 et
2949 4931 3162 4976 intesta.
3199 4917 3261 4970 Si
3320 4915 3412 4971 alii

1815 5029 1998 5071 mensa
2031 5019 2279 5073 vivorum
2300 5011 2652 5082 eloquiorum
2683 5019 2900 5064 tuorum
2930 5010 3081 5082 potiti
3123 5013 3272 5069 sunt,
3321 5004 3424 5073 sed

1813 5121 1912 5178 ego
1943 5109 2297 5184 reliquiarum
2323 5113 2587 5184 tuarum,
2609 5114 2671 5164 ut
2700 5097 2945 5168 catellus,
2970 5101 3136 5158 micas
3173 5094 3425 5177 colligere

1813 5196 2008 5267 gestio.

133 5280 412 5344 datioribus
457 5286 604 5359 quod
645 5281 945 5354 Lycaoniae
972 5284 1192 5338 verbum
1223 5285 1344 5338 vita:
1372 5291 1706 5354 praedicavit.
1885 5286 2019 5349 Post
2056 5295 2174 5350 haec
2209 5283 2363 5357 quasi
2403 5295 2710 5354 Q'iosdam
2753 5274 3032 5336 πηίηῖειτοε
3082 5291 3228 5340 suos,
3273 5273 3439 5328 anum

135 5371 320 5434 Dehinc
341 5379 504 5434 Indiae
545 5372 963 5444 evangelizans,
1005 5375 1070 5427 ad
1097 5373 1339 5429 ultimum
1370 5374 1424 5430 in
1454 5381 1706 5438 Armenia
1819 5389 2119 5453 martyrum
2145 5378 2256 5442 hic,
2290 5374 2452 5431 alium
2484 5391 2658 5444 vero
2689 5367 2796 5426 illic
2829 5368 3136 5441 relinQuens
3177 5363 3448 5453 ἓψοδῑοιιξε

137 5461 318 5535 Majori,
359 5486 477 5541 quae
499 5467 762 5540 ejusdem
811 5469 894 5516 est
927 5464 1232 5531 provincia,
1271 5465 1324 5518 in
1373 5465 1586 5527 Albano
1628 5472 1707 5542 ip-

1826 5450 2118 5528 ΓειΓο-Γςηη,
2177 5468 2440 5502 Doni-nam
2476 5472 2745 5518 ".‘;"nm
2767 5455 2972 5500 (“Inicit
3000 5464 3051 5500 in
3078 5462 3290 5500 ηἲινὶιθυδ
3307 5450 3415 5490 gz":

565 5557 708 5582 -..ι-ἰιι
741 5563 1027 5582 ahala-unm
1070 5558 1229 5582 una-‘1-
1264 5563 1308 5582 ΑΙ
1346 5557 1604 5582 :nl_'_--‘l_
