3926 5678
544 342 649 399 755

1712 344 2069 404 ANASTASII
2115 344 2655 405 BIBLIOTHECARII
3696 354 3784 410 736

546 450 743 507 dicitur
765 450 1070 520 Columna;
1106 452 1352 508 Aeatium
1388 460 1569 516 autem
1609 453 1662 508 itt
1693 455 1962 512 civitatem
2005 473 2127 528 qua:
2153 460 2201 522 Α
2231 457 2403 531 lulges
2427 460 2480 514 in
2504 459 2686 529 gloria:
2709 457 3096 516 iuaccessibilis
3130 461 3437 531 splendore,
3488 461 3542 516 in
3570 464 3785 518 exsulta-

545 550 771 598 vocatur
799 542 956 608 Cale;
993 552 1261 612 quatenus
1288 544 1655 615 unusquisque
1686 559 1875 605 eorum
1901 547 1956 603 in
1994 558 2160 604 una-‘

547 647 762 703 quaque
808 633 1026 688 civitate
1075 642 1349 703 protector
1404 644 1549 692 esset
1602 635 1986 705 habitatorum,
2038 638 2130 708 qui

547 723 713 779 etiam
758 737 926 793 usque
956 723 1116 778 hodie
1164 723 1453 795 splendent
1501 724 1774 797 suffragiis
1821 727 1955 784 suis.
2010 727 2130 797 lpse

548 808 810 883 praeterea
853 813 997 879 velut
1023 814 1150 884 quis.
1174 829 1272 871 rex
1295 816 1491 872 domus.
1506 817 1736 888 propriae
1768 817 1953 893 requie
1994 818 2131 888 poti-

551 916 658 973 tus,
697 906 972 976 prol‘ectus
1012 916 1095 963 est
1123 907 1190 969 ad
1224 907 1500 964 civitatem
1521 909 1588 964 ad
1614 925 1778 979 quam
1803 909 2018 969 caelitus
2040 927 2133 966 vo-

549 996 799 1062 cabatur,
825 1007 1109 1069 susceptus
1123 998 1383 1069 prreelare
1399 1014 1523 1055 cum
1549 999 1733 1056 multis
1755 1000 2130 1068 luminaribus,

548 1090 805 1146 odoribus
851 1102 1013 1161 atque
1051 1091 1298 1163 hymnis;
1325 1092 1535 1148 cunctis
1561 1092 1748 1159 etiam,
1779 1091 1869 1163 qui
1896 1091 2003 1149 illic
2044 1094 2135 1149 ad-

546 1191 726 1246 erant,
760 1181 808 1235 ei
840 1181 1051 1236 obviam
1082 1181 1136 1245 in
1166 1168 1523 1236 exsultatione
1549 1181 1984 1251 procedentibus.

621 1272 707 1327 De
740 1280 936 1338 caetero
987 1270 1114 1326 dum
1141 1280 1458 1342 perventum
1500 1280 1646 1326 esset
1670 1270 1737 1326 ad
1768 1273 1976 1338 urbem,
2028 1286 2132 1327 non

545 1364 1000 1435 progrediebatur
1020 1379 1148 1419 area
1174 1380 1190 1431 ;
1221 1364 1441 1435 quidam
1468 1363 1614 1420 enim
1643 1379 1985 1435 summopere
2026 1373 2139 1420 tra-

546 1444 766 1518 hebant,
801 1452 904 1507 illa.
925 1461 1109 1509 autem
1139 1460 1260 1509 erat
1290 1453 1605 1509 immobilis.
1626 1452 1695 1508 Et
1716 1460 2015 1519 cumesset
2042 1467 2135 1524 po-

548 1543 703 1614 pulus
728 1544 779 1597 in
807 1541 976 1597 multa
1012 1543 1433 1610 dementatione,
1458 1543 1980 1615 resumpsittandem
2009 1561 2136 1617 gau-

547 1633 694 1687 dium
722 1633 958 1696 tristitia,
983 1633 1109 1703 quia
1124 1632 1356 1688 obtinuit
1378 1632 1523 1703 quod
1548 1633 1783 1703 petierat
1812 1648 1857 1701 a,
1873 1633 2131 1701 Domino;

545 1738 706 1792 prope
745 1732 820 1777 est
862 1724 1008 1778 enim
1070 1722 1329 1778 Dominus
1381 1723 1746 1806 invocantibus
1796 1739 1912 1779 eum
1958 1723 2130 1797 (Paul.

2231 549 2395 607 tionis
2421 549 2712 606 insatiabili
2729 548 3085 620 iucunditate.
3118 552 3267 608 illinc
3312 568 3433 619 nos,
3485 553 3786 625 benignissi-

2233 655 2340 705 me,
2364 640 2654 705 iutuearis;
2684 640 2833 697 illinc
2855 640 3143 699 benedicas
3161 652 3216 700 te
3233 643 3645 711 beatiﬁcantes;
3663 645 3789 702 illinc

2230 730 2506 803 gloriﬁces
2544 741 2596 789 te
2637 733 3037 804 gloriﬁcantes;
3071 735 3239 791 illiue.
3271 737 3579 792 concordes
3624 739 3787 794 orbein

2234 832 2393 881 terra:
2435 835 2701 895 pacatum.
2739 826 3064 885 Sacerdotes
3084 829 3305 900 iustitia.
3324 830 3381 885 in
3409 831 3701 887 sanctitate
3721 834 3790 888 ia-

2233 920 2504 986 duantur;
2531 935 2689 992 rcges
2711 921 2872 978 bonis
2891 922 3151 994 operibus
3176 924 3230 978 in
3274 925 3605 981 orthodoxi:
3630 934 3791 982 contra

2229 1010 2493 1067 barbaros
2548 1017 2869 1079 armentur;
2923 1013 3282 1077 monasticam
3340 1014 3509 1070 vitam
3572 1024 3792 1071 tenentes

2233 1102 2702 1170 conversationem
2755 1103 3020 1175 aequalem
3064 1104 3379 1175 angelorum
3425 1120 3494 1160 ac
3537 1105 3655 1160 sine
3692 1104 3793 1160 dels

2233 1194 2568 1260 custodiant;
2602 1193 2701 1248 viri
2729 1194 3047 1252 mulieribus
3074 1205 3130 1252 et
3158 1210 3375 1253 rursum
3407 1194 3667 1251 mulieres
3686 1194 3794 1250 viris

2234 1291 2630 1354 competentem
2672 1284 2846 1356 legem
2875 1295 3232 1353 conservent;
3277 1295 3464 1357 patres
3495 1301 3622 1340 cum
3672 1285 3791 1351 ﬁliis,

2233 1372 2487 1443 praelatos
2506 1388 2629 1428 cum
2649 1374 2896 1440 subditis,
2929 1375 3174 1431 dominos
3194 1391 3316 1432 cum
3343 1375 3547 1441 servis,
3576 1384 3792 1431 mutuum

2235 1463 2426 1520 dantes
2454 1479 2578 1519 cum
2607 1464 2964 1539 debitoribus,
2993 1467 3368 1523 venundantes
3398 1482 3528 1523 cum
3559 1468 3795 1537 emptori-

2235 1554 2368 1621 bus;
2418 1562 2726 1625 cacteraque
2752 1556 2939 1611 omnia
2969 1557 3357 1614 benevolentiae
3383 1566 3496 1613 tua:
3523 1558 3712 1614 eﬂ’ectu
3734 1561 3795 1613 ad

2236 1644 2526 1701 utilitatem
2552 1645 2863 1717 reipublicae
2884 1657 3129 1717 protege,
3150 1657 3209 1703 et
3236 1656 3437 1705 cuncta
3480 1665 3605 1720 qua
3631 1665 3795 1706 sectat-

2238 1738 2367 1793 dum
2396 1737 2796 1809 beneplacitum
2824 1738 2918 1795 Dei
2947 1739 3108 1810 dirigi
3136 1739 3361 1806 debent,
3383 1741 3687 1811 patrocinio
3722 1750 3798 1795 tuo

546 1815 747 1880 exuv,
783 1813 891 1884 18).
946 1812 1123 1886 Super
1177 1813 1310 1870 duas
1364 1812 1548 1885 itaque
1596 1814 1796 1877 vitulas
1833 1824 2010 1872 castas
2044 1830 2133 1870 as-
2161 1821 2501 1886 Bdefende;
2546 1837 2601 1886 ει
2627 1831 2895 1902 pmcipue
2911 1830 3163 1888 alumnos
3203 1832 3477 1888 decoram
3510 1832 3795 1903 ιίρροηος,

550 1914 790 1976 sumpta,
819 1902 1057 1976 reposita
1085 1905 1175 1962 ubi
1200 1920 1413 1971 sacrum
1443 1906 1562 1978 ejus
1586 1906 1843 1978 templum
1891 1907 2138 1978 protinus

551 2005 635 2053 est
661 1997 895 2053 locatum
920 2014 935 2064 ;
968 1996 1112 2057 facto
1137 1997 1303 2053 etiam
1329 2012 1454 2067 eum
1479 1998 1947 2054 consummatione
1976 1998 2142 2061 mira-

550 2088 675 2158 culo
703 2090 993 2162 praecipuo.
1023 2088 1265 2159 Denique
1290 2104 1415 2146 cum
1455 2105 1618 2150 mons
1637 2091 1728 2161 qui
1749 2090 2022 2147 Vulcanus
2045 2106 2141 2148 vo-

550 2191 739 2255 catur,
780 2198 918 2254 peue
966 2182 1251 2252 contiguus
1297 2190 1444 2239 esset
1497 2181 1702 2247 insulae,
1743 2184 1970 2245 nocivus
2018 2190 2139 2250 erat

550 2273 642 2336 his,
655 2273 745 2342 qui
767 2272 1192 2343 circumquaque
1223 2272 1598 2341 morabantur.
1630 2272 1784 2337 Tunc
1812 2288 2027 2347 recessu
2059 2274 2143 2344 in;-

550 2362 750 2419 visibili
791 2371 972 2418 motus
996 2371 1084 2419 est
1111 2363 1270 2433 quasi
1312 2363 1504 2427 stadiis
1555 2371 1761 2435 septem
1803 2364 1951 2419 circa
1990 2378 2147 2419 mare

550 2453 960 2525 s.uspensus,_ita
980 2462 1041 2511 ut
1058 2469 1228 2525 usque
1244 2454 1405 2511 hodie
1421 2456 1994 2528 appareatvidentibus
2008 2471 2141 2528 qua-

549 2544 596 2599 si
635 2543 886 2616 liguratio
934 2553 1140 2602 tractus
1186 2545 1441 2618 fugientis
1482 2547 1643 2626 ignis.
1690 2547 1862 2604 Porro
1911 2557 2043 2618 quot
2085 2556 2143 2605 et

552 2645 757 2705 quanta
791 2635 1047 2707 deinceps
1081 2636 1403 2694 mirabiliter
1426 2645 1684 2709 operatus
1722 2638 1815 2705 sit,
1857 2645 1951 2693 aut
2002 2637 2139 2705 mira

551 2725 759 2782 faciens
787 2735 1043 2799 operetur
1084 2727 1347 2785 hactenus
1374 2727 1519 2792 circa
1572 2740 1667 2784 eos
1699 2727 1792 2798 qui
1840 2744 1872 2783 a
1914 2726 2143 2784 diversis

555 2816 871 2889 langoribus
903 2826 960 2874 et
980 2817 1385 2887 inﬁrmitatibus
1413 2820 1660 2877 obstricti
1702 2820 1770 2875 ad
1811 2820 1986 2891 ipsum
2036 2819 2142 2875 fide

556 2910 893 2980 cenl'ugiunt,
924 2925 1025 2966 nec
1046 2911 1411 2971 necessarium
1442 2920 1528 2971 est
1561 2911 1743 2980 dicere
1766 2913 1836 2968 ob
1856 2911 2141 2983 prolixitag-

557 3011 664 3070 tem
688 3008 970 3067 tractatus,
997 3017 1099 3058 nec
1116 3002 1428 3059 incredibile
1449 3002 1712 3070 audienti,
1728 3019 1849 3060 cum
1863 3005 2056 3076 pignus
2076 3018 2142 3071 ex

555 3110 665 3155 uno
691 3094 887 3155 habeat
909 3095 1137 3163 aliorum
1159 3095 1519 3183 exhibitiones
1543 3096 1680 3153 mire
1700 3107 1998 3168 gestorum.
2036 3096 2143 3157 Sed

2238 1928 2515 1992 pastorem
2537 1935 2752 1992 quoque
2778 1936 2844 1977 ac
2869 1936 3088 1994 gregem
3125 1921 3216 1993 qui
3242 1923 3561 1999 construxit
3608 1937 3798 1979 sacram

2240 2010 2496 2080 templum
2522 2018 2695 2080 tuum,
2723 2021 2926 2069 etcum
2951 2012 3044 2083 qui
3067 2021 3140 2080 te,
3182 2013 3308 2070 licet
3354 2012 3619 2079 breviter,
3647 2027 3711 2067 ex
3751 2028 3798 2067 se

2238 2101 2463 2159 laudare
2486 2102 2766 2174 praesumit
2790 2103 2846 2159 in
2880 2103 3123 2160 Christo,
3146 2103 3276 2160 Jesu
3324 2105 3560 2161 Domino
3614 2112 3797 2168 nesu'o,

2237 2209 2399 2266 quem
2444 2194 2602 2251 decet
2650 2195 2830 2252 omnis
2864 2194 3073 2267 gloria,
3120 2196 3295 2252 honor
3316 2204 3375 2252 et
3403 2195 3667 2261 adoratis,
3689 2210 3797 2250 cun

2239 2286 2625 2357 omnipotente
2646 2286 2831 2352 Patre,
2870 2301 2935 2343 ac
2978 2286 3321 2342 sanctissimo
3365 2293 3425 2341 et
3465 2284 3677 2340 viviﬁco
3700 2284 3798 2356 Spi-

2240 2376 2348 2431 ritu
2375 2416 2409 2448 ,ἓ
2443 2391 2601 2433 nunc
2640 2384 2707 2432 et
2753 2390 2968 2448 semper
3014 2384 3070 2431 et
3128 2375 3183 2432 in
3231 2374 3430 2439 saecula
3480 2375 3793 2441 securiorem.

2239 2465 2434 2527 Amen.

2311 2558 2537 2617 Haecde
2573 2559 2950 2616 Bartholomaei
2981 2560 3227 2617 laudibus
3253 2558 3490 2631 ejusque
3511 2559 3799 2615 mirabiliter

2241 2651 2466 2706 advecto
2484 2650 2537 2705 in
2559 2650 2830 2721 Lipparim
2857 2664 3084 2721 corpore
3114 2650 3459 2717 Theodorus,
3515 2649 3667 2704 fama
3692 2665 3796 2704 san.

2243 2742 2448 2799 ctitatis
2475 2741 2578 2799 hac
2606 2741 2894 2798 sacerdotii
2920 2741 3180 2812 dignitate
3213 2740 3567 2810 conspicuus,
3597 2739 3694 2793 lido
3727 2754 3797 2792 re-

2243 2832 2353 2888 latu
2408 2831 2683 2902 explicuit.
2713 2831 2829 2899 Qua
2874 2846 3005 2887 vero
3052 2830 3311 2901 deinceps
3332 2829 3625 2886 occasione
3648 2842 3797 2897 quove

2242 2925 2315 2982 sit
2337 2925 2528 2981 ordine
2552 2924 2822 2981 deeadem
2851 2923 3025 2980 insula
3052 2922 3405 2994 Lipparitana
3440 2928 3797 2982 transvectum,

2244 3031 2368 3071 cum
2399 3014 2599 3070 ibidem
2627 3024 2804 3086 uSque
2829 3014 2900 3072 ad
2921 3029 3124 3071 annum
3146 3013 3658 3084 octingentesimum
3675 3021 3800 3066 octa-

2245 3121 2371 3162 vuzn
2402 3107 2468 3161 ab
2497 3105 2873 3162 incarnatione
2897 3104 3114 3163 Domini
3140 3104 3314 3160 nostri
3347 3101 3482 3159 Iesu
3517 3102 3708 3158 Christi
3732 3117 3800 3155 re.-

557 3201 657 3243 ave
682 3226 698 3252 ,
747 3200 794 3249 ο,
828 3186 989 3242 beate
1031 3186 1312 3245 beatorum
1342 3179 1360 3254 ζ
1404 3194 1594 3259 terque
1639 3196 1937 3259 quaterque
1986 3190 2142 3244 beate
2168 3179 2214 3244 C
2244 3199 2561 3268 quiesceret
2578 3213 2774 3268 corpus
2802 3196 3043 3268 eiusdem
3073 3197 3216 3266 beati
3236 3194 3504 3266 apostoli,
3533 3194 3601 3251 de
3621 3192 3800 3264 reliquo

557 3277 968 3343 Bartholomaze.
995 3278 1128 3346 Ave,
1152 3278 1245 3349 qui
1260 3293 1320 3335 es
1348 3278 1440 3335 Dei
1465 3289 1678 3336 amator
1691 3282 2025 3347 etimitator,‘
2045 3282 2144 3342 b0:-

559 3370 621 3429 ni
643 3372 849 3432 scilicet
878 3372 1154 3446 Magistri;
1187 3389 1309 3443 ave,
1335 3375 1427 3446 qui
1455 3390 1516 3431 es
1536 3375 1732 3432 divinae
1778 3376 1934 3443 lucis,
1964 3377 2146 3448 splen-

556 3465 658 3529 dor
683 3472 886 3522 sanctae
909 3464 1197 3533 Ecclesiae;
1232 3478 1332 3521 ave
1364 3466 1455 3536 qui
1482 3480 1543 3522 es
1568 3465 1708 3527 bene
1748 3481 1947 3523 sonans
1988 3482 2147 3539 orga—

559 3570 688 3617 num
715 3555 1014 3626 spiritualis
1045 3553 1293 3611 melodis;
1318 3571 1333 3621 ;
1381 3569 1500 3621 ave,
1527 3555 1822 3613 artificiose
1851 3556 2035 3617 rhetor
2057 3569 2145 3612 ve-

547 3648 633 3705 ra!
656 3648 965 3718 sapientiae;
997 3663 1118 3715 ave,
1147 3648 1238 3719 qui
1259 3662 1320 3704 es
1341 3647 1528 3719 peritae
1545 3657 1785 3720 captura:
1804 3649 2044 3718 piscator
2068 3646 2148 3711 ra-

560 3736 892 3795 tionabilium
915 3737 1176 3806 piscium;
1203 3752 1322 3805 ave,
1350 3738 1442 3807 qui
1467 3752 1526 3794 es
1541 3737 1694 3801 multi
1722 3739 1871 3794 chori
1894 3749 1950 3794 et
1975 3739 2146 3799 dulcis

560 3825 770 3887 [ructus
804 3827 1033 3896 palmes,
1064 3827 1268 3883 Christi
1304 3827 1499 3883 vividae
1542 3835 1598 3889 et
1641 3836 1880 3897 paternae
1921 3829 2147 3885 culturae

560 3920 719 3988 vitis;
771 3936 894 3988 ave,
941 3922 1106 3991 digne
1152 3922 1361 3977 meritis
1400 3920 1601 3976 l‘amule
1630 3920 1841 3977 Domini
1871 3922 2148 3979 universo—

562 4029 713 4081 rum;
736 4028 834 4069 avc
855 4013 1052 4069 merito
1077 4012 1449 4068 desiderabilis
1471 4012 1647 4068 amice
1669 4011 1907 4069 caelestis
1933 4013 2144 4083 sponsi;

564 4121 683 4171 ave,
707 4105 799 4179 qui
820 4121 879 4161 es
910 4105 1191 4176 sapientia:
1219 4104 1433 4159 ﬂuentis
1453 4113 1507 4158 et
1526 4104 1834 4175 multiplicis
1859 4105 2148 4175 potationis

563 4196 819 4255 aclumeu
839 4195 1141 4266 spiritualis
1164 4194 1430 4265 paradisi;
1461 4207 1575 4259 ave,
1605 4193 1697 4266 qui
1724 4210 1784 4251 es
1828 4195 2008 4250 divina
2038 4195 2150 4250 vir-

566 4298 680 4345 tute
707 4287 1022 4355 vulnerator
1059 4286 1280 4351 diaboli,
1304 4286 1572 4347 mundum
1594 4301 1693 4345 suo
1724 4286 2008 4343 latrocinio
2035 4286 2150 4345 νυΙτ

563 4380 801 4445 nerantis
821 4396 839 4447 ;
863 4395 982 4443 ave,
1015 4378 1105 4448 qui
1136 4376 1502 4449 multipliciter
1539 4393 1769 4448 appares
1811 4377 2011 4438 mundo
2036 4379 2148 4437 Lu-

562 4473 702 4532 cifer
746 4471 841 4528 Dei
894 4471 1238 4542 cognitionis.
1266 4469 1538 4536 Gaudeas,
1577 4469 1835 4524 divinitus
1880 4469 2145 4527 illustrata

561 4531 619 4620 et
642 4562 803 4635 ignea
837 4531 1091 4618 columna
1121 4555 1494 4627 orthodoxiai;
1524 4531 1819 4632 gaudeas,
1862 4559 1955 4626 sol.
1996 4558 2145 4615 orbis
2175 4531 2223 4590 θ

562 4664 741 4720 terrm,
764 4652 855 4724 qui
887 4659 1083 4708 cuncta
1106 4650 1406 4717 illuminas;
1438 4649 1696 4722 gaudeas,
1719 4664 1781 4706 os
1802 4649 1899 4704 Dei
1930 4648 2145 4720 sapieno

563 4747 652 4803 tia:
670 4745 909 4816 linguam
941 4745 1148 4800 habens
1174 4742 1433 4814 ignitam;
1477 4744 1734 4813 gaudeas,
1760 4739 1961 4813 jugiter
2002 4754 2148 4796 emas

564 4851 701 4892 nans
722 4834 841 4892 fons
860 4834 1182 4901 sanitatum;
1207 4834 1459 4905 gaudeas,
1483 4833 1785 4888 daemonum
1800 4818 2052 4886 terribilis
2074 4831 2150 4885 in-

566 4936 826 4995 secutor;
877 4925 1121 4997 gaudeas
1144 4926 1316 4994 quies
1351 4923 1724 4994 multipliciter
1747 4922 1999 4993 optabilis
2038 4920 2148 4977 for-

566 5019 1108 5083 mositasArmeniae;
1132 5018 1387 5089 gaudeas,
1416 5017 1510 5086 qui
1554 5017 1622 5072 ab
1643 5016 1853 5071 oriente
1891 5016 1958 5070 ad
2007 5014 2150 5070 oeci-

566 5111 782 5165 dentem
809 5124 906 5179 per
933 5124 1083 5169 mare
1115 5108 1403 5171 ambulasti
1453 5107 1717 5177 gloriose;
1746 5106 2014 5177 gaudeas,
2057 5106 2149 5174 qui

568 5216 630 5255 es
684 5200 978 5269 Lippareos
1040 5201 1343 5256 salutabilis
1380 5209 1436 5255 et
1491 5200 1825 5255 multimodis
1860 5196 2151 5265 adorabilis

572 5288 860 5358 gloriatio;
893 5291 1144 5363 gaudeas,
1164 5292 1256 5360 qui
1280 5305 1430 5346 mare
1461 5290 1811 5345 sanctilicasti
1834 5288 2151 5351 meabilibus

573 5384 879 5454 gressibus;
934 5386 1198 5454 gaudeas,
1234 5388 1327 5456 qui
1360 5396 1563 5441 terram
1592 5399 1917 5456 purpuream
1968 5382 2146 5442 fecisti

574 5471 777 5528 rubore
796 5472 1122 5527 sanctissimi
1142 5476 1420 5546 sanguinis
1448 5476 1524 5530 tui
1545 5491 1559 5540 ;
1586 5475 1841 5547 gaudeas,
1865 5476 1955 5544 qui
1968 5489 2149 5531 acrem

575 5564 859 5620 suavitatis
876 5563 1132 5618 odoribus
1174 5567 1389 5626 molesti
1424 5569 1596 5622 sacris
1615 5568 1998 5618 snimminitm
2017 5567 2153 5612 divi-

2247 3290 2533 3349 dicendum
2559 3297 2665 3346 est.
2834 3366 2837 3367 ν

2319 3383 2775 3455 Supervenicntes
2824 3381 3006 3451 itaque
3055 3380 3310 3436 Saraceni
3355 3376 3649 3449 depraedati
3700 3384 3801 3431 sum

2246 3484 2307 3532 et
2343 3473 2805 3545 depopulaverunt
2850 3471 3163 3541 prazdietam
3203 3468 3461 3535 insulam,
3490 3476 3559 3523 et
3583 3479 3801 3536 rumpen-

2247 3575 2329 3622 tes
2367 3565 2673 3637 sepulcrum
2715 3561 2969 3634 apostoli,
2995 3561 3365 3630 disperserunt
3407 3573 3538 3613 ossa
3574 3556 3689 3626 ejus
3729 3568 3805 3621 per

2247 3655 2482 3725 diversa.
2516 3652 2635 3710 Mox
2678 3651 2785 3710 illis
2813 3649 3216 3707 discedentibus
3246 3663 3343 3718 per
3379 3646 3645 3702 visionem
3672 3656 3800 3713 appll-

2248 3760 2374 3801 rens
2419 3744 2591 3803 isdem
2624 3742 2899 3813 apostolus
2942 3740 3038 3796 Dei
3086 3740 3299 3796 cuidam
3330 3736 3526 3793 Graaco
3570 3733 3803 3790 morucho

2247 3836 2338 3907 qui
2368 3834 2547 3893 fuerat
2587 3833 2833 3891 ecclesia
2881 3833 3049 3902 ipsius
3104 3838 3306 3896 custos,
3357 3829 3437 3886 ait
3457 3828 3583 3884 illi:
3635 3826 3801 3894 Surge.

2247 3925 2440 3995 collige
2462 3938 2588 3982 ossa
2620 3938 2743 3980 mea
2774 3937 2894 3995 quae
2922 3923 3165 3992 dispersa
3187 3930 3337 3977 sunt.
3363 3918 3464 3975 Cui
3498 3916 3587 3974 ille
3610 3930 3804 3986 respon-

2248 4016 2356 4086 dit:
2405 4014 2584 4081 Quare
2624 4028 2747 4073 ossa
2780 4021 2871 4069 tua
2915 4012 3188 4085 colligere,
3216 4019 3315 4067 aut
3335 4010 3576 4080 aliquem
3604 4009 3694 4063 tibi
3720 4008 3802 4062 ho.-

2248 4121 2435 4163 norem
2462 4104 2773 4176 impendere
2796 4103 3262 4173 debeamus,_eum
3305 4112 3360 4155 tu
3388 4098 3698 4170 permiseris
3723 4110 3806 4151 nos

2248 4207 2305 4255 et
2349 4198 2606 4270 populum
2659 4196 2824 4253 istum
2873 4212 2904 4252 a
2950 4196 3175 4267 paganis
3210 4193 3378 4249 deleri
3429 4202 3489 4247 et
3533 4191 3684 4247 nobis
3722 4202 3805 4243 nco

2249 4306 2522 4363 quaquam
2564 4289 2855 4346 auxiliatus
2912 4289 3014 4344 es?
3064 4287 3138 4342 At
3179 4285 3267 4341 ille
3309 4284 3481 4339 dixit:
3530 4283 3633 4338 Per
3672 4282 3806 4350 longa

2249 4397 2515 4453 annorum
2556 4374 2841 4439 curricula
2875 4395 2974 4451 pro
3021 4379 3125 4435 hoc
3171 4376 3371 4449 populo
3410 4375 3693 4433 Dominum
3728 4373 3807 4426 de-

2248 4481 2501 4545 precatus
2553 4487 2694 4540 sum,
2742 4486 2808 4527 ac
2853 4469 2991 4526 meis
3038 4485 3160 4526 cum
3213 4467 3475 4539 precibus
3515 4466 3661 4522 unde
3689 4476 3807 4518 nunc

2250 4580 2423 4636 usque
2470 4563 2649 4621 securi
2709 4562 3109 4627 constiterunt,
3165 4558 3453 4617 concessit
3498 4557 3810 4627 omnipotens

2252 4658 2429 4725 Deus;
2481 4656 2587 4713 sed
2624 4655 2749 4726 quia
2788 4653 3142 4723 multiplicata
3172 4658 3301 4708 sunt
3344 4649 3491 4705 mala
3524 4648 3685 4711 illius,
3708 4659 3807 4700 ere

2254 4750 2451 4819 \‘itque.
2483 4747 2741 4817 iniquitas
2785 4743 2969 4810 nimis,
3024 4758 3131 4799 non
3172 4740 3287 4810 jam
3328 4740 3587 4796 obtinere
3627 4750 3719 4809 pro
3760 4747 3813 4788 eo
3872 4800 3875 4803 ν

2253 4840 2399 4897 valui
2449 4849 2509 4896 ut
2535 4839 2765 4909 amplius
2803 4835 2985 4892 salvus
3029 4834 3364 4905 persisteret,
3418 4831 3629 4888 idcirco
3660 4825 3812 4899 periit-

2257 4930 2336 4986 Tu
2377 4945 2540 5002 surge
2588 4938 2798 4987 tantum
2848 4935 2903 4983 et
2950 4926 3160 4997 collige,
3209 4932 3272 4981 ut
3324 4923 3485 4989 dixi,
3531 4938 3653 4979 ossa
3695 4932 3814 4977 mea.

2252 5035 2426 5091 eaque
2449 5028 2506 5075 ut
2533 5019 2628 5074 tibi
2676 5031 2988 5089 praecepero
3025 5016 3309 5088 diligenter
3345 5013 3612 5069 reconde.
3637 5005 3817 5065 Cuiillt

2251 5110 2548 5166 monachus
2603 5108 2719 5162 ait:
2774 5106 2842 5161 Et
2893 5104 3165 5176 quomodo
3206 5117 3273 5157 ea
3326 5102 3582 5158 invenire
3638 5106 3816 5169 potem.

2253 5200 2345 5271 qui
2372 5199 2559 5255 nescio
2607 5198 2700 5255 ubi
2732 5197 2974 5266 dispersa
3021 5194 3189 5251 sunt?
3236 5192 3383 5249 Dicit
3425 5192 3480 5246 ei
3535 5187 3820 5261 apostolus:

2251 5289 2420 5345 Nocte
2463 5286 2600 5342 vade
2641 5286 2710 5342 ad
2745 5283 3099 5353 colligendum
3145 5296 3226 5346 ea,
3282 5289 3338 5336 et
3377 5295 3504 5351 quae
3528 5278 3820 5344 viderisre:

2252 5377 2534 5450 Splendere
2574 5385 2635 5432 ut
2675 5376 2877 5447 ignem,
2927 5375 3044 5431 haec
3086 5373 3222 5437 leva,
3261 5372 3390 5443 quia
3416 5386 3555 5428 vere
3586 5371 3700 5439 ipsa
3721 5375 3826 5422 sunt

2245 5483 2371 5526 ossa
2400 5483 2542 5524 mea.
2596 5466 2699 5534 Qui
2745 5465 2929 5522 statim
2981 5478 3209 5534 surgens
3250 5460 3500 5531 perrexit
3539 5460 3613 5515 ad
3649 5459 3823 5513 locum.

2248 5568 2305 5609 et.
2353 5558 2560 5608 invenit
2602 5558 2745 5610 sicut
2796 5554 3079 5612 apostolus
3126 5554 3367 5614 dixerat.
3414 5560 3475 5607 ct
3521 5549 3738 5620 collegit
3775 5559 3821 5595 ea

3730 5638 3829 5678 ηικ.
