4026 6296
195 378 297 434 737

1197 372 1716 431 COLLECTANEA.
1756 402 1826 412 —
1862 371 2220 429 EPISTOLA'I
2269 374 2468 430 TRES.

3352 373 3456 430 753

187 487 543 558 exquirendis
599 486 887 543 Saraccnls
933 484 1058 542 illuc
1115 485 1590 558 Longobardorum
1640 486 1780 542 irent
1805 491 1854 551 Α
1881 495 2171 543 neventum
2213 488 2484 544 duxerunt
2521 498 2766 544 sanctum
2797 504 2992 560 corpus
3023 487 3458 560 apostoli,atque

188 581 434 652 navigia,
469 590 601 634 nutu
629 581 722 634 Dei
775 581 1049 635 inventum
1078 579 1150 634 ibi
1199 579 1523 637 monachum
1566 589 1623 636 et
1655 595 1780 636 san-

188 670 267 724 cti
305 670 534 740 apostoli
567 685 762 738 corpus
802 669 1060 736 tulerunt,
1103 679 1159 725 et
1196 671 1466 726 abierunt.
1515 670 1782 743 Superve-

185 761 408 816 nientes
433 769 614 815 autem
644 760 905 815 Saraceni
932 760 1406 816 cireumdederunt
1426 761 1607 817 navim
1633 763 1778 818 illam

187 853 247 907 in
276 867 387 923 qua
413 861 660 908 sanctum
710 851 939 922 apostoli
985 867 1182 922 corpus
1229 853 1545 920 ducebatur,
1592 854 1666 908 ita
1721 863 1782 910 ut

185 957 322 1013 spes
359 943 619 1000 evadendi
649 957 987 1014 nequaquam
1027 953 1194 1000 esset.
1223 944 1374 1000 Tunc
1417 945 1594 1001 subito
1624 945 1780 1002 factae

186 1041 324 1088 sunt
356 1023 690 1090 densiSsima:
737 1033 973 1089 tenebrae
998 1043 1125 1090 ante
1166 1033 1561 1091 Saracenorum
1591 1051 1777 1104 naves,

186 1123 266 1178 ita
298 1134 362 1179 ut
399 1125 676 1181 nescirent
700 1140 809 1195 quo
848 1134 1153 1198 pergerent.
1203 1126 1402 1198 Sicque
1445 1127 1780 1210 liberatajest

188 1217 352 1270 navis
381 1216 491 1271 illa.
547 1216 753 1284 Quibus
795 1217 970 1274 adhuc
1017 1218 1070 1272 in
1131 1233 1282 1274 mare
1325 1219 1776 1288 commeantibus,

187 1321 362 1359 unum
409 1322 478 1360 ex
505 1307 704 1362 nautis
741 1307 978 1376 ejusdem
1033 1309 1186 1365 navis
1212 1325 1239 1364 a
1271 1309 1419 1381 gravi
1470 1310 1779 1367 valetudine

161 1392 417 1449 obtentu
479 1395 650 1466 ipsius
694 1397 920 1467 apostoli
975 1397 1157 1453 divina
1201 1399 1428 1454 salvavit
1467 1399 1776 1456 clementia.

167 1485 468 1543 "E‘xcuntes
510 1497 688 1544 autem
733 1489 802 1544 ad
830 1496 1034 1546 terram
1070 1489 1271 1561 ingenti
1300 1504 1421 1546 cum
1447 1492 1651 1548 honore
1677 1493 1778 1548 Be-

175 1594 212 1604 ﬁ

1880 580 1936 636 in
1969 577 2160 637 altario
2187 581 2624 648 recondiderunt,
2673 597 2816 637 anno
2842 583 2910 636 ab
2939 580 3308 636 incarnatione
3352 579 3458 633 Do-

1881 675 2011 730 mini
2031 675 2482 746 octingentesimo
2507 691 2674 740 nono,
2711 673 2967 730 vicesimo
2998 673 3186 744 quinto
3212 671 3460 727 videlicet

1881 764 1968 820 die
2013 763 2213 821 mensis
2255 764 2524 822 Octobris.
2575 765 2742 836 Cujus
2769 765 2919 834 prior
2954 763 3171 832 quidem
3209 775 3276 816 ex
3303 760 3460 814 ludo-

1883 871 1999 910 rum
2036 864 2192 925 parte
2235 856 2561 912 transvectio
2596 856 2650 911 in
2693 854 3094 926 Lipparitanam
3119 850 3350 907 insulam
3371 865 3464 905 cc-

1883 942 2123 1003 lebratur
2151 949 2360 1004 decima
2389 948 2546 1004 tertia
2569 948 2656 1003 die
2692 945 2892 1002 mensis
2912 943 3087 1010 Junii;
3119 940 3462 997 dormitionis

1880 1053 2010 1094 vero
2047 1037 2164 1108 ejus
2191 1038 2384 1094 festiva
2428 1039 2716 1095 celebritas
2756 1037 2971 1101 colitur,
3019 1045 3078 1090 ut
3120 1032 3458 1106 praemissum

1879 1137 1984 1195 est,
2021 1144 2166 1186 nono
2205 1128 2472 1185 Kalendas
2514 1127 2888 1199 Septembris;
2915 1127 3100 1197 sicque
3125 1134 3208 1181 ter
3235 1125 3287 1180 in
3319 1139 3461 1178 anno

1881 1222 2244 1277 sacratissima
2275 1222 2434 1295 digne
2467 1221 2772 1278 celebratur
2800 1221 3112 1277 solemnitas
3139 1220 3207 1276 ad
3246 1219 3457 1272 laudem

1881 1321 1935 1366 et
1962 1313 2183 1385 gloriam
2231 1313 2439 1369 Domini
2474 1315 2641 1370 nostri
2670 1313 2797 1369 Jcsu
2837 1312 3061 1377 Christi,
3089 1311 3330 1383 quicum
3356 1312 3459 1365 Pa-

1886 1414 1968 1458 tre
1987 1414 2041 1458 et
2068 1403 2272 1474 Spiritu
2299 1415 2486 1460 sancto
2517 1405 2646 1460 vivit
2686 1415 2740 1460 et
2783 1413 2974 1477 regnat
3004 1403 3144 1460 Deus
3163 1418 3261 1475 per
3279 1403 3460 1458 omnia

1881 1492 2076 1548 stecula
2107 1494 2446 1550 saeculorum.
2471 1495 2661 1551 Amen.

187 1605 3460 1637 ——.—.———_——-———-——-——-————————_—-——.

511 1713 1147 1876 ANASTASII
1197 1718 2136 1909 BIBLIOTHEOARH
2189 1725 2742 1883 EPISTllLlll
2809 1727 3128 1882 TRES.

1543 1977 2134 2002 m

679 2069 1022 2140 EPISTOLA
1053 2081 1289 2140 PRIMA.

461 2219 528 2271 A'n
560 2219 810 2275 'caao'wn
850 2235 1058 2278 canvuu
1097 2237 1496 2304 tnrsnaronsn.

173 2309 579 2452 ‘Contraglsas
603 2331 953 2402 q'uor'umdam
975 2333 1264 2401 opiniones,
1288 2336 1630 2391 maerentium
1653 2337 1778 2392 bea-

261 2410 377 2451 tum
452 2399 731 2452 ionusium.
753 2400 1078 2452 Parisiorum
1096 2404 1322 2452 mimum
1339 2407 1653 2452 eniscnnum-
1674 2423 1778 2452 mm

261 2410 377 2451 tum
402 2399 731 2477 Dionysium,
753 2399 1078 2457 Parisiorum
1095 2399 1322 2474 primum
1339 2407 1654 2477 episcopum,
1674 2423 1778 2461 non

243 2485 376 2523 *εδει
408 2469 795 2541 Areopagitam.
1095 2469 1105 2474 ⁷
1365 2469 1376 2477 ⁷
1509 2469 1519 2477 ⁷
1640 2469 1652 2474 ⁷
1767 2493 1772 2498 ‘

477 2578 650 2643 “(Apud
673 2580 887 2642 Surium,
908 2583 1011 2636 Act.
1033 2584 1196 2636 Sanct.
1215 2584 1276 2636 ad
1293 2585 1323 2636 8
1345 2584 1478 2648 Oct.)

251 2685 496 2755 'Domino
528 2700 772 2771 piissimo
823 2716 878 2761 et
911 2708 1258 2764 serenissimo
1296 2690 1514 2766 Canobo
1550 2710 1782 2781 impera-

179 2787 318 2853 tori,
375 2788 579 2859 Deique
625 2807 753 2848 vere
798 2790 1015 2862 cultori,
1047 2811 1262 2867 semper
1313 2798 1580 2870 Augusto,
1629 2800 1775 2855 ANA-

182 2883 411 2935 s'nsivs
443 2882 668 2952 exiguus
697 2882 1004 2955 apostolicae
1036 2887 1181 2944 sedis
1225 2887 1688 2960 bibliothecarius,
1720 2890 1778 2947 in

184 2964 424 3027 Domino
453 2981 712 3029 aeternum
747 2991 869 3032 cum
897 2977 1116 3036 Christo
1151 2980 1459 3052 imperium.

263 3062 410 3118 Ecce
464 3063 849 3135 imperatorum
901 3069 1253 3128 solertissime
1293 3082 1348 3130 et
1374 3073 1776 3132 Christianissi-

181 3159 273 3208 nie
296 3153 394 3223 qui
435 3153 628 3212 etfodis
662 3168 717 3214 et
764 3159 980 3216 rimaris
1026 3163 1346 3233 sapientiam
1387 3165 1531 3222 sicut
1557 3167 1778 3224 thesau-

186 3254 331 3310 rum,
363 3249 449 3302 cui
481 3247 612 3304 nihil
642 3251 924 3308 sinistrum
955 3264 1060 3322 est,
1100 3271 1222 3312 cum
1246 3268 1475 3330 utraque
1512 3263 1776 3318 nimirum

183 3350 358 3391 manu
405 3352 504 3407 pro
549 3339 772 3398 dextera
795 3346 984 3402 utaris.
1015 3345 1153 3402 Nam
1183 3350 1263 3406 sic
1307 3353 1542 3408 humana
1573 3353 1777 3426 Reipu-

1805 2089 1856 2149 B
1884 2086 2114 2143 tenenda
2136 2099 2257 2144 esse
2281 2090 2577 2160 putaverit,
2626 2100 2689 2146 ut
2721 2091 2916 2148 merito
2950 2094 3292 2165 coapostolus
3343 2097 3463 2166 ejus

1880 2174 2078 2232 Paulus
2137 2191 2264 2233 eum
2317 2181 2800 2249 reprehensihilem
2862 2183 3208 2253 judicaverit.
3263 2186 3464 2245 Beatus

1879 2266 2042 2321 etiam
2091 2265 2392 2339 Cyprianus
2423 2271 2612 2327 doctor
2647 2281 2702 2327 et
2735 2285 2963 2345 martyr,
2988 2276 3244 2346 quiddam
3277 2280 3344 2335 de
3377 2297 3462 2335 rc-

1879 2353 2248 2425 baptizatione
2277 2358 2542 2426 deﬁnivit,
2591 2363 2735 2432 quod
2792 2372 2902 2420 tota
2943 2365 3184 2422 Ecclesia
3249 2367 3459 2437 rcjccit.

1879 2445 2020 2514 Quid
2039 2457 2220 2504 autem
2251 2450 2318 2505 de
2345 2459 2536 2507 sancto
2553 2451 2858 2524 Augustino
2884 2455 3151 2524 dicemus,
3175 2459 3265 2528 qui
3294 2461 3458 2514 etiam

1877 2534 2045 2592 libros
2077 2535 2569 2608 Retractationum,
2610 2543 2902 2600 conﬁciens
2944 2547 3220 2612 nonnulla,
3255 2565 3374 2619 qua:
3401 2565 3462 2604 se

1878 2625 2016 2682 bene
2057 2628 2298 2683 sensisse
2338 2630 2538 2687 dudum
2588 2641 2872 2702 putaverat
2904 2624 3272 2706 reprehendit.
3321 2639 3458 2694 Nam

1877 2717 2020 2773 Deus
2046 2719 2388 2789 omnipotens
2413 2738 2801 2795 nonnunquam
2825 2726 3219 2797 dispensatorie
3239 2745 3458 2800 gerens,

1878 2805 1967 2863 cui
1994 2807 2163 2862 multa
2189 2809 2414 2877 revelat,
2442 2812 2696 2882 quiddam
2719 2824 2968 2886 opertum
2995 2817 3220 2884 deserit,
3243 2829 3296 2874 et
3318 2821 3462 2890 quod

1878 2898 2034 2955 alteri
2079 2901 2318 2969 obserat,
2349 2902 2506 2959 alteri
2529 2915 2738 2961 reserat
2771 2925 2785 2961 :
2819 2921 2885 2963 ne
2911 2916 3092 2964 tamen
3143 2910 3261 2966 sine
3282 2927 3462 2966 remu-

1877 2991 2175 3048 nerationis
2209 2993 2353 3050 dono
2379 2993 2656 3068 relinquit,
2703 2999 2844 3068 quod
2875 3015 2941 3056 ex
2967 3001 3149 3058 radice
3178 3003 3461 3058 charitatis

1877 3084 2096 3155 prodire
2143 3101 2252 3142 non
2301 3087 2513 3144 nescit:
2540 3090 2668 3160 quia
2719 3093 2841 3146 cum
2886 3107 2984 3148 cor
3023 3102 3314 3162 scrutetur,
3351 3112 3461 3151 non

1880 3184 1989 3231 tam
2035 3177 2239 3232 dictum
2295 3195 2460 3250 quam
2507 3181 2828 3240 intentionis
2886 3185 3124 3240 admittit
3178 3185 3456 3242 effectum.

1879 3265 2078 3322 Verum
2115 3267 2241 3324 hinc
2270 3270 2458 3336 multa,
2485 3271 2714 3329 docente
2761 3271 2893 3339 Deo,
2921 3275 3102 3332 dicere
3145 3293 3383 3349 possem,
3412 3279 3459 3334 si

1879 3371 1988 3411 non
2039 3358 2170 3412 mihi
2239 3359 2632 3430 praefationem,
2702 3365 2797 3420 sed
2869 3366 3170 3436 apologiam
3228 3367 3460 3423 faciendi

182 3425 344 3482 blicae
371 3430 658 3487 commissa
709 3436 1006 3492 secundum
1054 3438 1226 3512 legem
1248 3484 1252 3488 .
1276 3443 1371 3498 Dei
1403 3445 1768 3516 gubernacula
1800 3439 1846 3504 C
1877 3448 2212 3518 propositum
2241 3425 2558 3510 exstitisset.
2587 3425 2811 3524 Suscipe
2846 3425 3059 3525 itaque:
3095 3458 3335 3528 piissime
3360 3459 3461 3514 im-

183 3518 515 3587 m’ode'raris,
545 3529 603 3577 ut
646 3523 825 3581 divina
851 3539 1076 3598 quaeque
1106 3547 1212 3587 non
1237 3533 1482 3602 deseras,
1508 3537 1601 3594 sed
1633 3553 1773 3609 prai-

185 3607 357 3665 l‘eras.
430 3610 740 3672 Passionem
808 3622 980 3676 sancti
1061 3623 1471 3700 bieromartyris
1531 3607 1772 3702 Dionysii

182 3703 466 3772 quondam
496 3706 854 3780 Areopagitae,
891 3723 1120 3785 postque
1171 3717 1508 3775 Athenarum
1558 3722 1784 3786 antistis

183 3791 280 3857 lis,
328 3808 492 3862 quam
544 3795 726 3853 Roma:
751 3799 854 3871 legi
882 3818 1006 3858 cum
1054 3819 1189 3874 puer
1215 3820 1414 3877 essem,
1445 3825 1770 3883 quamquea

183 3880 809 3964 Constantiuopolitanis
853 3891 1050 3962 legatis
1099 3897 1379 3954 audieram
1406 3939 1423 3967 ,
1465 3880 1768 3960 secundum

178 3969 488 4040 jussionem
544 3986 777 4034 vestram
825 3981 913 4036 diu
983 3987 1287 4055 quaesitam,
1337 3992 1662 4064 tandemque
1715 3995 1770 4050 in

187 4062 435 4118 maximo
497 4069 866 4151 coenobiorum
929 4067 1114 4132 Romae
1183 4079 1414 4146 sitorum
1477 4062 1769 4155 repertam,

184 4154 357 4208 etiam
390 4155 531 4212 inter
560 4148 803 4216 diversos
862 4163 1109 4236 langores
1161 4171 1389 4240 positus,
1435 4148 1652 4246 arrepto
1684 4177 1770 4233 in-

185 4250 523 4316 terpretandi
547 4254 862 4321 certamine,
892 4256 1087 4315 Latino
1114 4261 1328 4332 eloquio
1357 4266 1572 4332 tradidi,
1600 4283 1772 4336 quan-

187 4339 306 4390 tum
341 4339 511 4406 potui,
543 4343 838 4401 auxiliante
862 4347 993 4415 Deo,
1024 4358 1078 4404 et
1101 4352 1148 4406 si
1179 4369 1281 4408 non
1309 4370 1376 4410 ex
1403 4365 1514 4413 toto
1548 4360 1769 4414 verbum

185 4447 215 4485 e
239 4431 434 4500 verbo,
456 4449 673 4492 sensum
706 4449 886 4496 tamen
919 4445 1134 4513 penitus
1159 4447 1436 4506 hauriens.
1469 4450 1656 4508 Cesset
1685 4467 1771 4507 er-

187 4539 254 4592 go
294 4521 410 4591 jam
441 4529 794 4596 quorumdam
839 4533 1039 4603 opinio,
1069 4539 1466 4608 perhibentium
1517 4561 1624 4599 non
1652 4560 1771 4602 esse

187 4615 570 4684 Areopagitam
625 4619 938 4692 Dionysium
969 4641 1114 4692 eum,
1171 4630 1261 4698 qui
1302 4648 1465 4703 prope
1504 4634 1770 4691 Parisium

188 4717 421 4774 corpore
459 4723 524 4762 ac
567 4709 854 4770 virtutibus
889 4717 1094 4773 redolet
1125 4738 1136 4774 :
1171 4736 1294 4776 cum
1324 4723 1426 4780 hoc
1464 4734 1521 4780 et
1555 4727 1770 4785 Graecoe

1877 3549 2119 3607 perator,
2150 3539 2486 3612 Dionysium,
2513 3557 2579 3598 ex
2632 3542 2842 3600 Graecia
2898 3548 3094 3602 iterato
3149 3549 3332 3603 volatu
3362 3563 3457 3604 ve-

1877 3629 2140 3694 nientem,
2187 3638 2244 3684 et
2290 3630 2382 3699 qui
2438 3632 2642 3702 gaudes
2689 3648 2754 3689 eo
2779 3634 2973 3691 Latino
3007 3637 3224 3708 eloquio
3250 3638 3456 3706 habito,

1875 3718 2048 3790 gaude
2068 3716 2215 3774 etab
2240 3720 2446 3776 Achivo
2473 3737 2724 3780 sermone
2750 3725 2971 3782 donato.
3523 3801 3526 3804 ,

1947 3807 2088 3864 Sane
2102 3808 2228 3879 quia
2244 3811 2483 3866 nonnulli
2506 3815 2723 3870 beatum
2740 3815 3053 3889 Dionysium
3065 3821 3338 3896 πτερύγιον
3360 3829 3450 3878 τοῦ

1873 3903 2086 3979 οὐρανοῦ
2114 3919 2144 3957 a
2187 3901 2392 3962 Graecis
2420 3908 2680 3979 appellari
2729 3921 3160 3967 commemorant
3205 3930 3219 3966 :
3265 3921 3464 3968 notan-

1874 3993 2002 4048 dum
2056 3996 2200 4065 quod
2253 3997 2397 4052 hunc
2452 4000 2644 4056 beatus
2717 3999 2957 4058 Joannes
3028 4002 3456 4077 Chrysostomus

1873 4089 2103 4146 πετεινὰ»
2151 4097 2243 4146 τοῦ
2272 4093 2511 4170 οὐρανοῦ,
2555 4094 2607 4148 id
2639 4105 2721 4150 est
2753 4096 3011 4152 volucrem
3051 4100 3164 4178 caeli
3192 4101 3244 4154 in
3269 4101 3460 4157 ultimo

1876 4192 2189 4235 sermonum
2211 4182 2506 4238 describat.
2531 4184 2771 4252 Quorum
2790 4189 3019 4245 duorum
3052 4193 3329 4247 nominum
3354 4193 3458 4249 dif-

1876 4265 2180 4337 ferentiam,
2239 4273 2378 4328 sacri
2431 4274 2844 4344 Evangeliorutu
2914 4289 3076 4350 atque
3129 4283 3460 4350 psalmorum

1875 4357 2061 4414 Graece
2082 4362 2429 4431 scriptorum,
2462 4363 2586 4420 libri
2615 4367 2992 4424 demonstrant
3016 4388 3029 4425 :
3056 4387 3178 4426 nam
3209 4373 3262 4428 in
3287 4373 3459 4430 altero

1875 4449 2090 4518 quidem
2127 4451 2314 4508 Graece
2364 4459 2641 4532 πτερύγιον
2677 4461 2968 4530 scriptum,
3011 4464 3177 4520 codex
3230 4465 3460 4521 Latinus

1878 4554 1981 4593 non
2011 4546 2175 4608 utam,
2207 4545 2300 4599 sed
2333 4546 2677 4615 pinnaculum
2707 4550 3050 4622 interpretari
3093 4555 3353 4613 declarat.
3398 4559 3456 4614 ln

1875 4629 2043 4684 altero
2071 4648 2198 4688 vero
2237 4637 2462 4692 πετεινόν
2496 4639 2693 4695 crebro
2713 4655 2962 4698 sermone
2998 4643 3243 4702 Romano
3281 4656 3458 4704 trans-

1876 4723 2062 4790 latum,
2086 4725 2358 4780 volucrem
2386 4742 2579 4786 sonare
2605 4731 2872 4803 designat.
2921 4734 3091 4806 Hujus
3125 4747 3306 4794 autem
3333 4755 3456 4809 pas-

2050 4785 2058 4790 ,
2564 4785 2567 4786 ν
2921 4785 3089 4806 --γη
3126 4785 3306 4794 πη..-
3333 4785 3429 4809 μη

193 4811 313 4850 rum
348 4814 566 4871 quoque
590 4803 780 4874 stylus,
820 4822 943 4862 cum
968 4809 1156 4866 Latina
1203 4813 1379 4885 lingua
1408 4821 1766 4889 concordans,
1796 4785 1849 4846 Β
1878 4816 2043 4870 sionis
2099 4825 2300 4871 textum
2348 4817 2542 4876 beatus
2580 4821 2900 4889 Mcthodius,
2953 4828 3042 4896 qui
3087 4844 3116 4881 a
3175 4829 3300 4884 sede
3329 4846 3458 4901 apo-

191 4891 424 4942 testctur
451 4900 503 4944 et
535 4894 808 4962 praedicet,
847 4896 900 4951 in
922 4915 1060 4968 .qua
1099 4902 1344 4972 profecto
1391 4918 1551 4964 natus
1581 4920 1684 4976 est,
1716 4921 1774 4969 et

189 4991 300 5044 qua
321 4979 464 5035 celsa
488 4983 686 5053 scripta
725 5003 819 5042 sua
843 4994 1184 5049 contexuisse
1215 4998 1476 5066 probatur
1506 5018 1519 5054 :
1545 5017 1773 5072 praeser-

191 5067 288 5120 tim
317 5083 440 5123 cum
474 5075 758 5130 manifeste
797 5079 1054 5148 sciamus,
1107 5087 1406 5157 praecipuos
1454 5067 1775 5152 tractatores

189 5156 472 5227 Ecclesiae,
495 5165 584 5232 qui
606 5164 801 5224 Latino
825 5171 964 5242 ston
997 5156 1288 5246 scripsere,
1311 5180 1440 5249 quid
1469 5183 1690 5240 dubium
1718 5187 1772 5241 in

189 5260 384 5308 sancta
425 5252 701 5327 Scriptura
733 5265 1082 5332 reperientes,
1134 5286 1257 5324 mox
1289 5272 1358 5326 ad
1379 5272 1568 5330 Graaca
1591 5293 1774 5333 exem-

189 5343 364 5412 plaria
387 5362 625 5416 currere,
655 5361 708 5407 ct
747 5355 814 5408 ad
864 5371 1052 5412 eorum
1083 5375 1319 5429 sensum,
1371 5367 1620 5436 protinus
1653 5385 1683 5424 a
1709 5383 1768 5426 se

192 5448 358 5489 omne
387 5440 626 5496 nubilum
651 5446 1018 5517 ambiguitatis
1046 5451 1354 5511 excludere.

265 5525 379 5584 Nec
406 5533 629 5600 mirum,
657 5537 702 5592 si
733 5539 1016 5609 quisquam
1043 5541 1324 5600 doctorum
1371 5563 1498 5620 erga
1538 5551 1771 5622 plurima

193 5631 511 5690 occupatus,
555 5642 654 5682 nec
698 5627 1008 5686 Grzecorum
1060 5635 1260 5706 scripta
1313 5638 1559 5707 rimatus,
1615 5644 1774 5700 aliter

196 5715 446 5781 senserit,
482 5733 612 5791 cum
669 5719 786 5792 ipse
828 5725 1122 5795 apostolus
1150 5725 1342 5784 Petrus
1389 5733 1636 5800 quaedam
1693 5738 1774 5793 sic

1879 4905 2065 4961 stolica
2091 4905 2618 4979 Constantinopolim
2646 4916 2929 4986 presbyter
2964 4918 3186 4984 missus,
3213 4919 3454 4991 ejusdem

1883 4999 2028 5053 urbis
2067 5001 2236 5054 tenuit
2256 5000 2612 5070 pontiﬁcium,
2643 5014 2694 5061 et
2721 5022 2788 5061 ex
2813 5016 2941 5063 tunc
2967 5010 3110 5066 inter
3136 5019 3355 5069 sanctos
3387 5017 3453 5070 ab

1873 5092 2124 5148 omnibus
2147 5093 2216 5148 ob
2239 5109 2348 5149 sua:
2373 5095 2728 5153 confessionis
2756 5109 2811 5154 et
2836 5104 3023 5173 agonis
3059 5113 3332 5162 certamen
3360 5123 3453 5163 ve-

1873 5183 2073 5237 raciter
2098 5193 2389 5240 veneratur
2409 5199 2463 5241 et
2485 5188 2710 5255 colitur,
2743 5192 2928 5256 edidit,
2951 5209 3118 5262 pauca
3153 5196 3221 5250 de
3259 5197 3447 5253 multis

1873 5273 2302 5342 przecedentibus
2348 5278 2564 5348 scriptis
2592 5294 2909 5350 excerpens.
2955 5283 3096 5340 Deus
3144 5297 3324 5342 autem
3358 5304 3452 5359 pa-

1876 5367 1954 5422 cis
1976 5375 2221 5422 conterat
2259 5367 2650 5428 Satanam‘sub
2681 5375 2907 5444 pedibus
2947 5381 3143 5434 vestris
3171 5382 3446 5448 velociter,

1875 5466 1928 5513 et
1954 5457 2046 5527 qui
2067 5457 2214 5515 dedit
2258 5460 2499 5531 amplum
2528 5462 2583 5516 in
2614 5464 2772 5520 terris
2823 5465 3126 5536 imperium,
3160 5471 3363 5526 tribuat
3394 5473 3448 5526 in

1876 5550 2188 5606 coelestibus
2217 5551 2544 5608 ditissimum
2569 5551 2728 5626 regni
2756 5557 3055 5626 praamium.

1947 5641 2140 5698 Actum
2165 5658 2347 5699 mense
2371 5643 2554 5711 Junio,
2582 5646 2874 5704 indictione
2896 5664 3056 5715 nona,
3073 5665 3213 5704 anno
3238 5651 3452 5720 pontiti-
3531 5711 3534 5714 ,

1879 5745 2035 5791 catus
2067 5737 2168 5792 viri
2215 5737 2510 5795 beatissimi
2539 5741 2956 5815 domini‘nostri
3003 5739 3226 5797 Joannis
3273 5743 3452 5798 octavi
