4026 6296
203 382 298 436 741

1178 365 1704 434 ἶῖοῐιιΕΟΤΑΝΕΑ.
1742 407 1811 417 -—
1850 376 2203 435 EPISTOLIE
2248 379 2444 437 TRES.

3361 380 3462 436 742

193 505 302 548 tus.
339 491 517 547 Edidit
544 490 687 546 enim
724 489 888 553 alios,
927 499 985 544 ut
1015 490 1127 560 ipse
1163 491 1336 544 innuit
1359 530 1372 553 .
1406 491 1604 554 libros;
1646 504 1782 559 quos
1813 491 1856 549 Α
1888 490 1997 544 vita
2041 491 2217 547 ldibns
2260 492 2578 548 Novembris
2622 493 2690 548 ad
2737 493 3007 549 cmlestem
3051 494 3460 562 beatitudinem,

193 585 536 656 nec,Gr:ecns
560 585 863 654 quisquam,
891 598 990 638 nec
1018 583 1191 638 adhuc
1219 583 1390 654 potuit
1412 584 1653 640 invenire
1682 583 1783 637 La-

193 677 366 732 tinus.

267 767 336 822 Et
369 767 582 837 quidem
610 766 782 822 Lucas
806 767 858 821 in
884 766 1104 822 Actibus
1127 767 1492 837 apostolorum
1524 781 1660 830 xvn,
1687 767 1777 832 54,

193 857 566 927 Euscbiusqne
587 856 846 927 Pamphili
870 867 926 912 et
951 856 1236 926 Dionysius
1256 857 1502 912 Corinthi
1524 858 1777 923 antistes,

189 948 262 1003 de
297 963 367 1005 eo
405 949 648 1018 quaedam
707 947 948 1002 miranda
996 948 1242 1008 tradunt;
1287 963 1406 1018 quae
1457 963 1585 1004 vero
1640 948 1780 1003 scri-

188 1039 366 1109 pserit
394 1038 516 1107 (nisi
558 1053 645 1092 me
691 1038 890 1092 oblivio
943 1037 1111 1108 fallat)
1150 1039 1370 1092 omnino
1397 1052 1504 1092 non
1536 1038 1776 1093 tradunt.

188 1127 400 1184 Suadet
437 1136 613 1182 autem
669 1127 735 1181 ad
767 1128 868 1182 hoc
921 1127 994 1181 ita
1041 1127 1369 1182 credendum
1417 1127 1580 1183 etiam
1627 1127 1776 1193 illud,

186 1217 341 1288 quod
364 1231 524 1272 nemo
552 1216 906 1286 probabilium
935 1225 1314 1282 tractatorum,
1345 1217 1484 1272 sicut
1511 1218 1590 1273 eis
1611 1218 1778 1274 moris

186 1316 276 1364 est
335 1307 576 1378 priorum
635 1308 776 1360 dicta
830 1307 1175 1378 excerpendi,
1239 1316 1294 1362 et
1341 1308 1453 1363 suis
1506 1307 1780 1379 opusculis

187 1399 468 1454 inserendi
519 1399 739 1469 scriptis
768 1399 938 1469 ipsius
968 1399 1158 1463 utitur,
1210 1409 1304 1454 aut
1358 1399 1551 1454 horum
1596 1398 1778 1470 cujus-

186 1491 340 1560 piam
377 1490 760 1546 reminiscitur.
798 1489 1036 1560 Denique
1068 1491 1152 1544 vir
1192 1506 1419 1562 magnus
1465 1499 1521 1546 et
1561 1499 1779 1562 aposto-

187 1581 312 1636 lica:
339 1580 482 1638 sedis
508 1579 627 1654 [ατη
657 1579 805 1653 vitae]
837 1589 1138 1652 praeceptor
1175 1579 1564 1637 Constantinus
1594 1593 1620 1622 ιι
1653 1579 1779 1652 phi-

187 1672 475 1743 losophus,
522 1671 614 1742 qui
677 1669 906 1726 Romam
964 1672 1064 1726 sub
1121 1671 1452 1727 venerabilis
1499 1672 1780 1728 memorize

185 1763 435 1821 Adriano
483 1761 690 1832 juniori
757 1777 895 1833 papa
951 1762 1201 1828 veniens,
1254 1765 1426 1820 sancti
1485 1762 1778 1819 Clementis

1885 589 1940 634 ut
1975 582 2269 648 credimus,
2300 583 2494 638 ductus
2538 599 2636 638 nos
2679 566 2904 639 miseros
2928 595 2980 640 et
3019 584 3172 640 valde
3197 585 3463 642 desolatus

1883 669 2118 740 reliquit.
2153 672 2359 728 lntrant
2392 675 2536 728 enim
2565 683 2688 745 post
2708 676 3006 731 discessum
3034 677 3152 748 ejus
3177 677 3284 747 lupi
3309 692 3464 746 rapa-

1881 775 1972 816 ces
1998 777 2104 815 non
2146 772 2428 831 parcentes
2475 765 2750 822 Dominico
2793 767 2959 838 gregi,
3003 767 3198 837 quibus
3240 768 3464 822 obsecro

1878 859 1934 904 et
1958 865 2053 919 per
2082 849 2256 906 Deum
2281 861 2557 908 contestor
2581 861 2638 908 ut
2680 853 2834 910 fortis
2859 857 2876 876 ‘
2923 855 3096 909 minas
3139 856 3348 921 resiste,
3386 857 3464 911 si-

1879 938 2102 1008 mulque
2128 940 2394 1011 deprecor
2421 950 2480 995 ut
2514 944 2788 999 orationes
2814 959 2911 1014 pro
2942 944 3032 998 illo
3055 946 3280 999 Domino
3305 945 3466 999 sedu-

1879 1026 1960 1082 las
1979 1027 2243 1099 dirigatis.
2284 1029 2434 1084 Eheu
2461 1031 2474 1084 l
2500 1047 2660 1100 quam
2686 1048 2808 1086 sero
2840 1033 2999 1087 talem
3023 1034 3197 1088 virum
3223 1035 3464 1088 Ecclesia

1878 1120 2102 1186 meruit,
2145 1137 2309 1192 quam
2348 1123 2458 1176 cito
2487 1123 2726 1193 reliquit.
2758 1124 2895 1179 Vere
2925 1124 3120 1189 fateor,
3156 1125 3468 1196 expedierat

1879 1217 1938 1264 ut
1985 1211 2067 1264 sol
2114 1211 2296 1267 radios
2341 1227 2468 1267 suos
2499 1212 2856 1270 absconderet
2887 1215 3058 1285 magis
3093 1230 3253 1285 quam
3285 1215 3372 1270 illa
3403 1229 3468 1269 os

1877 1301 1961 1358 vel
2001 1302 2188 1358 oculos
2227 1303 2515 1371 divideret,
2543 1321 2680 1375 quos
2702 1321 2871 1376 usque
2897 1308 2963 1361 ad
2992 1318 3248 1376 punctum
3278 1309 3466 1365 deces-

1879 1409 1972 1450 sus
2003 1394 2082 1448 sui
2116 1393 2181 1448 ad
2209 1394 2452 1450 divinum
2476 1395 2794 1466 obsequium
2831 1399 3072 1468 aperuit,
3105 1407 3159 1451 et
3187 1399 3254 1451 ad
3284 1399 3470 1454 Eccle-

1883 1485 1980 1540 site
2019 1483 2296 1554 profectus
2318 1485 2556 1542 intentos
2577 1502 2791 1558 semper
2819 1488 3081 1543 exhibuit.
3099 1489 3298 1543 Verum
3325 1503 3468 1546 nunc

1877 1578 2231 1649 congregatio
2255 1579 2452 1644 omnis,
2487 1595 2624 1651 quos
2660 1580 2749 1635 ille
2777 1579 2860 1634 vel
2892 1596 2989 1651 pro
3018 1582 3231 1638 diverso
3258 1583 3468 1640 adulte-

1879 1667 1947 1724 rii
1997 1683 2212 1740 genere,
2259 1669 2342 1724 vel
2382 1684 2482 1742 pro
2512 1670 2634 1725 aliis
2663 1671 2980 1725 criminibus
3028 1673 3342 1743 redarguit,
3401 1675 3469 1730 ad

1883 1758 1988 1814 hoc
2009 1769 2355 1826 exarserunt,
2383 1767 2442 1815 ut
2485 1761 2734 1816 universa
2765 1759 2880 1830 ejus
2909 1777 3072 1834 Opera
3109 1765 3386 1819 destruere
3414 1774 3471 1819 rt

187 1869 395 1926 (gl-pus
427 1853 540 1910 sedi
599 1870 708 1909 sua)
761 1854 995 1909 restituit
1041 1853 1265 1926 (quique
1316 1863 1488 1910 totum
1535 1854 1777 1910 codicem
1811 1838 1852 1897 Β
1880 1855 2075 1902 cuncta
2097 1848 2295 1919 scripta
2325 1848 2506 1905 delere
2531 1851 2778 1906 meditari
2807 1868 2912 1908 non
2941 1865 3200 1908 metuant.
3227 1853 3464 1922 QIIOI‘UIII

187 1943 487 2000 memorati
511 1954 566 2000 et
592 1946 923 2000 nzemorandi
954 1962 968 2000 :
993 1944 1173 2002 Patris
1196 1947 1474 2001 memoriae
1495 1961 1778 2002 commen-

186 2034 442 2100 daverat,
477 2044 532 2090 et
563 2045 822 2106 quantum
851 2035 1099 2092 utilitatis
1125 2037 1354 2093 medulla
1379 2036 1496 2107 ejus
1523 2036 1776 2106 habebat,

186 2126 535 2184 auditoribus
591 2127 1042 2194 commendabat,
1101 2129 1296 2186 solitus
1357 2138 1480 2185 erat
1526 2129 1706 2185 dicere
1759 2148 1773 2185 :

185 2215 350 2286 Quod
394 2218 438 2272 si
479 2227 717 2282 sanctos,
763 2217 1011 2273 videlicet
1062 2219 1267 2288 priores
1315 2219 1648 2274 institutores
1678 2233 1778 2274 no-

189 2319 360 2376 stros,
389 2310 482 2380 qui
524 2309 810 2366 haereticos
835 2325 1080 2382 quosque
1117 2312 1207 2366 vix
1248 2321 1304 2366 et
1346 2312 1580 2384 quodam
1621 2311 1780 2366 modo

186 2413 315 2454 cum
352 2396 498 2454 fuste
527 2396 953 2464 decollaverunt,
1001 2399 1316 2472 Dionysium
1346 2400 1658 2471 contigisset
1685 2399 1782 2454 ba-

185 2490 357 2554 bere;
390 2505 513 2544 cum
545 2500 706 2546 acuto
737 2491 856 2546 illos
887 2491 1065 2563 gladio
1087 2491 1277 2562 procul
1304 2491 1470 2548 dubio
1515 2491 1782 2546 trucidas-

187 2591 354 2648 sent;
387 2583 617 2638 innuens
645 2583 886 2654 profecto
914 2582 1219 2652 bujusmodi
1261 2584 1424 2650 dicto,
1459 2583 1597 2660 quia
1640 2599 1780 2653 quo-

185 2687 313 2728 rum
344 2686 411 2728 os
459 2672 776 2729 laboriosius
824 2682 880 2731 et
932 2674 1074 2730 forte
1127 2675 1332 2731 tardius
1367 2675 1779 2741 obstruxerunt,

185 2760 414 2817 facilius
450 2770 507 2817 et
536 2763 746 2818 acutius
776 2763 892 2818 sive
929 2763 1164 2820 velocius
1193 2764 1303 2834 (ὀξύ
1336 2765 1534 2835 quippe
1560 2770 1614 2818 et
1653 2779 1781 2817 acu-

183 2864 303 2906 tum
335 2853 608 2922 signiticat
647 2864 704 2909 et
743 2854 909 2927 velox)
943 2855 1318 2913 obmutescere
1358 2857 1680 2927 coegissent.
1712 2856 1783 2910 At

187 2961 325 3000 vero
361 2957 486 3015 post
534 2946 883 3016 prazlatorum
923 2957 1236 3002 sanctorum
1284 2948 1429 3004 sedis
1477 2946 1781 3017 apostolicae

183 3033 487 3106 przesulum
516 3035 854 3100 memoriam,
889 3045 995 3090 tam
1020 3045 1224 3093 sanctre
1246 3037 1472 3108 septima
1510 3049 1565 3093 et
1588 3048 1781 3093 octava

185 3124 456 3194 synodus,
489 3138 652 3194 quam
681 3124 861 3180 Latini
893 3135 946 3181 ct
969 3123 1141 3182 Graeci
1170 3125 1439 3192 doctores,
1476 3141 1582 3181 non
1605 3125 1776 3182 solum

183 3187 320 3288 quia
370 3187 691 3272 venerabilis
738 3217 825 3274 bic
866 3216 1027 3272 Pater
1063 3218 1351 3289 scripserit
1394 3187 1644 3283 innuunt,
1680 3218 1775 3274 sed
1804 3187 1848 3249 θ

185 3305 506 3361 testimonia
541 3319 607 3360 ex
637 3305 940 3378 Scripturis
978 3307 1096 3377 ejus
1119 3306 1431 3380 frequenter
1453 3317 1774 3374 assumunt;

185 3409 256 3452 ut
296 3397 507 3454 scilicet
547 3413 740 3455 sensus
790 3413 918 3455 suos
946 3410 1001 3455 et
1048 3400 1190 3456 dicta
1221 3401 1356 3458 tanti
1406 3401 1507 3457 viri
1553 3401 1778 3456 reddant

184 3487 543 3543 auctoritatis
569 3489 810 3560 pondere
849 3491 1094 3561 gravida,
1121 3499 1173 3546 et
1211 3492 1422 3549 cunctis
1459 3492 1780 3548 mortalibus

183 3578 543 3650 approbanda
567 3581 771 3651 pariter
795 3589 850 3638 et
873 3585 1156 3639 sectanda.

266 3673 419 3727 Deus
447 3674 789 3743 onmipotens
815 3673 1042 3746 gloriam
1077 3684 1224 3730 tuam
1256 3690 1287 3730 a
1321 3676 1550 3732 terrenis
1579 3676 1643 3730 ad
1664 3690 1780 3731 co:-

190 3763 336 3817 leste
366 3777 590 3834 regnum
620 3763 912 3821 transferat
939 3767 1282 3838 quandoque.

264 3853 404 3908 Data
433 3870 526 3909 vin
555 3854 672 3910 Kal.
701 3856 928 3928 Aprilis,
974 3859 1272 3916 indictione
1300 3860 1352 3915 8.

761 4009 1094 4070 EPISTOLA
1121 4015 1206 4072 ll-l.

399 4161 469 4202 AD
507 4161 718 4203 ADONEI
754 4163 1205 4210 Αιιαῐιιενιςοορυκ
1245 4168 1592 4210 νιεκκεδςειι.

191 4279 475 4336 Hermum
516 4267 799 4356 Nicolaum
831 4303 1024 4356 papam
1065 4286 1310 4356 nuntiat,
1342 4291 1559 4346 electum
1587 4310 1704 4348 vero
1730 4309 1786 4348 ιιι

605 4353 722 4424 ejus
761 4353 932 4410 locum
960 4357 1256 4414 Adrianum
1289 4353 1376 4417 11.

511 4462 672 4528 (Apud
696 4463 965 4531 Labbeum,
987 4468 1132 4521 Cone.
1157 4477 1273 4523 tom.
1295 4471 1453 4538 νηί.)

271 4586 505 4644 Domino
548 4597 737 4646 sancto
784 4589 931 4647 Patri
978 4593 1152 4651 Anoru
1191 4599 1502 4654 venerando
1552 4601 1684 4657 mihi
1730 4612 1788 4659 et

195 4677 359 4731 valde
374 4677 647 4749 diligendo
659 4681 1066 4755 archiepiscopo
1085 4725 1100 4751 ,
1116 4701 1216 4758 ego
1227 4687 1566 4746 Amsnsws
1583 4702 1787 4751 sanctae

199 4769 468 4825 Romana:
517 4769 774 4828 Ecclesiae
837 4773 1277 4836 bibliothecarius
1320 4781 1606 4852 plurimam
1659 4797 1787 4857 opto

195 4863 456 4919 salutem.

275 4954 462 5012 Triste
510 4957 605 5015 tibi
640 4960 920 5029 nuntium,
963 4962 1098 5034 proh
1131 4964 1312 5022 dolor!
1339 4968 1564 5025 nimium
1593 4971 1786 5041 tristis,

198 5056 259 5103 et
286 5062 514 5119 gemens
549 5051 874 5108 transmitte.
913 5051 1250 5114 Venerabilis
1287 5059 1487 5132 quippe
1531 5063 1787 5119 recorda-

201 5137 372 5194 tionis
391 5138 554 5196 Pater
580 5150 637 5198 et
676 5157 814 5216 papa
854 5153 1038 5202 noster
1066 5145 1316 5207 Nicolaus
1353 5152 1420 5208 ab
1449 5155 1552 5210 hac
1589 5157 1788 5212 misera

279 5307 304 5380 fl
344 5295 424 5351 De
453 5311 562 5368 quo
600 5298 724 5380 vide
767 5301 1037 5360 Anastasii
1085 5307 1260 5362 nostri
1305 5310 1676 5380 praefationem
1732 5317 1785 5372 in

201 5375 459 5423 octavam
505 5371 794 5442 synodum,
833 5388 1016 5447 supra.
1094 5397 1106 5416 ο

1880 1949 2106 1997 conatus
2142 1941 2350 1998 idcirco
2393 1942 2634 1999 creditur
2681 1944 2748 1999 ad
2793 1943 3045 2000 eﬂectum
3090 1947 3312 2010 venire,
3343 1949 3469 2017 quia

1879 2031 2225 2104 imperatoris
2253 2049 2374 2089 cum
2405 2034 2491 2090 his
2519 2049 2712 2091 manus
2735 2050 2890 2101 esse,
2933 2035 3067 2092 falso
3090 2047 3150 2092 ut
3173 2039 3468 2105 credimus,

1879 2123 2098 2179 dicitur.
2138 2123 2263 2180 Haec
2308 2139 2438 2196 ergo
2468 2127 2680 2182 cunctis
2719 2126 2978 2184 fratribus
3020 2129 3284 2196 nuntiate,
3316 2139 3370 2185 et
3415 2131 3469 2185 in

1879 2215 2078 2286 quibus
2099 2217 2362 2286 prodesse
2397 2231 2556 2288 posse
2584 2217 2877 2286 conﬁditis,
2906 2220 3154 2276 laborare
3182 2237 3279 2292 pro
3311 2222 3470 2277 domo

1880 2305 1974 2360 Dei
2009 2317 2212 2362 curate.
2243 2305 2378 2362 Nam
2414 2308 2458 2364 si
2499 2308 2631 2364 tanti
2685 2309 2956 2380 pontificis
3004 2318 3122 2366 acta
3166 2320 3469 2376 cassantur,

1879 2408 2081 2464 vestra,
2111 2414 2318 2468 quaeso,
2352 2399 2442 2456 ubi
2476 2401 2788 2471 parebunt?
2821 2402 3020 2459 Verum
3044 2403 3158 2458 scio
3195 2404 3320 2473 quia
3347 2403 3472 2458 licet

1880 2489 2022 2558 apud
2049 2503 2148 2545 nos
2172 2505 2376 2561 paucos
2397 2531 2413 2557 ,
2453 2493 2594 2561 apud
2631 2508 2728 2549 vos
2765 2501 2943 2548 tamen
2985 2493 3206 2564 reliquit
3232 2495 3332 2549 sibi
3361 2495 3471 2549 Do-

1881 2580 2062 2636 minus
2105 2580 2370 2651 plurimos
2415 2585 2508 2653 qui
2555 2599 2662 2638 non
2711 2593 3075 2640 curvaverant
3126 2601 3296 2655 genua
3343 2595 3472 2640 ante

1881 2670 2028 2725 Baal.
2059 2669 2336 2728 Habemus
2365 2683 2544 2729 autem
2579 2675 2862 2744 prtesulem
2893 2675 3190 2729 Adrianum
3229 2675 3470 2740 nomine,

1879 2765 2056 2821 virum
2101 2781 2200 2838 per
2219 2767 2418 2829 omnia.
2446 2778 2712 2838 quatttum
2735 2770 2799 2823 ad
2819 2769 2992 2848 bonos
3014 2783 3194 2824 mores
3213 2769 3471 2840 pertinet,

1878 2857 2037 2913 valde
2067 2867 2352 2914 strenuum
2381 2869 2435 2914 et
2459 2859 2806 2915 industrium.
2843 2858 2918 2914 De
2945 2873 3054 2928 quo
3083 2858 3261 2914 adhuc
3289 2867 3471 2913 utrum

1880 2948 2250 3004 ecclesiastica
2282 2951 2493 3020 negotia
2528 2951 2734 3016 omnia,
2759 2965 2827 3004 an
2849 2961 3058 3018 partem
3085 2964 3278 3004 curare
3323 2949 3472 3018 velit,

1881 3040 2212 3110 ignoramus.
2233 3041 2435 3096 Pen-let
2457 3051 2638 3097 autem
2659 3042 2838 3096 anima
2859 3039 2974 3110 ejus
2996 3056 3062 3096 ex
3089 3041 3270 3096 ani-ma
3294 3059 3471 3098 avun-

1881 3131 1986 3189 culi
2019 3131 2145 3200 mei;
2176 3134 2343 3188 vestri
2377 3149 2505 3192 vero
2529 3133 2766 3202 Arscuii,
2795 3136 3044 3205 quamvis
3073 3135 3214 3190 idem
3244 3149 3309 3190 eo
3333 3135 3475 3204 quod

1882 3227 2193 3283 inimicitias
2217 3227 2413 3284 multas
2425 3229 2676 3285 obeuntis
2694 3228 2938 3299 praesulis
2966 3228 3268 3299 pertulerit,
3296 3243 3358 3282 ac
3379 3243 3477 3298 per

1880 3315 1985 3372 hoc
2011 3316 2326 3388 imperatori
2359 3318 2562 3383 faveat,
2590 3334 2620 3373 a
2651 3317 2829 3374 studio
2863 3316 3244 3372 ecclesiasticae
3292 3330 3477 3370 corre-

1881 3406 2076 3463 ctionis
2123 3407 2399 3478 paululum
2446 3408 2802 3480 rcfriguisset.
2854 3405 3024 3474 Quem
3065 3406 3204 3472 cito,
3251 3420 3473 3476 quaeso,

1881 3501 2082 3556 vestris
2134 3501 2306 3556 sacris
2354 3500 2576 3556 monitis
2627 3515 2818 3554 rursus
2856 3497 3144 3562 innectite,
3176 3511 3244 3552 ne
3287 3497 3476 3551 diebus

1882 3595 1995 3652 suis
2023 3595 2151 3652 dum
2175 3596 2319 3652 valet
2347 3596 2489 3668 apud
2512 3611 2669 3651 suum
2717 3596 3101 3666 imperatorem
3125 3601 3180 3650 et
3202 3608 3476 3649 summum

1882 3688 2194 3761 pontificem
2249 3687 2494 3745 Ecclesia
2543 3688 2746 3744 Christi
2793 3688 2847 3754 ι’,
2891 3697 2947 3742 at
2991 3687 3227 3744 maxime
3277 3686 3473 3756 prima.

1886 3778 2090 3836 Taliter
2118 3793 2332 3836 merear
2362 3787 2544 3836 vestra
2594 3778 2662 3835 de
2709 3779 3070 3849 prosperitate
3104 3792 3320 3849 semper
3342 3792 3476 3848 gau-

1887 3873 2034 3928 dere.

2549 3955 2818 3998 EIBOLUI.

1954 4058 2160 4130 Adjuro
2193 4067 2374 4114 autem
2408 4066 2468 4112 ut
2495 4057 2750 4114 omnibus
2791 4055 3154 4126 melropolitis
3176 4054 3476 4111 Galliarum

1887 4149 2148 4206 intimetis
2171 4164 2237 4204 ne
2267 4149 2311 4204 si
2338 4149 2426 4204 hic
2453 4147 2654 4204 factum
2687 4146 2851 4200 fuerit
2872 4145 3185 4210 concilium,
3217 4145 3297 4200 sic
3322 4142 3476 4214 quasi

1889 4243 2362 4311 recuperationem
2393 4240 2480 4296 sui
2503 4249 2678 4296 status
2711 4248 3105 4308 assequamur,
3140 4247 3198 4291 ut
3236 4237 3290 4290 in
3321 4237 3477 4291 dero-

1888 4335 2158 4405 gatiouem
2183 4334 2423 4389 defunCti
2452 4333 2704 4404 prtesulis
2727 4331 3031 4400 prosiliant.
3056 4329 3330 4400 Praecipue
3348 4344 3478 4384 vero

1888 4443 2011 4483 cum
2044 4427 2188 4483 hunc
2235 4425 2414 4480 nullus
2444 4421 2804 4494 redarguerit,
2828 4431 2884 4478 et
2919 4422 3079 4477 modo
3117 4421 3206 4492 qui
3251 4419 3479 4492 objectis

1809 4537 1864 4600 ι)
1889 4518 2212 4589 respondeat
2257 4532 2362 4572 non
2409 4515 2667 4588 supersit,
2691 4515 2941 4585 quamvis
2981 4513 3071 4570 illc
3096 4529 3198 4570 nec
3223 4529 3352 4570 eo...
3383 4531 3478 4586 pu-

1887 4612 2087 4669 blicam
2132 4608 2384 4681 gesserit,
2440 4623 2540 4664 nec
2585 4607 2777 4663 lneresi
2825 4622 3099 4677 unquam,
3140 4614 3200 4661 ut
3247 4607 3476 4678 lingunt,

1889 4701 2166 4766 annuerit,
2203 4700 2299 4756 sed
2330 4699 2447 4756 zelo
2473 4698 2570 4754 Dei
2599 4698 2744 4770 quod
2783 4705 3106 4770 operatur...
3132 4697 3284 4766 Unde
3314 4699 3475 4754 etiam

1889 4795 2069 4853 scribo
2099 4793 2251 4849 vobis
2278 4802 2334 4848 et
2361 4807 2457 4864 per
2481 4791 2652 4848 Deum
2685 4798 2966 4846 contestor
3006 4805 3075 4846 ne
3117 4791 3474 4848 consentiatis

1891 4901 2065 4958 neque
2094 4885 2427 4957 approbetis,
2461 4885 2569 4939 imo
2597 4881 2865 4939 resistatis
2908 4881 2976 4938 iis
3003 4896 3127 4952 quae
3161 4890 3352 4936 contra
3381 4881 3476 4935 Nir

1889 4981 2101 5039 eolaum
2144 4994 2340 5050 papam
2393 4978 2478 5052 agi
2531 4986 2844 5044 tentantur,
2887 4975 3141 5047 quoniam
3184 4975 3480 5032 auctoritas

1891 5063 2054 5142 hujus
2097 5069 2355 5128 Ecclesiae
2402 5083 2524 5126 mox
2553 5067 2885 5135 dissolvitur,
2913 5066 2960 5124 si
2999 5065 3196 5138 praesul
3239 5081 3336 5122 e...
3380 5066 3479 5121 ad-

1893 5165 2114 5221 dicitur.

1966 5319 1995 5359 δ
2037 5318 2199 5373 Deest
2227 5315 2454 5386 aliquid.
