3926 5474
81 441 178 513 ~7t9
1195 432 1518 510 HISTORIA
1551 434 2180 504 LANGOBARDORUM.

3215 426 3329 498 ‘750

89 575 272 626 simum
323 567 519 624 bellum
563 575 781 622 vexaret
825 566 1250 629 Beneventanos,
1278 567 1350 618 ita
1378 576 1434 618 ιιι
1467 578 1564 617 nec
1586 562 1651 616 ad
1683 565 1726 620 A
1757 561 1992 628 quinque
2023 558 2167 614 milia
2198 557 2308 613 fere
2336 558 2615 613 hominum
2643 542 2830 614 eadem
2861 561 2984 613 tunc
3017 560 3067 611 in
3090 559 3204 613 acie
3237 573 3332 614 oc.

86 668 408 715 momentum
435 673 540 727 pax
562 655 865 711 interfuerit
888 655 990 710 illis
1012 656 1331 710 viventibus.
1356 654 1487 708 Erat
1507 653 1650 707 enim

87 763 304 820 uterque
321 749 544 817 juvenili
571 757 727 804 aetate
755 748 984 802 nitentes
1013 755 1066 800 et
1105 746 1170 800 ad
1197 747 1586 800 commotiones
1633 744 1646 774 ¹

84 849 132 895 ct
153 839 292 894 bella
325 838 516 894 declivi
574 851 621 892 ι.
653 838 872 908 Pipinus
912 847 1112 903 autem,
1163 834 1327 891 fultus
1361 849 1580 888 suorum
1629 834 1650 868 ⁸

83 928 333 999 pnesidio
359 929 700 992 bellatorum,
725 915 840 998 jugi
867 927 1228 996 continuoque
1259 925 1438 994 prmlio
1466 924 1652 994 exagi-

87 1020 222 1072 tabat
262 1034 422 1082 eum;
465 1017 727 1074 Grimoalt
757 1033 886 1072 vero
921 1025 973 1071 et
999 1018 1308 1072 civitatibus
1348 1015 1566 1070 munitis
1599 1023 1654 1068 ct

79 1111 403 1180 primoribus
428 1125 588 1180 quam
616 1107 859 1179 plurimis
885 1107 1236 1175 constipatus,
1264 1105 1654 1176 parvipendens

83 1218 138 1254 ac
165 1202 445 1269 despectui
477 1203 676 1258 ducens
723 1200 864 1254 illius
909 1199 1368 1268 persecutionem,
1412 1198 1462 1250 in
1508 1195 1653 1250 nullo

82 1292 385 1346 cedebatei.
413 1292 604 1345 Aiebat
641 1290 662 1321 ³
693 1289 874 1358 itaque
898 1305 994 1360 per
1022 1289 1224 1358 legatos
1248 1303 1376 1343 suos
1397 1283 1648 1356 Pipinns:

89 1381 206 1434 l’olo
230 1381 468 1451 quidem,
495 1390 544 1434 et
590 1382 662 1434 ita
692 1389 924 1449 potenter
942 1379 1217 1449 disponere
1245 1395 1425 1443 conor,
1457 1389 1511 1432 ut
1548 1379 1654 1431 sic-

79 1471 146 1521 nti
187 1469 402 1522 Arichi:
433 1469 636 1538 genitor
661 1468 802 1521 illius
828 1467 1087 1533 subjectus
1118 1467 1215 1535 fuit
1241 1467 1506 1537 quondam
1547 1465 1652 1519 De-

82 1561 267 1614 siJerio
293 1562 397 1628 regi
423 1559 445 1589 ⁵
485 1557 678 1620 Italiae,
708 1559 783 1610 ita
811 1559 878 1612 sit
903 1556 1029 1611 mihi
1051 1567 1099 1611 et
1123 1555 1421 1610 Grimoalt.’
1450 1555 1657 1624 Quibus

79 1661 299 1707 econtra
325 1650 588 1706 Grimoalt
618 1652 896 1705 asserebat
919 1665 934 1702 :

134 1767 289 1819 Liber
314 1774 366 1816 et
391 1770 633 1829 ingenuus
647 1780 754 1814 sum
781 1771 922 1815 natus
945 1773 1151 1827 utroque
1184 1771 1387 1826 parente
1409 1777 1428 1826 ;

191 1849 408 1910 Semper
432 1861 522 1898 ero
539 1847 684 1910 liber,
721 1847 886 1904 credo,
909 1852 1083 1896 tuente
1123 1846 1263 1896 Deo!

144 1974 194 2028 7.
236 1973 411 2044 (807.)
441 1973 506 2027 Et
524 1973 624 2028 hoc
649 1973 866 2042 quidem
897 1973 971 2026 ita
999 1973 1062 2027 de
1094 1973 1194 2027 hac
1215 1972 1331 2028 luce
1353 1973 1651 2040 subtracto,

77 2066 341 2122 Grimoalt
380 2066 517 2120 alter
555 2066 796 2136 suscepit
817 2066 941 2134 jura
966 2063 1256 2120 Beneventi
1285 2067 1505 2133 tuenda,
1534 2068 1653 2124 the-

75 2158 356 2212 saurarius
383 2169 404 2200 ι
431 2156 680 2211 videlicet
707 2157 844 2211 diva:
889 2157 1162 2211 memoriae
1187 2155 1482 2211 Grimoaldi
1513 2157 1657 2226 prio-

78 2248 166 2312 ris,
191 2248 279 2301 vir
303 2262 515 2317 quoque
539 2255 620 2301 sat
649 2247 797 2301 mitis
816 2254 870 2300 et
890 2247 1023 2300 adeo
1043 2247 1245 2310 suavis,
1272 2254 1332 2301 ttt
1357 2263 1461 2302 nou
1485 2247 1656 2302 solum

75 2356 194 2395 cum
216 2339 411 2404 Gallis,
446 2355 631 2395 verum
660 2339 822 2396 etiam
853 2348 978 2393 cum
1005 2337 1272 2394 universis
1317 2339 1660 2407 circumqua-

73 2447 174 2499 que
197 2430 455 2502 gentibus
472 2430 788 2486 ‘c’onstitutis
813 2429 966 2498 pacis
994 2427 1176 2484 inierit
1204 2428 1410 2494 foedus,
1440 2437 1505 2483 et'
1521 2427 1658 2484 Nea-

74 2521 255 2591 politis
285 2535 450 2592 supra
501 2519 818 2576 memoratis
865 2519 1095 2591 gratiam
1141 2532 1436 2589 pacemque
1491 2517 1657 2575 dona-

71 2610 144 2664 vit
167 2610 343 2679 (808).
369 2608 466 2664 Set
485 2607 608 2678 quia
630 2608 886 2679 antiquus
904 2609 1072 2664 hostis
1097 2623 1309 2677 seraper
1330 2607 1530 2662 invidet
1559 2622 1655 2677 pa-

74 2703 209 2758 catis
233 2711 294 2758 et
337 2701 443 2772 piis
484 2701 639 2775 viris,
667 2710 832 2771 atque
859 2693 997 2775 bella
1021 2709 1078 2760 et
1129 2699 1413 2756 discordia:
1449 2701 1657 2756 semina

73 2794 124 2848 in
144 2794 236 2848 eis
261 2771 449 2848 serere
489 2771 712 2866 moiitur
735 2831 752 2856 ,
787 2772 1100 2847 Danferium
1124 2790 1398 2862 quendam
1421 2830 1437 2854 ,
1483 2791 1656 2846 virum

69 2881 424 2951 spectabilem
443 2921 461 2947 ,
491 2897 602 2938 sua:
627 2882 762 2938 artis
803 2880 1015 2936 malicie
1046 2881 1264 2952 ignivit,
1300 2889 1354 2934 et
1373 2893 1499 2935 ’cum
1530 2895 1659 2936 non-

71 2975 237 3031 nullis
261 2973 390 3031 ﬁliis
409 2973 577 3032 Belial
605 2974 933 3031 horrendum
959 2973 1085 3029 fecit
1106 2974 1242 3028 inire
1262 2972 1543 3028 consilium
1563 2971 1658 3028 ad-

69 3080 260 3120 versus
289 3065 588 3141 principem
628 3064 831 3130 fatum,
859 3064 961 3119 hoc
989 3064 1150 3119 modo
1175 3062 1432 3133 depositis
1463 3064 1659 3134 quippe

69 3153 120 3206 in
155 3154 353 3211 itinere
378 3155 606 3219 insidiis,
630 3163 698 3208 at
716 3154 842 3210 dtnn
865 3168 961 3222 per
976 3161 1197 3222 pontem
1226 3153 1659 3223 proficisceretur

1755 650 2006 705 cubuere.
2053 650 2196 703 Idem
2240 650 2382 704 enim
2422 648 2705 704 Dauferius
2749 665 2852 703 una
2889 655 3022 702 'cum
3067 649 3329 718 magistre

1755 739 1982 792 militum
2029 739 2119 807 qui
2149 748 2273 792 tunc
2317 738 2449 793 inibi
2500 738 2777 809 regnabat.
2811 739 2906 793 soli
2953 739 3141 808 elapsi,
3188 740 3329 809 fngi-

1751 829 1916 883 bundi
1943 829 2140 882 muenia
2171 825 2312 883 illius
2338 829 2484 884 urbis
2508 830 2720 884 tandem
2749 831 2997 900 ingressi,
3029 846 3126 884 nec
3147 831 3223 884 ibi
3250 832 3331 886 sic

1752 919 1969 989 quidem
2011 920 2248 988 requiem
2277 921 2528 989 capiunt;
2561 937 2680 975 nam
2713 927 2943 991 egressa!
2968 920 3222 992 conjuges
3246 923 3330 976 vi-

1752 1025 1935 1065 rerum
1961 1013 2360 1080 peremptorum
2389 1012 2600 1081 gladiis,
2631 1012 3048 1081 inaequcbantur
3071 1012 3220 1077 illos,
3250 1013 3328 1068 di-

1753 1109 1974 1156 centes:
2001 1099 2217 1154 Reddite
2245 1101 2408 1167 nobis,
2440 1119 2470 1154 ο
2491 1104 2680 1156 'caduci
2713 1104 2809 1156 viri
2844 1103 3096 1172 proditori
3121 1111 3166 1169 ε,
3195 1120 3327 1174 quos

1755 1192 1986 1259 nequiter
2012 1192 2376 1260 interfecistis!
2419 1192 2612 1259 Quare,
2663 1195 2909 1263 inquit”,
2954 1197 3201 1250 adversus
3243 1213 3329 1251 eos

1751 1279 1990 1346 pra'lium
2023 1280 2290 1348 insurgere
2314 1283 2483 1334 conati
2525 1283 2668 1347 estis,
2701 1300 2850 1351 quem
2877 1301 2970 1353 pro
3007 1295 3143 1339 certo
3186 1286 3329 1339 invi-

1754 1377 1892 1421 ctum
1917 1371 2059 1422 scitis
2085 1370 2109 1423 ?
2145 1369 2409 1425 Grimoalt
2439 1384 2565 1426 vero
2592 1375 2768 1428 acrius
2795 1389 2888 1429 eos
2931 1376 3204 1432 insecutus
3240 1389 3331 1432 est

1755 1471 1927 1527 usque
1951 1459 2018 1513 ad
2039 1470 2248 1530 portam
2277 1475 2381 1528 que
2402 1461 2600 1515 dicitur
2623 1463 2894 1532 Capuana,
2926 1466 3000 1520 ita
3031 1476 3090 1520 ut
3113 1467 3332 1538 proprio

1757 1557 1915 1604 conto
1951 1565 2070 1605 eam
2106 1559 2443 1621 percuteret;
2477 1562 2716 1608 necerat
2753 1556 3017 1625 quispiam
3055 1558 3147 1626 qni
3193 1558 3330 1614 resi-

1757 1650 1945 1697 steret.
1978 1642 2188 1698 Clansis
2213 1652 2421 1698 tantum
2461 1644 2830 1714 obseratisque
2863 1647 3086 1713 foribus,
3115 1650 3205 1718 qui
3238 1665 3331 1706 re-

1759 1743 2068 1788 manserant
2095 1733 2236 1788 infra
2259 1744 2446 1790 muros
2475 1744 2881 1791 se-tutaverunt.
2909 1721 3148 1795 Reverso
3169 1741 3333 1811 igitur

1757 1823 2065 1879 Grimoaldo
2093 1826 2158 1878 ad
2191 1836 2368 1881 castra
2392 1837 2514 1882 cum
2541 1843 2636 1882 suo
2663 1831 2906 1884 exercitu
2936 1831 3222 1899 incolume,
3251 1835 3333 1888 al-

1685 1908 1728 1966 B
1755 1925 1869 1970 tera
1901 1917 1988 1971 die
2009 1933 2106 1986 pro
2134 1917 2318 1986 fatigio
2346 1927 2560 1988 sumpto
2585 1927 2640 1974 et
2669 1935 2766 1989 pro
2797 1921 3134 1992 interemptis
3162 1922 3332 1978 aﬂini—

1756 2006 1874 2068 bus,
1901 2004 2013 2072 jam
2043 2006 2221 2060 dictus
2263 2005 2482 2077 perfuga
2510 2008 2616 2062 dux
2653 2009 2800 2064 dedit
2841 2010 2894 2064 in
2921 2012 3172 2068 exeninm
3209 2022 3333 2068 dcto

1756 2095 1902 2150 milia
1962 2111 2156 2152 aureos
2211 2098 2521 2166 supradicto
2560 2099 2828 2169 principi,
2873 2109 2929 2156 et
2975 2107 3332 2158 memoratum

1757 2187 2066 2244 Daulierium
2094 2190 2160 2244 ad
2191 2190 2470 2258 pristinam
2495 2191 2710 2246 reduxit
2737 2193 2984 2263 gratiam.
3019 2193 3211 2251 Statim
3243 2196 3338 2254 dee-

1757 2279 1918 2347 niqne
1944 2280 2012 2332 ob
2049 2278 2262 2332 solitam
2290 2279 2713 2336 misericordiam
2740 2281 2994 2351 praedicto
3021 2283 3139 2338 viro
3168 2284 3338 2343 dona-

1756 2369 1956 2424 tionem
1980 2370 2045 2423 de
2067 2369 2230 2424 rebus
2256 2370 2367 2426 suis
2391 2380 2657 2442 praecepto
2681 2372 2936 2437 ﬁrmavit,-
2956 2375 3186 2443 gratiam
3209 2390 3337 2434 vero

1754 2459 2287 2529 {amitiaritatemquc
2327 2461 2556 2532 primam
2620 2478 2730 2516 non
2771 2463 3074 2533 denegavit.
3126 2463 3337 2518 Interea

1755 2548 2025 2606 Radechis
2066 2566 2249 2606 comes
2273 2549 2563 2616 Consinns,
2601 2552 2726 2607 Sico
2751 2554 3110 2624 Agerentinns
3142 2554 3335 2610 castel-

1756 2645 1908 2710 deus,
1937 2659 2096 2715 quem
2124 2645 2389 2702 Griinoalt
2427 2645 2622 2699 dudum
2651 2643 2965 2713 proselitum
2990 2643 3017 2684 α
3061 2654 3336 2713 receperat

1756 2733 2053 2789 honoribus
2072 2733 2318 2803 plurimis
2347 2733 2612 2798 deferens,
2641 2734 2743 2790 sub
2764 2735 2892 2790 dolo
2921 2736 3260 2806 insurgentes
3280 2736 3334 2792 in

1750 2833 1909 2886 eum,
1931 2829 2059 2878 cum
2081 2823 2197 2893 jam
2237 2820 2541 2903 extremum
2565 2823 2818 2894 spiritum
2863 2825 3129 2892 traheret,
3159 2825 3336 2896 gladio

1756 2927 1879 2968 eum
1903 2914 2254 2982 peremerunt
2281 2913 2450 2986 (817).

1821 3001 1878 3056 9.
1907 2998 2195 3059 lntet’l'eeto
2217 3002 2381 3073 igitur
2403 3017 2469 3058 eo
2484 3003 2826 3072 innocenter,
2853 3006 3139 3075 prmdictus
3160 3004 3337 3070 Radee

1757 3091 1876 3148 chis
1905 3091 2160 3148 Siconem
2192 3093 2310 3149 loco
2341 3093 2484 3150 illius
2517 3095 2814 3165 principem
2851 3097 3178 3168 subrogavit.
3220 3097 3338 3170 Ipse

1756 3196 1887 3238 vero
1915 3198 2020 3238 non
2054 3184 2281 3239 multum
2310 3193 2436 3255 post
2465 3194 2674 3255 tempus
2701 3196 2893 3242 cuncta
2923 3187 3150 3244 viriliter
3183 3203 3337 3244 mun-

73 3247 391 3318 γείθπίωκ
438 3244 646 3345 Ρτθί⁵,δ
690 3244 757 3299 ad
785 3243 1096 3345 9'34“???
1137 3244 1324 3345 Pri-’9'“
1366 3241 1649 3345 Sflerf‘m“
1679 3266 1723 3328 C
1757 3277 1894 3329 dana
1925 3283 2072 3330 metu
2097 3241 2361 3345 gehennae
2401 3241 2691 3342 abdicans,
2717 3241 2791 3333 ad
2836 3241 2980 3334 beati
3025 3241 3338 3337 seﬁcontnlit

65 3352 371 3408 properans
391 3376 407 3402 ,
440 3334 701 3405 impulsus
728 3350 758 3390 a
790 3333 1030 3390 menbris
1062 3332 1274 3391 Satrium
1304 3332 1648 3403 profundum,

65 3430 320 3486 ﬂuctibus
367 3428 390 3461 ⁸
432 3428 662 3484 marinis
711 3428 1156 3497 immergeretur,
1198 3434 1341 3481 esset
1383 3425 1554 3480 beluis
1601 3425 1651 3478 in

65 3530 308 3591 pastum.
364 3519 460 3576 Set
505 3517 781 3574 'revelante
841 3517 942 3572 sibi
995 3516 1327 3571 occultorum
1376 3515 1654 3582 cognitore

65 3612 216 3677 Deo,
248 3612 362 3668 suis
412 3610 481 3665 ad
509 3625 568 3664 se
615 3608 918 3672 accersitis,
955 3606 1068 3675 jam
1119 3607 1321 3661 dictum
1373 3607 1653 3661 incolumis

65 3703 390 3774 pertransiit
416 3709 667 3773 pontem;
691 3715 786 3754 eos
807 3707 1010 3764 autem,
1033 3699 1122 3770 qui
1145 3714 1255 3753 sua:
1276 3697 1466 3753 salutis
1487 3698 1656 3752 hostis

67 3795 312 3859 fuerant,
334 3791 546 3862 cepit'et
559 3790 788 3846 vinculis
813 3788 1014 3858 injecit.
1033 3787 1201 3860 (816.)
1225 3786 1506 3842 Dauferius
1525 3801 1656 3841 vero

67 3888 203 3955 quia
247 3896 372 3942 tunc
402 3901 509 3942 non
535 3884 730 3939 aderat
769 3882 898 3946 illic,
945 3881 1045 3935 hoc
1076 3880 1280 3950 agnito,
1311 3879 1489 3949 fugam
1521 3879 1657 3933 arri-

65 3976 192 4044 puit
212 3983 269 4028 et
286 3973 580 4043 Neapolitis
605 3979 888 4040 susceptus
912 3978 1012 4023 (εει.

141 4064 199 4117 8.
233 4061 350 4128 Quo
377 4069 679 4130 comperto,
705 4057 970 4114 Grimoalt
999 4073 1103 4113 non
1139 4057 1376 4128 segniter
1400 4057 1503 4128 egit
1534 4096 1550 4121 ,
1576 4062 1660 4111 s‘et

63 4153 361 4210 confestim
375 4155 483 4209 iter
503 4152 780 4222 Neapolim
799 4151 1093 4222 agreditur,
1111 4151 1518 4221 exercitumque
1539 4159 1660 4220 post

67 4261 134 4300 se
165 4243 662 4312 accelerarejubct.
693 4243 762 4296 At
787 4242 876 4296 ubi
901 4241 1056 4313 juxta
1088 4253 1441 4298 memoratam
1470 4257 1661 4312 perap—

65 4335 267 4404 plicnit
291 4337 306 4354 '
339 4346 360 4374 ο
388 4336 574 4389 urbem
621 4341 641 4371 ⁷
659 4373 675 4395 ,
693 4332 988 4402 juventutis
1011 4331 1237 4402 populus
1264 4331 1502 4402 ejusdem
1531 4333 1662 4386 civi-

68 4427 209 4482 tatis
256 4427 419 4481 armis
463 4435 722 4491 evectus,
768 4425 959 4479 obvius
1012 4423 1086 4478 illl
1135 4424 1392 4479 audacter
1449 4426 1659 4479 eminus

62 4516 250 4570 exivit
275 4517 326 4570 in
353 4516 627 4586 przeliutn;
672 4515 814 4584 quod
851 4514 938 4569 ille
969 4522 1028 4568 ut
1075 4513 1372 4580 intellexit,
1414 4515 1658 4584 protinus

1754 3362 2028 3420 Benedicti
2059 3365 2336 3437 suﬂ‘ragia,
2366 3376 2663 3438 catenaque
2680 3369 2898 3425 cervice
2923 3378 3077 3426 tenus
3101 3371 3333 3437 vinctus,

1754 3451 1872 3520 ejus
1899 3454 2206 3508 coenobium
2247 3454 2464 3510 Christo
2513 3456 2839 3512 militaturus
2877 3457 3029 3524 adiit,
3077 3475 3136 3515 se
3183 3475 3336 3515 reum

1755 3558 1968 3612 quoque
1992 3544 2276 3598 clamitans
2305 3555 2362 3600 et
2385 3545 2629 3615 impium,
2662 3561 2720 3600 se
2753 3547 2891 3602 male
2913 3547 3088 3619 egisse
3116 3565 3179 3604 ac
3208 3565 3334 3604 cru-

1755 3634 1946 3686 deliter
1971 3634 2287 3698 vociferans,
2326 3646 2510 3705 sicque
2545 3637 2917 3692 monachicum
2961 3640 3137 3695 seema
3169 3640 3214 3680 1°
3242 3655 3334 3694 su-

1755 3739 1928 3790 mens,
1957 3727 2008 3779 in
2047 3736 2193 3781 tanta
2223 3742 2281 3780 se
2307 3727 2646 3784 districtione
2672 3730 2916 3799 corporis
2947 3714 3226 3802 animique
3246 3747 3338 3786 σου

1757 3830 1872 3869 ram
1921 3817 2090 3871 oculis
2138 3818 2365 3874 internis
2411 3819 2630 3874 arbitris
2677 3821 2730 3874 in
2779 3822 2968 3876 eodem
3009 3823 3336 3878 monasterio

1755 3906 2035 3972 coartivit,
2063 3919 2118 3961 nt
2156 3908 2283 3962 nulli
2325 3909 2634 3978 scrupulum
2675 3912 2817 3967 adsit
2851 3915 3090 3968 omnium
3121 3912 3332 3969 facino-
3361 3973 3372 3991 ι

1757 4009 1877 4049 rum
1903 4012 2120 4052 suorum
2147 4000 2358 4053 veniam
2389 4001 2612 4069 adipisci
2641 4003 2923 4059 meruisse.
2951 4003 3223 4074 Circuibat
3249 4005 3338 4060 ille

1756 4101 1898 4155 saepe
1923 4087 2170 4143 diabolus
2201 4090 2384 4158 girans
2411 4099 2563 4158 septa
2589 4093 2733 4146 sacri
2762 4093 3095 4161 monasterii,
3128 4105 3183 4149 et
3205 4109 3336 4149 voce

1757 4181 2041 4250 perspicua
2061 4191 2116 4235 et
2142 4182 2326 4238 multis
2355 4183 2694 4240 audientibus
2715 4185 3027 4241 clamitabat
3047 4187 3295 4256 inquiens
3320 4204 3332 4238 :

1757 4315 1918 4376 ,Heu,
1938 4315 2224 4375 Benedicte,
2250 4317 2366 4366 mihi
2390 4318 2403 4366 !
2429 4316 2522 4367 Cur
2547 4329 2624 4367 me
2648 4317 2860 4380 undique
2881 4305 3054 4367 rodis‘f
3074 4318 3243 4380 loiqu‘e

1883 4399 1961 4448 Me
1989 4401 2122 4460 prius
2143 4398 2252 4446 hinc
2274 4398 2428 4460 pulso,
2456 4411 2584 4448 nunc
2605 4409 2714 4448 mea
2731 4401 2946 4450 membra
2967 4399 3158 4451 luctas!

1829 4517 1914 4571 10.
1951 4517 2117 4588 (818.)
2141 4516 2402 4588 Suscepto
2431 4519 2610 4587 itaque
2637 4519 2760 4572 Sico
2788 4519 3088 4589 principatu
3115 4563 3129 4584 ,
3161 4516 3336 4577 foedus

65 4606 278 4659 itinera
317 4619 504 4660 eorum
547 4604 849 4660 revertendi
875 4603 1025 4679 prius
1053 4603 1266 4659 irretire
1307 4604 1523 4660 molitus
1549 4613 1652 4670 est,
1681 4608 1734 4668 Ι)
1759 4623 1879 4663 cum
1924 4606 2148 4662 Francis
2185 4607 2490 4672 innovavit,
2529 4608 2934 4662 Beneventanos
2962 4611 3173 4666 bestiali
3205 4613 3337 4667 cll‘e-

63 4705 130 4751 et
162 4695 237 4749 ita
266 4695 474 4750 demum
520 4695 574 4749 in
602 4709 698 4750 eos
730 4690 1008 4765 insurgere
1036 4692 1221 4750 voluit.
1254 4692 1481 4748 Tantam
1509 4693 1659 4748 deni-

61 4799 188 4856 que
201 4787 429 4841 hostium
447 4783 682 4856 stragem
718 4797 897 4857 empto
917 4785 1055 4841 bello
1078 4785 1214 4840 mari
1236 4795 1485 4854 terraque
1507 4784 1658 4850 fecit,

65 4889 140 4931 ut
167 4874 357 4930 fretum
384 4876 638 4946 adjacens
660 4876 750 4929 vix
778 4891 877 4945 per
899 4884 1102 4944 septem
1123 4886 1178 4931 et
1200 4892 1265 4932 eo
1285 4875 1517 4946 amplius
1543 4877 1658 4934 dies

65 4980 278 5021 cruore
315 4967 618 5022 occisorum
645 4972 1000 5037 purgaretur;
1030 4966 1083 5019 in
1115 4974 1257 5021 terra
1296 4980 1424 5020 vero
1463 4968 1652 5026 tumuli

69 5073 231 5113 nunc
255 5073 422 5131 usque
445 5057 852 5114 interfectorum
879 5058 1282 5128 conspiciuntur
1308 5058 1649 5128 cadaverum,

63 5156 140 5204 et
177 5156 234 5203 ut
252 5141 320 5206 ab
335 5151 534 5222 eisdem
564 5145 760 5206 incolis
789 5145 1146 5203 referentibus
1169 5156 1476 5217 compertus
1507 5166 1627 5207 sunt

169 5391 188 5423 ι
209 5406 372 5428 Μηιβυ⁶
382 5395 395 5408 ο

1393 5279 1627 5346 γΑιιιΑε
1663 5286 2075 5355 LECTlONES.

1625 5400 1645 5430 ³
1679 5399 1866 5438 h«velint
1890 5412 1919 5434 ι·
2062 5410 2084 5441 δ
2112 5397 2253 5446 ..ρσὶε
2282 5397 2301 5432 Ι

1767 4698 1925 4752 ritate
1958 4698 2298 4768 persequitur
2321 4739 2334 4763 ,
2365 4709 2526 4766 atque
2557 4715 2614 4753 sc
2639 4699 2926 4766 superstite
2961 4701 3127 4756 tilium
3157 4718 3335 4769 suum,

1766 4787 2047 4841 Sicardum
2077 4786 2312 4852 nomine,
2338 4788 2588 4843 heredem
2616 4789 2914 4859 principatu
2938 4790 3133 4858 effecit,
3164 4793 3340 4858 virum

1765 4877 1897 4934 satis
1930 4877 2196 4936 lubricum
2216 4920 2229 4943 ,
2272 4879 2571 4948 inquietum
2603 4893 2658 4936 et
2684 4881 3017 4949 petulantem
3051 4880 3126 4952 ιι,
3152 4884 3346 4939 animi-

1757 4987 1862 5043 que
1884 4969 2119 5030 elatione
2145 4972 2427 5026 tumidum.
2449 4976 2640 5046 '(8‘2l.)
2671 4973 2772 5026 Per
2799 4972 2940 5028 idem
2973 4989 3182 5050 tempus
3212 4972 3352 5028 Nea-

1758 5063 1959 5135 politis,
1990 5080 2222 5139 quorum
2271 5065 2524 5132 superius
2574 5063 2901 5122 mentionem
2934 5067 3066 5132 feci,
3097 5065 3295 5125 bellum
3327 5083 3356 5118 a

1759 5157 1955 5212 Sicone
1980 5158 2027 5189 "
2055 5153 2438 5218 creberrimum
2470 5167 2672 5215 motum
2721 5160 2823 5213 cst,
2854 5160 2911 5203 ct
2941 5157 3158 5212 civitate
3189 5149 3367 5232 Valide

2446 5391 2472 5430 ⁸
2511 5395 2779 5442 Iliacos-“‘4
2820 5409 2845 5425 θ
