  <div class='ocr_page' id='page_1' title='image "/cluster/home/n/w/nwhite01/storage/ocr_20150623/129/hvd.32044015471709/381.png"; bbox 0 0 3926 5650; ppageno 0'>
   <div class='ocr_carea' id='block_1_1' title="bbox 525 505 667 572">
    <p class='ocr_par' dir='ltr' id='par_1_1' title="bbox 525 505 667 572">
     <span class='ocr_line' id='line_1_1' title="bbox 525 505 667 572; baseline 0.014 -2"><span class='ocrx_word' id='word_1_1' title='bbox 525 505 667 572; x_wconf 61' lang='lat'><strong>“:51</strong></span> 
     </span>
    </p>
   </div>
   <div class='ocr_carea' id='block_1_2' title="bbox 1553 505 3822 572">
    <p class='ocr_par' dir='ltr' id='par_1_2' title="bbox 1553 505 3822 572">
     <span class='ocr_line' id='line_1_2' title="bbox 1553 505 3822 572; baseline -0 0"><span class='ocrx_word' id='word_1_2' title='bbox 1553 513 2037 572; x_wconf 77' lang='lat' dir='ltr'><strong>EBCIIEMBERTI</strong></span> <span class='ocrx_word' id='word_1_3' title='bbox 2072 505 2519 571; x_wconf 69' lang='lat' dir='ltr'><strong>CASSINENSIS</strong></span> <span class='ocrx_word' id='word_1_4' title='bbox 2561 512 2867 570; x_wconf 75' lang='lat' dir='ltr'><strong>MONACHI</strong></span> <span class='ocrx_word' id='word_1_5' title='bbox 3738 508 3822 572; x_wconf 65' lang='grc'><strong>751</strong></span> 
     </span>
    </p>
   </div>
   <div class='ocr_carea' id='block_1_3' title="bbox 526 629 3821 703">
    <p class='ocr_par' dir='ltr' id='par_1_3' title="bbox 526 629 3821 703">
     <span class='ocr_line' id='line_1_3' title="bbox 526 629 3821 703; baseline -0.002 -17"><span class='ocrx_word' id='word_1_6' title='bbox 526 636 786 691; x_wconf 67' lang='grc' dir='ltr'><strong>·-υ1›δθεδει</strong></span> <span class='ocrx_word' id='word_1_7' title='bbox 820 633 1006 688; x_wconf 82' lang='lat' dir='ltr'><strong>tellure</strong></span> <span class='ocrx_word' id='word_1_8' title='bbox 1035 642 1304 703; x_wconf 85' lang='lat' dir='ltr'><strong>pontoque</strong></span> <span class='ocrx_word' id='word_1_9' title='bbox 1335 647 1398 687; x_wconf 91' lang='lat' dir='ltr'><strong>ac</strong></span> <span class='ocrx_word' id='word_1_10' title='bbox 1441 629 1657 688; x_wconf 75' lang='lat' dir='ltr'><strong>fortiter</strong></span> <span class='ocrx_word' id='word_1_11' title='bbox 1687 631 1877 700; x_wconf 85' lang='lat' dir='ltr'><strong>iaculis</strong></span> <span class='ocrx_word' id='word_1_12' title='bbox 1903 639 1956 685; x_wconf 90' lang='lat' dir='ltr'><strong>et</strong></span> <span class='ocrx_word' id='word_1_13' title='bbox 1982 645 2146 695; x_wconf 84' lang='lat' dir='ltr'><strong>scor-</strong></span> <span class='ocrx_word' id='word_1_14' title='bbox 2177 635 2228 693; x_wconf 79' lang='grc' dir='ltr'><strong>Α</strong></span> <span class='ocrx_word' id='word_1_15' title='bbox 2254 638 2433 683; x_wconf 88' lang='lat' dir='ltr'><strong>autem</strong></span> <span class='ocrx_word' id='word_1_16' title='bbox 2472 629 2612 684; x_wconf 89' lang='lat' dir='ltr'><strong>idem</strong></span> <span class='ocrx_word' id='word_1_17' title='bbox 2642 630 2725 683; x_wconf 90' lang='lat' dir='ltr'><strong>vir</strong></span> <span class='ocrx_word' id='word_1_18' title='bbox 2755 630 2807 683; x_wconf 90' lang='lat' dir='ltr'><strong>in</strong></span> <span class='ocrx_word' id='word_1_19' title='bbox 2845 631 3128 687; x_wconf 78' lang='lat' dir='ltr'><strong>mundanis</strong></span> <span class='ocrx_word' id='word_1_20' title='bbox 3157 629 3318 688; x_wconf 84' lang='lat' dir='ltr'><strong>rebus</strong></span> <span class='ocrx_word' id='word_1_21' title='bbox 3357 635 3620 702; x_wconf 78' lang='lat' dir='ltr'><strong>prudens,</strong></span> <span class='ocrx_word' id='word_1_22' title='bbox 3669 645 3725 691; x_wconf 83' lang='lat' dir='ltr'><strong>et</strong></span> <span class='ocrx_word' id='word_1_23' title='bbox 3761 642 3821 692; x_wconf 66' lang='lat' dir='ltr'><strong>nt.</strong></span> 
     </span>
    </p>
   </div>
   <div class='ocr_carea' id='block_1_4' title="bbox 563 717 2150 798">
    <p class='ocr_par' dir='ltr' id='par_1_4' title="bbox 563 717 2150 798">
     <span class='ocr_line' id='line_1_4' title="bbox 563 717 2150 798; baseline -0.004 -18"><span class='ocrx_word' id='word_1_24' title='bbox 563 725 814 795; x_wconf 90' lang='lat' dir='ltr'><strong>pionibns</strong></span> <span class='ocrx_word' id='word_1_25' title='bbox 859 733 1185 798; x_wconf 76' lang='lat' dir='ltr'><strong>oppugnata,</strong></span> <span class='ocrx_word' id='word_1_26' title='bbox 1233 737 1370 794; x_wconf 86' lang='lat' dir='ltr'><strong>pene</strong></span> <span class='ocrx_word' id='word_1_27' title='bbox 1398 729 1556 793; x_wconf 87' lang='lat' dir='ltr'><strong>capta</strong></span> <span class='ocrx_word' id='word_1_28' title='bbox 1587 731 1764 794; x_wconf 89' lang='lat' dir='ltr'><strong>esset,</strong></span> <span class='ocrx_word' id='word_1_29' title='bbox 1812 722 1857 776; x_wconf 88' lang='lat' dir='ltr'><strong>si</strong></span> <span class='ocrx_word' id='word_1_30' title='bbox 1890 717 2150 776; x_wconf 87' lang='lat' dir='ltr'><strong>defuisset</strong></span> 
     </span>
    </p>
   </div>
   <div class='ocr_carea' id='block_1_5' title="bbox 566 809 2152 886">
    <p class='ocr_par' dir='ltr' id='par_1_5' title="bbox 566 809 2152 886">
     <span class='ocr_line' id='line_1_5' title="bbox 566 809 2152 886; baseline -0.005 -16"><span class='ocrx_word' id='word_1_31' title='bbox 566 817 860 886; x_wconf 84' lang='lat' dir='ltr'><strong>ingenium.</strong></span> <span class='ocrx_word' id='word_1_32' title='bbox 893 812 1025 867; x_wconf 83' lang='lat' dir='ltr'><strong>Nam</strong></span> <span class='ocrx_word' id='word_1_33' title='bbox 1050 811 1205 880; x_wconf 70' lang='lat' dir='ltr'><strong>juxta</strong></span> <span class='ocrx_word' id='word_1_34' title='bbox 1231 828 1328 868; x_wconf 88' lang='lat' dir='ltr'><strong>ora</strong></span> <span class='ocrx_word' id='word_1_35' title='bbox 1381 813 1549 868; x_wconf 86' lang='lat' dir='ltr'><strong>maris</strong></span> <span class='ocrx_word' id='word_1_36' title='bbox 1584 828 1737 867; x_wconf 89' lang='lat' dir='ltr'><strong>muro</strong></span> <span class='ocrx_word' id='word_1_37' title='bbox 1770 812 1786 842; x_wconf 78' lang='grc'>⁸</span> <span class='ocrx_word' id='word_1_38' title='bbox 1815 809 2074 865; x_wconf 79' lang='lat' dir='ltr'><strong>arietibus</strong></span> <span class='ocrx_word' id='word_1_39' title='bbox 2096 816 2152 862; x_wconf 90' lang='lat' dir='ltr'><strong>et</strong></span> 
     </span>
    </p>
   </div>
   <div class='ocr_carea' id='block_1_6' title="bbox 565 900 2149 975">
    <p class='ocr_par' dir='ltr' id='par_1_6' title="bbox 565 900 2149 975">
     <span class='ocr_line' id='line_1_6' title="bbox 565 900 2149 975; baseline -0.003 -16"><span class='ocrx_word' id='word_1_40' title='bbox 565 906 829 960; x_wconf 85' lang='lat' dir='ltr'><strong>machinis</strong></span> <span class='ocrx_word' id='word_1_41' title='bbox 850 905 1088 960; x_wconf 80' lang='lat' dir='ltr'><strong>funditus</strong></span> <span class='ocrx_word' id='word_1_42' title='bbox 1113 905 1268 968; x_wconf 80' lang='lat' dir='ltr'><strong>eliso,</strong></span> <span class='ocrx_word' id='word_1_43' title='bbox 1294 904 1406 975; x_wconf 84' lang='lat' dir='ltr'><strong>jam</strong></span> <span class='ocrx_word' id='word_1_44' title='bbox 1429 920 1551 960; x_wconf 91' lang='lat' dir='ltr'><strong>cum</strong></span> <span class='ocrx_word' id='word_1_45' title='bbox 1573 903 1893 959; x_wconf 81' lang='lat' dir='ltr'><strong>catervatim</strong></span> <span class='ocrx_word' id='word_1_46' title='bbox 1924 900 2149 971; x_wconf 87' lang='lat' dir='ltr'><strong>populus</strong></span> 
     </span>
    </p>
   </div>
   <div class='ocr_carea' id='block_1_7' title="bbox 564 993 2145 1070">
    <p class='ocr_par' dir='ltr' id='par_1_7' title="bbox 564 993 2145 1070">
     <span class='ocr_line' id='line_1_7' title="bbox 564 993 2145 1070; baseline -0.004 -18"><span class='ocrx_word' id='word_1_47' title='bbox 564 997 772 1070; x_wconf 78' lang='lat' dir='ltr'><strong>ingredi</strong></span> <span class='ocrx_word' id='word_1_48' title='bbox 819 998 1006 1053; x_wconf 85' lang='lat' dir='ltr'><strong>urbem</strong></span> <span class='ocrx_word' id='word_1_49' title='bbox 1049 998 1336 1061; x_wconf 83' lang='lat' dir='ltr'><strong>niteretur,</strong></span> <span class='ocrx_word' id='word_1_50' title='bbox 1384 998 1490 1051; x_wconf 79' lang='lat' dir='ltr'><strong>dux</strong></span> <span class='ocrx_word' id='word_1_51' title='bbox 1528 996 1640 1067; x_wconf 88' lang='lat' dir='ltr'><strong>jam</strong></span> <span class='ocrx_word' id='word_1_52' title='bbox 1683 995 1840 1050; x_wconf 73' lang='lat' dir='ltr'><strong>dicta:</strong></span> <span class='ocrx_word' id='word_1_53' title='bbox 1889 993 2145 1055; x_wconf 74' lang='lat' dir='ltr'><strong>civitatis,</strong></span> 
     </span>
    </p>
   </div>
   <div class='ocr_carea' id='block_1_8' title="bbox 561 1076 2151 1159">
    <p class='ocr_par' dir='ltr' id='par_1_8' title="bbox 561 1076 2151 1159">
     <span class='ocr_line' id='line_1_8' title="bbox 561 1076 2151 1159; baseline -0.004 -15"><span class='ocrx_word' id='word_1_54' title='bbox 561 1091 685 1145; x_wconf 90' lang='lat' dir='ltr'><strong>data</strong></span> <span class='ocrx_word' id='word_1_55' title='bbox 734 1104 858 1144; x_wconf 80' lang='lat' dir='ltr'><strong>mox</strong></span> <span class='ocrx_word' id='word_1_56' title='bbox 887 1087 1075 1144; x_wconf 87' lang='lat' dir='ltr'><strong>obside</strong></span> <span class='ocrx_word' id='word_1_57' title='bbox 1122 1089 1382 1159; x_wconf 84' lang='lat' dir='ltr'><strong>genitrice</strong></span> <span class='ocrx_word' id='word_1_58' title='bbox 1417 1076 1510 1142; x_wconf 78' lang='lat' dir='ltr'><strong>sua</strong></span> <span class='ocrx_word' id='word_1_59' title='bbox 1565 1102 1628 1142; x_wconf 89' lang='lat' dir='ltr'><strong>ac</strong></span> <span class='ocrx_word' id='word_1_60' title='bbox 1676 1086 1881 1141; x_wconf 91' lang='lat' dir='ltr'><strong>duobus</strong></span> <span class='ocrx_word' id='word_1_61' title='bbox 1918 1082 2151 1154; x_wconf 84' lang='lat' dir='ltr'><strong>propriis</strong></span> 
     </span>
    </p>
   </div>
   <div class='ocr_carea' id='block_1_9' title="bbox 559 1174 2149 1253">
    <p class='ocr_par' dir='ltr' id='par_1_9' title="bbox 559 1174 2149 1253">
     <span class='ocr_line' id='line_1_9' title="bbox 559 1174 2149 1253; baseline -0.006 -17"><span class='ocrx_word' id='word_1_62' title='bbox 559 1183 766 1246; x_wconf 86' lang='lat' dir='ltr'><strong>liberis,</strong></span> <span class='ocrx_word' id='word_1_63' title='bbox 801 1196 1124 1253; x_wconf 78' lang='lat' dir='ltr'><strong>magnopere</strong></span> <span class='ocrx_word' id='word_1_64' title='bbox 1153 1196 1275 1236; x_wconf 89' lang='lat' dir='ltr'><strong>eum</strong></span> <span class='ocrx_word' id='word_1_65' title='bbox 1319 1179 1510 1235; x_wconf 85' lang='lat' dir='ltr'><strong>callida</strong></span> <span class='ocrx_word' id='word_1_66' title='bbox 1558 1185 1675 1232; x_wconf 88' lang='lat' dir='ltr'><strong>arte</strong></span> <span class='ocrx_word' id='word_1_67' title='bbox 1715 1174 2031 1247; x_wconf 79' lang='lat' dir='ltr'><strong>exflagitans</strong></span> <span class='ocrx_word' id='word_1_68' title='bbox 2055 1188 2149 1244; x_wconf 88' lang='lat' dir='ltr'><strong>per</strong></span> 
     </span>
    </p>
   </div>
   <div class='ocr_carea' id='block_1_10' title="bbox 558 1267 2148 1336">
    <p class='ocr_par' dir='ltr' id='par_1_10' title="bbox 558 1267 2148 1336">
     <span class='ocr_line' id='line_1_10' title="bbox 558 1267 2148 1336; baseline -0.007 -7"><span class='ocrx_word' id='word_1_69' title='bbox 558 1277 792 1332; x_wconf 85' lang='lat' dir='ltr'><strong>nuncios</strong></span> <span class='ocrx_word' id='word_1_70' title='bbox 819 1275 964 1329; x_wconf 85' lang='lat' dir='ltr'><strong>misit</strong></span> <span class='ocrx_word' id='word_1_71' title='bbox 987 1274 1006 1304; x_wconf 79' lang='lat'>&#39;</span> <span class='ocrx_word' id='word_1_72' title='bbox 1037 1276 1110 1327; x_wconf 88' lang='lat' dir='ltr'><strong>ita</strong></span> <span class='ocrx_word' id='word_1_73' title='bbox 1137 1287 1151 1325; x_wconf 88' lang='lat'><strong>:</strong></span> <span class='ocrx_word' id='word_1_74' title='bbox 1183 1270 1300 1335; x_wconf 75' lang='lat' dir='ltr'><strong>Tua</strong></span> <span class='ocrx_word' id='word_1_75' title='bbox 1329 1281 1402 1326; x_wconf 81' lang='lat' dir='ltr'><strong>est</strong></span> <span class='ocrx_word' id='word_1_76' title='bbox 1457 1275 1579 1324; x_wconf 76' lang='lat' dir='ltr'><strong>urbs</strong></span> <span class='ocrx_word' id='word_1_77' title='bbox 1609 1285 1727 1322; x_wconf 84' lang='lat' dir='ltr'><strong>cum</strong></span> <span class='ocrx_word' id='word_1_78' title='bbox 1758 1267 2010 1322; x_wconf 78' lang='lat' dir='ltr'><strong>universis</strong></span> <span class='ocrx_word' id='word_1_79' title='bbox 2033 1280 2148 1336; x_wconf 72' lang='lat' dir='ltr'><strong>qua:</strong></span> 
     </span>
    </p>
   </div>
   <div class='ocr_carea' id='block_1_11' title="bbox 559 1343 2148 1438">
    <p class='ocr_par' dir='ltr' id='par_1_11' title="bbox 559 1343 2148 1438">
     <span class='ocr_line' id='line_1_11' title="bbox 559 1343 2148 1438; baseline -0.009 -16"><span class='ocrx_word' id='word_1_80' title='bbox 559 1369 701 1438; x_wconf 75' lang='lat' dir='ltr'><strong>infra</strong></span> <span class='ocrx_word' id='word_1_81' title='bbox 736 1385 791 1423; x_wconf 82' lang='lat' dir='ltr'><strong>se</strong></span> <span class='ocrx_word' id='word_1_82' title='bbox 831 1368 1046 1430; x_wconf 78' lang='lat' dir='ltr'><strong>retinet;</strong></span> <span class='ocrx_word' id='word_1_83' title='bbox 1093 1363 1298 1434; x_wconf 82' lang='lat' dir='ltr'><strong>placeat</strong></span> <span class='ocrx_word' id='word_1_84' title='bbox 1347 1378 1468 1434; x_wconf 86' lang='lat' dir='ltr'><strong>ergo</strong></span> <span class='ocrx_word' id='word_1_85' title='bbox 1511 1360 1694 1431; x_wconf 82' lang='lat' dir='ltr'><strong>pietati</strong></span> <span class='ocrx_word' id='word_1_86' title='bbox 1736 1370 1861 1423; x_wconf 76' lang='lat' dir='ltr'><strong>tua&#39;,</strong></span> <span class='ocrx_word' id='word_1_87' title='bbox 1901 1343 1987 1411; x_wconf 29' lang='lat' dir='ltr'><strong>ne,</strong></span> <span class='ocrx_word' id='word_1_88' title='bbox 2014 1355 2148 1409; x_wconf 85' lang='lat' dir='ltr'><strong>inter</strong></span> 
     </span>
    </p>
   </div>
   <div class='ocr_carea' id='block_1_12' title="bbox 557 1448 2149 1528">
    <p class='ocr_par' dir='ltr' id='par_1_12' title="bbox 557 1448 2149 1528">
     <span class='ocr_line' id='line_1_12' title="bbox 557 1448 2149 1528; baseline -0.007 -16"><span class='ocrx_word' id='word_1_89' title='bbox 557 1460 792 1528; x_wconf 77' lang='lat' dir='ltr'><strong>prtrdam</strong></span> <span class='ocrx_word' id='word_1_90' title='bbox 819 1460 1010 1522; x_wconf 80' lang='lat' dir='ltr'><strong>detur;</strong></span> <span class='ocrx_word' id='word_1_91' title='bbox 1055 1457 1286 1512; x_wconf 74' lang='lat' dir='ltr'><strong>crastina</strong></span> <span class='ocrx_word' id='word_1_92' title='bbox 1309 1464 1481 1510; x_wconf 81' lang='lat' dir='ltr'><strong>autem</strong></span> <span class='ocrx_word' id='word_1_93' title='bbox 1513 1453 1598 1507; x_wconf 85' lang='lat' dir='ltr'><strong>die</strong></span> <span class='ocrx_word' id='word_1_94' title='bbox 1628 1469 1746 1506; x_wconf 86' lang='lat' dir='ltr'><strong>cum</strong></span> <span class='ocrx_word' id='word_1_95' title='bbox 1771 1450 1956 1519; x_wconf 78' lang='lat' dir='ltr'><strong>trofwo</strong></span> <span class='ocrx_word' id='word_1_96' title='bbox 1990 1448 2149 1503; x_wconf 77' lang='lat' dir='ltr'><strong>victo-</strong></span> 
     </span>
    </p>
   </div>
   <div class='ocr_carea' id='block_1_13' title="bbox 557 1541 2150 1621">
    <p class='ocr_par' dir='ltr' id='par_1_13' title="bbox 557 1541 2150 1621">
     <span class='ocr_line' id='line_1_13' title="bbox 557 1541 2150 1621; baseline -0.006 -19"><span class='ocrx_word' id='word_1_97' title='bbox 557 1553 651 1605; x_wconf 81' lang='lat' dir='ltr'><strong>ria:</strong></span> <span class='ocrx_word' id='word_1_98' title='bbox 687 1549 1059 1621; x_wconf 68' lang='lat' dir='ltr'><strong>gloriosissime</strong></span> <span class='ocrx_word' id='word_1_99' title='bbox 1085 1547 1371 1618; x_wconf 77' lang='lat' dir='ltr'><strong>ingredere,</strong></span> <span class='ocrx_word' id='word_1_100' title='bbox 1398 1559 1729 1616; x_wconf 75' lang='lat' dir='ltr'><strong>possessurus</strong></span> <span class='ocrx_word' id='word_1_101' title='bbox 1753 1541 1774 1572; x_wconf 88' lang='grc'>³</span> <span class='ocrx_word' id='word_1_102' title='bbox 1804 1557 1896 1595; x_wconf 81' lang='lat' dir='ltr'><strong>nos</strong></span> <span class='ocrx_word' id='word_1_103' title='bbox 1947 1557 2150 1594; x_wconf 86' lang='lat' dir='ltr'><strong>amma-</strong></span> 
     </span>
    </p>
   </div>
   <div class='ocr_carea' id='block_1_14' title="bbox 541 1633 2144 1714">
    <p class='ocr_par' dir='ltr' id='par_1_14' title="bbox 541 1633 2144 1714">
     <span class='ocr_line' id='line_1_14' title="bbox 541 1633 2144 1714; baseline -0.009 -16"><span class='ocrx_word' id='word_1_104' title='bbox 541 1663 653 1714; x_wconf 71' lang='lat' dir='ltr'><strong>qne</strong></span> <span class='ocrx_word' id='word_1_105' title='bbox 684 1643 896 1697; x_wconf 83' lang='lat' dir='ltr'><strong>nostra!</strong></span> <span class='ocrx_word' id='word_1_106' title='bbox 933 1641 1027 1695; x_wconf 82' lang='lat' dir='ltr'><strong>llis</strong></span> <span class='ocrx_word' id='word_1_107' title='bbox 1058 1655 1189 1710; x_wconf 86' lang='lat' dir='ltr'><strong>ergo</strong></span> <span class='ocrx_word' id='word_1_108' title='bbox 1226 1636 1661 1714; x_wconf 83' lang='lat' dir='ltr'><strong>suggestionibus</strong></span> <span class='ocrx_word' id='word_1_109' title='bbox 1702 1633 1862 1688; x_wconf 83' lang='lat' dir='ltr'><strong>ﬁdem</strong></span> <span class='ocrx_word' id='word_1_110' title='bbox 1893 1647 2144 1686; x_wconf 82' lang='lat' dir='ltr'><strong>accomo-</strong></span> 
     </span>
    </p>
   </div>
   <div class='ocr_carea' id='block_1_15' title="bbox 555 1723 2146 1800">
    <p class='ocr_par' dir='ltr' id='par_1_15' title="bbox 555 1723 2146 1800">
     <span class='ocr_line' id='line_1_15' title="bbox 555 1723 2146 1800; baseline -0.006 -12"><span class='ocrx_word' id='word_1_111' title='bbox 555 1740 728 1800; x_wconf 85' lang='lat' dir='ltr'><strong>dans,</strong></span> <span class='ocrx_word' id='word_1_112' title='bbox 785 1734 926 1788; x_wconf 86' lang='lat' dir='ltr'><strong>diem</strong></span> <span class='ocrx_word' id='word_1_113' title='bbox 966 1730 1226 1786; x_wconf 86' lang='lat' dir='ltr'><strong>sustinuit</strong></span> <span class='ocrx_word' id='word_1_114' title='bbox 1264 1739 1570 1784; x_wconf 89' lang='lat' dir='ltr'><strong>venturum.</strong></span> <span class='ocrx_word' id='word_1_115' title='bbox 1609 1723 1973 1794; x_wconf 85' lang='lat' dir='ltr'><strong>Subsequenti</strong></span> <span class='ocrx_word' id='word_1_116' title='bbox 2019 1740 2146 1778; x_wconf 89' lang='lat' dir='ltr'><strong>vero</strong></span> 
     </span>
    </p>
   </div>
   <div class='ocr_carea' id='block_1_16' title="bbox 555 1813 2144 1894">
    <p class='ocr_par' dir='ltr' id='par_1_16' title="bbox 555 1813 2144 1894">
     <span class='ocr_line' id='line_1_16' title="bbox 555 1813 2144 1894; baseline -0.009 -11"><span class='ocrx_word' id='word_1_117' title='bbox 555 1837 717 1883; x_wconf 86' lang='lat' dir='ltr'><strong>nocte</strong></span> <span class='ocrx_word' id='word_1_118' title='bbox 740 1827 1038 1894; x_wconf 85' lang='lat' dir='ltr'><strong>interrupta</strong></span> <span class='ocrx_word' id='word_1_119' title='bbox 1063 1822 1192 1877; x_wconf 86' lang='lat' dir='ltr'><strong>urbs</strong></span> <span class='ocrx_word' id='word_1_120' title='bbox 1213 1837 1366 1875; x_wconf 84' lang='lat' dir='ltr'><strong>tnnro</strong></span> <span class='ocrx_word' id='word_1_121' title='bbox 1391 1819 1704 1874; x_wconf 84' lang='lat' dir='ltr'><strong>firmissimo</strong></span> <span class='ocrx_word' id='word_1_122' title='bbox 1741 1816 1967 1871; x_wconf 85' lang='lat' dir='ltr'><strong>solidata</strong></span> <span class='ocrx_word' id='word_1_123' title='bbox 1999 1813 2020 1845; x_wconf 72' lang='grc'>⁸</span> <span class='ocrx_word' id='word_1_124' title='bbox 2040 1824 2144 1879; x_wconf 89' lang='lat' dir='ltr'><strong>est,</strong></span> 
     </span>
    </p>
   </div>
   <div class='ocr_carea' id='block_1_17' title="bbox 553 1905 2146 1986">
    <p class='ocr_par' dir='ltr' id='par_1_17' title="bbox 553 1905 2146 1986">
     <span class='ocr_line' id='line_1_17' title="bbox 553 1905 2146 1986; baseline -0.011 -12"><span class='ocrx_word' id='word_1_125' title='bbox 553 1927 609 1974; x_wconf 86' lang='lat' dir='ltr'><strong>et</strong></span> <span class='ocrx_word' id='word_1_126' title='bbox 637 1915 959 1986; x_wconf 79' lang='lat' dir='ltr'><strong>crepusculo</strong></span> <span class='ocrx_word' id='word_1_127' title='bbox 1005 1928 1112 1984; x_wconf 89' lang='lat' dir='ltr'><strong>quo</strong></span> <span class='ocrx_word' id='word_1_128' title='bbox 1143 1928 1200 1967; x_wconf 93' lang='lat' dir='ltr'><strong>se</strong></span> <span class='ocrx_word' id='word_1_129' title='bbox 1229 1924 1491 1980; x_wconf 84' lang='lat' dir='ltr'><strong>suamque</strong></span> <span class='ocrx_word' id='word_1_130' title='bbox 1520 1909 1732 1962; x_wconf 87' lang='lat' dir='ltr'><strong>tradere</strong></span> <span class='ocrx_word' id='word_1_131' title='bbox 1760 1905 2034 1978; x_wconf 90' lang='lat' dir='ltr'><strong>pollicitus</strong></span> <span class='ocrx_word' id='word_1_132' title='bbox 2061 1913 2146 1959; x_wconf 89' lang='lat' dir='ltr'><strong>est</strong></span> 
     </span>
    </p>
   </div>
   <div class='ocr_carea' id='block_1_18' title="bbox 550 1986 2218 2072">
    <p class='ocr_par' dir='ltr' id='par_1_18' title="bbox 550 1986 2218 2072">
     <span class='ocr_line' id='line_1_18' title="bbox 550 1986 2218 2072; baseline -0.011 -8"><span class='ocrx_word' id='word_1_133' title='bbox 550 2010 828 2064; x_wconf 71' lang='lat' dir='ltr'><strong>civitatem</strong></span> <span class='ocrx_word' id='word_1_134' title='bbox 857 2048 873 2072; x_wconf 94' lang='lat'><strong>,</strong></span> <span class='ocrx_word' id='word_1_135' title='bbox 903 2021 1054 2060; x_wconf 89' lang='lat' dir='ltr'><strong>arma</strong></span> <span class='ocrx_word' id='word_1_136' title='bbox 1086 2004 1274 2060; x_wconf 90' lang='lat' dir='ltr'><strong>bellica</strong></span> <span class='ocrx_word' id='word_1_137' title='bbox 1322 2002 1621 2071; x_wconf 84' lang='lat' dir='ltr'><strong>suscipiens</strong></span> <span class='ocrx_word' id='word_1_138' title='bbox 1646 2040 1660 2064; x_wconf 94' lang='lat'><strong>,</strong></span> <span class='ocrx_word' id='word_1_139' title='bbox 1698 2007 1886 2054; x_wconf 88' lang='lat' dir='ltr'><strong>contra</strong></span> <span class='ocrx_word' id='word_1_140' title='bbox 1931 2011 2054 2051; x_wconf 92' lang='lat' dir='ltr'><strong>eum</strong></span> <span class='ocrx_word' id='word_1_141' title='bbox 2084 2008 2143 2048; x_wconf 89' lang='lat' dir='ltr'><strong>se</strong></span> <span class='ocrx_word' id='word_1_142' title='bbox 2178 1986 2218 2044; x_wconf 82' lang='grc' dir='ltr'><strong>Β</strong></span> 
     </span>
    </p>
   </div>
   <div class='ocr_carea' id='block_1_19' title="bbox 552 2088 2143 2170">
    <p class='ocr_par' dir='ltr' id='par_1_19' title="bbox 552 2088 2143 2170">
     <span class='ocr_line' id='line_1_19' title="bbox 552 2088 2143 2170; baseline -0.01 -14"><span class='ocrx_word' id='word_1_143' title='bbox 552 2101 727 2156; x_wconf 79' lang='lat' dir='ltr'><strong>erexit</strong></span> <span class='ocrx_word' id='word_1_144' title='bbox 749 2097 954 2170; x_wconf 82' lang='lat' dir='ltr'><strong>ingenti</strong></span> <span class='ocrx_word' id='word_1_145' title='bbox 979 2096 1296 2152; x_wconf 85' lang='lat' dir='ltr'><strong>certamine.</strong></span> <span class='ocrx_word' id='word_1_146' title='bbox 1325 2092 1580 2164; x_wconf 83' lang='lat' dir='ltr'><strong>Oppressi</strong></span> <span class='ocrx_word' id='word_1_147' title='bbox 1605 2090 1766 2161; x_wconf 81' lang='lat' dir='ltr'><strong>igitur</strong></span> <span class='ocrx_word' id='word_1_148' title='bbox 1793 2088 1979 2144; x_wconf 87' lang='lat' dir='ltr'><strong>durius</strong></span> <span class='ocrx_word' id='word_1_149' title='bbox 2003 2102 2032 2141; x_wconf 91' lang='lat' dir='ltr'><strong>a</strong></span> <span class='ocrx_word' id='word_1_150' title='bbox 2053 2102 2143 2158; x_wconf 46' lang='lat' dir='ltr'><strong>ge:</strong></span> 
     </span>
    </p>
   </div>
   <div class='ocr_carea' id='block_1_20' title="bbox 558 2180 2143 2260">
    <p class='ocr_par' dir='ltr' id='par_1_20' title="bbox 558 2180 2143 2260">
     <span class='ocr_line' id='line_1_20' title="bbox 558 2180 2143 2260; baseline -0.01 -11"><span class='ocrx_word' id='word_1_151' title='bbox 558 2195 736 2249; x_wconf 79' lang='lat' dir='ltr'><strong>nitore</strong></span> <span class='ocrx_word' id='word_1_152' title='bbox 779 2201 834 2246; x_wconf 84' lang='lat' dir='ltr'><strong>et</strong></span> <span class='ocrx_word' id='word_1_153' title='bbox 879 2190 990 2245; x_wconf 77' lang='lat' dir='ltr'><strong>filio</strong></span> <span class='ocrx_word' id='word_1_154' title='bbox 1037 2205 1131 2260; x_wconf 89' lang='lat' dir='ltr'><strong>per</strong></span> <span class='ocrx_word' id='word_1_155' title='bbox 1173 2188 1407 2243; x_wconf 83' lang='lat' dir='ltr'><strong>sedecim</strong></span> <span class='ocrx_word' id='word_1_156' title='bbox 1449 2185 1736 2240; x_wconf 88' lang='lat' dir='ltr'><strong>continuos</strong></span> <span class='ocrx_word' id='word_1_157' title='bbox 1780 2196 1952 2236; x_wconf 88' lang='lat' dir='ltr'><strong>annos</strong></span> <span class='ocrx_word' id='word_1_158' title='bbox 1997 2180 2143 2234; x_wconf 87' lang='lat' dir='ltr'><strong>cich</strong></span> 
     </span>
    </p>
   </div>
   <div class='ocr_carea' id='block_1_21' title="bbox 552 2272 2140 2358">
    <p class='ocr_par' dir='ltr' id='par_1_21' title="bbox 552 2272 2140 2358">
     <span class='ocr_line' id='line_1_21' title="bbox 552 2272 2140 2358; baseline -0.012 -15"><span class='ocrx_word' id='word_1_159' title='bbox 552 2287 790 2358; x_wconf 69' lang='lat' dir='ltr'><strong>prrefatae</strong></span> <span class='ocrx_word' id='word_1_160' title='bbox 821 2284 989 2348; x_wconf 81' lang='lat' dir='ltr'><strong>urbis,</strong></span> <span class='ocrx_word' id='word_1_161' title='bbox 1018 2297 1143 2337; x_wconf 91' lang='lat' dir='ltr'><strong>eum</strong></span> <span class='ocrx_word' id='word_1_162' title='bbox 1164 2280 1279 2351; x_wconf 86' lang='lat' dir='ltr'><strong>jam</strong></span> <span class='ocrx_word' id='word_1_163' title='bbox 1314 2279 1382 2334; x_wconf 89' lang='lat' dir='ltr'><strong>ad</strong></span> <span class='ocrx_word' id='word_1_164' title='bbox 1410 2277 1815 2356; x_wconf 80' lang='lat' dir='ltr'><strong>extremitatem</strong></span> <span class='ocrx_word' id='word_1_165' title='bbox 1851 2272 2140 2328; x_wconf 76' lang='lat' dir='ltr'><strong>maximam</strong></span> 
     </span>
    </p>
   </div>
   <div class='ocr_carea' id='block_1_22' title="bbox 551 2354 2138 2447">
    <p class='ocr_par' dir='ltr' id='par_1_22' title="bbox 551 2354 2138 2447">
     <span class='ocr_line' id='line_1_22' title="bbox 551 2354 2138 2447; baseline -0.01 -16"><span class='ocrx_word' id='word_1_166' title='bbox 551 2354 918 2447; x_wconf 76' lang='lat' dir='ltr'><strong>pervenisset,</strong></span> <span class='ocrx_word' id='word_1_167' title='bbox 950 2373 1018 2428; x_wconf 88' lang='lat' dir='ltr'><strong>ad</strong></span> <span class='ocrx_word' id='word_1_168' title='bbox 1053 2372 1387 2426; x_wconf 83' lang='lat' dir='ltr'><strong>Francorum</strong></span> <span class='ocrx_word' id='word_1_169' title='bbox 1418 2385 1478 2425; x_wconf 89' lang='lat' dir='ltr'><strong>se</strong></span> <span class='ocrx_word' id='word_1_170' title='bbox 1503 2354 1778 2424; x_wconf 85' lang='lat' dir='ltr'><strong>contulere</strong></span> <span class='ocrx_word' id='word_1_171' title='bbox 1806 2365 2138 2435; x_wconf 71' lang='lat' dir='ltr'><strong>prassidiunt.</strong></span> 
     </span>
    </p>
   </div>
   <div class='ocr_carea' id='block_1_23' title="bbox 553 2454 2141 2536">
    <p class='ocr_par' dir='ltr' id='par_1_23' title="bbox 553 2454 2141 2536">
     <span class='ocr_line' id='line_1_23' title="bbox 553 2454 2141 2536; baseline -0.01 -13"><span class='ocrx_word' id='word_1_172' title='bbox 553 2470 646 2524; x_wconf 72' lang='lat' dir='ltr'><strong>llis</strong></span> <span class='ocrx_word' id='word_1_173' title='bbox 701 2467 932 2536; x_wconf 87' lang='lat' dir='ltr'><strong>denique</strong></span> <span class='ocrx_word' id='word_1_174' title='bbox 970 2463 1163 2518; x_wconf 87' lang='lat' dir='ltr'><strong>diebus</strong></span> <span class='ocrx_word' id='word_1_175' title='bbox 1198 2469 1432 2532; x_wconf 70' lang='lat' dir='ltr'><strong>prteerat</strong></span> <span class='ocrx_word' id='word_1_176' title='bbox 1472 2459 1578 2514; x_wconf 87' lang='lat' dir='ltr'><strong>illis</strong></span> <span class='ocrx_word' id='word_1_177' title='bbox 1607 2472 1775 2514; x_wconf 64' lang='lat' dir='ltr'><strong>caasar</strong></span> <span class='ocrx_word' id='word_1_178' title='bbox 1803 2454 2141 2527; x_wconf 86' lang='lat' dir='ltr'><strong>Lodognicns</strong></span> 
     </span>
    </p>
   </div>
   <div class='ocr_carea' id='block_1_24' title="bbox 548 2547 2139 2632">
    <p class='ocr_par' dir='ltr' id='par_1_24' title="bbox 548 2547 2139 2632">
     <span class='ocr_line' id='line_1_24' title="bbox 548 2547 2139 2632; baseline -0.009 -16"><span class='ocrx_word' id='word_1_179' title='bbox 548 2569 913 2632; x_wconf 84' lang='lat' dir='ltr'><strong>cognomento</strong></span> <span class='ocrx_word' id='word_1_180' title='bbox 958 2557 1170 2622; x_wconf 81' lang='lat' dir='ltr'><strong>Ahnus,</strong></span> <span class='ocrx_word' id='word_1_181' title='bbox 1199 2555 1342 2609; x_wconf 77' lang='lat' dir='ltr'><strong>filius</strong></span> <span class='ocrx_word' id='word_1_182' title='bbox 1388 2553 1534 2608; x_wconf 79' lang='lat' dir='ltr'><strong>Karli</strong></span> <span class='ocrx_word' id='word_1_183' title='bbox 1567 2551 1862 2622; x_wconf 86' lang='lat' dir='ltr'><strong>superioris</strong></span> <span class='ocrx_word' id='word_1_184' title='bbox 1905 2547 2139 2620; x_wconf 85' lang='lat' dir='ltr'><strong>augusti,</strong></span> 
     </span>
    </p>
   </div>
   <div class='ocr_carea' id='block_1_25' title="bbox 549 2639 2137 2722">
    <p class='ocr_par' dir='ltr' id='par_1_25' title="bbox 549 2639 2137 2722">
     <span class='ocr_line' id='line_1_25' title="bbox 549 2639 2137 2722; baseline -0.01 -14"><span class='ocrx_word' id='word_1_185' title='bbox 549 2654 640 2722; x_wconf 84' lang='lat' dir='ltr'><strong>qui</strong></span> <span class='ocrx_word' id='word_1_186' title='bbox 676 2651 996 2707; x_wconf 83' lang='lat' dir='ltr'><strong>Lutharium</strong></span> <span class='ocrx_word' id='word_1_187' title='bbox 1044 2655 1229 2702; x_wconf 90' lang='lat' dir='ltr'><strong>natum</strong></span> <span class='ocrx_word' id='word_1_188' title='bbox 1278 2660 1435 2701; x_wconf 87' lang='lat' dir='ltr'><strong>suum</strong></span> <span class='ocrx_word' id='word_1_189' title='bbox 1482 2651 1788 2700; x_wconf 84' lang='lat' dir='ltr'><strong>consortem</strong></span> <span class='ocrx_word' id='word_1_190' title='bbox 1833 2641 1957 2696; x_wconf 89' lang='lat' dir='ltr'><strong>dum</strong></span> <span class='ocrx_word' id='word_1_191' title='bbox 1991 2639 2137 2710; x_wconf 81' lang='lat' dir='ltr'><strong>regni</strong></span> 
     </span>
    </p>
   </div>
   <div class='ocr_carea' id='block_1_26' title="bbox 553 2735 2141 2807">
    <p class='ocr_par' dir='ltr' id='par_1_26' title="bbox 553 2735 2141 2807">
     <span class='ocr_line' id='line_1_26' title="bbox 553 2735 2141 2807; baseline -0.008 -10"><span class='ocrx_word' id='word_1_192' title='bbox 553 2744 771 2807; x_wconf 81' lang='lat' dir='ltr'><strong>asciret,</strong></span> <span class='ocrx_word' id='word_1_193' title='bbox 810 2741 878 2796; x_wconf 88' lang='lat' dir='ltr'><strong>ab</strong></span> <span class='ocrx_word' id='word_1_194' title='bbox 898 2754 964 2795; x_wconf 83' lang='lat' dir='ltr'><strong>eo</strong></span> <span class='ocrx_word' id='word_1_195' title='bbox 1014 2754 1119 2793; x_wconf 87' lang='lat' dir='ltr'><strong>una</strong></span> <span class='ocrx_word' id='word_1_196' title='bbox 1167 2752 1289 2792; x_wconf 89' lang='lat' dir='ltr'><strong>cum</strong></span> <span class='ocrx_word' id='word_1_197' title='bbox 1315 2735 1460 2791; x_wconf 89' lang='lat' dir='ltr'><strong>socia</strong></span> <span class='ocrx_word' id='word_1_198' title='bbox 1502 2749 1599 2789; x_wconf 89' lang='lat' dir='ltr'><strong>sua</strong></span> <span class='ocrx_word' id='word_1_199' title='bbox 1647 2741 1834 2804; x_wconf 89' lang='lat' dir='ltr'><strong>captus</strong></span> <span class='ocrx_word' id='word_1_200' title='bbox 1855 2747 1918 2786; x_wconf 88' lang='lat' dir='ltr'><strong>ac</strong></span> <span class='ocrx_word' id='word_1_201' title='bbox 1962 2739 2141 2786; x_wconf 89' lang='lat' dir='ltr'><strong>custo-</strong></span> 
     </span>
    </p>
   </div>
   <div class='ocr_carea' id='block_1_27' title="bbox 549 2819 2142 2900">
    <p class='ocr_par' dir='ltr' id='par_1_27' title="bbox 549 2819 2142 2900">
     <span class='ocr_line' id='line_1_27' title="bbox 549 2819 2142 2900; baseline -0.006 -16"><span class='ocrx_word' id='word_1_202' title='bbox 549 2836 652 2890; x_wconf 80' lang='lat' dir='ltr'><strong>dia:</strong></span> <span class='ocrx_word' id='word_1_203' title='bbox 697 2841 719 2873; x_wconf 78' lang='grc'><strong><em>⁸</em></strong></span> <span class='ocrx_word' id='word_1_204' title='bbox 771 2831 1109 2900; x_wconf 88' lang='lat' dir='ltr'><strong>mancipatus</strong></span> <span class='ocrx_word' id='word_1_205' title='bbox 1158 2835 1276 2892; x_wconf 89' lang='lat' dir='ltr'><strong>est,</strong></span> <span class='ocrx_word' id='word_1_206' title='bbox 1327 2833 1411 2881; x_wconf 85' lang='lat' dir='ltr'><strong>set</strong></span> <span class='ocrx_word' id='word_1_207' title='bbox 1468 2825 1537 2880; x_wconf 87' lang='lat' dir='ltr'><strong>ab</strong></span> <span class='ocrx_word' id='word_1_208' title='bbox 1585 2821 1934 2894; x_wconf 84' lang='lat' dir='ltr'><strong>optimatibus</strong></span> <span class='ocrx_word' id='word_1_209' title='bbox 1969 2829 1992 2860; x_wconf 74' lang='grc' dir='ltr'><strong><em>ο</em></strong></span> <span class='ocrx_word' id='word_1_210' title='bbox 2030 2819 2142 2874; x_wconf 87' lang='lat' dir='ltr'><strong>suis</strong></span> 
     </span>
    </p>
   </div>
   <div class='ocr_carea' id='block_1_28' title="bbox 548 2909 2139 2997">
    <p class='ocr_par' dir='ltr' id='par_1_28' title="bbox 548 2909 2139 2997">
     <span class='ocr_line' id='line_1_28' title="bbox 548 2909 2139 2997; baseline -0.011 -18"><span class='ocrx_word' id='word_1_211' title='bbox 548 2934 788 2997; x_wconf 72' lang='lat' dir='ltr'><strong>ereptus,</strong></span> <span class='ocrx_word' id='word_1_212' title='bbox 821 2924 888 2978; x_wconf 89' lang='lat' dir='ltr'><strong>ad</strong></span> <span class='ocrx_word' id='word_1_213' title='bbox 937 2920 1220 2992; x_wconf 86' lang='lat' dir='ltr'><strong>pristinam</strong></span> <span class='ocrx_word' id='word_1_214' title='bbox 1257 2916 1578 2972; x_wconf 83' lang='lat' dir='ltr'><strong>sublimatus</strong></span> <span class='ocrx_word' id='word_1_215' title='bbox 1604 2925 1690 2970; x_wconf 88' lang='lat' dir='ltr'><strong>est</strong></span> <span class='ocrx_word' id='word_1_216' title='bbox 1731 2911 1990 2984; x_wconf 86' lang='lat' dir='ltr'><strong>gloriam;</strong></span> <span class='ocrx_word' id='word_1_217' title='bbox 2016 2909 2139 2980; x_wconf 52' lang='lat' dir='ltr'><strong>qui:</strong></span> 
     </span>
    </p>
   </div>
   <div class='ocr_carea' id='block_1_29' title="bbox 549 3000 2139 3077">
    <p class='ocr_par' dir='ltr' id='par_1_29' title="bbox 549 3000 2139 3077">
     <span class='ocr_line' id='line_1_29' title="bbox 549 3000 2139 3077; baseline -0.011 -6"><span class='ocrx_word' id='word_1_218' title='bbox 549 3018 653 3071; x_wconf 87' lang='lat' dir='ltr'><strong>bus</strong></span> <span class='ocrx_word' id='word_1_219' title='bbox 705 3013 1056 3077; x_wconf 88' lang='lat' dir='ltr'><strong>anitcntibus,</strong></span> <span class='ocrx_word' id='word_1_220' title='bbox 1103 3009 1314 3066; x_wconf 88' lang='lat' dir='ltr'><strong>obsidio</strong></span> <span class='ocrx_word' id='word_1_221' title='bbox 1359 3007 1427 3063; x_wconf 89' lang='lat' dir='ltr'><strong>ab</strong></span> <span class='ocrx_word' id='word_1_222' title='bbox 1480 3005 1585 3062; x_wconf 91' lang='lat' dir='ltr'><strong>illis</strong></span> <span class='ocrx_word' id='word_1_223' title='bbox 1624 3003 1932 3073; x_wconf 81' lang='lat' dir='ltr'><strong>aliquandiu</strong></span> <span class='ocrx_word' id='word_1_224' title='bbox 1964 3000 2139 3056; x_wconf 84' lang='lat' dir='ltr'><strong>suble-</strong></span> 
     </span>
    </p>
   </div>
   <div class='ocr_carea' id='block_1_30' title="bbox 548 3103 991 3174">
    <p class='ocr_par' dir='ltr' id='par_1_30' title="bbox 548 3103 991 3174">
     <span class='ocr_line' id='line_1_30' title="bbox 548 3103 991 3174; baseline -0.005 -16"><span class='ocrx_word' id='word_1_225' title='bbox 548 3115 672 3161; x_wconf 79' lang='lat' dir='ltr'><strong>vata</strong></span> <span class='ocrx_word' id='word_1_226' title='bbox 709 3115 791 3160; x_wconf 90' lang='lat' dir='ltr'><strong>est</strong></span> <span class='ocrx_word' id='word_1_227' title='bbox 819 3103 991 3174; x_wconf 78' lang='grc'><strong>(851).</strong></span> 
     </span>
    </p>
   </div>
   <div class='ocr_carea' id='block_1_31' title="bbox 621 3188 2137 3275">
    <p class='ocr_par' dir='ltr' id='par_1_31' title="bbox 621 3188 2137 3275">
     <span class='ocr_line' id='line_1_31' title="bbox 621 3188 2137 3275; baseline -0.011 -17"><span class='ocrx_word' id='word_1_228' title='bbox 621 3203 709 3258; x_wconf 82' lang='grc' dir='ltr'><strong>Η.</strong></span> <span class='ocrx_word' id='word_1_229' title='bbox 747 3201 902 3275; x_wconf 87' lang='lat' dir='ltr'><strong>Circa</strong></span> <span class='ocrx_word' id='word_1_230' title='bbox 937 3200 1048 3253; x_wconf 77' lang='lat' dir='ltr'><strong>lucc</strong></span> <span class='ocrx_word' id='word_1_231' title='bbox 1081 3205 1318 3267; x_wconf 88' lang='lat' dir='ltr'><strong>tempora</strong></span> <span class='ocrx_word' id='word_1_232' title='bbox 1346 3209 1476 3266; x_wconf 84' lang='lat' dir='ltr'><strong>gens</strong></span> <span class='ocrx_word' id='word_1_233' title='bbox 1504 3194 1874 3263; x_wconf 83' lang='lat' dir='ltr'><strong>Agarenorum</strong></span> <span class='ocrx_word' id='word_1_234' title='bbox 1904 3204 1934 3243; x_wconf 90' lang='lat' dir='ltr'><strong>a</strong></span> <span class='ocrx_word' id='word_1_235' title='bbox 1960 3188 2137 3258; x_wconf 81' lang='lat' dir='ltr'><strong>Baby-</strong></span> 
     </span>
    </p>
   </div>
   <div class='ocr_carea' id='block_1_32' title="bbox 547 3287 2139 3355">
    <p class='ocr_par' dir='ltr' id='par_1_32' title="bbox 547 3287 2139 3355">
     <span class='ocr_line' id='line_1_32' title="bbox 547 3287 2139 3355; baseline -0.009 -5"><span class='ocrx_word' id='word_1_236' title='bbox 547 3297 689 3352; x_wconf 85' lang='lat' dir='ltr'><strong>lonia</strong></span> <span class='ocrx_word' id='word_1_237' title='bbox 721 3304 775 3351; x_wconf 90' lang='lat' dir='ltr'><strong>et</strong></span> <span class='ocrx_word' id='word_1_238' title='bbox 808 3293 984 3348; x_wconf 78' lang='lat' dir='ltr'><strong>Africa</strong></span> <span class='ocrx_word' id='word_1_239' title='bbox 1013 3292 1078 3346; x_wconf 90' lang='lat' dir='ltr'><strong>ad</strong></span> <span class='ocrx_word' id='word_1_240' title='bbox 1115 3292 1288 3346; x_wconf 64' lang='lat' dir='ltr'><strong>instar</strong></span> <span class='ocrx_word' id='word_1_241' title='bbox 1313 3287 1580 3343; x_wconf 77' lang='lat' dir='ltr'><strong>examinis</strong></span> <span class='ocrx_word' id='word_1_242' title='bbox 1608 3301 1766 3355; x_wconf 89' lang='lat' dir='ltr'><strong>apum</strong></span> <span class='ocrx_word' id='word_1_243' title='bbox 1807 3298 1970 3337; x_wconf 88' lang='lat' dir='ltr'><strong>manu</strong></span> <span class='ocrx_word' id='word_1_244' title='bbox 2016 3298 2139 3338; x_wconf 69' lang='lat' dir='ltr'><strong>cum</strong></span> 
     </span>
    </p>
   </div>
   <div class='ocr_carea' id='block_1_33' title="bbox 2253 718 3819 796">
    <p class='ocr_par' dir='ltr' id='par_1_33' title="bbox 2253 718 3819 796">
     <span class='ocr_line' id='line_1_33' title="bbox 2253 718 3819 796; baseline 0.007 -24"><span class='ocrx_word' id='word_1_245' title='bbox 2253 718 2418 773; x_wconf 91' lang='lat' dir='ltr'><strong>mium</strong></span> <span class='ocrx_word' id='word_1_246' title='bbox 2451 729 2698 776; x_wconf 89' lang='lat' dir='ltr'><strong>versutus</strong></span> <span class='ocrx_word' id='word_1_247' title='bbox 2723 762 2738 785; x_wconf 95' lang='lat'><strong>,</strong></span> <span class='ocrx_word' id='word_1_248' title='bbox 2775 731 2828 774; x_wconf 90' lang='lat' dir='ltr'><strong>et</strong></span> <span class='ocrx_word' id='word_1_249' title='bbox 2858 721 2994 775; x_wconf 90' lang='lat' dir='ltr'><strong>ultra</strong></span> <span class='ocrx_word' id='word_1_250' title='bbox 3025 737 3187 793; x_wconf 87' lang='lat' dir='ltr'><strong>quam</strong></span> <span class='ocrx_word' id='word_1_251' title='bbox 3213 724 3358 780; x_wconf 88' lang='lat' dir='ltr'><strong>credi</strong></span> <span class='ocrx_word' id='word_1_252' title='bbox 3383 734 3566 796; x_wconf 83' lang='lat' dir='ltr'><strong>potest</strong></span> <span class='ocrx_word' id='word_1_253' title='bbox 3593 727 3819 794; x_wconf 81' lang='lat' dir='ltr'><strong>callidus;</strong></span> 
     </span>
    </p>
   </div>
   <div class='ocr_carea' id='block_1_34' title="bbox 2252 809 3825 888">
    <p class='ocr_par' dir='ltr' id='par_1_34' title="bbox 2252 809 3825 888">
     <span class='ocr_line' id='line_1_34' title="bbox 2252 809 3825 888; baseline 0.005 -22"><span class='ocrx_word' id='word_1_254' title='bbox 2252 814 2387 868; x_wconf 86' lang='lat' dir='ltr'><strong>adeo</strong></span> <span class='ocrx_word' id='word_1_255' title='bbox 2417 815 2559 869; x_wconf 89' lang='lat' dir='ltr'><strong>enim</strong></span> <span class='ocrx_word' id='word_1_256' title='bbox 2588 809 2942 870; x_wconf 78' lang='lat' dir='ltr'><strong>circumvenit</strong></span> <span class='ocrx_word' id='word_1_257' title='bbox 2991 817 3276 888; x_wconf 71' lang='lat' dir='ltr'><strong>prastigiis</strong></span> <span class='ocrx_word' id='word_1_258' title='bbox 3310 819 3425 874; x_wconf 89' lang='lat' dir='ltr'><strong>suis</strong></span> <span class='ocrx_word' id='word_1_259' title='bbox 3451 818 3736 877; x_wconf 75' lang='lat' dir='ltr'><strong>fall.:cibns</strong></span> <span class='ocrx_word' id='word_1_260' title='bbox 3749 839 3825 877; x_wconf 79' lang='lat' dir='ltr'><strong>sn-</strong></span> 
     </span>
    </p>
   </div>
   <div class='ocr_carea' id='block_1_35' title="bbox 2251 902 3825 972">
    <p class='ocr_par' dir='ltr' id='par_1_35' title="bbox 2251 902 3825 972">
     <span class='ocr_line' id='line_1_35' title="bbox 2251 902 3825 972; baseline 0.008 -16"><span class='ocrx_word' id='word_1_261' title='bbox 2251 903 2553 972; x_wconf 88' lang='lat' dir='ltr'><strong>pradictmn</strong></span> <span class='ocrx_word' id='word_1_262' title='bbox 2608 902 2628 934; x_wconf 85' lang='lat'><strong>’</strong></span> <span class='ocrx_word' id='word_1_263' title='bbox 2673 905 2882 970; x_wconf 83' lang='lat' dir='ltr'><strong>virum,</strong></span> <span class='ocrx_word' id='word_1_264' title='bbox 2927 913 2985 959; x_wconf 93' lang='lat' dir='ltr'><strong>ut</strong></span> <span class='ocrx_word' id='word_1_265' title='bbox 3022 906 3110 961; x_wconf 94' lang='lat' dir='ltr'><strong>illo</strong></span> <span class='ocrx_word' id='word_1_266' title='bbox 3139 909 3364 964; x_wconf 85' lang='lat' dir='ltr'><strong>absente</strong></span> <span class='ocrx_word' id='word_1_267' title='bbox 3405 918 3461 964; x_wconf 91' lang='lat' dir='ltr'><strong>et</strong></span> <span class='ocrx_word' id='word_1_268' title='bbox 3497 910 3825 968; x_wconf 79' lang='lat' dir='ltr'><strong>dissentiente</strong></span> 
     </span>
    </p>
   </div>
   <div class='ocr_carea' id='block_1_36' title="bbox 2253 989 3827 1064">
    <p class='ocr_par' dir='ltr' id='par_1_36' title="bbox 2253 989 3827 1064">
     <span class='ocr_line' id='line_1_36' title="bbox 2253 989 3827 1064; baseline 0.008 -18"><span class='ocrx_word' id='word_1_269' title='bbox 2253 989 2326 1047; x_wconf 86' lang='lat' dir='ltr'><strong>nil</strong></span> <span class='ocrx_word' id='word_1_270' title='bbox 2357 1010 2588 1064; x_wconf 81' lang='lat' dir='ltr'><strong>unquam</strong></span> <span class='ocrx_word' id='word_1_271' title='bbox 2615 996 2660 1026; x_wconf 81' lang='grc'><strong>¹⁰</strong></span> <span class='ocrx_word' id='word_1_272' title='bbox 2689 1010 2943 1052; x_wconf 71' lang='lat' dir='ltr'><strong>exercere</strong></span> <span class='ocrx_word' id='word_1_273' title='bbox 2987 998 3068 1052; x_wconf 88' lang='lat' dir='ltr'><strong>vel</strong></span> <span class='ocrx_word' id='word_1_274' title='bbox 3111 999 3177 1052; x_wconf 87' lang='lat' dir='ltr'><strong>ad</strong></span> <span class='ocrx_word' id='word_1_275' title='bbox 3219 1008 3553 1056; x_wconf 80' lang='lat' dir='ltr'><strong>momentum</strong></span> <span class='ocrx_word' id='word_1_276' title='bbox 3605 1003 3647 1033; x_wconf 76' lang='lat'>“</span> <span class='ocrx_word' id='word_1_277' title='bbox 3693 1008 3827 1059; x_wconf 83' lang='lat' dir='ltr'><strong>aude-</strong></span> 
     </span>
    </p>
   </div>
   <div class='ocr_carea' id='block_1_37' title="bbox 2254 1086 3827 1164">
    <p class='ocr_par' dir='ltr' id='par_1_37' title="bbox 2254 1086 3827 1164">
     <span class='ocr_line' id='line_1_37' title="bbox 2254 1086 3827 1164; baseline 0.008 -26"><span class='ocrx_word' id='word_1_278' title='bbox 2254 1094 2335 1140; x_wconf 86' lang='lat' dir='ltr'><strong>ret</strong></span> <span class='ocrx_word' id='word_1_279' title='bbox 2387 1086 2463 1152; x_wconf 83' lang='grc'><strong>¹⁹;</strong></span> <span class='ocrx_word' id='word_1_280' title='bbox 2517 1087 2702 1157; x_wconf 89' lang='lat' dir='ltr'><strong>sicque</strong></span> <span class='ocrx_word' id='word_1_281' title='bbox 2733 1089 2802 1142; x_wconf 88' lang='lat' dir='ltr'><strong>ab</strong></span> <span class='ocrx_word' id='word_1_282' title='bbox 2827 1104 2892 1144; x_wconf 92' lang='lat' dir='ltr'><strong>eo</strong></span> <span class='ocrx_word' id='word_1_283' title='bbox 2915 1090 3168 1161; x_wconf 90' lang='lat' dir='ltr'><strong>deceptus</strong></span> <span class='ocrx_word' id='word_1_284' title='bbox 3196 1101 3247 1148; x_wconf 89' lang='lat' dir='ltr'><strong>et</strong></span> <span class='ocrx_word' id='word_1_285' title='bbox 3277 1094 3631 1164; x_wconf 76' lang='lat' dir='ltr'><strong>inlaqueatos</strong></span> <span class='ocrx_word' id='word_1_286' title='bbox 3659 1107 3759 1160; x_wconf 85' lang='lat' dir='ltr'><strong>est,</strong></span> <span class='ocrx_word' id='word_1_287' title='bbox 3786 1108 3827 1151; x_wconf 83' lang='lat' dir='ltr'><strong>ut</strong></span> 
     </span>
    </p>
   </div>
   <div class='ocr_carea' id='block_1_38' title="bbox 2251 1179 3827 1258">
    <p class='ocr_par' dir='ltr' id='par_1_38' title="bbox 2251 1179 3827 1258">
     <span class='ocr_line' id='line_1_38' title="bbox 2251 1179 3827 1258; baseline 0.008 -29"><span class='ocrx_word' id='word_1_288' title='bbox 2251 1191 2566 1247; x_wconf 87' lang='lat' dir='ltr'><strong>germanum</strong></span> <span class='ocrx_word' id='word_1_289' title='bbox 2597 1193 2776 1244; x_wconf 87' lang='lat' dir='ltr'><strong>suum,</strong></span> <span class='ocrx_word' id='word_1_290' title='bbox 2809 1179 3140 1236; x_wconf 90' lang='lat' dir='ltr'><strong>Siconolfum</strong></span> <span class='ocrx_word' id='word_1_291' title='bbox 3167 1185 3406 1250; x_wconf 83' lang='lat' dir='ltr'><strong>nomine,</strong></span> <span class='ocrx_word' id='word_1_292' title='bbox 3442 1181 3619 1258; x_wconf 81' lang='lat' dir='ltr'><strong>gratis</strong></span> <span class='ocrx_word' id='word_1_293' title='bbox 3656 1199 3827 1258; x_wconf 76' lang='lat' dir='ltr'><strong>perpe-</strong></span> 
     </span>
    </p>
   </div>
   <div class='ocr_carea' id='block_1_39' title="bbox 2254 1269 3829 1350">
    <p class='ocr_par' dir='ltr' id='par_1_39' title="bbox 2254 1269 3829 1350">
     <span class='ocr_line' id='line_1_39' title="bbox 2254 1269 3829 1350; baseline 0.01 -29"><span class='ocrx_word' id='word_1_294' title='bbox 2254 1277 2344 1323; x_wconf 90' lang='lat' dir='ltr'><strong>tuo</strong></span> <span class='ocrx_word' id='word_1_295' title='bbox 2391 1271 2709 1340; x_wconf 88' lang='lat' dir='ltr'><strong>dampnaret</strong></span> <span class='ocrx_word' id='word_1_296' title='bbox 2757 1273 2920 1328; x_wconf 85' lang='lat' dir='ltr'><strong>exilio</strong></span> <span class='ocrx_word' id='word_1_297' title='bbox 2969 1269 3138 1347; x_wconf 69' lang='grc'><strong>(854),</strong></span> <span class='ocrx_word' id='word_1_298' title='bbox 3186 1289 3524 1350; x_wconf 88' lang='lat' dir='ltr'><strong>cunctosque</strong></span> <span class='ocrx_word' id='word_1_299' title='bbox 3576 1281 3829 1337; x_wconf 81' lang='lat' dir='ltr'><strong>Beneven-</strong></span> 
     </span>
    </p>
   </div>
   <div class='ocr_carea' id='block_1_40' title="bbox 2253 1360 3831 1430">
    <p class='ocr_par' dir='ltr' id='par_1_40' title="bbox 2253 1360 3831 1430">
     <span class='ocr_line' id='line_1_40' title="bbox 2253 1360 3831 1430; baseline 0.011 -20"><span class='ocrx_word' id='word_1_300' title='bbox 2253 1367 2394 1412; x_wconf 71' lang='lat' dir='ltr'><strong>tanae</strong></span> <span class='ocrx_word' id='word_1_301' title='bbox 2419 1360 2594 1428; x_wconf 76' lang='lat' dir='ltr'><strong>gentis</strong></span> <span class='ocrx_word' id='word_1_302' title='bbox 2628 1377 2881 1430; x_wconf 85' lang='lat' dir='ltr'><strong>proceres</strong></span> <span class='ocrx_word' id='word_1_303' title='bbox 2920 1375 3012 1419; x_wconf 75' lang='lat' dir='ltr'><strong>aut</strong></span> <span class='ocrx_word' id='word_1_304' title='bbox 3041 1369 3298 1423; x_wconf 88' lang='lat' dir='ltr'><strong>custodiis</strong></span> <span class='ocrx_word' id='word_1_305' title='bbox 3331 1379 3426 1424; x_wconf 91' lang='lat' dir='ltr'><strong>aut</strong></span> <span class='ocrx_word' id='word_1_306' title='bbox 3453 1370 3620 1425; x_wconf 91' lang='lat' dir='ltr'><strong>morti</strong></span> <span class='ocrx_word' id='word_1_307' title='bbox 3650 1373 3831 1427; x_wconf 59' lang='lat' dir='ltr'><strong>indide</strong></span> 
     </span>
    </p>
   </div>
   <div class='ocr_carea' id='block_1_41' title="bbox 2253 1451 3828 1526">
    <p class='ocr_par' dir='ltr' id='par_1_41' title="bbox 2253 1451 3828 1526">
     <span class='ocr_line' id='line_1_41' title="bbox 2253 1451 3828 1526; baseline 0.01 -21"><span class='ocrx_word' id='word_1_308' title='bbox 2253 1451 2354 1518; x_wconf 90' lang='lat' dir='ltr'><strong>rit;</strong></span> <span class='ocrx_word' id='word_1_309' title='bbox 2388 1453 2589 1508; x_wconf 90' lang='lat' dir='ltr'><strong>adhoc</strong></span> <span class='ocrx_word' id='word_1_310' title='bbox 2619 1455 2873 1511; x_wconf 89' lang='lat' dir='ltr'><strong>nimirum</strong></span> <span class='ocrx_word' id='word_1_311' title='bbox 2928 1461 3171 1526; x_wconf 87' lang='lat' dir='ltr'><strong>tendens,</strong></span> <span class='ocrx_word' id='word_1_312' title='bbox 3219 1470 3279 1516; x_wconf 85' lang='lat' dir='ltr'><strong>ut</strong></span> <span class='ocrx_word' id='word_1_313' title='bbox 3324 1463 3453 1518; x_wconf 87' lang='lat' dir='ltr'><strong>dum</strong></span> <span class='ocrx_word' id='word_1_314' title='bbox 3510 1464 3734 1521; x_wconf 85' lang='lat' dir='ltr'><strong>relictus</strong></span> <span class='ocrx_word' id='word_1_315' title='bbox 3779 1482 3828 1521; x_wconf 80' lang='lat' dir='ltr'><strong>ac</strong></span> 
     </span>
    </p>
   </div>
   <div class='ocr_carea' id='block_1_42' title="bbox 2251 1545 3828 1622">
    <p class='ocr_par' dir='ltr' id='par_1_42' title="bbox 2251 1545 3828 1622">
     <span class='ocr_line' id='line_1_42' title="bbox 2251 1545 3828 1622; baseline 0.01 -23"><span class='ocrx_word' id='word_1_316' title='bbox 2251 1545 2540 1600; x_wconf 82' lang='lat' dir='ltr'><strong>destitutus</strong></span> <span class='ocrx_word' id='word_1_317' title='bbox 2575 1546 2776 1602; x_wconf 86' lang='lat' dir='ltr'><strong>solacio</strong></span> <span class='ocrx_word' id='word_1_318' title='bbox 2818 1563 2960 1605; x_wconf 85' lang='lat' dir='ltr'><strong>esset</strong></span> <span class='ocrx_word' id='word_1_319' title='bbox 2994 1551 3332 1622; x_wconf 85' lang='lat' dir='ltr'><strong>eptimatum,</strong></span> <span class='ocrx_word' id='word_1_320' title='bbox 3370 1550 3510 1610; x_wconf 76' lang='lat' dir='ltr'><strong>Citra</strong></span> <span class='ocrx_word' id='word_1_321' title='bbox 3539 1571 3700 1611; x_wconf 85' lang='lat' dir='ltr'><strong>suam</strong></span> <span class='ocrx_word' id='word_1_322' title='bbox 3724 1561 3828 1614; x_wconf 81' lang='lat' dir='ltr'><strong>suo-</strong></span> 
     </span>
    </p>
   </div>
   <div class='ocr_carea' id='block_1_43' title="bbox 2252 1628 3827 1707">
    <p class='ocr_par' dir='ltr' id='par_1_43' title="bbox 2252 1628 3827 1707">
     <span class='ocr_line' id='line_1_43' title="bbox 2252 1628 3827 1707; baseline 0.01 -20"><span class='ocrx_word' id='word_1_323' title='bbox 2252 1628 2478 1704; x_wconf 86' lang='lat' dir='ltr'><strong>rumque</strong></span> <span class='ocrx_word' id='word_1_324' title='bbox 2501 1637 2778 1707; x_wconf 89' lang='lat' dir='ltr'><strong>sanguinis</strong></span> <span class='ocrx_word' id='word_1_325' title='bbox 2801 1635 3117 1694; x_wconf 73' lang='lat' dir='ltr'><strong>eﬂ‘usionem</strong></span> <span class='ocrx_word' id='word_1_326' title='bbox 3141 1641 3394 1699; x_wconf 80' lang='lat' dir='ltr'><strong>facillime</strong></span> <span class='ocrx_word' id='word_1_327' title='bbox 3417 1629 3827 1703; x_wconf 72' lang='lat' dir='ltr'><strong>interinter-etut.</strong></span> 
     </span>
    </p>
   </div>
   <div class='ocr_carea' id='block_1_44' title="bbox 2251 1726 3831 1805">
    <p class='ocr_par' dir='ltr' id='par_1_44' title="bbox 2251 1726 3831 1805">
     <span class='ocr_line' id='line_1_44' title="bbox 2251 1726 3831 1805; baseline 0.01 -25"><span class='ocrx_word' id='word_1_328' title='bbox 2251 1726 2610 1794; x_wconf 83' lang='lat' dir='ltr'><strong>Quamobrem</strong></span> <span class='ocrx_word' id='word_1_329' title='bbox 2664 1739 2718 1784; x_wconf 90' lang='lat' dir='ltr'><strong>et</strong></span> <span class='ocrx_word' id='word_1_330' title='bbox 2765 1729 3029 1787; x_wconf 85' lang='lat' dir='ltr'><strong>Maionem</strong></span> <span class='ocrx_word' id='word_1_331' title='bbox 3083 1745 3370 1805; x_wconf 85' lang='lat' dir='ltr'><strong>cognatum</strong></span> <span class='ocrx_word' id='word_1_332' title='bbox 3431 1752 3598 1793; x_wconf 88' lang='lat' dir='ltr'><strong>suum</strong></span> <span class='ocrx_word' id='word_1_333' title='bbox 3645 1741 3831 1795; x_wconf 85' lang='lat' dir='ltr'><strong>tonderi</strong></span> 
     </span>
    </p>
   </div>
   <div class='ocr_carea' id='block_1_45' title="bbox 2247 1816 3831 1901">
    <p class='ocr_par' dir='ltr' id='par_1_45' title="bbox 2247 1816 3831 1901">
     <span class='ocr_line' id='line_1_45' title="bbox 2247 1816 3831 1901; baseline 0.01 -32"><span class='ocrx_word' id='word_1_334' title='bbox 2247 1816 2407 1888; x_wconf 83' lang='lat' dir='ltr'><strong>jussit</strong></span> <span class='ocrx_word' id='word_1_335' title='bbox 2453 1829 2508 1872; x_wconf 88' lang='lat' dir='ltr'><strong>et</strong></span> <span class='ocrx_word' id='word_1_336' title='bbox 2539 1821 2925 1875; x_wconf 84' lang='lat' dir='ltr'><strong>monasterium</strong></span> <span class='ocrx_word' id='word_1_337' title='bbox 2977 1824 3202 1890; x_wconf 89' lang='lat' dir='ltr'><strong>retrudi,</strong></span> <span class='ocrx_word' id='word_1_338' title='bbox 3239 1825 3500 1882; x_wconf 85' lang='lat' dir='ltr'><strong>Alfanum</strong></span> <span class='ocrx_word' id='word_1_339' title='bbox 3532 1841 3560 1870; x_wconf 75' lang='grc' dir='ltr'><strong>ι</strong></span> <span class='ocrx_word' id='word_1_340' title='bbox 3600 1831 3831 1901; x_wconf 72' lang='lat' dir='ltr'><strong>denique,</strong></span> 
     </span>
    </p>
   </div>
   <div class='ocr_carea' id='block_1_46' title="bbox 2251 1910 3831 1984">
    <p class='ocr_par' dir='ltr' id='par_1_46' title="bbox 2251 1910 3831 1984">
     <span class='ocr_line' id='line_1_46' title="bbox 2251 1910 3831 1984; baseline 0.008 -23"><span class='ocrx_word' id='word_1_341' title='bbox 2251 1923 2357 1978; x_wconf 88' lang='lat' dir='ltr'><strong>quo</strong></span> <span class='ocrx_word' id='word_1_342' title='bbox 2385 1924 2541 1966; x_wconf 83' lang='lat' dir='ltr'><strong>nemo</strong></span> <span class='ocrx_word' id='word_1_343' title='bbox 2574 1910 2784 1966; x_wconf 80' lang='lat' dir='ltr'><strong>ﬁdelior</strong></span> <span class='ocrx_word' id='word_1_344' title='bbox 2805 1926 2872 1968; x_wconf 88' lang='lat' dir='ltr'><strong>eo</strong></span> <span class='ocrx_word' id='word_1_345' title='bbox 2901 1921 3139 1984; x_wconf 81' lang='lat' dir='ltr'><strong>tempore</strong></span> <span class='ocrx_word' id='word_1_346' title='bbox 3177 1915 3296 1981; x_wconf 88' lang='lat' dir='ltr'><strong>fuit,</strong></span> <span class='ocrx_word' id='word_1_347' title='bbox 3345 1919 3531 1972; x_wconf 84' lang='lat' dir='ltr'><strong>virum</strong></span> <span class='ocrx_word' id='word_1_348' title='bbox 3590 1921 3831 1976; x_wconf 83' lang='lat' dir='ltr'><strong>illustrem</strong></span> 
     </span>
    </p>
   </div>
   <div class='ocr_carea' id='block_1_47' title="bbox 2247 1999 3829 2078">
    <p class='ocr_par' dir='ltr' id='par_1_47' title="bbox 2247 1999 3829 2078">
     <span class='ocr_line' id='line_1_47' title="bbox 2247 1999 3829 2078; baseline 0.006 -21"><span class='ocrx_word' id='word_1_349' title='bbox 2247 2011 2300 2057; x_wconf 85' lang='lat' dir='ltr'><strong>et</strong></span> <span class='ocrx_word' id='word_1_350' title='bbox 2329 1999 2678 2057; x_wconf 83' lang='lat' dir='ltr'><strong>fortissimum</strong></span> <span class='ocrx_word' id='word_1_351' title='bbox 2717 2005 2930 2070; x_wconf 90' lang='lat' dir='ltr'><strong>robore,</strong></span> <span class='ocrx_word' id='word_1_352' title='bbox 2961 2005 3151 2076; x_wconf 88' lang='lat' dir='ltr'><strong>laqueo</strong></span> <span class='ocrx_word' id='word_1_353' title='bbox 3187 2010 3448 2078; x_wconf 84' lang='lat' dir='ltr'><strong>suspendi</strong></span> <span class='ocrx_word' id='word_1_354' title='bbox 3479 2009 3632 2066; x_wconf 84' lang='lat' dir='ltr'><strong>fecit.</strong></span> <span class='ocrx_word' id='word_1_355' title='bbox 3673 2014 3829 2068; x_wconf 80' lang='lat' dir='ltr'><strong>Tunc-</strong></span> 
     </span>
    </p>
   </div>
   <div class='ocr_carea' id='block_1_48' title="bbox 2246 2094 3828 2168">
    <p class='ocr_par' dir='ltr' id='par_1_48' title="bbox 2246 2094 3828 2168">
     <span class='ocr_line' id='line_1_48' title="bbox 2246 2094 3828 2168; baseline 0.008 -22"><span class='ocrx_word' id='word_1_356' title='bbox 2246 2108 2351 2163; x_wconf 89' lang='lat' dir='ltr'><strong>qne</strong></span> <span class='ocrx_word' id='word_1_357' title='bbox 2387 2094 2588 2148; x_wconf 86' lang='lat' dir='ltr'><strong>factum</strong></span> <span class='ocrx_word' id='word_1_358' title='bbox 2617 2103 2700 2149; x_wconf 81' lang='lat' dir='ltr'><strong>est</strong></span> <span class='ocrx_word' id='word_1_359' title='bbox 2728 2095 2916 2166; x_wconf 84' lang='lat' dir='ltr'><strong>ingens</strong></span> <span class='ocrx_word' id='word_1_360' title='bbox 2951 2097 3260 2167; x_wconf 86' lang='lat' dir='ltr'><strong>perjurium</strong></span> <span class='ocrx_word' id='word_1_361' title='bbox 3298 2101 3350 2154; x_wconf 74' lang='lat' dir='ltr'><strong>ir.</strong></span> <span class='ocrx_word' id='word_1_362' title='bbox 3409 2101 3734 2168; x_wconf 71' lang='lat' dir='ltr'><strong>Benevento,</strong></span> <span class='ocrx_word' id='word_1_363' title='bbox 3775 2120 3828 2159; x_wconf 78' lang='lat' dir='ltr'><strong>ex</strong></span> 
     </span>
    </p>
   </div>
   <div class='ocr_carea' id='block_1_49' title="bbox 2245 2180 3829 2263">
    <p class='ocr_par' dir='ltr' id='par_1_49' title="bbox 2245 2180 3829 2263">
     <span class='ocr_line' id='line_1_49' title="bbox 2245 2180 3829 2263; baseline 0.006 -23"><span class='ocrx_word' id='word_1_364' title='bbox 2245 2201 2354 2256; x_wconf 90' lang='lat' dir='ltr'><strong>quo</strong></span> <span class='ocrx_word' id='word_1_365' title='bbox 2373 2186 2642 2241; x_wconf 89' lang='lat' dir='ltr'><strong>conicitur</strong></span> <span class='ocrx_word' id='word_1_366' title='bbox 2664 2188 2804 2241; x_wconf 90' lang='lat' dir='ltr'><strong>iram</strong></span> <span class='ocrx_word' id='word_1_367' title='bbox 2840 2180 2934 2243; x_wconf 89' lang='lat' dir='ltr'><strong>Dei</strong></span> <span class='ocrx_word' id='word_1_368' title='bbox 2970 2190 3204 2258; x_wconf 81' lang='lat' dir='ltr'><strong>primunt</strong></span> <span class='ocrx_word' id='word_1_369' title='bbox 3237 2191 3355 2247; x_wconf 90' lang='lat' dir='ltr'><strong>fore</strong></span> <span class='ocrx_word' id='word_1_370' title='bbox 3392 2205 3746 2263; x_wconf 81' lang='lat' dir='ltr'><strong>provocatam</strong></span> <span class='ocrx_word' id='word_1_371' title='bbox 3771 2200 3829 2250; x_wconf 84' lang='lat' dir='ltr'><strong>ad</strong></span> 
     </span>
    </p>
   </div>
   <div class='ocr_carea' id='block_1_50' title="bbox 2244 2279 2836 2346">
    <p class='ocr_par' dir='ltr' id='par_1_50' title="bbox 2244 2279 2836 2346">
     <span class='ocr_line' id='line_1_50' title="bbox 2244 2279 2836 2346; baseline 0.005 -16"><span class='ocrx_word' id='word_1_372' title='bbox 2244 2279 2572 2346; x_wconf 81' lang='lat' dir='ltr'><strong>perdendam</strong></span> <span class='ocrx_word' id='word_1_373' title='bbox 2615 2287 2836 2333; x_wconf 89' lang='lat' dir='ltr'><strong>terram.</strong></span> 
     </span>
    </p>
   </div>
   <div class='ocr_carea' id='block_1_51' title="bbox 2317 2368 3833 2448">
    <p class='ocr_par' dir='ltr' id='par_1_51' title="bbox 2317 2368 3833 2448">
     <span class='ocr_line' id='line_1_51' title="bbox 2317 2368 3833 2448; baseline 0.008 -25"><span class='ocrx_word' id='word_1_374' title='bbox 2317 2370 2401 2424; x_wconf 78' lang='grc'><strong>15.</strong></span> <span class='ocrx_word' id='word_1_375' title='bbox 2445 2368 2594 2424; x_wconf 83' lang='lat' dir='ltr'><strong>Talia</strong></span> <span class='ocrx_word' id='word_1_376' title='bbox 2623 2385 2690 2426; x_wconf 90' lang='lat' dir='ltr'><strong>eo</strong></span> <span class='ocrx_word' id='word_1_377' title='bbox 2717 2379 3004 2437; x_wconf 87' lang='lat' dir='ltr'><strong>tractante,</strong></span> <span class='ocrx_word' id='word_1_378' title='bbox 3035 2372 3217 2427; x_wconf 87' lang='lat' dir='ltr'><strong>divina</strong></span> <span class='ocrx_word' id='word_1_379' title='bbox 3246 2381 3434 2430; x_wconf 86' lang='lat' dir='ltr'><strong>actum</strong></span> <span class='ocrx_word' id='word_1_380' title='bbox 3459 2386 3549 2432; x_wconf 89' lang='lat' dir='ltr'><strong>cst</strong></span> <span class='ocrx_word' id='word_1_381' title='bbox 3577 2379 3833 2448; x_wconf 77' lang='lat' dir='ltr'><strong>dispensa-</strong></span> 
     </span>
    </p>
   </div>
   <div class='ocr_carea' id='block_1_52' title="bbox 2246 2459 3828 2538">
    <p class='ocr_par' dir='ltr' id='par_1_52' title="bbox 2246 2459 3828 2538">
     <span class='ocr_line' id='line_1_52' title="bbox 2246 2459 3828 2538; baseline 0.004 -27"><span class='ocrx_word' id='word_1_382' title='bbox 2246 2460 2407 2523; x_wconf 88' lang='lat' dir='ltr'><strong>tione,</strong></span> <span class='ocrx_word' id='word_1_383' title='bbox 2441 2468 2498 2513; x_wconf 91' lang='lat' dir='ltr'><strong>nt</strong></span> <span class='ocrx_word' id='word_1_384' title='bbox 2536 2459 2672 2514; x_wconf 91' lang='lat' dir='ltr'><strong>dum-</strong></span> <span class='ocrx_word' id='word_1_385' title='bbox 2693 2461 2856 2516; x_wconf 88' lang='lat' dir='ltr'><strong>alium</strong></span> <span class='ocrx_word' id='word_1_386' title='bbox 2899 2461 3218 2518; x_wconf 85' lang='lat' dir='ltr'><strong>innocenter</strong></span> <span class='ocrx_word' id='word_1_387' title='bbox 3249 2476 3559 2522; x_wconf 84' lang='lat' dir='ltr'><strong>conaretur</strong></span> <span class='ocrx_word' id='word_1_388' title='bbox 3577 2470 3828 2538; x_wconf 68' lang='lat' dir='ltr'><strong>extingue.</strong></span> 
     </span>
    </p>
   </div>
   <div class='ocr_carea' id='block_1_53' title="bbox 2244 2551 3835 2626">
    <p class='ocr_par' dir='ltr' id='par_1_53' title="bbox 2244 2551 3835 2626">
     <span class='ocr_line' id='line_1_53' title="bbox 2244 2551 3835 2626; baseline 0.004 -22"><span class='ocrx_word' id='word_1_389' title='bbox 2244 2566 2341 2616; x_wconf 88' lang='lat' dir='ltr'><strong>re,</strong></span> <span class='ocrx_word' id='word_1_390' title='bbox 2401 2551 2815 2621; x_wconf 57' lang='lat' dir='ltr'><strong>praevenientem</strong></span> <span class='ocrx_word' id='word_1_391' title='bbox 2863 2553 3078 2609; x_wconf 89' lang='lat' dir='ltr'><strong>interim</strong></span> <span class='ocrx_word' id='word_1_392' title='bbox 3126 2555 3406 2626; x_wconf 84' lang='lat' dir='ltr'><strong>langorent</strong></span> <span class='ocrx_word' id='word_1_393' title='bbox 3466 2558 3589 2626; x_wconf 88' lang='lat' dir='ltr'><strong>ipse</strong></span> <span class='ocrx_word' id='word_1_394' title='bbox 3645 2558 3835 2612; x_wconf 63' lang='lat' dir='ltr'><strong>culinis</strong></span> 
     </span>
    </p>
   </div>
   <div class='ocr_carea' id='block_1_54' title="bbox 2243 2641 3832 2715">
    <p class='ocr_par' dir='ltr' id='par_1_54' title="bbox 2243 2641 3832 2715">
     <span class='ocr_line' id='line_1_54' title="bbox 2243 2641 3832 2715; baseline 0.003 -17"><span class='ocrx_word' id='word_1_395' title='bbox 2243 2641 2434 2711; x_wconf 82' lang='lat' dir='ltr'><strong>Spiritu</strong></span> <span class='ocrx_word' id='word_1_396' title='bbox 2480 2643 2686 2712; x_wconf 85' lang='lat' dir='ltr'><strong>pariter</strong></span> <span class='ocrx_word' id='word_1_397' title='bbox 2729 2653 2786 2700; x_wconf 89' lang='lat' dir='ltr'><strong>et</strong></span> <span class='ocrx_word' id='word_1_398' title='bbox 2831 2659 2994 2699; x_wconf 84' lang='lat' dir='ltr'><strong>carne</strong></span> <span class='ocrx_word' id='word_1_399' title='bbox 3022 2646 3304 2715; x_wconf 88' lang='lat' dir='ltr'><strong>perculsus</strong></span> <span class='ocrx_word' id='word_1_400' title='bbox 3353 2647 3655 2707; x_wconf 85' lang='lat' dir='ltr'><strong>interierit.</strong></span> <span class='ocrx_word' id='word_1_401' title='bbox 3692 2648 3832 2703; x_wconf 81' lang='lat' dir='ltr'><strong>Prius</strong></span> 
     </span>
    </p>
   </div>
   <div class='ocr_carea' id='block_1_55' title="bbox 2241 2735 3837 2809">
    <p class='ocr_par' dir='ltr' id='par_1_55' title="bbox 2241 2735 3837 2809">
     <span class='ocr_line' id='line_1_55' title="bbox 2241 2735 3837 2809; baseline 0.003 -21"><span class='ocrx_word' id='word_1_402' title='bbox 2241 2735 2385 2789; x_wconf 86' lang='lat' dir='ltr'><strong>enim</strong></span> <span class='ocrx_word' id='word_1_403' title='bbox 2413 2750 2574 2806; x_wconf 89' lang='lat' dir='ltr'><strong>quam</strong></span> <span class='ocrx_word' id='word_1_404' title='bbox 2599 2736 2796 2802; x_wconf 90' lang='lat' dir='ltr'><strong>obiret,</strong></span> <span class='ocrx_word' id='word_1_405' title='bbox 2820 2745 2878 2790; x_wconf 89' lang='lat' dir='ltr'><strong>ut</strong></span> <span class='ocrx_word' id='word_1_406' title='bbox 2902 2735 3148 2792; x_wconf 88' lang='lat' dir='ltr'><strong>cumulus</strong></span> <span class='ocrx_word' id='word_1_407' title='bbox 3169 2751 3283 2792; x_wconf 72' lang='lat' dir='ltr'><strong>sua:</strong></span> <span class='ocrx_word' id='word_1_408' title='bbox 3302 2738 3642 2807; x_wconf 80' lang='lat' dir='ltr'><strong>perditionis</strong></span> <span class='ocrx_word' id='word_1_409' title='bbox 3652 2740 3837 2809; x_wconf 77' lang='lat' dir='ltr'><strong>jnstins</strong></span> 
     </span>
    </p>
   </div>
   <div class='ocr_carea' id='block_1_56' title="bbox 2216 2830 3834 2899">
    <p class='ocr_par' dir='ltr' id='par_1_56' title="bbox 2216 2830 3834 2899">
     <span class='ocr_line' id='line_1_56' title="bbox 2216 2830 3834 2899; baseline -0.001 -16"><span class='ocrx_word' id='word_1_410' title='bbox 2216 2837 2553 2896; x_wconf 62' lang='lat' dir='ltr'><strong>augeret-ur,</strong></span> <span class='ocrx_word' id='word_1_411' title='bbox 2585 2843 2684 2898; x_wconf 91' lang='lat' dir='ltr'><strong>pro</strong></span> <span class='ocrx_word' id='word_1_412' title='bbox 2711 2843 2897 2882; x_wconf 89' lang='lat' dir='ltr'><strong>amore</strong></span> <span class='ocrx_word' id='word_1_413' title='bbox 2931 2831 3173 2898; x_wconf 73' lang='lat' dir='ltr'><strong>pecunia:</strong></span> <span class='ocrx_word' id='word_1_414' title='bbox 3223 2830 3587 2899; x_wconf 86' lang='lat' dir='ltr'><strong>spectabilem</strong></span> <span class='ocrx_word' id='word_1_415' title='bbox 3638 2841 3690 2887; x_wconf 86' lang='lat' dir='ltr'><strong>et</strong></span> <span class='ocrx_word' id='word_1_416' title='bbox 3732 2833 3834 2885; x_wconf 72' lang='lat' dir='ltr'><strong>[leo</strong></span> 
     </span>
    </p>
   </div>
   <div class='ocr_carea' id='block_1_57' title="bbox 2243 2916 3839 2988">
    <p class='ocr_par' dir='ltr' id='par_1_57' title="bbox 2243 2916 3839 2988">
     <span class='ocr_line' id='line_1_57' title="bbox 2243 2916 3839 2988; baseline 0.002 -18"><span class='ocrx_word' id='word_1_417' title='bbox 2243 2916 2462 2986; x_wconf 87' lang='lat' dir='ltr'><strong>dignum</strong></span> <span class='ocrx_word' id='word_1_418' title='bbox 2503 2918 2678 2971; x_wconf 91' lang='lat' dir='ltr'><strong>virum</strong></span> <span class='ocrx_word' id='word_1_419' title='bbox 2714 2919 3002 2973; x_wconf 85' lang='lat' dir='ltr'><strong>sanctitate</strong></span> <span class='ocrx_word' id='word_1_420' title='bbox 3026 2920 3401 2988; x_wconf 88' lang='lat' dir='ltr'><strong>conspicuum,</strong></span> <span class='ocrx_word' id='word_1_421' title='bbox 3435 2919 3728 2976; x_wconf 86' lang='lat' dir='ltr'><strong>Deusdedit</strong></span> <span class='ocrx_word' id='word_1_422' title='bbox 3751 2936 3839 2973; x_wconf 71' lang='lat' dir='ltr'><strong>no-</strong></span> 
     </span>
    </p>
   </div>
   <div class='ocr_carea' id='block_1_58' title="bbox 2242 3009 3838 3083">
    <p class='ocr_par' dir='ltr' id='par_1_58' title="bbox 2242 3009 3838 3083">
     <span class='ocr_line' id='line_1_58' title="bbox 2242 3009 3838 3083; baseline 0.003 -21"><span class='ocrx_word' id='word_1_423' title='bbox 2242 3009 2409 3073; x_wconf 90' lang='lat' dir='ltr'><strong>mine,</strong></span> <span class='ocrx_word' id='word_1_424' title='bbox 2446 3009 2743 3064; x_wconf 87' lang='lat' dir='ltr'><strong>beatissimi</strong></span> <span class='ocrx_word' id='word_1_425' title='bbox 2772 3009 3046 3065; x_wconf 84' lang='lat' dir='ltr'><strong>Benedicti</strong></span> <span class='ocrx_word' id='word_1_426' title='bbox 3073 3009 3339 3065; x_wconf 87' lang='lat' dir='ltr'><strong>viearium</strong></span> <span class='ocrx_word' id='word_1_427' title='bbox 3365 3011 3416 3076; x_wconf 68' lang='lat' dir='ltr'><strong>b,</strong></span> <span class='ocrx_word' id='word_1_428' title='bbox 3453 3028 3486 3065; x_wconf 85' lang='lat' dir='ltr'><strong>a</strong></span> <span class='ocrx_word' id='word_1_429' title='bbox 3527 3013 3776 3083; x_wconf 75' lang='lat' dir='ltr'><strong>pastorali</strong></span> <span class='ocrx_word' id='word_1_430' title='bbox 3801 3012 3838 3041; x_wconf 71' lang='grc' dir='ltr'>ιε</span> 
     </span>
    </p>
   </div>
   <div class='ocr_carea' id='block_1_59' title="bbox 2243 3095 3841 3174">
    <p class='ocr_par' dir='ltr' id='par_1_59' title="bbox 2243 3095 3841 3174">
     <span class='ocr_line' id='line_1_59' title="bbox 2243 3095 3841 3174; baseline 0.003 -24"><span class='ocrx_word' id='word_1_431' title='bbox 2243 3100 2574 3153; x_wconf 87' lang='lat' dir='ltr'><strong>monasterio</strong></span> <span class='ocrx_word' id='word_1_432' title='bbox 2602 3100 2990 3154; x_wconf 83' lang='lat' dir='ltr'><strong>monachorum</strong></span> <span class='ocrx_word' id='word_1_433' title='bbox 3019 3095 3263 3156; x_wconf 83' lang='lat' dir='ltr'><strong>.seculari</strong></span> <span class='ocrx_word' id='word_1_434' title='bbox 3301 3099 3348 3131; x_wconf 80' lang='grc'><strong>¹⁸</strong></span> <span class='ocrx_word' id='word_1_435' title='bbox 3389 3104 3574 3172; x_wconf 81' lang='lat' dir='ltr'><strong>magis</strong></span> <span class='ocrx_word' id='word_1_436' title='bbox 3613 3103 3841 3174; x_wconf 69' lang='lat' dir='ltr'><strong>potentia</strong></span> 
     </span>
    </p>
   </div>
   <div class='ocr_carea' id='block_1_60' title="bbox 2243 3190 3841 3262">
    <p class='ocr_par' dir='ltr' id='par_1_60' title="bbox 2243 3190 3841 3262">
     <span class='ocr_line' id='line_1_60' title="bbox 2243 3190 3841 3262; baseline 0.003 -19"><span class='ocrx_word' id='word_1_437' title='bbox 2243 3207 2406 3260; x_wconf 91' lang='lat' dir='ltr'><strong>quam</strong></span> <span class='ocrx_word' id='word_1_438' title='bbox 2449 3207 2684 3262; x_wconf 85' lang='lat' dir='ltr'><strong>congrua</strong></span> <span class='ocrx_word' id='word_1_439' title='bbox 2726 3191 2934 3246; x_wconf 87' lang='lat' dir='ltr'><strong>ratione</strong></span> <span class='ocrx_word' id='word_1_440' title='bbox 2971 3192 3218 3261; x_wconf 87' lang='lat' dir='ltr'><strong>deposuit</strong></span> <span class='ocrx_word' id='word_1_441' title='bbox 3249 3190 3617 3248; x_wconf 70' lang='lat' dir='ltr'><strong>ac&#39;custodia:</strong></span> <span class='ocrx_word' id='word_1_442' title='bbox 3654 3194 3841 3248; x_wconf 77' lang='lat' dir='ltr'><strong>ntanci-</strong></span> 
     </span>
    </p>
   </div>
   <div class='ocr_carea' id='block_1_61' title="bbox 2243 3281 3843 3353">
    <p class='ocr_par' dir='ltr' id='par_1_61' title="bbox 2243 3281 3843 3353">
     <span class='ocr_line' id='line_1_61' title="bbox 2243 3281 3843 3353; baseline 0.001 -19"><span class='ocrx_word' id='word_1_443' title='bbox 2243 3281 2420 3350; x_wconf 87' lang='lat' dir='ltr'><strong>pavit;</strong></span> <span class='ocrx_word' id='word_1_444' title='bbox 2451 3281 2710 3352; x_wconf 88' lang='lat' dir='ltr'><strong>cujusque</strong></span> <span class='ocrx_word' id='word_1_445' title='bbox 2754 3296 2897 3336; x_wconf 89' lang='lat' dir='ltr'><strong>nunc</strong></span> <span class='ocrx_word' id='word_1_446' title='bbox 2938 3296 3109 3351; x_wconf 83' lang='lat' dir='ltr'><strong>usque</strong></span> <span class='ocrx_word' id='word_1_447' title='bbox 3136 3283 3382 3347; x_wconf 89' lang='lat' dir='ltr'><strong>cineres,</strong></span> <span class='ocrx_word' id='word_1_448' title='bbox 3415 3284 3461 3324; x_wconf 76' lang='grc'><em>³³</em></span> <span class='ocrx_word' id='word_1_449' title='bbox 3488 3299 3603 3353; x_wconf 80' lang='lat' dir='ltr'><strong>quo</strong></span> <span class='ocrx_word' id='word_1_450' title='bbox 3634 3287 3843 3340; x_wconf 65' lang='lat' dir='ltr'><strong>recubat</strong></span> 
     </span>
    </p>
   </div>
   <div class='ocr_carea' id='block_1_62' title="bbox 547 3369 3845 3456">
    <p class='ocr_par' dir='ltr' id='par_1_62' title="bbox 547 3369 3845 3456">
     <span class='ocr_line' id='line_1_62' title="bbox 547 3369 3845 3456; baseline -0.004 -16"><span class='ocrx_word' id='word_1_451' title='bbox 547 3387 724 3442; x_wconf 87' lang='lat' dir='ltr'><strong>valida</strong></span> <span class='ocrx_word' id='word_1_452' title='bbox 752 3383 1055 3456; x_wconf 85' lang='lat' dir='ltr'><strong>egrediens,</strong></span> <span class='ocrx_word' id='word_1_453' title='bbox 1105 3379 1344 3436; x_wconf 89' lang='lat' dir='ltr'><strong>Siciliam</strong></span> <span class='ocrx_word' id='word_1_454' title='bbox 1384 3375 1691 3448; x_wconf 81' lang='lat' dir='ltr'><strong>properavit</strong></span> <span class='ocrx_word' id='word_1_455' title='bbox 1741 3373 1911 3445; x_wconf 69' lang='lat'><strong>(852),</strong></span> <span class='ocrx_word' id='word_1_456' title='bbox 1954 3372 2135 3427; x_wconf 87' lang='lat' dir='ltr'><strong>omnia</strong></span> <span class='ocrx_word' id='word_1_457' title='bbox 2164 3372 2207 3430; x_wconf 89' lang='lat' dir='ltr'>C</span> <span class='ocrx_word' id='word_1_458' title='bbox 2239 3369 2516 3437; x_wconf 89' lang='lat' dir='ltr'><strong>ltumatns,</strong></span> <span class='ocrx_word' id='word_1_459' title='bbox 2548 3371 2834 3426; x_wconf 88' lang='lat' dir='ltr'><strong>nonnullos</strong></span> <span class='ocrx_word' id='word_1_460' title='bbox 2855 3370 3004 3426; x_wconf 89' lang='lat' dir='ltr'><strong>febre</strong></span> <span class='ocrx_word' id='word_1_461' title='bbox 3031 3372 3278 3426; x_wconf 80' lang='lat' dir='ltr'><strong>delentes</strong></span> <span class='ocrx_word' id='word_1_462' title='bbox 3306 3372 3592 3443; x_wconf 86' lang='lat' dir='ltr'><strong>variisque</strong></span> <span class='ocrx_word' id='word_1_463' title='bbox 3621 3374 3845 3444; x_wconf 72' lang='lat' dir='ltr'><strong>langori-</strong></span> 
     </span>
    </p>
   </div>
   <div class='ocr_carea' id='block_1_63' title="bbox 547 3462 2141 3545">
    <p class='ocr_par' dir='ltr' id='par_1_63' title="bbox 547 3462 2141 3545">
     <span class='ocr_line' id='line_1_63' title="bbox 547 3462 2141 3545; baseline -0.009 -14"><span class='ocrx_word' id='word_1_464' title='bbox 547 3477 965 3545; x_wconf 77' lang='lat' dir='ltr'><strong>t&#39;ircumq‘uaque</strong></span> <span class='ocrx_word' id='word_1_465' title='bbox 987 3474 1303 3534; x_wconf 85' lang='lat' dir='ltr'><strong>devastans;</strong></span> <span class='ocrx_word' id='word_1_466' title='bbox 1336 3467 1550 3522; x_wconf 88' lang='lat' dir='ltr'><strong>tandem</strong></span> <span class='ocrx_word' id='word_1_467' title='bbox 1575 3465 1850 3520; x_wconf 86' lang='lat' dir='ltr'><strong>civitatem</strong></span> <span class='ocrx_word' id='word_1_468' title='bbox 1877 3462 2141 3533; x_wconf 77' lang='lat' dir='ltr'><strong>insignem</strong></span> 
     </span>
    </p>
   </div>
   <div class='ocr_carea' id='block_1_64' title="bbox 551 3564 2143 3632">
    <p class='ocr_par' dir='ltr' id='par_1_64' title="bbox 551 3564 2143 3632">
     <span class='ocr_line' id='line_1_64' title="bbox 551 3564 2143 3632; baseline -0.009 -10"><span class='ocrx_word' id='word_1_469' title='bbox 551 3571 873 3623; x_wconf 82' lang='lat' dir='ltr'><strong>Patmmtum</strong></span> <span class='ocrx_word' id='word_1_470' title='bbox 904 3564 1117 3620; x_wconf 84' lang='lat' dir='ltr'><strong>nomine</strong></span> <span class='ocrx_word' id='word_1_471' title='bbox 1144 3572 1379 3632; x_wconf 90' lang='lat' dir='ltr'><strong>captam,</strong></span> <span class='ocrx_word' id='word_1_472' title='bbox 1431 3576 1574 3614; x_wconf 85' lang='lat' dir='ltr'><strong>nunc</strong></span> <span class='ocrx_word' id='word_1_473' title='bbox 1623 3571 1792 3627; x_wconf 88' lang='lat' dir='ltr'><strong>usque</strong></span> <span class='ocrx_word' id='word_1_474' title='bbox 1840 3570 2143 3610; x_wconf 82' lang='lat' dir='ltr'><strong>commora-</strong></span> 
     </span>
    </p>
   </div>
   <div class='ocr_carea' id='block_1_65' title="bbox 551 3647 2140 3729">
    <p class='ocr_par' dir='ltr' id='par_1_65' title="bbox 551 3647 2140 3729">
     <span class='ocr_line' id='line_1_65' title="bbox 551 3647 2140 3729; baseline -0.008 -17"><span class='ocrx_word' id='word_1_475' title='bbox 551 3670 659 3726; x_wconf 86' lang='lat' dir='ltr'><strong>tur,</strong></span> <span class='ocrx_word' id='word_1_476' title='bbox 702 3659 1072 3729; x_wconf 84' lang='lat' dir='ltr'><strong>plnrimasque</strong></span> <span class='ocrx_word' id='word_1_477' title='bbox 1111 3656 1164 3708; x_wconf 90' lang='lat' dir='ltr'><strong>in</strong></span> <span class='ocrx_word' id='word_1_478' title='bbox 1196 3654 1382 3708; x_wconf 89' lang='lat' dir='ltr'><strong>eadem</strong></span> <span class='ocrx_word' id='word_1_479' title='bbox 1415 3651 1588 3706; x_wconf 89' lang='lat' dir='ltr'><strong>insula</strong></span> <span class='ocrx_word' id='word_1_480' title='bbox 1638 3651 1799 3705; x_wconf 88' lang='lat' dir='ltr'><strong>urbes</strong></span> <span class='ocrx_word' id='word_1_481' title='bbox 1843 3657 1898 3702; x_wconf 87' lang='lat' dir='ltr'><strong>et</strong></span> <span class='ocrx_word' id='word_1_482' title='bbox 1948 3647 2140 3716; x_wconf 87' lang='lat' dir='ltr'><strong>oppida</strong></span> 
     </span>
    </p>
   </div>
   <div class='ocr_carea' id='block_1_66' title="bbox 550 3738 2141 3815">
    <p class='ocr_par' dir='ltr' id='par_1_66' title="bbox 550 3738 2141 3815">
     <span class='ocr_line' id='line_1_66' title="bbox 550 3738 2141 3815; baseline -0.008 -12"><span class='ocrx_word' id='word_1_483' title='bbox 550 3750 836 3811; x_wconf 87' lang='lat' dir='ltr'><strong>dirrucns,</strong></span> <span class='ocrx_word' id='word_1_484' title='bbox 879 3747 988 3815; x_wconf 87' lang='lat' dir='ltr'><strong>jam</strong></span> <span class='ocrx_word' id='word_1_485' title='bbox 1042 3760 1177 3814; x_wconf 91' lang='lat' dir='ltr'><strong>pene</strong></span> <span class='ocrx_word' id='word_1_486' title='bbox 1235 3753 1342 3797; x_wconf 87' lang='lat' dir='ltr'><strong>tota</strong></span> <span class='ocrx_word' id='word_1_487' title='bbox 1395 3742 1608 3796; x_wconf 82' lang='lat' dir='ltr'><strong>illarum</strong></span> <span class='ocrx_word' id='word_1_488' title='bbox 1660 3740 1900 3811; x_wconf 85' lang='lat' dir='ltr'><strong>gentium</strong></span> <span class='ocrx_word' id='word_1_489' title='bbox 1953 3738 2141 3793; x_wconf 70' lang='lat' dir='ltr'><strong>ditiani</strong></span> 
     </span>
    </p>
   </div>
   <div class='ocr_carea' id='block_1_67' title="bbox 543 3829 2139 3905">
    <p class='ocr_par' dir='ltr' id='par_1_67' title="bbox 543 3829 2139 3905">
     <span class='ocr_line' id='line_1_67' title="bbox 543 3829 2139 3905; baseline -0.008 -11"><span class='ocrx_word' id='word_1_490' title='bbox 543 3838 821 3894; x_wconf 78' lang='lat' dir='ltr'><strong>‘snbstrata</strong></span> <span class='ocrx_word' id='word_1_491' title='bbox 851 3835 1223 3905; x_wconf 80' lang='lat' dir='ltr'><strong>congemiscit.</strong></span> <span class='ocrx_word' id='word_1_492' title='bbox 1267 3831 1436 3902; x_wconf 60' lang='lat'><strong>(840.)</strong></span> <span class='ocrx_word' id='word_1_493' title='bbox 1463 3832 1608 3886; x_wconf 90' lang='lat' dir='ltr'><strong>lnter</strong></span> <span class='ocrx_word' id='word_1_494' title='bbox 1635 3831 1746 3884; x_wconf 70' lang='lat' dir='ltr'><strong>bam</strong></span> <span class='ocrx_word' id='word_1_495' title='bbox 1777 3829 2007 3883; x_wconf 89' lang='lat' dir='ltr'><strong>moritur</strong></span> <span class='ocrx_word' id='word_1_496' title='bbox 2036 3829 2139 3882; x_wconf 77' lang='lat' dir='ltr'><strong>Lo-</strong></span> 
     </span>
    </p>
   </div>
   <div class='ocr_carea' id='block_1_68' title="bbox 510 3921 2143 4000">
    <p class='ocr_par' dir='ltr' id='par_1_68' title="bbox 510 3921 2143 4000">
     <span class='ocr_line' id='line_1_68' title="bbox 510 3921 2143 4000; baseline -0.004 -20"><span class='ocrx_word' id='word_1_497' title='bbox 510 3964 512 3968; x_wconf 58' lang='grc' dir='ltr'><strong><em>τ</em></strong></span> <span class='ocrx_word' id='word_1_498' title='bbox 553 3930 813 4000; x_wconf 77' lang='lat' dir='ltr'><strong>doguicus</strong></span> <span class='ocrx_word' id='word_1_499' title='bbox 835 3969 848 3989; x_wconf 93' lang='lat'><strong>,</strong></span> <span class='ocrx_word' id='word_1_500' title='bbox 883 3927 973 3998; x_wconf 89' lang='lat' dir='ltr'><strong>qui</strong></span> <span class='ocrx_word' id='word_1_501' title='bbox 1004 3929 1272 3982; x_wconf 89' lang='lat' dir='ltr'><strong>secundus</strong></span> <span class='ocrx_word' id='word_1_502' title='bbox 1305 3926 1359 3980; x_wconf 92' lang='lat' dir='ltr'><strong>in</strong></span> <span class='ocrx_word' id='word_1_503' title='bbox 1390 3923 1561 3978; x_wconf 87' lang='lat' dir='ltr'><strong>Gallia</strong></span> <span class='ocrx_word' id='word_1_504' title='bbox 1610 3921 1873 3992; x_wconf 85' lang='lat' dir='ltr'><strong>augustali</strong></span> <span class='ocrx_word' id='word_1_505' title='bbox 1915 3929 2143 3992; x_wconf 67' lang='lat' dir='ltr'><strong>praeerat</strong></span> 
     </span>
    </p>
   </div>
   <div class='ocr_carea' id='block_1_69' title="bbox 543 4010 2140 4086">
    <p class='ocr_par' dir='ltr' id='par_1_69' title="bbox 543 4010 2140 4086">
     <span class='ocr_line' id='line_1_69' title="bbox 543 4010 2140 4086; baseline -0.004 -16"><span class='ocrx_word' id='word_1_506' title='bbox 543 4016 1137 4086; x_wconf 48' lang='lat' dir='ltr'><strong>&#39;itnperio,&#39;Lutharius</strong></span> <span class='ocrx_word' id='word_1_507' title='bbox 1172 4013 1508 4083; x_wconf 87' lang='lat' dir='ltr'><strong>supradictus</strong></span> <span class='ocrx_word' id='word_1_508' title='bbox 1559 4011 1701 4073; x_wconf 90' lang='lat' dir='ltr'><strong>illius</strong></span> <span class='ocrx_word' id='word_1_509' title='bbox 1742 4011 1890 4078; x_wconf 78' lang='lat' dir='ltr'><strong>regni</strong></span> <span class='ocrx_word' id='word_1_510' title='bbox 1930 4010 2140 4064; x_wconf 64' lang='lat' dir='ltr'><strong>haeres’</strong></span> 
     </span>
    </p>
   </div>
   <div class='ocr_carea' id='block_1_70' title="bbox 551 4100 2145 4174">
    <p class='ocr_par' dir='ltr' id='par_1_70' title="bbox 551 4100 2145 4174">
     <span class='ocr_line' id='line_1_70' title="bbox 551 4100 2145 4174; baseline -0.004 -13"><span class='ocrx_word' id='word_1_511' title='bbox 551 4107 772 4162; x_wconf 83' lang='lat' dir='ltr'><strong>cil&#39;ectus</strong></span> <span class='ocrx_word' id='word_1_512' title='bbox 799 4116 903 4171; x_wconf 90' lang='lat' dir='ltr'><strong>est,</strong></span> <span class='ocrx_word' id='word_1_513' title='bbox 942 4115 1102 4174; x_wconf 89' lang='lat' dir='ltr'><strong>atque</strong></span> <span class='ocrx_word' id='word_1_514' title='bbox 1146 4105 1218 4158; x_wconf 84' lang='lat' dir='ltr'><strong>ab</strong></span> <span class='ocrx_word' id='word_1_515' title='bbox 1258 4105 1362 4158; x_wconf 90' lang='lat' dir='ltr'><strong>hoc</strong></span> <span class='ocrx_word' id='word_1_516' title='bbox 1407 4102 1740 4157; x_wconf 85' lang='lat' dir='ltr'><strong>Francorum</strong></span> <span class='ocrx_word' id='word_1_517' title='bbox 1780 4100 2013 4154; x_wconf 85' lang='lat' dir='ltr'><strong>divisum</strong></span> <span class='ocrx_word' id='word_1_518' title='bbox 2061 4107 2145 4154; x_wconf 88' lang='lat' dir='ltr'><strong>est</strong></span> 
     </span>
    </p>
   </div>
   <div class='ocr_carea' id='block_1_71' title="bbox 554 4189 2142 4266">
    <p class='ocr_par' dir='ltr' id='par_1_71' title="bbox 554 4189 2142 4266">
     <span class='ocr_line' id='line_1_71' title="bbox 554 4189 2142 4266; baseline -0.006 -16"><span class='ocrx_word' id='word_1_519' title='bbox 554 4212 799 4265; x_wconf 82' lang='lat' dir='ltr'><strong>regnum,</strong></span> <span class='ocrx_word' id='word_1_520' title='bbox 839 4197 1092 4266; x_wconf 89' lang='lat' dir='ltr'><strong>quoniam</strong></span> <span class='ocrx_word' id='word_1_521' title='bbox 1141 4193 1433 4247; x_wconf 85' lang='lat' dir='ltr'><strong>Lutharius</strong></span> <span class='ocrx_word' id='word_1_522' title='bbox 1459 4192 1764 4262; x_wconf 80' lang='lat' dir='ltr'><strong>Aquensem</strong></span> <span class='ocrx_word' id='word_1_523' title='bbox 1792 4199 1847 4244; x_wconf 87' lang='lat' dir='ltr'><strong>et</strong></span> <span class='ocrx_word' id='word_1_524' title='bbox 1875 4189 2142 4254; x_wconf 83' lang='lat' dir='ltr'><strong>Italicum,</strong></span> 
     </span>
    </p>
   </div>
   <div class='ocr_carea' id='block_1_72' title="bbox 536 4273 2145 4361">
    <p class='ocr_par' dir='ltr' id='par_1_72' title="bbox 536 4273 2145 4361">
     <span class='ocr_line' id='line_1_72' title="bbox 536 4273 2145 4361; baseline -0.009 -14"><span class='ocrx_word' id='word_1_525' title='bbox 536 4291 894 4361; x_wconf 34' lang='lat' dir='ltr'><strong>&#39;Lodoguicus</strong></span> <span class='ocrx_word' id='word_1_526' title='bbox 922 4297 1102 4343; x_wconf 90' lang='lat' dir='ltr'><strong>autem</strong></span> <span class='ocrx_word' id='word_1_527' title='bbox 1141 4284 1470 4356; x_wconf 78' lang='lat' dir='ltr'><strong>Bajoarium,</strong></span> <span class='ocrx_word' id='word_1_528' title='bbox 1502 4283 1695 4338; x_wconf 79' lang='lat' dir='ltr'><strong>Karlus</strong></span> <span class='ocrx_word' id='word_1_529' title='bbox 1738 4298 1887 4348; x_wconf 90' lang='lat' dir='ltr'><strong>vero,</strong></span> <span class='ocrx_word' id='word_1_530' title='bbox 1923 4296 1990 4336; x_wconf 79' lang='lat' dir='ltr'><strong>ex</strong></span> <span class='ocrx_word' id='word_1_531' title='bbox 2038 4273 2145 4334; x_wconf 83' lang='lat' dir='ltr'><strong>alia</strong></span> 
     </span>
    </p>
   </div>
   <div class='ocr_carea' id='block_1_73' title="bbox 549 4375 2000 4453">
    <p class='ocr_par' dir='ltr' id='par_1_73' title="bbox 549 4375 2000 4453">
     <span class='ocr_line' id='line_1_73' title="bbox 549 4375 2000 4453; baseline -0.008 -15"><span class='ocrx_word' id='word_1_532' title='bbox 549 4395 703 4439; x_wconf 87' lang='lat' dir='ltr'><strong>ortus</strong></span> <span class='ocrx_word' id='word_1_533' title='bbox 735 4382 1018 4453; x_wconf 83' lang='lat' dir='ltr'><strong>genitrice,</strong></span> <span class='ocrx_word' id='word_1_534' title='bbox 1050 4380 1410 4450; x_wconf 81' lang='lat' dir='ltr'><strong>Aquitaneum</strong></span> <span class='ocrx_word' id='word_1_535' title='bbox 1445 4376 1664 4447; x_wconf 88' lang='lat' dir='ltr'><strong>regebat</strong></span> <span class='ocrx_word' id='word_1_536' title='bbox 1695 4375 2000 4444; x_wconf 89' lang='lat' dir='ltr'><strong>imperium.</strong></span> 
     </span>
    </p>
   </div>
   <div class='ocr_carea' id='block_1_74' title="bbox 625 4471 2145 4545">
    <p class='ocr_par' dir='ltr' id='par_1_74' title="bbox 625 4471 2145 4545">
     <span class='ocr_line' id='line_1_74' title="bbox 625 4471 2145 4545; baseline -0.007 -16"><span class='ocrx_word' id='word_1_537' title='bbox 625 4475 712 4529; x_wconf 75' lang='lat' dir='ltr'><strong>l2.</strong></span> <span class='ocrx_word' id='word_1_538' title='bbox 753 4473 921 4545; x_wconf 81' lang='grc'><strong>(855.)</strong></span> <span class='ocrx_word' id='word_1_539' title='bbox 951 4471 1056 4527; x_wconf 90' lang='lat' dir='ltr'><strong>Sed</strong></span> <span class='ocrx_word' id='word_1_540' title='bbox 1081 4479 1139 4524; x_wconf 89' lang='grc' dir='ltr'><strong>ιιι</strong></span> <span class='ocrx_word' id='word_1_541' title='bbox 1170 4480 1314 4524; x_wconf 87' lang='lat' dir='ltr'><strong>retro</strong></span> <span class='ocrx_word' id='word_1_542' title='bbox 1338 4477 1542 4523; x_wconf 87' lang='lat' dir='ltr'><strong>vertam</strong></span> <span class='ocrx_word' id='word_1_543' title='bbox 1572 4480 1901 4530; x_wconf 90' lang='lat' dir='ltr'><strong>sermonem,</strong></span> <span class='ocrx_word' id='word_1_544' title='bbox 1934 4473 2145 4518; x_wconf 85' lang='lat' dir='ltr'><strong>mortuo</strong></span> 
     </span>
    </p>
   </div>
   <div class='ocr_carea' id='block_1_75' title="bbox 542 4555 2172 4633">
    <p class='ocr_par' dir='ltr' id='par_1_75' title="bbox 542 4555 2172 4633">
     <span class='ocr_line' id='line_1_75' title="bbox 542 4555 2172 4633; baseline -0.01 -9"><span class='ocrx_word' id='word_1_545' title='bbox 542 4569 770 4633; x_wconf 86' lang='lat' dir='ltr'><strong>‘Sicone,</strong></span> <span class='ocrx_word' id='word_1_546' title='bbox 823 4565 1077 4621; x_wconf 88' lang='lat' dir='ltr'><strong>Sicardus</strong></span> <span class='ocrx_word' id='word_1_547' title='bbox 1123 4562 1494 4618; x_wconf 86' lang='lat' dir='ltr'><strong>monarehiam</strong></span> <span class='ocrx_word' id='word_1_548' title='bbox 1538 4557 1710 4614; x_wconf 90' lang='lat' dir='ltr'><strong>solum</strong></span> <span class='ocrx_word' id='word_1_549' title='bbox 1752 4556 2005 4627; x_wconf 88' lang='lat' dir='ltr'><strong>eptinuit,</strong></span> <span class='ocrx_word' id='word_1_550' title='bbox 2052 4555 2172 4628; x_wconf 24' lang='lat' dir='ltr'><strong>qui.</strong></span> 
     </span>
    </p>
   </div>
   <div class='ocr_carea' id='block_1_76' title="bbox 540 4645 2145 4732">
    <p class='ocr_par' dir='ltr' id='par_1_76' title="bbox 540 4645 2145 4732">
     <span class='ocr_line' id='line_1_76' title="bbox 540 4645 2145 4732; baseline -0.01 -16"><span class='ocrx_word' id='word_1_551' title='bbox 540 4664 659 4732; x_wconf 83' lang='lat' dir='ltr'><strong>jam</strong></span> <span class='ocrx_word' id='word_1_552' title='bbox 689 4675 810 4714; x_wconf 90' lang='lat' dir='ltr'><strong>cum</strong></span> <span class='ocrx_word' id='word_1_553' title='bbox 839 4668 991 4726; x_wconf 76' lang='lat' dir='ltr'><strong>patre</strong></span> <span class='ocrx_word' id='word_1_554' title='bbox 1019 4655 1214 4724; x_wconf 83' lang='lat' dir='ltr'><strong>saepius</strong></span> <span class='ocrx_word' id='word_1_555' title='bbox 1243 4659 1541 4706; x_wconf 90' lang='lat' dir='ltr'><strong>memorato</strong></span> <span class='ocrx_word' id='word_1_556' title='bbox 1567 4664 1662 4718; x_wconf 88' lang='lat' dir='ltr'><strong>per</strong></span> <span class='ocrx_word' id='word_1_557' title='bbox 1688 4647 1891 4717; x_wconf 82' lang='lat' dir='ltr'><strong>aliquot</strong></span> <span class='ocrx_word' id='word_1_558' title='bbox 1917 4645 2145 4701; x_wconf 81' lang='lat' dir='ltr'><strong>feliciter</strong></span> 
     </span>
    </p>
   </div>
   <div class='ocr_carea' id='block_1_77' title="bbox 2248 3462 3845 3534">
    <p class='ocr_par' dir='ltr' id='par_1_77' title="bbox 2248 3462 3845 3534">
     <span class='ocr_line' id='line_1_77' title="bbox 2248 3462 3845 3534; baseline 0.001 -17"><span class='ocrx_word' id='word_1_559' title='bbox 2248 3462 2350 3517; x_wconf 90' lang='lat' dir='ltr'><strong>bus</strong></span> <span class='ocrx_word' id='word_1_560' title='bbox 2371 3477 2658 3533; x_wconf 83' lang='lat' dir='ltr'><strong>Oppressos</strong></span> <span class='ocrx_word' id='word_1_561' title='bbox 2677 3479 2743 3518; x_wconf 80' lang='lat' dir='ltr'><strong>ex</strong></span> <span class='ocrx_word' id='word_1_562' title='bbox 2769 3464 2872 3520; x_wconf 76' lang='lat' dir='ltr'><strong>[ide</strong></span> <span class='ocrx_word' id='word_1_563' title='bbox 2886 3473 3170 3534; x_wconf 88' lang='lat' dir='ltr'><strong>poscentes</strong></span> <span class='ocrx_word' id='word_1_564' title='bbox 3189 3465 3526 3520; x_wconf 88' lang='lat' dir='ltr'><strong>creberrime</strong></span> <span class='ocrx_word' id='word_1_565' title='bbox 3548 3481 3738 3522; x_wconf 82' lang='lat' dir='ltr'><strong>curare</strong></span> <span class='ocrx_word' id='word_1_566' title='bbox 3757 3481 3845 3518; x_wconf 74' lang='lat' dir='ltr'><strong>m-</strong></span> 
     </span>
    </p>
   </div>
   <div class='ocr_carea' id='block_1_78' title="bbox 2245 3556 3841 3628">
    <p class='ocr_par' dir='ltr' id='par_1_78' title="bbox 2245 3556 3841 3628">
     <span class='ocr_line' id='line_1_78' title="bbox 2245 3556 3841 3628; baseline 0.003 -18"><span class='ocrx_word' id='word_1_567' title='bbox 2245 3564 2488 3610; x_wconf 85' lang='lat' dir='ltr'><strong>scuntnr.</strong></span> <span class='ocrx_word' id='word_1_568' title='bbox 2521 3556 2660 3623; x_wconf 83' lang='lat' dir='ltr'><strong>Quid</strong></span> <span class='ocrx_word' id='word_1_569' title='bbox 2699 3558 2842 3610; x_wconf 90' lang='lat' dir='ltr'><strong>enim</strong></span> <span class='ocrx_word' id='word_1_570' title='bbox 2881 3557 3055 3611; x_wconf 88' lang='lat' dir='ltr'><strong>dicam</strong></span> <span class='ocrx_word' id='word_1_571' title='bbox 3095 3557 3162 3611; x_wconf 88' lang='lat' dir='ltr'><strong>de</strong></span> <span class='ocrx_word' id='word_1_572' title='bbox 3209 3557 3368 3627; x_wconf 83' lang='lat' dir='ltr'><strong>hujus</strong></span> <span class='ocrx_word' id='word_1_573' title='bbox 3415 3558 3519 3613; x_wconf 88' lang='lat' dir='ltr'><strong>viri</strong></span> <span class='ocrx_word' id='word_1_574' title='bbox 3572 3558 3841 3628; x_wconf 83' lang='lat' dir='ltr'><strong>nequitiis.</strong></span> 
     </span>
    </p>
   </div>
   <div class='ocr_carea' id='block_1_79' title="bbox 2244 3648 3841 3720">
    <p class='ocr_par' dir='ltr' id='par_1_79' title="bbox 2244 3648 3841 3720">
     <span class='ocr_line' id='line_1_79' title="bbox 2244 3648 3841 3720; baseline -0.001 -18"><span class='ocrx_word' id='word_1_575' title='bbox 2244 3649 2459 3719; x_wconf 86' lang='lat' dir='ltr'><strong>quando</strong></span> <span class='ocrx_word' id='word_1_576' title='bbox 2498 3649 2714 3720; x_wconf 90' lang='lat' dir='ltr'><strong>quidem</strong></span> <span class='ocrx_word' id='word_1_577' title='bbox 2743 3648 3018 3703; x_wconf 88' lang='lat' dir='ltr'><strong>distractis</strong></span> <span class='ocrx_word' id='word_1_578' title='bbox 3049 3648 3406 3703; x_wconf 85' lang='lat' dir='ltr'><strong>ecclesiarum</strong></span> <span class='ocrx_word' id='word_1_579' title='bbox 3443 3650 3841 3705; x_wconf 61' lang='lat' dir='ltr'><strong>ca-nobiorumo</strong></span> 
     </span>
    </p>
   </div>
   <div class='ocr_carea' id='block_1_80' title="bbox 2244 3740 3849 3812">
    <p class='ocr_par' dir='ltr' id='par_1_80' title="bbox 2244 3740 3849 3812">
     <span class='ocr_line' id='line_1_80' title="bbox 2244 3740 3849 3812; baseline -0.001 -18"><span class='ocrx_word' id='word_1_580' title='bbox 2244 3757 2350 3812; x_wconf 89' lang='lat' dir='ltr'><strong>que</strong></span> <span class='ocrx_word' id='word_1_581' title='bbox 2379 3742 2615 3812; x_wconf 70' lang='lat' dir='ltr'><strong>praediis,</strong></span> <span class='ocrx_word' id='word_1_582' title='bbox 2649 3740 2916 3796; x_wconf 87' lang='lat' dir='ltr'><strong>nobilibus</strong></span> <span class='ocrx_word' id='word_1_583' title='bbox 2936 3757 3000 3797; x_wconf 88' lang='lat' dir='ltr'><strong>ac</strong></span> <span class='ocrx_word' id='word_1_584' title='bbox 3028 3742 3362 3796; x_wconf 87' lang='lat' dir='ltr'><strong>medioerurn</strong></span> <span class='ocrx_word' id='word_1_585' title='bbox 3393 3743 3561 3796; x_wconf 80' lang='lat' dir='ltr'><strong>rebus</strong></span> <span class='ocrx_word' id='word_1_586' title='bbox 3588 3742 3849 3796; x_wconf 80' lang='lat' dir='ltr'><strong>violenter</strong></span> 
     </span>
    </p>
   </div>
   <div class='ocr_carea' id='block_1_81' title="bbox 2244 3832 3850 3908">
    <p class='ocr_par' dir='ltr' id='par_1_81' title="bbox 2244 3832 3850 3908">
     <span class='ocr_line' id='line_1_81' title="bbox 2244 3832 3850 3908; baseline -0.001 -20"><span class='ocrx_word' id='word_1_587' title='bbox 2244 3834 2457 3899; x_wconf 80' lang='lat' dir='ltr'><strong>ablatis,</strong></span> <span class='ocrx_word' id='word_1_588' title='bbox 2488 3834 2781 3908; x_wconf 85' lang='lat' dir='ltr'><strong>secundum</strong></span> <span class='ocrx_word' id='word_1_589' title='bbox 2809 3834 3252 3904; x_wconf 88' lang='lat' dir='ltr'><strong>subputacionem</strong></span> <span class='ocrx_word' id='word_1_590' title='bbox 3273 3832 3486 3887; x_wconf 87' lang='lat' dir='ltr'><strong>dierum</strong></span> <span class='ocrx_word' id='word_1_591' title='bbox 3511 3834 3641 3887; x_wconf 85' lang='lat' dir='ltr'><strong>anni</strong></span> <span class='ocrx_word' id='word_1_592' title='bbox 3665 3834 3850 3888; x_wconf 74' lang='lat' dir='ltr'><strong>embo-</strong></span> 
     </span>
    </p>
   </div>
   <div class='ocr_carea' id='block_1_82' title="bbox 2246 3913 3847 3995">
    <p class='ocr_par' dir='ltr' id='par_1_82' title="bbox 2246 3913 3847 3995">
     <span class='ocr_line' id='line_1_82' title="bbox 2246 3913 3847 3995; baseline 0.001 -17"><span class='ocrx_word' id='word_1_593' title='bbox 2246 3925 2386 3980; x_wconf 90' lang='lat' dir='ltr'><strong>lismi</strong></span> <span class='ocrx_word' id='word_1_594' title='bbox 2438 3935 2460 3963; x_wconf 75' lang='lat'><em>°</em></span> <span class='ocrx_word' id='word_1_595' title='bbox 2511 3926 2681 3979; x_wconf 89' lang='lat' dir='ltr'><strong>curtis</strong></span> <span class='ocrx_word' id='word_1_596' title='bbox 2721 3922 2749 3962; x_wconf 75' lang='grc' dir='ltr'>ἀ</span> <span class='ocrx_word' id='word_1_597' title='bbox 2791 3913 3230 3993; x_wconf 87' lang='lat' dir='ltr'><strong>opulentissimas</strong></span> <span class='ocrx_word' id='word_1_598' title='bbox 3287 3924 3630 3995; x_wconf 82' lang='lat' dir='ltr'><strong>aggregavit.</strong></span> <span class='ocrx_word' id='word_1_599' title='bbox 3669 3923 3847 3993; x_wconf 63' lang='lat'><strong>(839.;</strong></span> 
     </span>
    </p>
   </div>
   <div class='ocr_carea' id='block_1_83' title="bbox 2245 4013 3850 4086">
    <p class='ocr_par' dir='ltr' id='par_1_83' title="bbox 2245 4013 3850 4086">
     <span class='ocr_line' id='line_1_83' title="bbox 2245 4013 3850 4086; baseline -0.002 -18"><span class='ocrx_word' id='word_1_600' title='bbox 2245 4015 2357 4070; x_wconf 89' lang='lat' dir='ltr'><strong>lloc</strong></span> <span class='ocrx_word' id='word_1_601' title='bbox 2385 4029 2599 4086; x_wconf 90' lang='lat' dir='ltr'><strong>quoque</strong></span> <span class='ocrx_word' id='word_1_602' title='bbox 2622 4015 2822 4070; x_wconf 90' lang='lat' dir='ltr'><strong>misero</strong></span> <span class='ocrx_word' id='word_1_603' title='bbox 2863 4015 2936 4069; x_wconf 88' lang='lat' dir='ltr'><strong>ita</strong></span> <span class='ocrx_word' id='word_1_604' title='bbox 2980 4016 3237 4080; x_wconf 89' lang='lat' dir='ltr'><strong>obeunte,</strong></span> <span class='ocrx_word' id='word_1_605' title='bbox 3285 4014 3450 4084; x_wconf 87' lang='lat' dir='ltr'><strong>paulo</strong></span> <span class='ocrx_word' id='word_1_606' title='bbox 3498 4023 3626 4085; x_wconf 87' lang='lat' dir='ltr'><strong>post</strong></span> <span class='ocrx_word' id='word_1_607' title='bbox 3669 4029 3697 4066; x_wconf 81' lang='lat' dir='ltr'><strong>a</strong></span> <span class='ocrx_word' id='word_1_608' title='bbox 3746 4013 3850 4065; x_wconf 78' lang='lat' dir='ltr'><strong>lilii</strong></span> 
     </span>
    </p>
   </div>
   <div class='ocr_carea' id='block_1_84' title="bbox 2247 4103 3848 4175">
    <p class='ocr_par' dir='ltr' id='par_1_84' title="bbox 2247 4103 3848 4175">
     <span class='ocr_line' id='line_1_84' title="bbox 2247 4103 3848 4175; baseline 0 -19"><span class='ocrx_word' id='word_1_609' title='bbox 2247 4105 2330 4160; x_wconf 88' lang='lat' dir='ltr'><strong>vel</strong></span> <span class='ocrx_word' id='word_1_610' title='bbox 2369 4103 2642 4160; x_wconf 83' lang='lat' dir='ltr'><strong>Adell‘erio</strong></span> <span class='ocrx_word' id='word_1_611' title='bbox 2681 4103 2726 4135; x_wconf 84' lang='lat'>“</span> <span class='ocrx_word' id='word_1_612' title='bbox 2763 4105 3002 4170; x_wconf 88' lang='lat' dir='ltr'><strong>nomine,</strong></span> <span class='ocrx_word' id='word_1_613' title='bbox 3031 4103 3290 4161; x_wconf 90' lang='lat' dir='ltr'><strong>Sicardus</strong></span> <span class='ocrx_word' id='word_1_614' title='bbox 3315 4106 3663 4175; x_wconf 85' lang='lat' dir='ltr'><strong>supradictus</strong></span> <span class='ocrx_word' id='word_1_615' title='bbox 3691 4104 3848 4174; x_wconf 70' lang='lat' dir='ltr'><strong>priu—</strong></span> 
     </span>
    </p>
   </div>
   <div class='ocr_carea' id='block_1_85' title="bbox 2223 4195 3852 4268">
    <p class='ocr_par' dir='ltr' id='par_1_85' title="bbox 2223 4195 3852 4268">
     <span class='ocr_line' id='line_1_85' title="bbox 2223 4195 3852 4268; baseline -0.001 -16"><span class='ocrx_word' id='word_1_616' title='bbox 2223 4207 2372 4268; x_wconf 79' lang='lat' dir='ltr'><strong>‘ceps</strong></span> <span class='ocrx_word' id='word_1_617' title='bbox 2415 4195 2593 4268; x_wconf 82' lang='lat' dir='ltr'><strong>gladio</strong></span> <span class='ocrx_word' id='word_1_618' title='bbox 2641 4197 2953 4266; x_wconf 90' lang='lat' dir='ltr'><strong>perimitur;</strong></span> <span class='ocrx_word' id='word_1_619' title='bbox 3002 4197 3114 4252; x_wconf 89' lang='lat' dir='ltr'><strong>Deo</strong></span> <span class='ocrx_word' id='word_1_620' title='bbox 3158 4195 3306 4265; x_wconf 82' lang='lat' dir='ltr'><strong>juste</strong></span> <span class='ocrx_word' id='word_1_621' title='bbox 3349 4199 3702 4260; x_wconf 84' lang='lat' dir='ltr'><strong>retribuente,</strong></span> <span class='ocrx_word' id='word_1_622' title='bbox 3747 4198 3852 4266; x_wconf 78' lang='lat' dir='ltr'><strong>qui</strong></span> 
     </span>
    </p>
   </div>
   <div class='ocr_carea' id='block_1_86' title="bbox 2245 4287 3850 4360">
    <p class='ocr_par' dir='ltr' id='par_1_86' title="bbox 2245 4287 3850 4360">
     <span class='ocr_line' id='line_1_86' title="bbox 2245 4287 3850 4360; baseline -0.001 -18"><span class='ocrx_word' id='word_1_623' title='bbox 2245 4289 2564 4360; x_wconf 88' lang='lat' dir='ltr'><strong>plerumque</strong></span> <span class='ocrx_word' id='word_1_624' title='bbox 2595 4287 2770 4342; x_wconf 90' lang='lat' dir='ltr'><strong>reddit</strong></span> <span class='ocrx_word' id='word_1_625' title='bbox 2792 4287 3130 4357; x_wconf 89' lang='lat' dir='ltr'><strong>iniquitatem</strong></span> <span class='ocrx_word' id='word_1_626' title='bbox 3156 4289 3330 4359; x_wconf 88' lang='lat' dir='ltr'><strong>patris</strong></span> <span class='ocrx_word' id='word_1_627' title='bbox 3362 4290 3414 4342; x_wconf 88' lang='lat' dir='ltr'><strong>in</strong></span> <span class='ocrx_word' id='word_1_628' title='bbox 3449 4288 3592 4344; x_wconf 81' lang='lat' dir='ltr'><strong>ﬁlios</strong></span> <span class='ocrx_word' id='word_1_629' title='bbox 3623 4300 3850 4345; x_wconf 66' lang='lat' dir='ltr'><strong>eam</strong></span> 
     </span>
    </p>
   </div>
   <div class='ocr_carea' id='block_1_87' title="bbox 2245 4377 3858 4448">
    <p class='ocr_par' dir='ltr' id='par_1_87' title="bbox 2245 4377 3858 4448">
     <span class='ocr_line' id='line_1_87' title="bbox 2245 4377 3858 4448; baseline -0.004 -14"><span class='ocrx_word' id='word_1_630' title='bbox 2245 4379 2582 4434; x_wconf 90' lang='lat' dir='ltr'><strong>solummodo</strong></span> <span class='ocrx_word' id='word_1_631' title='bbox 2612 4378 2812 4434; x_wconf 85' lang='lat' dir='ltr'><strong>feriens</strong></span> <span class='ocrx_word' id='word_1_632' title='bbox 2843 4377 3155 4444; x_wconf 82' lang='lat' dir='ltr'><strong>ulciscitur;</strong></span> <span class='ocrx_word' id='word_1_633' title='bbox 3185 4387 3244 4433; x_wconf 92' lang='lat' dir='ltr'><strong>ut</strong></span> <span class='ocrx_word' id='word_1_634' title='bbox 3277 4379 3405 4448; x_wconf 84' lang='lat' dir='ltr'><strong>quia</strong></span> <span class='ocrx_word' id='word_1_635' title='bbox 3438 4378 3567 4433; x_wconf 89' lang='lat' dir='ltr'><strong>Sico</strong></span> <span class='ocrx_word' id='word_1_636' title='bbox 3591 4417 3608 4441; x_wconf 89' lang='lat'><strong>,</strong></span> <span class='ocrx_word' id='word_1_637' title='bbox 3632 4377 3858 4445; x_wconf 73' lang='lat' dir='ltr'><strong>genitor</strong></span> 
     </span>
    </p>
   </div>
   <div class='ocr_carea' id='block_1_88' title="bbox 2246 4466 3852 4536">
    <p class='ocr_par' dir='ltr' id='par_1_88' title="bbox 2246 4466 3852 4536">
     <span class='ocr_line' id='line_1_88' title="bbox 2246 4466 3852 4536; baseline -0.003 -11"><span class='ocrx_word' id='word_1_638' title='bbox 2246 4485 2394 4536; x_wconf 90' lang='lat' dir='ltr'><strong>suus,</strong></span> <span class='ocrx_word' id='word_1_639' title='bbox 2426 4469 2797 4524; x_wconf 87' lang='lat' dir='ltr'><strong>Grimoaldnm</strong></span> <span class='ocrx_word' id='word_1_640' title='bbox 2818 4509 2833 4534; x_wconf 94' lang='lat'><strong>,</strong></span> <span class='ocrx_word' id='word_1_641' title='bbox 2861 4469 3128 4524; x_wconf 87' lang='lat' dir='ltr'><strong>seniorem</strong></span> <span class='ocrx_word' id='word_1_642' title='bbox 3151 4485 3335 4532; x_wconf 89' lang='lat' dir='ltr'><strong>suum,</strong></span> <span class='ocrx_word' id='word_1_643' title='bbox 3366 4468 3607 4528; x_wconf 68' lang='lat' dir='ltr'><strong>indebita</strong></span> <span class='ocrx_word' id='word_1_644' title='bbox 3625 4466 3852 4524; x_wconf 57' lang='lat' dir='ltr'><strong>occide»</strong></span> 
     </span>
    </p>
   </div>
   <div class='ocr_carea' id='block_1_89' title="bbox 2245 4556 3856 4627">
    <p class='ocr_par' dir='ltr' id='par_1_89' title="bbox 2245 4556 3856 4627">
     <span class='ocr_line' id='line_1_89' title="bbox 2245 4556 3856 4627; baseline -0.005 -10"><span class='ocrx_word' id='word_1_645' title='bbox 2245 4571 2346 4627; x_wconf 89' lang='lat' dir='ltr'><strong>ret,</strong></span> <span class='ocrx_word' id='word_1_646' title='bbox 2372 4561 2664 4617; x_wconf 89' lang='lat' dir='ltr'><strong>uleiscente</strong></span> <span class='ocrx_word' id='word_1_647' title='bbox 2689 4561 2818 4626; x_wconf 90' lang='lat' dir='ltr'><strong>Deo,</strong></span> <span class='ocrx_word' id='word_1_648' title='bbox 2849 4557 2991 4615; x_wconf 77' lang='lat' dir='ltr'><strong>illius</strong></span> <span class='ocrx_word' id='word_1_649' title='bbox 3022 4559 3166 4614; x_wconf 85' lang='lat' dir='ltr'><strong>illius</strong></span> <span class='ocrx_word' id='word_1_650' title='bbox 3195 4575 3225 4613; x_wconf 87' lang='lat' dir='ltr'><strong>a</strong></span> <span class='ocrx_word' id='word_1_651' title='bbox 3254 4559 3492 4614; x_wconf 88' lang='lat' dir='ltr'><strong>subditis</strong></span> <span class='ocrx_word' id='word_1_652' title='bbox 3514 4556 3856 4612; x_wconf 70' lang='lat' dir='ltr'><strong>interﬁcere-</strong></span> 
     </span>
    </p>
   </div>
   <div class='ocr_carea' id='block_1_90' title="bbox 2247 4648 3856 4721">
    <p class='ocr_par' dir='ltr' id='par_1_90' title="bbox 2247 4648 3856 4721">
     <span class='ocr_line' id='line_1_90' title="bbox 2247 4648 3856 4721; baseline -0.006 -13"><span class='ocrx_word' id='word_1_653' title='bbox 2247 4664 2353 4708; x_wconf 84' lang='lat' dir='ltr'><strong>tur.</strong></span> <span class='ocrx_word' id='word_1_654' title='bbox 2399 4653 2465 4708; x_wconf 86' lang='lat' dir='ltr'><strong>Et</strong></span> <span class='ocrx_word' id='word_1_655' title='bbox 2491 4654 2595 4708; x_wconf 89' lang='lat' dir='ltr'><strong>isto</strong></span> <span class='ocrx_word' id='word_1_656' title='bbox 2633 4653 2734 4707; x_wconf 89' lang='lat' dir='ltr'><strong>hoc</strong></span> <span class='ocrx_word' id='word_1_657' title='bbox 2763 4651 2919 4707; x_wconf 89' lang='lat' dir='ltr'><strong>modo</strong></span> <span class='ocrx_word' id='word_1_658' title='bbox 2948 4652 3270 4715; x_wconf 83' lang='lat' dir='ltr'><strong>decedente,</strong></span> <span class='ocrx_word' id='word_1_659' title='bbox 3301 4666 3594 4721; x_wconf 86' lang='lat' dir='ltr'><strong>percussor</strong></span> <span class='ocrx_word' id='word_1_660' title='bbox 3619 4663 3720 4704; x_wconf 81' lang='lat' dir='ltr'><strong>non</strong></span> <span class='ocrx_word' id='word_1_661' title='bbox 3751 4648 3856 4700; x_wconf 71' lang='grc' dir='ltr'>-ζίιι</span> 
     </span>
    </p>
   </div>
   <div class='ocr_carea' id='block_1_91' title="bbox 549 4721 3850 4822">
    <p class='ocr_par' dir='ltr' id='par_1_91' title="bbox 549 4721 3850 4822">
     <span class='ocr_line' id='line_1_91' title="bbox 549 4721 3850 4822; baseline -0.006 -16"><span class='ocrx_word' id='word_1_662' title='bbox 549 4721 914 4822; x_wconf 74' lang='lat' dir='ltr'><strong>imperaverat</strong></span> <span class='ocrx_word' id='word_1_663' title='bbox 941 4721 1143 4809; x_wconf 79' lang='lat' dir='ltr'><strong>annos;</strong></span> <span class='ocrx_word' id='word_1_664' title='bbox 1178 4744 1446 4814; x_wconf 65' lang='lat' dir='ltr'><strong>coepitque</strong></span> <span class='ocrx_word' id='word_1_665' title='bbox 1473 4739 1724 4810; x_wconf 88' lang='lat' dir='ltr'><strong>populum</strong></span> <span class='ocrx_word' id='word_1_666' title='bbox 1751 4737 1852 4792; x_wconf 88' lang='lat' dir='ltr'><strong>sibi</strong></span> <span class='ocrx_word' id='word_1_667' title='bbox 1888 4735 2140 4791; x_wconf 65' lang='lat' dir='ltr'><strong>commiso</strong></span> <span class='ocrx_word' id='word_1_668' title='bbox 2170 4732 2218 4790; x_wconf 77' lang='grc' dir='ltr'><em>Π</em></span> <span class='ocrx_word' id='word_1_669' title='bbox 2245 4747 2454 4801; x_wconf 48' lang='lat' dir='ltr'><strong>natatus</strong></span> <span class='ocrx_word' id='word_1_670' title='bbox 2473 4753 2575 4798; x_wconf 69' lang='lat' dir='ltr'><strong>est.</strong></span> <span class='ocrx_word' id='word_1_671' title='bbox 2613 4743 2749 4797; x_wconf 73' lang='lat' dir='ltr'><strong>Nam</strong></span> <span class='ocrx_word' id='word_1_672' title='bbox 2772 4758 2938 4813; x_wconf 63' lang='lat' dir='ltr'><strong>parvo</strong></span> <span class='ocrx_word' id='word_1_673' title='bbox 2962 4721 3083 4813; x_wconf 76' lang='grc' dir='ltr'><strong>ροςῖ</strong></span> <span class='ocrx_word' id='word_1_674' title='bbox 3101 4754 3344 4813; x_wconf 66' lang='lat' dir='ltr'><strong>tempore</strong></span> <span class='ocrx_word' id='word_1_675' title='bbox 3372 4758 3402 4796; x_wconf 72' lang='grc' dir='ltr'>ει</span> <span class='ocrx_word' id='word_1_676' title='bbox 3432 4741 3629 4798; x_wconf 67' lang='lat' dir='ltr'><strong>simne</strong></span> <span class='ocrx_word' id='word_1_677' title='bbox 3652 4740 3850 4794; x_wconf 40' lang='lat' dir='ltr'><strong>norb“</strong></span> 
     </span>
    </p>
   </div>
   <div class='ocr_carea' id='block_1_92' title="bbox 552 4827 2144 4898">
    <p class='ocr_par' dir='ltr' id='par_1_92' title="bbox 552 4827 2144 4898">
     <span class='ocr_line' id='line_1_92' title="bbox 552 4827 2144 4898; baseline -0.01 0"><span class='ocrx_word' id='word_1_678' title='bbox 552 4859 672 4898; x_wconf 82' lang='lat' dir='ltr'><strong>sum</strong></span> <span class='ocrx_word' id='word_1_679' title='bbox 720 4857 787 4897; x_wconf 76' lang='lat' dir='ltr'><strong>ex</strong></span> <span class='ocrx_word' id='word_1_680' title='bbox 833 4838 1048 4892; x_wconf 88' lang='lat' dir='ltr'><strong>levitate</strong></span> <span class='ocrx_word' id='word_1_681' title='bbox 1079 4835 1242 4889; x_wconf 89' lang='lat' dir='ltr'><strong>animi</strong></span> <span class='ocrx_word' id='word_1_682' title='bbox 1273 4833 1486 4888; x_wconf 90' lang='lat' dir='ltr'><strong>beluina</strong></span> <span class='ocrx_word' id='word_1_683' title='bbox 1514 4830 1808 4885; x_wconf 87' lang='lat' dir='ltr'><strong>voracitate</strong></span> <span class='ocrx_word' id='word_1_684' title='bbox 1842 4827 2048 4897; x_wconf 87' lang='lat' dir='ltr'><strong>insequi</strong></span> <span class='ocrx_word' id='word_1_685' title='bbox 2083 4842 2144 4882; x_wconf 91' lang='lat' dir='ltr'><strong>ac</strong></span> 
     </span>
    </p>
   </div>
   <div class='ocr_carea' id='block_1_93' title="bbox 555 4917 2144 4988">
    <p class='ocr_par' dir='ltr' id='par_1_93' title="bbox 555 4917 2144 4988">
     <span class='ocr_line' id='line_1_93' title="bbox 555 4917 2144 4988; baseline -0.009 -2"><span class='ocrx_word' id='word_1_686' title='bbox 555 4931 846 4987; x_wconf 82' lang='lat' dir='ltr'><strong>crudeliter</strong></span> <span class='ocrx_word' id='word_1_687' title='bbox 876 4927 1108 4982; x_wconf 87' lang='lat' dir='ltr'><strong>laniare.</strong></span> <span class='ocrx_word' id='word_1_688' title='bbox 1150 4925 1292 4978; x_wconf 89' lang='lat' dir='ltr'><strong>Inter</strong></span> <span class='ocrx_word' id='word_1_689' title='bbox 1323 4923 1458 4988; x_wconf 74' lang='lat' dir='ltr'><strong>haec,</strong></span> <span class='ocrx_word' id='word_1_690' title='bbox 1499 4931 1556 4976; x_wconf 91' lang='lat' dir='ltr'><strong>ut</strong></span> <span class='ocrx_word' id='word_1_691' title='bbox 1579 4921 1816 4975; x_wconf 85' lang='lat' dir='ltr'><strong>Asvcrus</strong></span> <span class='ocrx_word' id='word_1_692' title='bbox 1843 4917 2038 4982; x_wconf 80' lang='lat' dir='ltr'><strong>Aman,</strong></span> <span class='ocrx_word' id='word_1_693' title='bbox 2072 4918 2144 4972; x_wconf 84' lang='lat' dir='ltr'><strong>ita</strong></span> 
     </span>
    </p>
   </div>
   <div class='ocr_carea' id='block_1_94' title="bbox 554 5011 2119 5094">
    <p class='ocr_par' dir='ltr' id='par_1_94' title="bbox 554 5011 2119 5094">
     <span class='ocr_line' id='line_1_94' title="bbox 554 5011 2119 5094; baseline -0.01 -16"><span class='ocrx_word' id='word_1_694' title='bbox 554 5026 658 5080; x_wconf 81' lang='lat' dir='ltr'><strong>iste</strong></span> <span class='ocrx_word' id='word_1_695' title='bbox 683 5022 916 5094; x_wconf 62' lang='lat' dir='ltr'><strong>praetulit</strong></span> <span class='ocrx_word' id='word_1_696' title='bbox 945 5020 1155 5074; x_wconf 67' lang='lat' dir='ltr'><strong>caneris</strong></span> <span class='ocrx_word' id='word_1_697' title='bbox 1185 5017 1461 5071; x_wconf 69' lang='lat' dir='ltr'><strong>Itofridum</strong></span> <span class='ocrx_word' id='word_1_698' title='bbox 1494 5014 1783 5084; x_wconf 85' lang='lat' dir='ltr'><strong>quendam.</strong></span> <span class='ocrx_word' id='word_1_699' title='bbox 1807 5012 1973 5066; x_wconf 84' lang='lat' dir='ltr'><strong>filium</strong></span> <span class='ocrx_word' id='word_1_700' title='bbox 2006 5011 2119 5064; x_wconf 86' lang='lat' dir='ltr'><strong>Dau</strong></span> 
     </span>
    </p>
   </div>
   <div class='ocr_carea' id='block_1_95' title="bbox 555 5103 2142 5183">
    <p class='ocr_par' dir='ltr' id='par_1_95' title="bbox 555 5103 2142 5183">
     <span class='ocr_line' id='line_1_95' title="bbox 555 5103 2142 5183; baseline -0.009 -17"><span class='ocrx_word' id='word_1_701' title='bbox 555 5115 680 5167; x_wconf 79' lang='lat' dir='ltr'><strong>ferii</strong></span> <span class='ocrx_word' id='word_1_702' title='bbox 728 5120 1081 5183; x_wconf 84' lang='lat' dir='ltr'><strong>cognomento</strong></span> <span class='ocrx_word' id='word_1_703' title='bbox 1126 5109 1427 5180; x_wconf 67' lang='lat' dir='ltr'><strong>Prophetae,</strong></span> <span class='ocrx_word' id='word_1_704' title='bbox 1473 5107 1627 5176; x_wconf 85' lang='lat' dir='ltr'><strong>cujus</strong></span> <span class='ocrx_word' id='word_1_705' title='bbox 1655 5103 1865 5160; x_wconf 89' lang='lat' dir='ltr'><strong>consilii</strong></span> <span class='ocrx_word' id='word_1_706' title='bbox 1897 5103 1996 5156; x_wconf 87' lang='lat' dir='ltr'><strong>sub</strong></span> <span class='ocrx_word' id='word_1_707' title='bbox 2030 5115 2142 5152; x_wconf 76' lang='lat' dir='ltr'><strong>ver—</strong></span> 
     </span>
    </p>
   </div>
   <div class='ocr_carea' id='block_1_96' title="bbox 562 5187 2150 5271">
    <p class='ocr_par' dir='ltr' id='par_1_96' title="bbox 562 5187 2150 5271">
     <span class='ocr_line' id='line_1_96' title="bbox 562 5187 2150 5271; baseline -0.009 -14"><span class='ocrx_word' id='word_1_708' title='bbox 562 5204 715 5258; x_wconf 86' lang='lat' dir='ltr'><strong>sione</strong></span> <span class='ocrx_word' id='word_1_709' title='bbox 756 5203 921 5258; x_wconf 89' lang='lat' dir='ltr'><strong>multa</strong></span> <span class='ocrx_word' id='word_1_710' title='bbox 951 5201 1209 5271; x_wconf 84' lang='lat' dir='ltr'><strong>sacrilega</strong></span> <span class='ocrx_word' id='word_1_711' title='bbox 1261 5215 1326 5254; x_wconf 90' lang='lat' dir='ltr'><strong>ac</strong></span> <span class='ocrx_word' id='word_1_712' title='bbox 1375 5197 1598 5252; x_wconf 86' lang='lat' dir='ltr'><strong>blasima</strong></span> <span class='ocrx_word' id='word_1_713' title='bbox 1624 5194 1663 5238; x_wconf 63' lang='grc' dir='ltr'>ι⁸</span> <span class='ocrx_word' id='word_1_714' title='bbox 1712 5187 1983 5262; x_wconf 87' lang='lat' dir='ltr'><strong>patrabat.</strong></span> <span class='ocrx_word' id='word_1_715' title='bbox 2025 5187 2150 5242; x_wconf 84' lang='lat' dir='ltr'><strong>Fuit</strong></span> 
     </span>
    </p>
   </div>
   <div class='ocr_carea' id='block_1_97' title="bbox 2239 4832 3858 4906">
    <p class='ocr_par' dir='ltr' id='par_1_97' title="bbox 2239 4832 3858 4906">
     <span class='ocr_line' id='line_1_97' title="bbox 2239 4832 3858 4906; baseline -0.001 -16"><span class='ocrx_word' id='word_1_716' title='bbox 2239 4843 2596 4906; x_wconf 79' lang='lat' dir='ltr'><strong>cognomento</strong></span> <span class='ocrx_word' id='word_1_717' title='bbox 2617 4833 2774 4899; x_wconf 81' lang='lat' dir='ltr'><strong>Albo,</strong></span> <span class='ocrx_word' id='word_1_718' title='bbox 2809 4833 3100 4902; x_wconf 60' lang='lat' dir='ltr'><strong>praedictus</strong></span> <span class='ocrx_word' id='word_1_719' title='bbox 3133 4832 3406 4887; x_wconf 85' lang='lat' dir='ltr'><strong>homicida</strong></span> <span class='ocrx_word' id='word_1_720' title='bbox 3435 4833 3704 4886; x_wconf 71' lang='lat' dir='ltr'><strong>extinctas</strong></span> <span class='ocrx_word' id='word_1_721' title='bbox 3728 4841 3858 4888; x_wconf 67' lang='grc' dir='ltr'><strong>εει.</strong></span> 
     </span>
    </p>
   </div>
   <div class='ocr_carea' id='block_1_98' title="bbox 2241 4922 3862 4996">
    <p class='ocr_par' dir='ltr' id='par_1_98' title="bbox 2241 4922 3862 4996">
     <span class='ocr_line' id='line_1_98' title="bbox 2241 4922 3862 4996; baseline -0.006 -15"><span class='ocrx_word' id='word_1_722' title='bbox 2241 4927 2446 4981; x_wconf 89' lang='lat' dir='ltr'><strong>scilicet</strong></span> <span class='ocrx_word' id='word_1_723' title='bbox 2475 4934 2531 4979; x_wconf 91' lang='lat' dir='ltr'><strong>ut</strong></span> <span class='ocrx_word' id='word_1_724' title='bbox 2556 4925 2709 4996; x_wconf 81' lang='lat' dir='ltr'><strong>juxta</strong></span> <span class='ocrx_word' id='word_1_725' title='bbox 2738 4926 2957 4979; x_wconf 91' lang='lat' dir='ltr'><strong>verbum</strong></span> <span class='ocrx_word' id='word_1_726' title='bbox 3002 4923 3235 4986; x_wconf 89' lang='lat' dir='ltr'><strong>Domini,</strong></span> <span class='ocrx_word' id='word_1_727' title='bbox 3281 4924 3376 4992; x_wconf 88' lang='lat' dir='ltr'><strong>qui</strong></span> <span class='ocrx_word' id='word_1_728' title='bbox 3427 4922 3610 4992; x_wconf 83' lang='lat' dir='ltr'><strong>gladio</strong></span> <span class='ocrx_word' id='word_1_729' title='bbox 3645 4935 3862 4988; x_wconf 61' lang='lat' dir='ltr'><strong>cut-ws</strong></span> 
     </span>
    </p>
   </div>
   <div class='ocr_carea' id='block_1_99' title="bbox 2242 5014 3858 5088">
    <p class='ocr_par' dir='ltr' id='par_1_99' title="bbox 2242 5014 3858 5088">
     <span class='ocr_line' id='line_1_99' title="bbox 2242 5014 3858 5088; baseline -0.004 -16"><span class='ocrx_word' id='word_1_730' title='bbox 2242 5019 2468 5088; x_wconf 82' lang='lat' dir='ltr'><strong>proximi</strong></span> <span class='ocrx_word' id='word_1_731' title='bbox 2493 5017 2968 5081; x_wconf 83' lang='lat' dir='ltr'><strong>transverberavit,</strong></span> <span class='ocrx_word' id='word_1_732' title='bbox 2986 5017 3134 5086; x_wconf 90' lang='lat' dir='ltr'><strong>justo</strong></span> <span class='ocrx_word' id='word_1_733' title='bbox 3155 5016 3312 5072; x_wconf 89' lang='lat' dir='ltr'><strong>valde</strong></span> <span class='ocrx_word' id='word_1_734' title='bbox 3327 5015 3538 5083; x_wconf 82' lang='lat' dir='ltr'><strong>judicio</strong></span> <span class='ocrx_word' id='word_1_735' title='bbox 3567 5014 3858 5072; x_wconf 75' lang='lat' dir='ltr'><strong>talionem,</strong></span> 
     </span>
    </p>
   </div>
   <div class='ocr_carea' id='block_1_100' title="bbox 2243 5106 3772 5178">
    <p class='ocr_par' dir='ltr' id='par_1_100' title="bbox 2243 5106 3772 5178">
     <span class='ocr_line' id='line_1_100' title="bbox 2243 5106 3772 5178; baseline -0.005 -13"><span class='ocrx_word' id='word_1_736' title='bbox 2243 5113 2346 5166; x_wconf 91' lang='lat' dir='ltr'><strong>hoc</strong></span> <span class='ocrx_word' id='word_1_737' title='bbox 2373 5119 2457 5166; x_wconf 87' lang='lat' dir='ltr'><strong>est</strong></span> <span class='ocrx_word' id='word_1_738' title='bbox 2485 5111 2716 5166; x_wconf 86' lang='lat' dir='ltr'><strong>similem</strong></span> <span class='ocrx_word' id='word_1_739' title='bbox 2750 5110 3006 5164; x_wconf 89' lang='lat' dir='ltr'><strong>ultionem</strong></span> <span class='ocrx_word' id='word_1_740' title='bbox 3037 5115 3106 5174; x_wconf 79' lang='grc' dir='ltr'>ιτ,</span> <span class='ocrx_word' id='word_1_741' title='bbox 3140 5110 3190 5163; x_wconf 92' lang='lat' dir='ltr'><strong>in</strong></span> <span class='ocrx_word' id='word_1_742' title='bbox 3222 5125 3283 5164; x_wconf 88' lang='lat' dir='ltr'><strong>se</strong></span> <span class='ocrx_word' id='word_1_743' title='bbox 3312 5110 3433 5178; x_wconf 91' lang='lat' dir='ltr'><strong>ipso</strong></span> <span class='ocrx_word' id='word_1_744' title='bbox 3462 5106 3772 5178; x_wconf 72' lang='lat' dir='ltr'><strong>expertum.</strong></span> 
     </span>
    </p>
   </div>
   <div class='ocr_carea' id='block_1_101' title="bbox 2318 5202 3866 5274">
    <p class='ocr_par' dir='ltr' id='par_1_101' title="bbox 2318 5202 3866 5274">
     <span class='ocr_line' id='line_1_101' title="bbox 2318 5202 3866 5274; baseline -0.006 -16"><span class='ocrx_word' id='word_1_745' title='bbox 2318 5205 2405 5259; x_wconf 68' lang='grc'><strong>14.</strong></span> <span class='ocrx_word' id='word_1_746' title='bbox 2445 5205 2749 5260; x_wconf 82' lang='lat' dir='ltr'><strong>Decedentc</strong></span> <span class='ocrx_word' id='word_1_747' title='bbox 2777 5203 2960 5274; x_wconf 82' lang='lat' dir='ltr'><strong>itaque</strong></span> <span class='ocrx_word' id='word_1_748' title='bbox 2985 5203 3213 5258; x_wconf 72' lang='lat' dir='ltr'><strong>Siitardo</strong></span> <span class='ocrx_word' id='word_1_749' title='bbox 3248 5203 3318 5257; x_wconf 87' lang='lat' dir='ltr'><strong>ab</strong></span> <span class='ocrx_word' id='word_1_750' title='bbox 3348 5202 3454 5257; x_wconf 86' lang='lat' dir='ltr'><strong>hac</strong></span> <span class='ocrx_word' id='word_1_751' title='bbox 3489 5202 3607 5255; x_wconf 83' lang='lat' dir='ltr'><strong>luce</strong></span> <span class='ocrx_word' id='word_1_752' title='bbox 3647 5212 3866 5267; x_wconf 55' lang='lat' dir='ltr'><strong>eet-pui-</strong></span> 
     </span>
    </p>
   </div>
   <div class='ocr_carea' id='block_1_102' title="bbox 1850 5333 2546 5391">
    <p class='ocr_par' dir='ltr' id='par_1_102' title="bbox 1850 5333 2546 5391">
     <span class='ocr_line' id='line_1_102' title="bbox 1850 5333 2546 5391; baseline 0 -2"><span class='ocrx_word' id='word_1_753' title='bbox 1850 5333 2085 5390; x_wconf 61' lang='lat' dir='ltr'><strong>VARIJE</strong></span> <span class='ocrx_word' id='word_1_754' title='bbox 2143 5333 2546 5391; x_wconf 79' lang='lat' dir='ltr'><strong>LECTIONES.</strong></span> 
     </span>
    </p>
   </div>
   <div class='ocr_carea' id='block_1_103' title="bbox 534 5443 1809 5519">
    <p class='ocr_par' dir='ltr' id='par_1_103' title="bbox 534 5443 1809 5519">
     <span class='ocr_line' id='line_1_103' title="bbox 534 5443 1809 5519; baseline -0.006 -10"><span class='ocrx_word' id='word_1_755' title='bbox 534 5498 542 5509; x_wconf 87' lang='lat'><strong><em>.</em></strong></span> <span class='ocrx_word' id='word_1_756' title='bbox 625 5451 658 5519; x_wconf 14' lang='lat'><strong>7‘</strong></span> <span class='ocrx_word' id='word_1_757' title='bbox 691 5461 946 5519; x_wconf 82' lang='lat' dir='ltr'><strong>muros_r_._</strong></span> <span class='ocrx_word' id='word_1_758' title='bbox 975 5517 983 5519; x_wconf 13' lang='grc' dir='ltr'>ξ</span> <span class='ocrx_word' id='word_1_759' title='bbox 1058 5449 1077 5476; x_wconf 80' lang='grc'>¹</span> <span class='ocrx_word' id='word_1_760' title='bbox 1102 5448 1172 5502; x_wconf 80' lang='lat' dir='ltr'><strong>sit</strong></span> <span class='ocrx_word' id='word_1_761' title='bbox 1200 5443 1246 5514; x_wconf 56' lang='grc' dir='ltr'><strong>ὸ,</strong></span> <span class='ocrx_word' id='word_1_762' title='bbox 1357 5447 1377 5484; x_wconf 79' lang='grc'>³</span> <span class='ocrx_word' id='word_1_763' title='bbox 1406 5461 1722 5519; x_wconf 87' lang='lat' dir='ltr'><strong>possesuros</strong></span> <span class='ocrx_word' id='word_1_764' title='bbox 1762 5447 1809 5501; x_wconf 87' lang='grc' dir='ltr'><strong>Ι.</strong></span> 
     </span>
    </p>
   </div>
   <div class='ocr_carea' id='block_1_104' title="bbox 569 5517 1803 5620">
    <p class='ocr_par' dir='ltr' id='par_1_104' title="bbox 569 5517 1803 5620">
     <span class='ocr_line' id='line_1_104' title="bbox 569 5517 1803 5620; baseline -0.004 -47"><span class='ocrx_word' id='word_1_765' title='bbox 569 5521 592 5551; x_wconf 88' lang='grc'><em>³</em></span> <span class='ocrx_word' id='word_1_766' title='bbox 622 5518 848 5602; x_wconf 83' lang='lat' dir='ltr'><strong>blasmia</strong></span> <span class='ocrx_word' id='word_1_767' title='bbox 879 5517 1140 5614; x_wconf 60' lang='lat' dir='ltr'><strong>inblasma</strong></span> <span class='ocrx_word' id='word_1_768' title='bbox 1157 5517 1718 5620; x_wconf 40' lang='lat' dir='ltr'><strong>3.“.‘n::supratl‘irtttnt</strong></span> <span class='ocrx_word' id='word_1_769' title='bbox 1757 5532 1803 5603; x_wconf 61' lang='grc' dir='ltr'><strong>ς.</strong></span> 
     </span>
    </p>
   </div>
   <div class='ocr_carea' id='block_1_105' title="bbox 781 5587 1768 5624">
    <p class='ocr_par' dir='ltr' id='par_1_105' title="bbox 781 5587 1768 5624">
     <span class='ocr_line' id='line_1_105' title="bbox 781 5587 1768 5624; baseline -0.017 -4"><span class='ocrx_word' id='word_1_770' title='bbox 781 5595 793 5602; x_wconf 85' lang='lat'><em>‘</em></span> <span class='ocrx_word' id='word_1_771' title='bbox 902 5587 932 5612; x_wconf 72' lang='grc' dir='ltr'><strong>Ιῖ</strong></span> <span class='ocrx_word' id='word_1_772' title='bbox 968 5603 988 5612; x_wconf 76' lang='grc'><strong>.-</strong></span> <span class='ocrx_word' id='word_1_773' title='bbox 1089 5589 1130 5614; x_wconf 62' lang='lat' dir='ltr'><strong>ts</strong></span> <span class='ocrx_word' id='word_1_774' title='bbox 1157 5587 1413 5624; x_wconf 55' lang='grc' dir='ltr'><strong>,πλη-,ἰκρία</strong></span> <span class='ocrx_word' id='word_1_775' title='bbox 1442 5590 1462 5614; x_wconf 70' lang='grc' dir='ltr'><strong><em>Α</em></strong></span> <span class='ocrx_word' id='word_1_776' title='bbox 1570 5587 1612 5620; x_wconf 72' lang='lat' dir='ltr'><strong>u-</strong></span> <span class='ocrx_word' id='word_1_777' title='bbox 1651 5602 1737 5603; x_wconf 32' lang='grc' dir='ltr'><strong>ηνκ</strong></span> <span class='ocrx_word' id='word_1_778' title='bbox 1757 5602 1768 5603; x_wconf 33' lang='grc' dir='ltr'><em>γ</em></span> 
     </span>
    </p>
   </div>
   <div class='ocr_carea' id='block_1_106' title="bbox 1939 5445 2244 5502">
    <p class='ocr_par' dir='ltr' id='par_1_106' title="bbox 1939 5445 2244 5502">
     <span class='ocr_line' id='line_1_106' title="bbox 1939 5445 2244 5502; baseline -0.016 0"><span class='ocrx_word' id='word_1_779' title='bbox 1939 5446 1958 5477; x_wconf 72' lang='grc'>⁸</span> <span class='ocrx_word' id='word_1_780' title='bbox 1986 5445 2154 5502; x_wconf 88' lang='lat' dir='ltr'><strong>solida</strong></span> <span class='ocrx_word' id='word_1_781' title='bbox 2198 5463 2244 5499; x_wconf 78' lang='grc' dir='ltr'><strong>ε.</strong></span> 
     </span>
    </p>
   </div>
   <div class='ocr_carea' id='block_1_107' title="bbox 1931 5515 2412 5596">
    <p class='ocr_par' dir='ltr' id='par_1_107' title="bbox 1931 5515 2412 5596">
     <span class='ocr_line' id='line_1_107' title="bbox 1931 5515 2412 5596; baseline 0 -26"><span class='ocrx_word' id='word_1_782' title='bbox 2027 5517 2244 5596; x_wconf 70' lang='lat' dir='ltr'><strong>inquam</strong></span> <span class='ocrx_word' id='word_1_783' title='bbox 2293 5515 2348 5570; x_wconf 74' lang='lat'><strong>‘2.</strong></span> <span class='ocrx_word' id='word_1_784' title='bbox 2407 5523 2412 5526; x_wconf 80' lang='grc'><strong>’</strong></span> 
     </span>
    </p>
   </div>
   <div class='ocr_carea' id='block_1_108' title="bbox 2867 5437 3864 5565">
    <p class='ocr_par' dir='ltr' id='par_1_108' title="bbox 2867 5437 3864 5565">
     <span class='ocr_line' id='line_1_108' title="bbox 2867 5437 3864 5499; baseline -0.012 0"><span class='ocrx_word' id='word_1_785' title='bbox 2867 5445 2888 5475; x_wconf 82' lang='grc'><strong><em>⁸</em></strong></span> <span class='ocrx_word' id='word_1_786' title='bbox 2915 5443 2983 5499; x_wconf 84' lang='lat' dir='ltr'><strong>ab</strong></span> <span class='ocrx_word' id='word_1_787' title='bbox 3017 5443 3293 5498; x_wconf 86' lang='lat' dir='ltr'><strong>limatibus</strong></span> <span class='ocrx_word' id='word_1_788' title='bbox 3323 5459 3371 5494; x_wconf 85' lang='lat' dir='ltr'><strong>c.</strong></span> <span class='ocrx_word' id='word_1_789' title='bbox 3480 5450 3501 5479; x_wconf 70' lang='grc' dir='ltr'><strong><em>ν</em></strong></span> <span class='ocrx_word' id='word_1_790' title='bbox 3533 5437 3756 5496; x_wconf 75' lang='lat' dir='ltr'><strong>heredes</strong></span> <span class='ocrx_word' id='word_1_791' title='bbox 3799 5441 3824 5488; x_wconf 87' lang='lat' dir='ltr'><strong>I</strong></span> <span class='ocrx_word' id='word_1_792' title='bbox 3849 5476 3864 5487; x_wconf 89' lang='lat'><em>.</em></span> 
     </span>
     <span class='ocr_line' id='line_1_109' title="bbox 2872 5508 3864 5565; baseline -0.004 -2"><span class='ocrx_word' id='word_1_793' title='bbox 2872 5529 2960 5565; x_wconf 90' lang='lat' dir='ltr'><strong>um</strong></span> <span class='ocrx_word' id='word_1_794' title='bbox 3011 5517 3062 5565; x_wconf 78' lang='lat' dir='ltr'><strong>L</strong></span> <span class='ocrx_word' id='word_1_795' title='bbox 3191 5513 3234 5551; x_wconf 75' lang='grc'><strong>⁸³</strong></span> <span class='ocrx_word' id='word_1_796' title='bbox 3274 5511 3476 5565; x_wconf 59' lang='lat' dir='ltr'><strong>affert?</strong></span> <span class='ocrx_word' id='word_1_797' title='bbox 3513 5509 3726 5564; x_wconf 53' lang='lat' dir='ltr'><strong>auderet</strong></span> <span class='ocrx_word' id='word_1_798' title='bbox 3785 5508 3864 5559; x_wconf 75' lang='lat'><strong>2.</strong></span> 
     </span>
    </p>
   </div>
   <div class='ocr_carea' id='block_1_109' title="bbox 3213 5521 3868 5566">
    <p class='ocr_par' dir='ltr' id='par_1_109' title="bbox 3213 5521 3868 5566">
     <span class='ocr_line' id='line_1_110' title="bbox 3213 5521 3868 5566; baseline -0.011 0"><span class='ocrx_word' id='word_1_799' title='bbox 3213 5521 3234 5551; x_wconf 76' lang='grc'>³</span> <span class='ocrx_word' id='word_1_800' title='bbox 3274 5521 3476 5566; x_wconf 72' lang='lat' dir='ltr'><strong>atl‘ernr</strong></span> <span class='ocrx_word' id='word_1_801' title='bbox 3513 5521 3726 5564; x_wconf 67' lang='grc' dir='ltr'>ειιιιαει</span> <span class='ocrx_word' id='word_1_802' title='bbox 3785 5521 3868 5559; x_wconf 71' lang='grc' dir='ltr'><strong>ι’..</strong></span> 
     </span>
    </p>
   </div>
   <div class='ocr_carea' id='block_1_110' title="bbox 2353 5445 2746 5500">
    <p class='ocr_par' dir='ltr' id='par_1_110' title="bbox 2353 5445 2746 5500">
     <span class='ocr_line' id='line_1_111' title="bbox 2353 5445 2746 5500; baseline 0 -2"><span class='ocrx_word' id='word_1_803' title='bbox 2353 5447 2373 5477; x_wconf 76' lang='lat'><strong>’</strong></span> <span class='ocrx_word' id='word_1_804' title='bbox 2399 5445 2674 5500; x_wconf 86' lang='lat' dir='ltr'><strong>acustodie</strong></span> <span class='ocrx_word' id='word_1_805' title='bbox 2700 5462 2746 5499; x_wconf 83' lang='grc' dir='ltr'><strong>ε.</strong></span> 
     </span>
    </p>
   </div>
   <div class='ocr_carea' id='block_1_111' title="bbox 2479 5515 3062 5570">
    <p class='ocr_par' dir='ltr' id='par_1_111' title="bbox 2479 5515 3062 5570">
     <span class='ocr_line' id='line_1_112' title="bbox 2479 5515 3062 5570; baseline 0.024 -12"><span class='ocrx_word' id='word_1_806' title='bbox 2479 5515 2515 5546; x_wconf 68' lang='grc' dir='ltr'>ιτ</span> <span class='ocrx_word' id='word_1_807' title='bbox 2569 5515 2960 5570; x_wconf 80' lang='lat' dir='ltr'><strong>nmnimentmn</strong></span> <span class='ocrx_word' id='word_1_808' title='bbox 3011 5517 3062 5568; x_wconf 78' lang='lat' dir='ltr'><strong>l.</strong></span> 
     </span>
    </p>
   </div>
  </div>
