3926 5650
149 326 261 412 7st

1238 338 1557 398 HISTORIA
1599 330 2227 396 LANGOBARDORUM.

3252 330 3390 392 7a:

148 489 235 539 rea,
267 468 563 541 lladelgisus
604 468 933 542 principatus
978 465 1218 538 regimen
1268 460 1526 532 suscepit,
1566 457 1677 513 the
1700 453 1899 513 A»aliis
1933 459 1985 515 in
2013 458 2236 526 malum,
2266 457 2517 515 subtilius
2547 455 2972 528 contemplantes
3007 454 3393 511 munitionem.

146 561 377 619 saurarius
419 561 435 591 ¹
468 558 671 631 ρι’ςιξιέιιὶ
700 558 799 637 viri
818 600 832 622 ,
864 558 921 613 in
948 556 1099 627 cujus
1122 554 1385 611 electione
1412 551 1589 607 omnis
1615 554 1678 604 ut

147 660 202 712 ita
232 654 384 710 dicam
413 650 698 725 Bepeventi
726 649 1001 721 provincia
1030 645 1325 712 consensit,
1374 644 1459 699 vir
1493 650 1672 698 autem

144 744 327 801 blandus
352 758 413 796 ac
437 740 587 796 bonis
614 740 851 796 moribus
874 735 1110 809 pollens.
1150 736 1321 809 (8t0.)
1347 735 1417 790 At
1463 732 1554 787 ubi
1601 733 1676 787 is-

142 835 235 888 dem
261 833 526 904 primatum
555 832 867 902 promeruit,
900 828 1223 894 Siconolfus,
1246 842 1405 899 quem
1429 824 1675 894 superius

142 922 309 977 exulem
336 923 589 994 prmmisi,
634 937 662 977 a
705 921 947 977 custodia
980 921 1213 977 carceris
1248 920 1462 989 elapsus
1488 916 1676 987 fugere

142 1015 373 1069 latibulum
397 1015 578 1083 erepit,
602 1014 749 1069 etab
776 1012 937 1078 Urse,
968 1013 1167 1068 comite
1199 1010 1436 1067 (husino
1468 1024 1671 1080 cogna-

142 1116 268 1175 toque
304 1118 412 1165 suo,
450 1102 758 1173 aliquandiu
812 1102 970 1156 latuit
999 1099 1480 1167 occultatus..Quo
1507 1098 1670 1153 etiam

141 1202 337 1260 totupore
369 1192 516 1247 liberi
546 1190 781 1247 Dauferii
826 1190 980 1247 Balbi
1019 1192 1062 1257 ‘,
1110 1188 1358 1245 videlicet
1397 1188 1670 1254 Bomoalt,

140 1282 310 1337 Arirbis
334 1281 699 1349 ctGrimoalt,
742 1298 843 1339 nec
883 1297 988 1338 non
1032 1290 1085 1336 et
1132 1280 1457 1347 Guaiferius,
1503 1279 1677 1336 Bene-

140 1380 251 1435 venti
278 1373 457 1434 mantia
496 1380 883 1451 relinquentes,
910 1379 1195 1435 Salernum
1224 1378 1492 1444 invasere,
1515 1377 1670 1433 Sico-

141 1470 400 1540 nulfumque
432 1486 538 1542 quo
569 1471 829 1526 latebram
885 1470 1101 1525 fovebat
1143 1478 1440 1541 repertum,
1494 1468 1673 1524 senio-

142 1574 227 1614 rem
258 1559 346 1614 sibi
385 1560 712 1616 unanimiter
756 1561 1203 1626 constituerunt;
1240 1559 1489 1629 factaque
1543 1566 1673 1614 tunc

140 1650 234 1706 uiis
255 1651 517 1717 dissensio,
546 1651 722 1722 qualis
752 1654 1024 1723 nunquam
1059 1650 1158 1707 fuit
1206 1651 1259 1706 in
1306 1650 1669 1707 Beneventum

139 1759 187 1797 ex
215 1756 270 1798 eo
291 1759 388 1814 quo
409 1743 752 1815 Langobardi
785 1745 836 1799 in
873 1760 935 1799 ea
967 1743 1194 1816 ingressi
1222 1753 1367 1798 sunt.
1407 1740 1548 1801 Ante
1575 1742 1674 1797 ad-

1779 553 1902 619 luei,
1933 552 2249 623 intempesta
2279 553 2452 609 noctis
2476 550 2817 608 Christicolis
2843 548 3243 621 quiescentibus
3266 563 3388 619 per.

1776 643 2093 699 abditaloca
2123 647 2412 714 penetrant
2428 644 2647 709 urbem,
2688 641 3050 714 populumque
3094 641 3379 697 insontem.

1773 736 1969 807 partim
2000 736 2190 808 gladiis
2220 737 2575 804 trucidarunt,
2608 737 2802 807 partim
2840 736 3137 806 captivitati
3165 743 3187 774 ³
3219 733 3330 791 indi

1774 826 1987 882 derunt.
2030 826 2411 898 Supradictum
2439 843 2568 883 vero
2595 828 2919 900 proditorem
2959 828 3134 899 gentis
3171 836 3226 882 et
3263 842 3376 898 ρει-ς

1776 918 1914 985 Irim,
1962 919 2127 975 variis
2173 920 2458 991 multisque
2503 920 2780 991 suppliciis
2828 920 3213 982 debacltautes,
3271 934 3366 987 po-

1772 1015 1994 1074 stremo,
2035 1020 2096 1065 ιιι
2126 1026 2253 1067 vere
2296 1012 2514 1083 dignum
2569 1009 2713 1075 fuit,
2766 1010 2991 1065 marinis
3046 1007 3366 1079 sugillarunt

1772 1098 2093 1168 gurgitibus.
2126 1100 2245 1169 Quo
2273 1109 2550 1171 comperto
2597 1100 2871 1171 Badcigis,
2920 1100 3068 1171 quia,
3095 1112 3189 1154 eos
3213 1099 3363 1151 .urlze

1773 1187 2080 1245 tmllatenns
2112 1191 2341 1246 evellere
2368 1192 2579 1262 quibat,
2602 1193 2768 1262 cmpit
2803 1199 2979 1246 tamen
3010 1189 3168 1260 quasi
3205 1186 3365 1241 fami-

1770 1274 1936 1337 liarcs
1961 1296 2168 1337 amicos
2194 1282 2443 1338 excolere
2469 1291 2525 1338 et
2563 1282 2630 1338 ad
2659 1298 2815 1338 suum
2864 1279 3366 1350 adiutoriumvsen-

1770 1372 1873 1427 sim
1918 1386 2253 1443 provocare;
2306 1386 2371 1427 ac
2398 1371 2646 1442 primum
2705 1380 2944 1428 castrum
2987 1369 3302 1425 Cananense
3343 1370 3366 1431 ἓ

1772 1478 1877 1518 una
1908 1478 2031 1517 cum
2060 1462 2207 1519 Urse
2233 1462 2341 1518 filio
2362 1476 2473 1518 suo.
2489 1462 2596 1518 illis
2619 1462 2906 1518 destinavit
2924 1459 3364 1533 oppugnandum.

1770 1554 2065 1609 Confestim
2104 1555 2268 1625 igitur
2297 1554 2578 1609 intimatur
2607 1554 2710 1610 hoc
2739 1554 3041 1619 Siconolfo;
3084 1550 3365 1624 perstatint

1771 1661 1923 1701 mora
1977 1647 2211 1718 seposita
2265 1661 2361 1702 eos
2412 1645 2777 1703 debellaturus
2820 1645 3159 1717 properavit,
3207 1653 3370 1714 atque

1775 1752 1938 1807 super
1959 1753 2055 1793 eos
2081 1736 2341 1793 audacter
2371 1736 2608 1797 irruens.
2642 1746 2877 1792 cunctos
2906 1737 2999 1807 qui
3047 1736 3233 1806 fugere
3273 1748 3369 1790 ne-

139 1846 311 1890 ventum
356 1836 534 1907 itaque
591 1835 845 1892 Siconolli
895 1836 947 1891 in
1002 1835 1285 1891 Salernum
1346 1834 1539 1889 missus
1586 1843 1669 1890 est
1699 1821 2059 1904 B'quiverant
2109 1833 2277 1888 armis
2320 1834 2534 1898 stravit,
2584 1841 2841 1902 tantoque
2878 1830 3119 1886 victoriae
3161 1828 3375 1899 positus

138 1926 420 1983 Itilcbttarius
450 1944 478 1982 a
508 1928 820 2000 supradicto
844 1927 1131 2001 Radelgiso
1154 1927 1414 2000 principe,
1444 1935 1498 1981 ut
1534 1927 1673 1981 filios

139 2016 324 2072 Dauferii
353 2017 416 2088 ad
443 2032 599 2072 suam
641 2017 949 2072 fidelitatem
987 2026 1359 2083 converteret;
1411 2016 1501 2086 qui
1548 2014 1673 2070 illuc

138 2107 302 2172 abiens,
330 2108 438 2163 astu
468 2108 658 2163 doloso
686 2108 985 2180 principem
1030 2110 1046 2129 ⁸
1084 2109 1322 2164 deseruit
1364 2116 1419 2163 et
1467 2123 1525 2165 se
1570 2107 1675 2164 illis

139 2199 313 2253 sociavit
343 2198 381 2263 ³,
411 2215 616 2272 eosque
646 2199 834 2272 ignivit
865 2200 1123 2256 deterius.

192 2286 259 2342 t5.
291 2282 477 2344 Eodem
513 2304 729 2361 quoque
757 2299 996 2359 tempore
1027 2287 1321 2346 Landolfus
1343 2288 1453 2359 jam
1479 2288 1677 2361 Capua:

138 2391 317 2448 pra:th
336 2376 770 2450 gastaldeus,~vir
796 2383 994 2454 quippe
1018 2382 1085 2438 ad
1110 2381 1246 2437 bella
1277 2382 1676 2452 promtissimus

138 2471 395 2529 debellator.
447 2474 552 2530 llic
599 2486 777 2531 autem
827 2486 1091 2533 vetustam
1136 2492 1396 2534 exercens
1447 2478 1676 2535 inimici-

141 2562 236 2616 tiam
258 2578 365 2618 cum
393 2557 716 2637 quibusdam
757 2564 824 2622 de
853 2583 1052 2640 genere
1073 2567 1459 2634 Scductorum,
1496 2571 1677 2625 animo

138 2663 323 2726 etgentc
349 2656 655 2714 crudelibus
680 2659 903 2729 viperis,
930 2660 1159 2715 interfici
1210 2661 1337 2717 fecit
1380 2677 1444 2717 ex
1488 2663 1679 2732 primis

138 2757 281 2797 mrum
300 2755 493 2816 septem
526 2742 693 2810 vires,
722 2748 811 2803 uni
842 2763 1141 2820 eorumque
1167 2746 1412 2806 manibus
1438 2750 1673 2818 abscidi;

139 2836 286 2907 reliqui
318 2841 621 2910 prmsidium
650 2840 788 2915 fugae
820 2854 1116 2909 sumentes,
1143 2842 1457 2900 Benevento
1478 2846 1678 2901 adeunt

138 2926 454 3004 liadelgisum,
500 2934 735 2990 adfinem
768 2951 943 2991 smun.
985 2936 1282 2993 Landulfus
1317 2948 1496 2994 autem
1526 2939 1678 2993 Sico-

138 3019 263 3087 polim
289 3023 577 3092 ingressus,
618 3040 647 3080 a
681 3026 953 3098 Radelgisi
994 3027 1360 3085 dominatione
1387 3044 1446 3085 se
1472 3029 1676 3085 subdu-

134 3127 235 3169 ecns
266 3113 524 3173 Siconolfo
557 3118 793 3174 sociatus
826 3128 930 3203 est,
959 3135 1022 3175 ac
1047 3120 1280 3191 primum
1310 3136 1445 3175 eum
1462 3121 1674 3192 Neapo-

137 3204 219 3260 litis
240 3209 372 3276 pacis
394 3208 672 3278 conjunxit
703 3210 927 3268 foedera.
974 3211 1168 3269 Fretus
1207 3213 1389 3285 itaque
1437 3213 1702 3271 SiconoI-v

136 3295 200 3350 fus
226 3298 363 3368 huius
390 3317 451 3358 ac
481 3303 775 3359 liberorum
802 3302 918 3373 ejus
940 3304 1157 3371 auxilio,
1186 3314 1350 3360 totam
1370 3304 1676 3360 Galabriam

134 3401 210 3441 suo
235 3390 450 3446 subdidit
482 3392 1418 3467 famulatuimaximamque-portent
1443 3396 1677 3468 Apulim;

135 3477 227 3531 dein
252 3481 497 3540 adversus
527 3483 888 3540 Beneventum
922 3485 1119 3556 przeliis
1152 3485 1428 3557 insurgere
1459 3487 1679 3552 nititur,

135 3568 451 3643 plurimasque
475 3572 640 3630 urbes
668 3585 722 3630 et
744 3575 999 3631 nonnulla
1024 3575 1219 3646 oppida
1261 3577 1331 3630 ab
1373 3577 1490 3646 ejus
1511 3576 1683 3631 domi-

135 3658 202 3711 nio
224 3660 455 3719 auferens
479 3679 690 3735 suoque
712 3664 822 3734 juri
853 3663 876 3696 ⁸
917 3665 1180 3735 subjecit;
1218 3660 1272 3721 et
1302 3667 1423 3737 quia
1460 3674 1579 3721 erat
1604 3667 1685 3720 vir

133 3746 567 3831 bellicosissimus,
611 3749 918 3826 partimque
942 3766 1088 3831 metu
1107 3798 1121 3823 ,
1151 3773 1288 3828 pene
1316 3766 1567 3811 cunctum
1595 3772 1687 3828 po-

133 3838 280 3904 pulum
328 3858 446 3899 cum
495 3845 744 3903 ambiens
786 3848 1132 3917 sequebatur.
1164 3847 1323 3903 Prius
1350 3848 1493 3903 enim
1519 3864 1681 3919 quam

134 3925 394 3987 Sicouolfus
430 3933 718 3990 Salernum
754 3937 1044 4003 obtineret,
1068 3954 1098 3992 a
1126 3937 1385 4010 praedicto
1427 3938 1682 3993 Adelma-

135 4016 196 4072 rio
216 4021 234 4051 ⁸
255 4021 567 4098 Radelgisus
587 4027 845 4089 invitatus
864 4039 917 4084 et
956 4046 987 4083 a
1015 4030 1126 4085 suis
1151 4030 1474 4085 stratoribus
1497 4012 1686 4087 fraude

133 4122 307 4178 suasua,
363 4115 646 4172 Salernum
692 4119 847 4188 quasi
890 4128 1146 4190 capturus
1198 4120 1527 4175 adventavit.
1567 4121 1685 4189 Quo

133 4199 232 4257 dum
265 4210 614 4275 pervenisset,
659 4214 1033 4267 castrametari
1072 4213 1261 4283 grandi
1301 4229 1425 4269 cum
1460 4215 1683 4269 audacia

132 4290 313 4361 placuit,
352 4308 434 4352 set
471 4299 650 4354 subito
698 4298 855 4355 velud
907 4302 1076 4357 turbre
1118 4302 1340 4358 civitate
1380 4301 1550 4360 isdem
1604 4304 1687 4358 vir

133 4397 228 4439 cum
255 4385 372 4445 fatis
400 4389 639 4447 Daul‘erii
670 4392 794 4460 filiis
821 4409 1088 4466 egressus,
1132 4410 1226 4451 eos
1262 4395 1501 4451 inaudita
1540 4398 1686 4471 caede

1775 1933 1858 1979 est
1887 1922 2145 1995 tropbmo,
2178 1932 2237 1978 ut
2269 1938 2334 1977 ex
2370 1921 2743 1978 innumerabili
2792 1919 2836 1954 ¹⁹
2883 1920 2999 1975 acie
3040 1932 3369 1989 paganorum

1775 2017 1862 2072 vix
1894 2018 2048 2088 pauci
2076 2017 2240 2087 elapsi
2268 2024 2467 2078 essent,
2501 2015 2593 2083 qui
2631 2015 2766 2070 urbe
2811 2013 3044 2069 residuis
3088 2024 3274 2066 casum
3325 2008 3375 2045 ιιι

1777 2108 2113 2179 pereuntium
2142 2105 2493 2177 explicarent.
2542 2104 2656 2161 Rex
2690 2116 2819 2159 vero
2846 2113 3033 2158 eorum
3056 2142 3071 2168 ,
3099 2100 3252 2156 Calfo
3277 2115 3375 2154 no-

1779 2198 1943 2263 mine,
1981 2200 2130 2255 solus
2159 2213 2280 2254 cum
2319 2196 2583 2254 dedecore
2609 2195 2839 2268 fugiens,
2885 2198 3027 2264 equo
3071 2193 3124 2247 in
3180 2192 3374 2247 itinere

1772 2294 1885 2365 jam
1912 2291 2053 2347 fesso
2085 2292 2366 2357 ammisso,
2401 2293 2616 2346 tandem
2641 2287 2796 2344 valde
2822 2285 3223 2358 lassusplantis
3242 2298 3364 2356 pro-

1778 2386 1912 2459 priis
1940 2385 2129 2440 urbem
2160 2384 2525 2455 introgressus
2551 2390 2654 2438 est.

1850 2477 1937 2531 l7.
1978 2474 2189 2530 Interea
2218 2472 2524 2530 Siconolfus
2546 2472 2913 2528 Beneventum
2930 2469 3139 2526 crebris
3167 2466 3369 2537 praeliis

1781 2565 2021 2636 graviter
2050 2562 2339 2635 afﬂigebat,
2387 2570 2549 2630 atque
2593 2571 2650 2614 ut
2687 2560 2791 2615 diei
2839 2559 2977 2616 solet
3019 2556 3163 2636 male
3191 2556 3366 2621 arbor,

1785 2632 1939 2707 modo
1968 2651 2143 2706 multa
2167 2632 2478 2722 inﬁgenda:
2499 2659 2574 2705 est
2606 2666 2824 2713 cuneus,
2871 2655 3063 2702 contra
3091 2632 3371 2717 Agamnos

1782 2743 2049 2815 Radelgisi
2072 2740 2286 2798 Libieos
2301 2739 2644 2797 llisutaclitas
2659 2739 2920 2811 llispanos
2934 2737 3150 2801 accivit,
3176 2735 3373 2806 bisque

1782 2835 2013 2892 invicem
2044 2834 2303 2889 intestino
2330 2840 2387 2888 et
2406 2840 2595 2887 extero
2617 2829 3008 2887 altercantibus
3032 2824 3375 2892 bello,ultra-

1781 2925 1986 2982 mai-ina
2016 2923 2133 2979 loca
2161 2921 2387 2994 captivis
2436 2930 2633 2978 nostrm
2670 2920 2847 2992 gentis
2885 2916 3084 2974 diversi
3110 2917 3154 2948 ¹¹
3208 2927 3375 2971 sexus

1780 3027 1836 3073 et
1868 3016 2047 3072 aetatis
2088 3014 2469 3070 iniciebantur.
2503 3011 2679 3083 (815.)
2698 3011 2938 3080 Quadam
2969 3024 3101 3065 vero
3126 3008 3214 3065 die
3245 3022 3377 3064 con-

1786 3126 1980 3167 venere
2004 3096 2248 3179 utrmque
2269 3107 2414 3163 acies
2445 3108 2497 3162 in
2537 3106 2799 3162 Furculas
2831 3103 3104 3160 Caudinas
3129 3102 3197 3168 ",
3224 3106 3374 3158 cont—

1786 3202 2113 3272 missumque
2135 3208 2219 3256 est
2246 3198 2369 3255 belli
2400 3209 2701 3264 certamen,
2738 3214 2802 3253 ae
2825 3196 3003 3267 primo
3034 3197 3236 3265 impetu
3266 3194 3374 3249 iia-

1785 3294 1971 3368 delgisi
2018 3309 2147 3366 pars
2187 3292 2382 3348 victrix
2431 3291 2709 3357 existens,
2769 3287 3026 3344 Siconoltl
3073 3286 3372 3343 exercitum

1786 3396 1956 3443 totmn
1983 3387 2035 3441 in
2066 3378 2247 3457 fugam
2278 3384 2464 3439 vertit.
2500 3379 2809 3438 Siconolfus
2850 3387 3031 3435 autem
3061 3377 3112 3433 in
3142 3377 3262 3432 loco
3294 3384 3378 3430 tu-

1788 3474 1997 3534 tissime
2028 3468 2155 3531 tunc
2183 3475 2544 3531 constitutus.
2583 3487 2706 3527 cum
2747 3471 2935 3543 paucis
2982 3482 3204 3525 suorum
3250 3479 3372 3521 mox

1786 3584 1949 3640 super
1988 3567 2397 3622 Beneventanus
2440 3563 2835 3632 triumphantes
2868 3576 2933 3617 ac
2967 3574 3094 3616 suos
3139 3557 3186 3591 “
3222 3557 3370 3619 inse:

1786 3670 2017 3733 quentes
2040 3658 2183 3713 virili
2204 3657 2585 3722 irruit‘animo,
2602 3664 2658 3712 et
2686 3670 2792 3709 non
2814 3654 3034 3710 minima
3077 3651 3226 3708 etede
3250 3665 3374 3721 pro-

1786 3751 1980 3809 stravit
2005 3767 2020 3815 ;
2049 3757 2371 3821 patrataque
2395 3746 2644 3811 victoria,
2673 3745 2934 3816 plurimus
2966 3757 3154 3798 eorum
3182 3739 3376 3812 gladiis

1786 3840 2077 3907 extinxit“,
2107 3838 2393 3896 nonnullos
2426 3838 2594 3908 cepit,
2649 3835 2886 3907 reliquos
2933 3847 3062 3889 vero
3105 3832 3159 3886 in
3190 3831 3372 3900 fugam

1787 3932 2067 4006 compulit.
2119 3931 2316 3987 Fretus
2368 3932 2552 3999 itaque
2601 3924 3055 3998 frequentissimis
3102 3920 3371 3986 victoriis,

1788 4041 1981 4081 omnes
2006 4023 2170 4079 urbes
2199 4030 2254 4078 et
2284 4020 2508 4078 castella
2547 4036 2577 4073 a
2611 4018 2875 4090 Badelgisi
2908 4013 3232 4072 abstralteus
3255 4012 3379 4081 jure

1786 4124 2017 4186 excepto
2032 4112 2279 4184 Siponto,
2310 4108 2673 4165 Beneventum
2689 4104 3043 4163 circumdedit
3063 4112 3381 4173 oppugnaru-

1791 4206 1948 4271 duu't;
1980 4219 2211 4275 cumque
2258 4201 2380 4257 telis
2430 4210 2486 4256 et
2532 4200 2620 4255 lue
2666 4197 2826 4253 famis
2874 4212 2980 4251 nou
3032 4191 3383 4249 mediocriter

1790 4308 2126 4356 coarterctur
2154 4337 2167 4357 ,
2199 4295 2511 4350 mandatum
2548 4292 2670 4345 ilico
2699 4299 2782 4344 est
2808 4285 3039 4344 Guidoui
3089 4292 3147 4338 ut
3185 4295 3381 4351 proper

1793 4402 1939 4447 raret
1986 4392 2195 4445 urbem.
2234 4388 2363 4441 Erat
2383 4395 2564 4440 autem
2590 4381 2730 4437 idem
2761 4379 2937 4434 Guitlo
2964 4376 3073 4431 dux
3103 4373 3379 4445 Spolitcn-

133 4486 507 4549 mactaverunt,
538 4484 786 4559 bonaque
824 4500 1008 4541 cormn
1038 4495 1229 4542 cuncta
1263 4486 1576 4557 diripientes
1606 4468 1686 4542 di-
1708 4518 1765 4581 D
1792 4486 1956 4548 sium,
1990 4481 2243 4538 Siconolli
2295 4486 2577 4548 cognatus,
2625 4487 2724 4543 pro
2754 4468 3047 4540 cupiditate
3084 4474 3262 4520 tamen
3286 4478 3379 4532 pe-

135 4567 209 4581 .,--
529 4574 563 4581 ._
630 4575 641 4581 -
680 4575 691 4581 _
735 4575 746 4581 _
930 4577 940 4581 _
1329 4578 1339 4581 _
1425 4578 1435 4581 _
1520 4578 1532 4581 _
1608 4579 1615 4581 Α
1903 4576 1915 4581 -
2208 4570 2240 4581 η
2418 4579 2423 4581 Α
2481 4568 2491 4578 ι
2570 4580 2575 4581 ,
2614 4562 2938 4581 lg,___‘_-__-__-
2973 4556 3233 4581 ....l.2..2|....‘
3288 4570 3348 4581 ,ιη

135 4567 211 4621 tati
246 4581 388 4640 sunt;
427 4582 484 4629 et
528 4574 846 4646 Badelgisus
891 4577 978 4631 vix
1021 4592 1142 4633 cum
1188 4578 1373 4647 paucis
1424 4578 1686 4650 inglorius

135 4654 312 4727 fugiens
361 4663 554 4730 evasit,
607 4680 707 4722 nec
741 4666 883 4722 ultra
925 4682 1089 4723 ausus
1131 4677 1218 4724 est
1255 4667 1463 4723 Salerni
1518 4679 1691 4727 metas

134 4752 368 4817 gressibus
407 4757 689 4828 attingere.

190 4840 266 4897 lli.
309 4845 476 4918 (8-58.)
513 4847 629 4904 lliis
678 4865 893 4921 quoque
937 4851 1126 4907 diebus
1170 4850 1355 4907 Pande
1394 4852 1613 4921 quidam
1670 4853 1693 4886 ‘

136 4926 283 4986 Baritn
328 4937 580 5009 regebat,
631 4941 722 5011 qui
762 4939 929 5009 jussis
967 4954 1346 5012 optemperans
1396 4944 1686 5015 Radelgisi,

137 5018 490 5083 Saracenorum
522 5031 816 5102 phalangas
845 5032 897 5086 in
937 5031 1263 5102 adjutorium
1306 5035 1508 5091 accitas
1534 5037 1688 5107 juxta

136 5125 317 5195 murum
352 5119 496 5178 urbis
523 5129 578 5195 et
612 5135 770 5181 orant
802 5127 824 5156 τ
848 5121 1015 5183 maris
1036 5122 1230 5178 locavit
1251 5128 1686 5183 eounnoraudas.

140 5192 209 5259 llii
244 5216 432 5274 autem,
476 5192 545 5267 uti~
572 5219 705 5267 sunt
752 5220 944 5267 natura
984 5211 1161 5268 callidi
1212 5222 1266 5269 et
1312 5204 1717 5284 prudentiores

1794 4576 2102 4636 cuuiarunt,
2131 4570 2326 4640 quibus
2351 4568 2588 4622 maxime
2611 4562 2941 4617 Francorum
2972 4556 3233 4614 subicitur
3287 4570 3381 4625 ge-

1797 4685 1919 4733 nus,
1944 4663 2241 4738 postposito
2263 4659 2479 4716 vinculo
2506 4654 2767 4729 parentali
2801 4654 2852 4707 in
2880 4651 3205 4723 adjutorium
3254 4648 3378 4703 ilico

1793 4755 2073 4832 profectus
2092 4763 2176 4809 est
2200 4750 2495 4823 Radelgisi,
2532 4756 2696 4817 atque
2722 4760 2819 4815 per
2865 4743 3092 4798 nuncios
3113 4738 3381 4809 suggessit

1798 4828 2076 4906 Siconolfo
2122 4844 2408 4900 obsidente
2449 4842 2660 4903 urbem,
2692 4847 2754 4890 ut
2779 4833 3096 4891 obsessione
3121 4832 3163 4864 ¹⁸
3195 4828 3381 4884 relicta

1798 4942 1864 4997 ad
1895 4938 2109 5011 propria
2138 4941 2427 4999 remearet,
2452 4929 2690 4988 adiciens
2715 4928 2858 4982 inter
2899 4938 3096 4987 uetera
3122 4941 3136 4977 :
3162 4920 3389 4981 Permit—

1796 5041 1845 5086 te
1874 5006 1918 5070 ’δ
1942 5006 2022 5082 me
2043 5025 2184 5096 loqui
2207 5042 2325 5080 cum
2355 5020 2653 5093 Radelgiso,
2679 5017 2802 5087 quia
2824 5026 2932 5070 tua:
2962 5015 3127 5088 magis
3151 5009 3287 5081 parti
3318 5006 3394 5074 fu-

1798 5121 1940 5179 rebo.
1966 5116 2213 5177 Recessit
2252 5119 2416 5191 igitur
2444 5107 2751 5170 Siconolfus
2797 5122 2827 5160 a
2879 5107 3009 5169 loco
3043 5107 3164 5167 illo;
3214 5096 3392 5191 Guido

1800 5214 2017 5270 interim
2048 5186 2329 5282 applicuit,
2378 5216 2434 5268 ct
2478 5208 2697 5273 accepta
2723 5198 2752 5253 a
2788 5196 3096 5282 Radelgiso
3117 5206 3278 5252 unam
3308 5186 3408 5275 sel-

1333 5351 1608 5441 ιἈιιιΑε
1666 5349 2134 5420 LECTIONES.

269 5467 655 5522 ’λρςειηαημηηε-νι
689 5488 762 5547 _c.
840 5470 863 5505 ⁸
912 5472 1056 5527 balni
1101 5487 1145 5525 ε.
1228 5464 1285 5547 ’ί
1304 5472 1549 5547 principe
1596 5497 1644 5535 c.

672 5541 795 5572 ειν-ς
828 5558 873 5584 ρ-
958 5548 979 5579 τ
1008 5556 1102 5596 ora
1141 5558 1186 5596 c.
1264 5540 1287 5573 ⁸
1308 5540 1470 5613 captu
1484 5540 1701 5632 rimeris
1731 5546 1899 5618 erasis
1923 5561 1970 5600 ι·-

1743 5475 1766 5508 ⁸
1802 5471 2106 5530 illisociavit
2134 5486 2183 5524 ε.

2286 5471 2310 5504 ι
2344 5466 2484 5535 juris
2522 5479 2569 5520 ο.
2647 5458 3017 5529 ἐιΙΛριιιιιηθ
3040 5486 3086 5525 τ,
3124 5456 3200 5515 cf.
3235 5468 3287 5506 e.
3329 5443 3413 5515 ιι.

2072 5549 2093 5580 ³
2132 5541 2186 5594 in
2213 5538 2454 5597 maraim
2492 5548 2649 5580 πηίου·
2688 5546 2765 5564 eu
2826 5548 2878 5556 ---
