3926 5510
558 338 667 403 ἐδῦ

1533 322 2018 408 meummeum
2056 336 2498 416 cassmsnsts
2536 334 2843 397 MONAClll

3702 338 3791 396 ιιι

558 455 662 522 tam
710 468 806 524 pro
848 453 1187 524 septuaginta
1213 452 1426 509 milibus
1456 456 1689 510 nummis
1718 455 1915 517 aureis,
1953 454 2130 508 dirru-
2160 459 2203 515 Α
2231 451 2595 517 Beneventum
2639 452 2965 524 depopulare
3016 449 3299 510 initiath
3352 453 3397 487 ¹³
3440 452 3611 527 (εει).
3661 454 3786 514 Tune

560 544 644 614 pit
687 545 1061 615 quodcumque
1106 534 1376 614 pollicitus
1417 541 1591 597 fuerat
1641 559 1740 599 suo
1789 553 2041 612 cognato,
2078 550 2133 597 et

556 620 825 703 alienatus
845 635 911 690 ab
935 638 1001 689 eo
1027 635 1114 689 via
1143 650 1247 705 qua
1278 642 1498 688 venerat
1530 633 1704 689 rediit.

630 726 717 780 l8.
759 723 886 792 Post
912 725 1026 780 hmo
1052 726 1339 796 prmdictus
1362 725 1536 782 Guido
1560 727 1730 781 suasit
1753 722 2058 792 Siconolfo,
2075 734 2134 778 ut

566 815 707 882 datis
735 816 1120 888 quinquaginta
1145 814 1289 871 milia
1321 816 1559 873 nummis
1582 817 1761 880 aureis
1790 831 1888 886 pro
1932 816 2138 869 adunae

561 903 707 969 tione
737 906 1029 974 provincia:
1048 905 1455 969 Beneventanis,
1482 905 1551 959 Et
1572 906 1801 974 optinere
1825 915 1895 970 te,
1928 904 2132 975 inquid,

550 993 753 1069 {nciam
779 994 1037 1057 cumhinc
1058 1005 1106 1049 et
1141 995 1282 1060 inde,
1335 996 1491 1066 quasi
1520 996 1694 1066 palmo
1723 996 1960 1050 metiaris
1984 991 2137 1048 eam!

564 1079 730 1150 Cujus
766 1091 894 1137 tunc
919 1084 1145 1139 consilio
1185 1086 1534 1140 consencicns
1563 1087 1580 1119 ι
1609 1084 1833 1139 Romam
1863 1085 2014 1148 adiit,
2044 1099 2136 1138 au-

562 1186 689 1227 reos
717 1173 927 1240 tribuit,
967 1185 1305 1231 sacramenta
1337 1177 1502 1242 dedit,
1533 1177 1907 1248 jusjurandum
1957 1190 2140 1239 susce-

564 1264 658 1333 pit,
689 1262 855 1320 nichil
877 1265 1168 1335 proﬁciens
1192 1267 1662 1325 inanisabscessit.
1690 1266 1818 1331 Erat
1844 1275 2021 1321 autem
2044 1266 2141 1321 ad-

563 1342 666 1413 iluc
697 1357 839 1412 inter
870 1356 1279 1418 Siconollumet
1324 1359 1668 1430 Badelgisum
1694 1359 2136 1429 frequentissima

562 1458 752 1521 pugnas
777 1444 1109 1505 concertatio
1136 1459 1192 1504 et
1221 1449 1492 1505 cotidiana
1524 1450 1696 1517 litium
1734 1449 1948 1515 seditio,
1996 1449 2141 1505 unde

560 1523 617 1589 et
640 1551 709 1590 ex
739 1538 949 1594 diversa
975 1549 1128 1609 parte
1148 1540 1344 1608 quibus
1370 1539 1455 1592 via
1479 1538 1706 1607 iustitia:
1733 1538 2141 1609 displicebatal-

564 1630 822 1687 wrnatim’
845 1632 913 1686 ab
937 1647 1046 1686 uno
1070 1632 1125 1686 in
1148 1633 1374 1687 alterum
1406 1632 1807 1704 confugiebant,
1836 1633 2142 1705 fiebantque

563 1725 752 1779 crebra
780 1739 880 1797 par
916 1719 1160 1795 ’irapinte
1186 1726 1511 1796 incestusque
1542 1724 1944 1797 fornicationes.
1972 1726 2139 1787 Erant

2237 545 2428 599 iterum
2478 551 2753 616 sngestum
2787 552 2873 600 est
2910 543 3236 600 lamentabili
3284 545 3678 618 supplicatione
3694 547 3785 615 jam

2236 651 2378 707 saepe
2411 636 2555 691 dicto
2578 636 2822 705 piissimo
2851 646 3076 709 augusto
3104 652 3201 708 per
3228 636 3547 694 Bassacium
3569 638 3616 670 “
3653 652 3788 696 vene-

2236 728 2457 783 rabilem
2490 730 2684 789 virum.
2715 727 2860 783 beati
2894 728 3163 786 Benedicti
3183 728 3472 794 vicarium,
3502 738 3560 784 et
3586 743 3685 800 per
3718 729 3787 786 la-

2236 822 2428 877 cobum
2458 821 2634 876 sancti
2657 819 2923 879 Vincentii
2951 819 3223 885 abbatem,
3242 829 3303 876 ut
3331 835 3790 891 properat-equan-

2238 910 2410 965 tocius
2437 910 2774 981 dignaretur,
2798 919 2853 965 et
2878 924 2977 966 suo
3002 909 3232 965 adventu
3261 911 3503 979 eriperet
3522 926 3662 980 quos
3691 921 3792 967 ante

2229 1002 2344 1072 jam
2370 1004 2796 1059 misericorditer
2818 1003 3119 1059 redemerat
3144 1019 3161 1060 :
3190 1003 3259 1057 Et
3303 1003 3495 1069 simus,
3542 1004 3790 1075 inquiunt,

2237 1095 2479 1163 ﬁdissimi
2503 1094 2716 1165 famulis
2738 1095 2907 1159 illius,
2933 1095 3319 1165 constituatque
3340 1110 3436 1147 nos
3464 1094 3678 1149 subesse
3704 1096 3792 1155 cai-

2237 1180 2358 1244 libet
2402 1180 2826 1243 ultimosuorum
2841 1180 2875 1233 ἔα
2896 1180 2997 1248 Qui
3045 1180 3163 1235 sine
3208 1194 3359 1235 mora
3405 1180 3653 1243 veniens,
3695 1196 3794 1235 cunt

2238 1271 2535 1326 incredibili
2562 1270 2904 1326 multitudine
2923 1270 3103 1326 Barim
3124 1271 3384 1341 perrexit,
3410 1278 3499 1324 set
3524 1270 3682 1339 pro"
3704 1284 3797 1323 ont-

2240 1363 2398 1419 nibus
2422 1362 2571 1418 obliti
2597 1362 2832 1433 Capuani
2863 1377 3017 1418 suam
3040 1363 3344 1418 ultroneam
3379 1362 3724 1433 sponsionem
3742 1364 3796 1427 ⁸⁸,

2238 1453 2461 1509 urbibus
2482 1469 2540 1507 se
2561 1451 2929 1518 recondentes,
2952 1452 3275 1510 Landull‘um
3291 1461 3507 1508 tantum
3525 1452 3797 1508 antistitem

2239 1546 2358 1600 vice
2380 1559 2475 1599 sua
2503 1544 2630 1599 illuc
2657 1543 3018 1603 destinarant.
3048 1543 3247 1605 Yidens
3262 1551 3454 1599 autem
3479 1542 3801 1612 supradictus

2239 1652 2412 1697 casar
2457 1646 2512 1693 et
2557 1637 2771 1692 illorum
2802 1637 3071 1694 fallaciam
3110 1646 3168 1693 et
3201 1631 3379 1692 se‘nil'
3394 1636 3684 1707 proﬁcere,
3706 1635 3801 1695 sine

2240 1726 2663 1784 etnolumento‘?
2714 1728 2969 1791 recedens
3013 1726 3166 1792 abiit,
3216 1741 3480 1786 concesso
3515 1725 3802 1803 principale

562 1815 827 1884 siquidem
850 1817 1084 1872 universi
1110 1818 1326 1873 crranei
1347 1828 1403 1872 ct
1421 1818 1491 1872 ad
1517 1818 1717 1873 malum
1738 1819 1991 1890 prompti,
2007 1833 2145 1890 qna-
2171 1806 2221 1866 Β
2249 1818 2594 1875 Salernitano
2614 1819 2925 1883 Memario,
2945 1818 3241 1875 fortissimo
3260 1827 3316 1873 et
3338 1818 3553 1872 illustre
3581 1816 3712 1880 viro,
3732 1815 3801 1869 Si-

565 1905 611 1974 εἰ
641 1906 828 1961 bestia:
849 1907 966 1963 sine
991 1908 1208 1977 past‘dre
1236 1907 1553 1964 aberrantes
1575 1909 1627 1963 in
1653 1910 1868 1964 saltum.
1902 1908 1998 1964 Set
2020 1922 2144 1965 cum

557 1991 757 2066 iugiter
784 1996 926 2051 civili
957 1997 1099 2057 bello
1121 1999 1347 2053 invicem
1379 2000 1516 2053 inter
1552 2013 1611 2053 se
1642 1999 2029 2063 lacerareutur,
2062 2015 2148 2056 es-

563 2080 753 2156 setque
778 2089 1015 2143 omnium
1045 2090 1310 2161 pernicies
1331 2096 1407 2157 et,
1435 2099 1495 2145 ut
1517 2092 1590 2146 ita
1615 2091 1815 2156 dicam,
1848 2094 2043 2149 anima:
2090 2103 2147 2148 et

563 2174 745 2255 cordis
791 2191 1033 2248 extrema
1092 2180 1363 2254 perditio,
1430 2185 1663 2239 maxime
1713 2186 1836 2255 quia
1888 2184 2145 2241 Saraceni

566 2264 882 2331 Benevento
904 2270 1179 2347 degentes,
1202 2291 1430 2347 quorum
1467 2285 1699 2333 rexerat
1725 2277 1973 2346 Massari,
2006 2276 2145 2332 infra

570 2375 832 2436 extraque
869 2367 1052 2425 omnia
1110 2367 1345 2422 funditus
1390 2366 1691 2431 devastavit
1719 2365 1841 2421 ’ita
1872 2373 1930 2421 ut
1978 2367 2143 2421 etiam

562 2453 1024 2539 optimatcs'iilius
1041 2472 1137 2528 pro
1163 2457 1364 2512 nichilo
1383 2457 1643 2513 ducerent
1662 2466 1824 2528 atque
1849 2464 1910 2511 ut
1933 2456 2148 2529 ineptoa

562 2546 806 2603 servulos
837 2548 1041 2613 taureis
1067 2548 1275 2604 duriter
1298 2546 1627 2619 ilagellarent
1653 2546 1696 2601 ⁵.

636 2637 723 2694 l9.
748 2634 1049 2711 (855.).llis
1075 2653 1287 2709 quoque
1306 2637 1494 2694 diebus
1522 2636 1858 2707 mortno'jam
1882 2637 2025 2695 dicto
2036 2634 2142 2692 Lu-

561 2730 762 2795 tltario,
783 2745 1004 2801 regnum
1027 2729 1289 2786 Gallicum
1310 2729 1596 2801 pentil‘arie
1610 2740 1629 2772 α
1643 2730 1869 2784 divisum
1886 2737 1989 2790 est.
2003 2743 2143 2799 quo-

562 2819 705 2873 niam
721 2818 1059 2890 Lodoguicus
1082 2826 1137 2875 et
1165 2818 1378 2883 Karlus,
1408 2818 1649 2891 germani
1677 2817 1811 2888 ejus,
1835 2816 2142 2888 Bajoariam

561 2919 615 2971 et
640 2906 985 2981 Aquitaniam
1014 2910 1702 2985 regeliant,'primogenitus
1726 2911 1844 2981 ejus
1866 2910 2006 2965 illius
2034 2908 2144 2964 Lo-

562 3001 827 3070 doguicus
853 3003 1068 3059 nomine
1090 3002 1315 3071 Italiam,
1345 3003 1615 3057 secundus
1631 2999 1921 3056 Lutharins
1947 2999 2138 3069 Aquis,

562 3092 758 3146 tertius
802 3092 1065 3147 Carlictus
1086 3092 1427 3147 Provinciam
1475 3093 1783 3147 tuebantur.
1829 3091 1966 3148 Huic
2008 3106 2140 3163 ergo

565 3180 872 3253 bodoguico
894 3193 1122 3251 augusto
1141 3182 1453 3254 suppliciter
1483 3183 1710 3237 relatum
1755 3190 1840 3237 est
1875 3197 1974 3251 per
1999 3182 2141 3237 Lau-

565 3272 759 3326 donem
791 3269 1084 3326 'comitem
1122 3269 1455 3341 Capuanum,
1485 3271 1651 3338 lilium
1696 3275 1717 3306 "
1756 3271 1998 3337 Landolti
2052 3286 2142 3327 su-

561 3359 790 3433 pradicti
820 3360 940 3426 viri,
970 3374 1139 3437 etper
1164 3363 1510 3419 Ademarium
1538 3362 1649 3430 jam
1699 3360 1864 3416 fatum
1895 3362 2067 3417 virum
2091 3359 2137 3414 ⁸.

562 3454 667 3521 Qui
717 3454 846 3511 licet
884 3465 1003 3510 erat
1030 3454 1339 3512 admodum
1381 3454 1587 3525 parvuli
1622 3454 1906 3525 ’,ιιι-ο,Μὶ
1964 3466 2141 3510 tamen

560 3547 680 3609 zelo
694 3542 885 3603 eorum
916 3547 1209 3604 humilibus
1238 3548 1488 3618 precibus
1512 3562 1673 3603 aures
1696 3548 2139 3611 accommodans,

562 3638 725 3697 etiam
778 3652 1098 3694 consensum
1128 3637 1464 3709 u’-pra3buit;
1513 3645 1569 3692 et
1617 3637 1865 3692 celeriter
1896 3637 2137 3700 veniens,

562 3727 849 3783 universos
882 3729 1172 3798 propbana:
1216 3727 1393 3797 gentis
1421 3727 1606 3783 hostes
1633 3726 1675 3759 “
1710 3728 1778 3781 ab
1806 3726 1938 3780 urbe
1960 3725 2009 3780 vi
2033 3726 2145 3782 disp

564 3820 705 3875 tralti
755 3835 817 3876 ac
848 3819 1114 3876 "framea
1142 3821 1316 3876 necari
1348 3820 1473 3874 fecit
1492 3818 1678 3891 (8&9);
1705 3827 1762 3873 et
1785 3816 2142 3887 prtesentibns

564 3904 817 3970 omnibus
868 3907 1259 3978 Langobardis,
1315 3908 1456 3962 inter
1496 3908 1632 3962 duos
1677 3907 1965 3975 praedictus
1991 3906 2141 3961 viros

563 4006 734 4064 totam
756 3996 1088 4069 provinciam
1110 3997 1544 4053 Beneventanam
1573 3996 1849 4066 aequitatis
1879 3994 2140 4051 discrimi-

566 4104 633 4144 nc
662 4090 762 4146 sub
777 4089 1131 4159 jurejurando
1155 4091 1475 4162 dispertivit.
1504 4088 1619 4145 lloc
1644 4099 1821 4145 autem
1845 4088 2008 4156 facto,
2033 4106 2137 4148 non

562 4179 653 4232 diu
672 4181 981 4250 supervixit
1008 4179 1332 4247 Siconolms,
1357 4190 1439 4237 set
1473 4181 1715 4237 debitum
1743 4182 1934 4238 mortis
1947 4196 2141 4238 munus

563 4269 842 4342 exolvens,
871 4268 1037 4327 lilium
1063 4286 1218 4329 suum
1240 4273 1416 4327 adhuc
1439 4272 1728 4329 laetantem
1750 4274 2034 4343 ministerii
2056 4273 2150 4343 sui.

563 4362 792 4434 reliquid
820 4364 1094 4420 heredem.
1111 4363 1206 4421 Cui
1230 4370 1502 4444 superstes
1519 4379 1710 4435 parum
1726 4366 1817 4435 qui
1842 4365 2023 4421 extitit
2041 4363 2142 4421 Ra-

562 4451 754 4522 delgis.
781 4452 902 4520 Quo
922 4454 1171 4525 migratu,
1206 4452 1561 4526 Badelgarius
1580 4454 1720 4510 illius
1745 4454 1862 4523 ejus
1911 4455 1965 4510 in
1992 4455 2139 4526 prin-

560 4543 794 4613 cipatum
830 4544 946 4601 loco
974 4546 1091 4615 ejus
1116 4547 1318 4603 electus
1341 4557 1445 4613 est,
1476 4548 1559 4602 vir
1600 4547 1757 4618 plane
1794 4546 1953 4603 fortis
2001 4544 2133 4602 viri-

562 4631 666 4686 bus
689 4639 744 4687 et
769 4631 950 4689 animo
970 4634 1112 4705 pius,
1139 4650 1205 4689 ac
1230 4650 1459 4706 corpore
1481 4637 1690 4691 cunctis
1718 4645 1920 4705 gratus.

630 4724 725 4779 20.
765 4724 871 4781 Per
893 4727 1033 4781 idem
1068 4734 1279 4798 tempus
1318 4728 1549 4798 Agareni
1604 4728 1783 4783 Barim
1814 4726 2128 4795 incolentes,

560 4817 844 4885 cmperunt
895 4818 1241 4872 dcvastantes
1309 4818 1554 4887 stirpitus
1602 4819 1913 4889 deprccdare
1966 4825 2130 4873 totam

560 4897 805 4988 Apuliam
833 4905 1263 4979 Calabriamque,
1293 4920 1357 4971 ac
1379 4908 1705 4977 pedetentim
1729 4914 1744 4929 ⁶
1770 4906 2049 4975 Salernum
2067 4922 2131 4962 ac

2244 1911 2439 1967 conolli
2472 1911 2635 1966 lilium
2665 1910 2879 1967 exulem
2910 1908 3058 1966 fecit.
3085 1909 3257 1980 (854.)
3284 1908 3500 1964 Interea
3544 1908 3681 1965 obiit
3710 1908 3802 1964 Btt-

2246 2003 2514 2075 delgarius
2560 2003 2898 2069 Benevento;
2938 2002 3028 2058 cui
3064 2001 3327 2058 successit
3378 2015 3673 2071 germanus
3704 1998 3801 2067 eius

2246 2097 2462 2151 nomine
2482 2094 2757 2162 Adelcltis,
2786 2095 2871 2149 vir
2896 2094 3093 2171 quippe
3134 2093 3457 2149 mitissimus
3486 2099 3544 2149 et
3580 2090 3809 2150 amabilis.

2245 2184 2452 2241 CtttlcliS
2467 2185 2536 2253 ¹⁸,
2564 2195 2819 2256 tantaque
2847 2184 3294 2251 mansuetudinis,
3315 2183 3564 2249 utetiam
3590 2182 3659 2237 ab
3676 2191 3800 2249 este-

2244 2276 2319 2330 ris
2346 2275 2680 2347 diligeretur.
2703 2274 2821 2341 Set,
2840 2275 2984 2346 quod
3011 2271 3183 2344 pejus,
3214 2272 3500 2344 provincia
3549 2271 3607 2327 iu
3644 2271 3800 2327 multis

2243 2368 2415 2423 divisa
2445 2368 2511 2422 ad
2536 2367 2759 2423 exitium
2784 2367 2956 2439 magis
2980 2380 3142 2437 quam
3170 2364 3237 2420 ad
3271 2362 3508 2421 salutem
3547 2362 3616 2419 de
3643 2363 3721 2419 dic
3752 2362 3800 2416 in

2243 2460 2388 2517 diem
2411 2470 2442 2517 a
2469 2458 2904 2524 dominatoribus
2934 2457 3249 2515 ducebatur.

2311 2548 2401 2604 21.
2444 2547 2734 2605 Subtracto
2755 2561 2888 2603 vero
2909 2564 2977 2604 ex
3010 2548 3111 2604 hac
3131 2546 3248 2601 luce
3281 2544 3555 2602 Landull’o
3573 2545 3805 2615 Capuam

2242 2639 2440 2697 comite
2467 2638 2637 2710 (845),
2662 2647 2720 2696 ut
2747 2648 2870 2710 post
2896 2648 3104 2710 tergum
3122 2637 3170 2670 "
3204 2638 3461 2708 redeam,
3483 2645 3710 2707 quatuor
3727 2648 3801 2687 re-

2242 2730 2410 2801 liquid
2433 2731 2655 2793 libcros,
2682 2727 2994 2785 Landonem
3020 2727 3270 2790 videlicet
3287 2727 3405 2798 jam
3428 2725 3604 2781 fatum
3630 2724 3803 2789 vitam,

2242 2822 2551 2881 Paudonetu
2578 2862 2594 2887 ,
2654 2819 3045 2885 Laudouolfum
3101 2829 3157 2875 et
3201 2817 3531 2882 Landolftnu
3591 2817 3799 2871 fumium

2240 2913 2570 2985 pontificem,
2594 2913 2747 2969 viros
2781 2911 3071 2982 singularis
3114 2910 3410 2981 prudencia
3438 2903 3802 2978 virtutisque!

2241 3001 2475 3059 ellcacia
2515 3002 2670 3071 valde
2712 3002 3090 3073 compotes“;
3134 3014 3203 3056 ex
3248 3000 3449 3070 quibus
3495 2999 3682 3055 Laudo
3722 2994 3809 3051 ὼε

2244 3112 2426 3168 puum,
2476 3095 2663 3152 Pando
2690 3093 3174 3165 marepabissatum
3191 3094 3260 3159 ",
3283 3091 3660 3149 Landonollus
3691 3089 3801 3144 Tea-

2246 3202 2373 3242 num
2399 3187 2640 3269 regebat,
2667 3184 2962 3241 Landull‘us
2999 3199 3126 3241 vero
3151 3184 3329 3239 adhuc
3349 3182 3573 3252 juvenis
3591 3182 3640 3214 ”
3683 3180 3800 3251 pata-

2245 3277 2372 3333 tinis
2408 3276 2456 3309 "
2485 3277 2791 3332 excubabat
2816 3276 3112 3347 obsequiis.
3132 3273 3231 3331 llic
3256 3283 3441 3329 autem
3477 3272 3796 3329 novissimus,

2241 3372 2337 3422 ut‘
2362 3378 2483 3439 post
2506 3368 2557 3423 in
2588 3367 2772 3438 patulo
2794 3366 3012 3432 claruit,
3036 3381 3159 3421 cum
3185 3365 3367 3421 adhuc
3410 3364 3625 3420 viscene
3645 3368 3798 3432 gest:-

2243 3468 2393 3516 retur
2423 3460 2721 3531 genitricis,
2759 3461 2946 3526 eadem
2969 3467 3164 3521 mater,
3191 3472 3315 3513 cum
3352 3470 3413 3511 se
3459 3455 3691 3525 quadam
3728 3452 3802 3505 die

2240 3552 2420 3621 sopori
2446 3552 2602 3623 juxta
2628 3550 2729 3605 viri
2758 3551 2976 3606 dorsum
3004 3549 3259 3612 dedisset,
3291 3548 3469 3603 facem
3495 3547 3700 3618 igneam
3720 3557 3796 3613 pc-

2241 3644 2446 3714 perisse
2465 3642 2638 3697 visum
2666 3651 2890 3710 experta
2918 3649 3021 3696 cst.
3055 3639 3187 3707 Quae
3222 3636 3314 3692 fax
3360 3653 3489 3692 cum
3542 3636 3683 3692 humi
3705 3630 3800 3687 sola

2241 3732 2625 3802 cecidisset,‘in
2655 3731 2952 3793 maximum
2979 3730 3117 3801 ignis
3136 3729 3353 3800 globum
3378 3736 3541 3783 aucta
3565 3737 3663 3791 est,
3685 3724 3803 3778 visa-

2238 3839 2345 3896 que
2363 3833 2447 3881 est
2468 3824 2631 3880 totius
2656 3812 2953 3878 Beneventi
2984 3821 3276 3878 conﬁnium
3316 3833 3691 3882 concremare,
3708 3816 3807 3870 sica

2239 3932 2344 3989 que
2371 3931 2493 3973 cum
2528 3930 2756 3987 sompno
2793 3914 2996 3987 pariter
3021 3922 3076 3968 et
3105 3912 3301 3969 visio"
3340 3912 3529 3983 elapsa
3558 3919 3655 3965 est.
3687 3909 3803 3975 ac:

2239 4008 2464 4073 nimium
2514 4005 2823 4077 perterrita,
2853 4004 3073 4075 proprio
3096 4017 3223 4058 mox
3252 4001 3473 4072 coniugi
3505 4007 3685 4055 masta
3712 4011 3799 4050 cu-

2239 4100 2377 4156 ravit
2407 4097 2725 4164 indicare";
2759 4097 2912 4166 cujus
2940 4094 3162 4151 visionis
3180 4093 3343 4148 tinem
3371 4093 3586 4163 genitor
3606 4086 3797 4143 utaudi—

2238 4190 2340 4255 vit,
2371 4188 2424 4243 in
2455 4188 2640 4260 paucis
2676 4188 2718 4219 "
2750 4186 3063 4243 sillabarum
3106 4182 3439 4239 dictionibus
3478 4179 3654 4235 futura
3696 4174 3797 4243 dus

2238 4280 2353 4337 dira
2376 4295 2541 4351 opera
2567 4279 2881 4351 complexus
2901 4287 3007 4345 est,
3030 4277 3218 4333 dicens
3250 4290 3265 4328 :

2240 4447 2355 4505 lleu
2380 4463 2487 4513 me,
2515 4446 2686 4502 dulcis
2701 4459 2913 4511 amans,
2933 4436 3053 4515 qua:
3072 4458 3170 4499 nos
3194 4451 3322 4499 tunc
3335 4440 3450 4497 fata
3472 4440 3523 4475 "
3545 4447 3801 4503 secuntur,

2227 4540 2540 4611 ,Augurium
2567 4552 2766 4594 saevum
2794 4544 3060 4593 monstrat
3082 4544 3169 4591 tua
3198 4533 3337 4589 visio
3358 4533 3524 4588 ‘diral

2241 4628 2354 4683 Hac
2377 4637 2500 4683 tuus
2516 4627 2604 4697 hic
2625 4636 2777 4682 ortus
2790 4626 2836 4674 ⁸³
2868 4625 3063 4695 tegitur
3095 4624 3185 4692 qui
3210 4622 3437 4691 clausus
3464 4622 3517 4675 in
3535 4619 3668 4684 alvo,

2237 4719 2431 4790 Diliget
2454 4719 2583 4773 baut
2606 4719 2770 4783 ullum
2793 4720 2849 4757 '°—
2888 4725 3105 4787 spernet
3127 4715 3218 4795 qui
3250 4715 3518 4782 sanguine
3552 4725 3719 4781 caros,_

2237 4812 2516 4868 Postremo
2536 4811 2681 4865 cives
2719 4809 2960 4880 viperino
2997 4808 3214 4862 devoret
3236 4805 3280 4837 “
3323 4819 3445 4869 ore,

2237 4907 2315 4961 Ac
2344 4905 2496 4959 velud
2529 4903 2666 4974 ignis
2690 4903 2828 4959 edax
2852 4911 3121 4958 rectorum
3148 4907 3371 4970 pectora
3394 4896 3567 4952 burct.

1840 5057 2071 5115 vanus
2113 5055 2511 5129 LECTIONES.

635 5173 1102 5245 ‘roomencientgc.
1174 5175 1460 5245 ’ρει-ειᾳῖ
1526 5173 2060 5245 Α³ι1ιξνέιειςιιβι⁸υιιιῖ
2155 5169 2519 5245 δ-Ιιιιεετρῃιε.

1519 5231 1738 5297 'virnm
1769 5231 1869 5296 nec
1907 5258 2015 5297 non
2043 5256 2139 5310 per
2161 5231 2521 5310 venérabilem
2557 5237 2803 5310 abbatem
2836 5231 3170 5310 Bassaci’u'm,
3195 5241 3256 5285 ut
3277 5231 3345 5310 and
3374 5232 3478 5287 bas
3517 5237 3686 5310 partes
3708 5238 3783 5310 ve:

564 5242 760 5307 donem
787 5261 832 5296 c.
867 5243 938 5311 cf.
964 5260 1011 5296 c.
1035 5244 1124 5304 21.
1215 5242 1237 5278 ’ί
1264 5243 1355 5298 lilii
1380 5263 1428 5298 c.

2621 5167 2740 5220 lita
2766 5166 2823 5231 l.
2861 5164 2923 5234 (Ι.
2952 5163 3067 5234 29.)
3089 5159 3343 5234 pentil'ari
3362 5177 3412 5234 ς.
3499 5160 3527 5195 ί
3548 5168 3642 5215 est.
3669 5171 3783 5226 pan-

562 5300 687 5364 δίη
733 5300 933 5360 ωεηιιή
974 5327 1002 5356 ιι
1056 5300 1406 5366 Ifnefandorum
1465 5312 1860 5362 Saracenorum
1900 5300 2273 5358 devastatimw.
2300 5308 2512 5358 erinere
2547 5306 2819 5360 taltlisatte
2861 5302 3255 5358 calantilalibl's
3294 5300 3459 5354 ﬁnem
3504 5301 3784 5364 dignaretur
