3926 5576
166 333 270 388 757

1290 331 1608 388 HISTORIA
1647 330 2270 389 LANGOBARDOBUM.

3314 331 3422 390 758

162 443 311 512 Quod
333 443 445 510 ille,
469 443 523 497 in
546 443 721 499 extasi
739 443 934 499 mentis
960 444 1104 507 licet,
1126 443 1458 512 praedixerit,
1484 456 1582 497 nos
1606 456 1738 510 quo-
1764 442 1811 502 Α
1842 440 2094 509 inierunt,
2117 451 2175 496 ut
2204 441 2412 497 deserta
2442 450 2652 514 angustt
2678 441 2873 497 montis
2892 440 3307 504 cohabitatione,
3341 442 3418 496 ad

163 549 264 604 que
292 533 532 603 propriis
562 534 741 588 intuiti
773 550 958 590 sumus
984 533 1280 604 optutibus,
1309 533 1401 604 qui
1436 535 1743 586 innumera-

163 628 293 682 biles
321 628 569 682 insontes
589 625 836 684 homines
863 627 1006 681 illius
1059 624 1202 680 facto
1237 623 1619 694 conspeximus
1644 638 1744 693 pro

156 719 278 789 igne
301 729 329 758 ι
362 717 559 788 gladiis
607 719 898 772 corruisse.
944 717 1084 786 Ignis
1121 719 1301 788 itaque
1326 715 1414 770 ille
1441 715 1618 785 ipsum
1650 715 1745 767 hu-

151 807 298 860 mani
347 808 365 838 ‘
406 809 622 877 generis
653 809 986 878 sanguinem,
1019 808 1108 876 qui
1156 815 1340 876 postea
1379 821 1446 861 eo
1484 811 1744 873 operante

155 895 467 951 fundendus
490 906 633 960 erat,
659 898 759 950 sub
781 896 1012 964 quadam
1035 893 1302 966 ymaginis
1323 893 1500 964 specie
1530 901 1743 962 porten-

155 984 363 1047 debat;
414 987 558 1053 qttod
585 987 752 1039 necui
792 985 1103 1039 incredibile
1145 987 1245 1038 hoc
1274 993 1370 1038 aut
1409 982 1744 1054 ymaginarie

156 1069 297 1126 forte
348 1073 642 1128 conﬁctum
677 1075 938 1141 videatur,
971 1083 1048 1128 tot
1077 1075 1208 1128 mihi
1254 1081 1419 1128 testes
1465 1079 1744 1141 suntquot

154 1176 296 1232 pane
310 1164 561 1221 homines
589 1175 874 1222 versantur
898 1166 951 1221 in
982 1167 1134 1222 urbe.
1158 1165 1326 1235 l-lujus
1351 1165 1494 1220 enim
1516 1165 1658 1219 actio
1682 1162 1744 1218 ﬁ-

156 1253 354 1321 nisque
372 1255 567 1309 exitus
588 1255 638 1308 in
669 1257 1016 1327 subsequenti
1045 1255 1435 1326 propalabitur.

231 1343 334 1404 2'2.
380 1346 583 1401 ilomm
613 1346 844 1416 denique
871 1346 1078 1413 genitor
1109 1361 1231 1400 cum
1273 1346 1385 1414 jam
1416 1345 1518 1400 diei
1542 1344 1744 1398 ultimae

157 1439 646 1510 appropinquant,
679 1447 792 1491 uta
821 1437 1180 1492 referentibus
1203 1437 1406 1500 audivi,
1440 1436 1648 1490 vocatis
1681 1435 1742 1488 li-

157 1529 308 1584 beris
339 1529 456 1582 suis
481 1527 581 1582 hoc
610 1527 661 1580 in
694 1527 927 1582 edictum
959 1527 1064 1581 illis
1092 1527 1330 1588 tradidit,
1370 1541 1438 1580 ne
1481 1541 1739 1594 unquam,

156 1630 426 1691 quantum
469 1619 535 1672 ad
575 1633 633 1672 se
687 1617 982 1688 pertineret
1017 1619 1038 1649 ³
1087 1619 1328 1681 sinerent
1379 1617 1740 1672 Beneventum

155 1726 285 1764 cum
343 1708 575 1763 Saleruo
612 1709 808 1778 pacisci
838 1727 850 1762 :
879 1709 1004 1779 quia
1050 1725 1150 1763 non
1200 1711 1320 1771 erit,
1352 1709 1556 1778 inquid,
1604 1709 1744 1761 vobis

1843 530 1998 600 plana
2025 541 2079 586 et
2104 532 2357 602 prmclara
2388 535 2704 604 campestria
2732 533 3126 590 descenderent
3159 535 3224 588 ad
3257 549 3412 588 eom-

1843 624 2165 678 maneudum
2201 643 2213 677 :
2260 625 2380 679 Non
2427 643 2627 691 sumus,
2660 626 2929 696 inquiunt,
2970 642 3276 696 caprearum
3319 627 3411 680 ho-
3451 643 3456 647 ·

1843 709 1961 774 vile,
1985 722 2040 764 ut
2072 713 2125 764 in
2153 728 2401 766 saxorum
2430 715 2660 768 cavernis
2686 724 2947 782 tueamur,
2991 716 3060 769 ad
3091 715 3411 786 humiliaque

1841 802 2058 872 denique
2101 803 2492 869 descendemus,
2523 814 2580 858 ut
2616 805 2750 860 alios
2782 821 2875 859 nos
2917 815 2965 860 et
2995 805 3268 860 inhumilcs
3305 806 3408 860 cir-

1842 891 2290 962 cumspicientibus
2313 896 2678 962 pra'bcamus!
2710 896 2916 964 Quibus
2955 903 3082 951 tunc
3122 897 3406 950 adsensum

1842 983 2026 1037 Laudo
2071 985 2289 1039 minimc
2333 987 2577 1055 praebuit,
2611 987 2736 1057 quia
2777 988 3002 1042 delirum
3048 1003 3110 1043 ac
3161 987 3441 1041 frivolum-

1843 1083 1980 1138 erat,
2020 1073 2159 1127 inter
2187 1083 2264 1128 tot
2302 1075 2560 1143 procellas
2588 1078 2775 1132 urbem
2811 1078 3222 1132 munitissimam
3262 1076 3413 1131 dese-

1845 1172 2026 1218 rentes
2054 1173 2112 1217 ut
2134 1164 2290 1219 suillo
2317 1181 2474 1221 emno
2504 1168 2766 1223 locarent.
3377 1175 3381 1181 ’

1913 1254 2004 1309 25.
2045 1254 2158 1310 iliis
2190 1255 2415 1311 invicem
2447 1258 2518 1310 ita
2573 1259 2974 1322 altercantibus,
3021 1259 3126 1314 duo
3171 1257 3410 1329 prtedicti

1845 1345 1946 1400 viri
1973 1356 2251 1415 coeperunt
2279 1347 2584 1401 inaediﬁcare
2615 1364 2828 1403 murum
2874 1363 3033 1418 supra
3068 1356 3283 1419 pontem
3317 1347 3418 1417 qui.

1843 1435 2001 1506 vulgo
2021 1437 2312 1492 Casilinum
2330 1438 2525 1493 dicitur
2545 1449 2601 1501 c;
2631 1454 2858 1508 quorum
2881 1454 3040 1509 opera
3063 1448 3121 1493 ut
3141 1439 3416 1509 perspexit

1844 1525 2051 1591 Laudo,
2082 1525 2353 1581 inchoavit
2392 1543 2455 1582 ac
2492 1527 2720 1582 mirifice
2761 1527 2984 1597 perfecit
3011 1525 3412 1583 hazdiﬁcandam

1847 1616 2052 1672 urbem.
2080 1614 2342 1675 Utautem
2367 1618 2570 1670 nmnita
2585 1626 2668 1672 est
2689 1627 2744 1672 et
2764 1617 2991 1672 habitari
3013 1625 3209 1686 empta,
3233 1631 3417 1685 super-

1847 1707 1998 1764 venit
2027 1706 2201 1763 Cuido
2241 1706 2354 1776 jam
2407 1709 2552 1762 dicto
2609 1723 2733 1763 cum
2779 1707 3045 1762 universis
3096 1707 3310 1770 Tuscis,
3360 1714 3416 1757 et

158 1800 504 1866 profuturum
540 1799 580 1850 ³.
620 1797 784 1865 Cujus
830 1798 1093 1855 monitum
1132 1797 1224 1851 filii
1257 1798 1559 1860 audientes,
1583 1812 1744 1866 opere
1779 1795 1821 1854 Β
1847 1798 2053 1856 obsedit
2103 1814 2222 1854 eam
2274 1799 2399 1855 hinc
2445 1808 2500 1854 et
2546 1799 2675 1854 inde
2712 1799 3054 1870 graviterque
3094 1797 3449 1867 angustiavit'

160 1887 370 1956 pariter
399 1894 890 1957 patraruntratque
918 1889 1031 1943 suis
1055 1888 1340 1943 heredibus
1373 1889 1424 1941 in
1443 1887 1532 1956 jus
1561 1902 1745 1956 perpe—

163 1990 312 2032 tuum
349 1979 492 2034 sicut
519 1993 550 2032 a
575 1989 727 2049 patre
752 1989 1102 2049 susceperant
1123 1979 1471 2049 reliquerunt.
1498 1979 1743 2050 Magnum

159 2084 354 2122 sanum
392 2069 413 2098 δ
442 2068 831 2126 hereditarium
877 2072 900 2103 '
935 2087 1045 2126 sua
1067 2071 1400 2141 reliquerunt
1429 2072 1622 2136 soboli,
1647 2073 1744 2126 ad-

159 2173 351 2212 versus
376 2158 618 2214 divinum
650 2161 925 2216 dumtaxat
958 2170 1280 2231 praeceptum
1327 2172 1574 2233 gerentes
1604 2164 1746 2231 quod

157 2248 410 2304 aitJesus
426 2250 701 2322 discipulis
723 2251 836 2306 suis
860 2269 873 2305 :
900 2250 1093 2306 Pacem
1115 2267 1282 2306 meam
1304 2253 1371 2307 do
1390 2253 1555 2318 vobis,
1567 2267 1747 2322 pacem

159 2339 400 2412 relinquo
424 2342 564 2396 vobis
587 2342 769 2412 (Joan.
787 2351 920 2410 XIV).
935 2344 1172 2415 Accepto
1188 2343 1367 2413 itaque
1383 2343 1505 2413 jure
1524 2357 1750 2413 regnan-

157 2431 245 2495 di,
325 2432 490 2486 modo
526 2431 558 2461 ‘~
598 2429 874 2488 Sicouolfo
941 2433 1293 2497 obsecuntur,
1350 2433 1751 2504 parvipendunt.

158 2521 409 2591 imperiis
435 2521 576 2592 ejus,
625 2531 706 2578 set
729 2537 842 2592 pra:
871 2523 1120 2578 omnibus
1148 2521 1512 2589 Landonolfus
1533 2530 1748 2578 contra-

158 2613 274 2667 rius
325 2612 401 2668 illi
433 2627 650 2683 semper
677 2623 730 2668 et
756 2603 996 2685 ingratus
1015 2614 1216 2679 extitit,
1247 2614 1380 2669 adeo
1412 2623 1470 2669 ut
1491 2615 1650 2669 etiam
1679 2615 1747 2669 fi-

160 2704 232 2758 lio
261 2704 411 2760 illius
435 2714 619 2759 natam
641 2719 794 2759 suam
822 2705 1144 2760 necessitate
1172 2706 1367 2760 ductus
1381 2714 1610 2760 arraret.
1635 2704 1750 2761 Hoc

156 2805 344 2851 autem
385 2805 626 2866 tempore
654 2794 928 2860 Paulinus,
961 2795 1072 2850 Deo
1095 2796 1288 2866 dignus
1334 2803 1390 2850 et
1432 2811 1594 2852 carus
1641 2797 1745 2863 vir,

157 2885 362 2955 Capua:
387 2885 610 2954 praesul,
657 2886 726 2940 ab
752 2885 854 2940 hac
898 2899 1095 2940 carnea
1143 2886 1455 2941 subtractus
1483 2895 1566 2941 est
1591 2887 1746 2952 faece,

159 2985 327 3048 atque
372 2973 629 3033 Landone
663 2975 977 3048 supradicto
1000 2975 1115 3028 viro
1161 2975 1392 3031 viriliter
1417 2975 1751 3041 decertante,

159 3068 511 3135 Landolf'um,
536 3069 758 3124 fratrem
787 3086 965 3136 suum,
989 3067 1297 3140 episcopum
1335 3067 1634 3135 ordinavit;
1666 3075 1749 3123 set

160 3161 526 3229 incongruam
551 3161 976 3216 vicissitudinem
1006 3160 1130 3216 filiis
1160 3159 1275 3228 ejus
1304 3169 1425 3229 post
1467 3161 1636 3229 patris
1663 3157 1745 3214 iu-
1771 3150 1816 3212 C

162 3248 286 3303 tulit
315 3249 550 3312 obitum,
576 3264 711 3320 quos
734 3249 890 3303 velud
918 3247 1235 3303 durissimos
1271 3250 1452 3303 hostes
1482 3250 1633 3304 vario
1685 3264 1748 3304 ac

161 3354 426 3414 perpetuo
452 3343 698 3398 multavit
727 3345 906 3398 exilio.
1615 3335 1617 3338 ﬁ

230 3437 326 3491 ‘23.
371 3435 544 3507 (351.)
587 3436 794 3490 Mortuo
841 3438 1020 3506 itaque
1066 3436 1356 3502 Siconolfo,
1384 3445 1442 3491 ut
1468 3438 1746 3506 unusquis-

161 3544 268 3596 que
309 3529 455 3598 quod
505 3529 607 3583 sibi
639 3529 823 3584 habile
845 3530 1119 3584 videretur
1167 3539 1378 3600 ageret,
1428 3529 1592 3583 ﬁlium
1633 3531 1749 3598 ejus

162 3619 343 3672 adhuc
391 3632 534 3671 anno
579 3627 850 3673 carentem
905 3620 924 3651 "
973 3619 1089 3673 loco
1129 3619 1245 3686 ejus
1313 3620 1671 3690 subrogarunt
1705 3621 1744 3674 ⁸.

164 3709 322 3763 Tunc
347 3717 634 3778 creperum
669 3710 911 3779 praedicti
948 3711 1141 3765 fratres
1175 3712 1425 3766 coneives
1451 3727 1594 3772 suos,
1629 3729 1749 3781 par-

162 3803 261 3855 tim
292 3801 521 3866 ambitu,
555 3803 749 3872 partim
782 3813 927 3858 nietu
961 3804 1170 3874 agitati,
1199 3803 1369 3858 ferina
1395 3805 1643 3873 persequi
1671 3805 1749 3858 in-

163 3892 344 3961 gluvie
395 3900 455 3946 et
505 3892 763 3947 custodiis
814 3894 1165 3964 mancipare;
1219 3893 1572 3963 quamobrem
1617 3903 1672 3947 et
1717 3909 1747 3946 a

161 3977 434 4046 Pandulfo
467 3981 868 4052 consanguineo
899 3997 998 4038 suo
1037 3981 1344 4039 Suessulam
1394 3983 1605 4054 ingenio
1649 3998 1750 4036 au-

163 4068 429 4131 ferentes.
460 4083 572 4124 sua:
617 4069 900 4126 ambitioni
937 4081 1233 4137 nexerunl,
1270 4073 1442 4143 ipsum
1471 4083 1526 4128 et
1552 4073 1750 4129 liberos

166 4159 313 4215 illius
365 4169 616 4216 extorres
667 4159 930 4227 fecerunt,
984 4163 1050 4218 de
1101 4164 1296 4232 quibus
1345 4164 1539 4219 dehinc
1585 4181 1746 4219 unum

162 4248 346 4316 gladio
384 4252 432 4314 9,
476 4248 638 4305 alium
693 4249 816 4321 igne
863 4252 1231 4322 perdiderunt,
1269 4253 1511 4324 duosque
1563 4271 1750 4325 super-

165 4341 326 4395 stites
362 4341 478 4411 jugi
510 4342 873 4412 continuoque
902 4343 1260 4414 dampnarunt
1292 4345 1472 4399 exilio.
1516 4344 1747 4404 Suessa:-

165 4431 275 4486 lam
303 4441 486 4488 autem
517 4441 698 4502 postea
722 4448 752 4487 a
783 4433 1043 4491 Landulfo
1069 4433 1341 4491 Laudonis
1378 4435 1487 4490 ﬁlio
1513 4445 1742 4506 captam,

165 4521 451 4578 annitente
475 4522 580 4577 sibi
611 4521 801 4596 Sergio
832 4524 1089 4594 magistro
1119 4525 1348 4580 militum
1369 4566 1385 4592 ,
1427 4526 1550 4593 quia
1592 4542 1748 4582 socer

165 4618 289 4664 erat
319 4610 487 4678 illius,
513 4627 654 4667 nunc
685 4627 854 4682 usque
887 4613 1122 4668 retinetb
1149 4627 1290 4669 eam.

240 4699 332 4753 24.
377 4699 547 4770 (856.)
587 4701 700 4756 Hac
744 4711 1093 4771 tempestate,
1138 4720 1268 4762 casu
1312 4720 1381 4760 an
1401 4704 1604 4774 judicio
1650 4722 1755 4761 sua

168 4807 344 4860 peruo
389 4803 568 4848 actum
601 4797 689 4862 sit,
723 4805 838 4851 tota
876 4797 1003 4852 urbs
1049 4797 1313 4868 Sicopalis
1346 4797 1466 4868 igne
1508 4807 1745 4854 cremata

167 4891 279 4948 est,
307 4885 378 4936 ita
422 4895 480 4937 ut
526 4901 592 4940 ne
621 4903 725 4941 una
754 4885 945 4941 domus
990 4895 1290 4943 remaneret
1335 4887 1511 4943 inusta
1553 4899 1748 4959 praeter

168 4974 495 5042 episcopalis
519 4977 654 5032 aula.
699 4977 823 5044 Qua
861 4985 1070 5044 reperta
1114 4977 1417 5041 occasione,
1455 4978 1748 5036 Landull‘us

171 5069 369 5137 pratsul
420 5079 471 5124 et
515 5068 926 5132 Landonolfus,
988 5085 1273 5141 germanus
1320 5069 1468 5137 ejus,
1525 5073 1747 5128 consilii

255 5292 274 5322 ί
308 5293 564 5354 humanum
587 5321 637 5356 c.

785 5292 1156 5374 ';Wrtinerettt
1183 5317 1230 5353 c.
1281 5369 1298 5374 ἢ
1346 5295 1366 5326 ³
1392 5297 1672 5374 profurum
1696 5316 1742 5342 n-

167 5361 198 5436 ..
237 5361 373 5418 "uno
413 5373 548 5426 DlOtiO
581 5369 676 5428 ed.
807 5362 827 5392 ⁷
871 5377 1089 5414 earn-un
1131 5388 1154 5400 ι.
1281 5369 1298 5384 ο

807 5362 827 5392 ⁷
871 5377 1089 5414 cnim-Nn
1131 5388 1154 5400 ι·

1849 1887 2018 1959 (858),
2043 1889 2168 1958 quia
2207 1887 2644 1944 nolebantsubici
2667 1887 2954 1943 Ademario
2984 1885 3095 1954 jam
3141 1884 3251 1939 fato
3295 1885 3425 1938 viro,

1848 1983 1918 2037 ob
1954 1982 2352 2051 improbitatem
2403 1980 2642 2036 Landolﬁ
2693 1969 2938 2050 praesulis
2983 1986 3036 2035 et
3080 1977 3415 2039 Landonolii,

1845 2073 2099 2144 quoniam
2128 2073 2274 2127 illum
2306 2087 2414 2142 prae
2447 2072 2655 2128 caeteris
2681 2069 2871 2128 affectu
2903 2070 3117 2125 favebat
3159 2069 3416 2132 fraterno,

1845 2164 1968 2221 aliis
1995 2164 2149 2237 quasi
2189 2165 2392 2220 exteris
2437 2164 2650 2235 spretis.
2698 2163 2830 2218 Dum
2863 2163 3004 2218 enim
3056 2162 3230 2216 valide
3277 2161 3419 2215 intus

1845 2253 2209 2327 afﬂigerentur
2249 2254 2518 2309 cotidiana
2561 2267 2768 2324 pugna,
2825 2261 2879 2308 et
2935 2252 3067 2308 foris
3111 2261 3226 2306 sata
3276 2250 3420 2305 dele-

1837 2354 2050 2406 rentur,
2081 2344 2296 2399 tandem
2325 2343 2517 2401 robore
2537 2352 2593 2398 et
2620 2341 2882 2399 violentia}
2904 2340 3096 2397 devicti
3127 2340 3263 2395 colla
3291 2340 3416 2393 subv
3441 2378 3443 2380 -

1845 2437 2097 2494 dideruut
2111 2434 2412 2502 famulatui,
2433 2445 2658 2507 excepto
2670 2432 3051 2498 handonolfus;
3069 2433 3417 2503 quamobrem

1849 2527 2066 2594 Suram,
2092 2537 2285 2584 cuncta
2311 2527 2502 2597 oppida
2531 2525 2763 2582 conﬁnia
2786 2539 2818 2579 a
2845 2520 3445 2580 Landonolfodominoa

1848 2619 2125 2675 subtracta
2153 2628 2208 2673 et
2244 2617 2476 2673 Guidoni
2505 2624 2631 2672 sunt
2657 2614 2868 2677 tradita,
2911 2614 3050 2669 sicut
3093 2610 3417 2682 promissum

1848 2707 2043 2764 fuerat.
2077 2708 2194 2776 Quo
2223 2708 2365 2764 facto
2391 2709 2444 2762 in
2478 2714 2680 2762 tantam
2717 2705 2884 2759 animi
2913 2701 3188 2760 tristitiam
3214 2698 3420 2755 corruit

1848 2800 2170 2870 praedicatus
2196 2800 2298 2863 vir,
2333 2807 2392 2854 ut
2423 2798 2475 2853 in
2501 2797 2748 2869 proximo
2781 2795 3026 2868 spiritum
3060 2791 3416 2850 exbalaverit.

1917 2891 2006 2946 26.
2047 2891 2151 2946 Per
2183 2891 2322 2946 idem
2363 2899 2570 2959 tempus
2601 2897 2838 2946 veterem
2877 2885 3212 2943 inimicitiam
3249 2883 3423 2938 vindi-

1849 2999 1975 3038 care
2010 2984 2199 3038 volens
2233 2981 2575 3045 Ademarius,
2618 2979 2788 3035 ﬁlium
2822 2980 2866 3012 "
2911 2979 3102 3036 Marini
3140 2975 3419 3038 Malﬁtani,

1852 3083 2140 3144 cognatum
2172 3072 2418 3128 videlicet
2454 3070 2747 3134 Pandonis,
2779 3069 2903 3125 dolo
2933 3069 3098 3137 cepit,
3149 3077 3204 3123 et
3235 3065 3422 3134 Sergio

1851 3164 2108 3236 magistro
2145 3162 2393 3226 militum,
2441 3175 2562 3216 cum
2594 3174 2701 3230 quo
2751 3157 2928 3214 foedus
2963 3159 3175 3220 inierat,
3209 3155 3436 3212 exulem.

1849 3255 2105 3318 tradidit;
2135 3269 2240 3324 qua
2269 3268 2366 3323 pro
2390 3267 2553 3306 causa
2578 3251 2645 3306 ab
2675 3251 2862 3306 eodem
2895 3250 3085 3322 Sergio
3112 3251 3275 3304 etiam
3312 3245 3422 3301 Ma-

1850 3348 2005 3403 rinus
2032 3345 2220 3400 fraude
2266 3354 2459 3414 captus
2481 3352 2582 3398 est.
2616 3343 2755 3398 Hinc
2776 3344 2974 3398 etenim
3018 3351 3279 3398 aeternum
3302 3340 3419 3409 jur-

1848 3440 1992 3512 gium
2044 3437 2185 3492 inter
2229 3435 2578 3494 Ademarium
2617 3443 2674 3488 et
2714 3432 3022 3488 Pandonem
3069 3439 3247 3486 ortum
3295 3439 3420 3491 est;

1849 3531 1988 3586 unde
2022 3530 2224 3588 factum
2258 3536 2361 3590 est,
2409 3536 2470 3582 ut
2503 3527 2672 3581 inscio
2702 3525 2956 3580 Landone
2984 3523 3275 3584 Landulius
3310 3525 3424 3590 cpi-

1849 3635 2042 3689 scapus
2079 3619 2345 3676 ctPando
2393 3617 2664 3674 suaserint
2707 3615 2982 3672 Guail‘erio
3027 3614 3134 3669 ﬁlio
3182 3611 3418 3667 Dauferii

1851 3711 2022 3776 Balbi,
2053 3719 2110 3764 et
2133 3709 2383 3765 fecerunt
2409 3707 2815 3779 apprehendere
2838 3704 3189 3760 Ademarium
3221 3702 3424 3772 princi-

1850 3816 1992 3872 pem,
2038 3811 2094 3856 et
2129 3799 2460 3856 Guaiferium
2503 3806 2694 3870 sponte
2719 3799 2760 3832 “
2793 3797 2895 3852 sibi
2936 3795 3206 3851 seniorem
3249 3791 3424 3862 θήῃς

1851 3901 1998 3956 runt,
2028 3892 2275 3963 juranles
2297 3893 2346 3947 ei
2377 3891 2528 3962 gravi
2552 3897 2910 3946 sacramento.
2941 3887 3109 3958 (861.)
3149 3885 3245 3940 Set
3269 3885 3422 3939 ocius

1850 3983 1917 4038 ad
1945 3991 2204 4039 consueta
2236 3983 2364 4038 vitia
2395 3980 2715 4044 detinentes,
2737 3990 2793 4035 et
2815 3978 2942 4034 huic
2969 3977 3151 4034 statim
3181 3985 3303 4046 post
3325 3989 3420 4029 ex-

1848 4091 2061 4133 cessum
2093 4074 2386 4138 Landonis,
2419 4074 2592 4130 soceri
2618 4072 2783 4136 illius,
2815 4072 3048 4127 mentiti.

1919 4167 2008 4220 27.
2049 4165 2260 4220 Mortuo
2303 4165 2532 4235 denique
2561 4163 2896 4224 Landonolfo
2937 4161 3106 4232 (859),
3147 4175 3250 4213 non
3286 4157 3420 4209 mid-

1852 4269 1962 4314 tum
1987 4265 2110 4327 post
2143 4257 2327 4311 Laudo
2372 4256 2415 4286 "
2458 4255 2575 4308 dira
2619 4253 2833 4324 paralisi
2878 4251 3195 4321 parcutitur,
3226 4247 3430 4301 lectum

1851 4365 1946 4419 per
1974 4363 2174 4404 annum
2204 4348 2469 4415 integrum
2492 4342 2669 4397 fessus
2694 4341 3054 4396 detinebatur.
3083 4337 3193 4391 Hoc
3221 4336 3427 4406 agnito,

1853 4443 2076 4512 Sergius
2097 4440 2352 4509 magister
2367 4436 2592 4492 militum
2614 4433 2877 4504 praesidiis
2899 4431 3104 4485 illectus
3126 4425 3422 4488 Ademarii,

1852 4543 1912 4588 ut
1937 4533 2119 4600 priora
2151 4529 2434 4598 replicem,
2473 4525 2706 4594 dirrupit
2727 4523 3097 4594 juramcntum
3124 4517 3266 4588 quod
3301 4529 3422 4570 cum

1852 4621 2110 4676 Landone
2156 4627 2370 4692 pactum
2426 4613 2625 4678 fuerat,
2655 4621 2710 4668 et
2754 4612 3016 4666 adversus
3062 4609 3227 4662 ﬁlium
3280 4606 3421 4660 illius

1849 4711 2050 4769 bellum
2085 4710 2365 4767 excitavit.
2397 4706 2532 4762 Nam
2561 4714 2755 4761 octavo
2783 4701 2933 4760 Ydus
2971 4703 3139 4759 Maias
3184 4703 3238 4773 (8
3267 4700 3431 4768 Maii}

1853 4816 1962 4873 quo
2001 4799 2143 4856 beati
2176 4797 2455 4854 Michaelis
2493 4795 2802 4865 archangeli
2834 4793 3149 4866 sollempnia
3182 4807 3279 4846 nos
3317 4788 3425 4844 sol-

1855 4893 2145 4961 len‘ipniter
2189 4890 2545 4954 celebramus,
2591 4902 2698 4958 quo
2727 4889 2890 4943 etiam
2939 4887 3027 4942 die
3055 4884 3245 4956 priscis
3297 4893 3430 4937 tem-

1858 4983 2083 5052 poribus
2115 4999 2144 5038 a
2192 4981 2686 5036 Beneventanorum
2729 4978 2943 5048 pupulis
2986 4976 3289 5046 Neapolites
3320 4972 3441 5026 [οτι

1863 5074 1992 5128 titer
2024 5091 2196 5134 caesos
2229 5073 2476 5143 legimus,
2504 5072 2605 5126 hac
2633 5083 2760 5138 ergo
2800 5070 2907 5134 die,
2941 5068 3145 5124 nullum
3169 5066 3448 5119 honorem-

1459 5183 1690 5240 VARl/E
1733 5182 2144 5251 LECTIONES.
