3926 5514
509 338 621 420 1w
728 367 730 369 ’
1474 373 1959 434 sacusussnrt
1997 378 2444 438 cassmsusrs
2481 382 2795 442 MONACHI
3646 474 3649 475 ί
3679 392 3764 452 τω

509 477 649 535 dans
676 477 810 541 Deo,
853 478 1000 534 misit
1047 479 1183 536 duos
1219 481 1420 540 liberos
1455 499 1586 543 suos
1625 487 1946 562 Gregorium
1979 509 2092 547 ma.
2121 500 2164 558 Α
2197 494 2354 565 cipis,
2401 511 2527 552 cum
2571 498 2831 555 adversus
2873 501 2986 570 jam
3032 503 3236 561 dictum
3279 507 3588 580 principem
3615 483 3785 570 suurn

512 566 742 638 gistrum
772 566 1006 624 militum
1044 580 1099 625 et
1145 570 1469 641 Cresarium,
1496 593 1596 634 nec
1640 595 1744 634 non
1772 591 1828 636 et
1855 581 2091 638 Landul-
2129 639 2132 642 ,
2213 587 2375 653 nisit;
2410 597 2492 644 set
2513 587 2663 658 justo
2688 591 2783 646 Dei
2817 566 3043 661 judicio,
3066 612 3096 650 a
3125 566 3436 668 quodmnis
3461 566 3702 671 potestas
3724 618 3769 661 et

512 657 627 712 fum
655 673 917 728 generum
943 675 1100 715 suum
1135 661 1546 734 Suessulanum,
1585 684 1706 724 eum
1737 671 1931 742 quibus
1959 672 2095 726 Nea-
2196 678 2476 736 ordinatio
2489 681 2752 745 consistit,
2783 683 2895 753 ipse
2929 686 3134 756 primus
3176 657 3482 756 occubuit;-
3499 692 3728 755 nonnulli
3751 700 3770 732 ⁸

511 749 740 819 politum
771 759 827 805 et
857 750 1256 811 Malfitanorum
1301 759 1604 816 exercitum
1648 771 1758 817 tam
1789 763 2092 832 pedestrem

513 856 683 909 qmm
699 852 753 898 et
777 845 1027 913 equitum
1053 863 1190 918 pene
1227 851 1294 906 ad
1321 860 1532 920 septem
1569 855 1716 909 milia
1749 856 1900 912 viros
1927 857 2094 924 misit,

514 930 651 986 dans
681 931 736 986 ei
774 933 828 986 in
856 946 1183 1006 prazceptnm
1214 947 1274 992 ut
1301 939 1540 1011 Capuam
1569 944 1860 1000 obsideret.
1891 946 2100 1013 Quibus

511 1021 772 1078 audacter
817 1026 1055 1080 occurrit
1099 1043 1197 1084 ceu
1246 1029 1329 1084 leo
1375 1030 1613 1088 fervidus
1664 1033 1850 1092 Laudo
1891 1035 2096 1105 junior,

513 1115 860 1185 repperitque
900 1133 996 1173 eos
1044 1125 1420 1180 transvadatos
1466 1135 1685 1194 pontem
1731 1128 2096 1186 Teodemundi

512 1208 858 1262 suosacriter
876 1223 1279 1282 expugnantes;
1307 1215 1434 1271 totis
1455 1217 1588 1271 viris
1610 1233 1776 1289 super
1800 1236 1894 1275 eos
1917 1221 2095 1286 irruit,

512 1303 680 1366 atque
721 1315 951 1356 cuneum
997 1319 1186 1360 eorum
1245 1308 1501 1365 scindens
1549 1311 1744 1383 gladiis
1795 1314 2094 1380 ventilavit,

513 1397 844 1460 captumque
897 1392 1194 1452 Caesarium
1237 1409 1291 1454 et
1339 1399 1512 1458 ferme
1553 1405 1895 1476 octingentos
1939 1407 2097 1472 alios,

515 1479 754 1549 reliquos
776 1483 828 1538 in
854 1483 1033 1557 fugam
1057 1492 1249 1557 vertit;
1280 1493 1466 1564 sicque
1494 1496 1831 1567 triumphans
1853 1515 2103 1558 reversus

514 1579 619 1624 est.
649 1570 836 1630 Pando
863 1585 1067 1642 autem,
1122 1580 1269 1637 illius
1309 1587 1627 1652 avunculus,
1683 1589 1964 1647 Ademarii
1991 1608 2102 1648 me-

515 1666 677 1716 tuens
704 1663 1024 1733 adventum,
1053 1671 1122 1725 ad
1147 1685 1559 1733 monumentum
1593 1681 1866 1749 quondam
1900 1681 2105 1739 Trasa-

513 1749 616 1806 rici
649 1751 863 1810 interim
903 1759 1230 1817 observabat
1254 1768 1532 1824 excubias.
1571 1769 1700 1826 Post
1731 1772 1849 1828 tunc
1893 1773 2100 1842 Pando,

2199 785 2266 824 ex
2303 771 2386 826 eis
2415 773 2585 842 capti,
2617 771 2811 844 reliqui
2849 785 3026 836 autem
3055 776 3221 849 fugati
3249 791 3397 835 sunt.

2265 858 2358 914 2-9.
2403 858 2576 932 (862.)
2615 861 2761 918 lnter
2797 865 2912 921 hate
2964 865 3214 937 Saugdan
3246 874 3290 934 ’,
3338 871 3776 940 nequissimusae

2199 948 2655 1008 sceleratissimus
2711 969 2803 1008 rex
2855 955 3306 1025 Hismabelit-um,
3356 969 3532 1016 totam
3597 971 3778 1020 terram

2200 1038 2630 1096 Beneventanam
2676 1043 2799 1115 igne
2827 1045 3018 1115 gladiis
3051 1057 3105 1103 et
3134 1050 3457 1120 captivitate
3505 1053 3777 1107 crudeliter

2200 1130 2535 1198 devastabat,
2583 1133 2657 1188 ita
2702 1144 2763 1188 ut
2805 1151 2910 1192 non
2954 1151 3258 1196 remaneret
3308 1141 3360 1196 in
3404 1156 3469 1196 ea
3500 1142 3696 1197 halitus
3719 1142 3774 1195 ”.

2201 1219 2563 1288 Quamobrem
2599 1234 2656 1279 et
2703 1225 2982 1284 Gallorum
3031 1231 3302 1288 exercitus
3339 1233 3600 1288 crebrius
3639 1233 3778 1288 adve-

2199 1312 2356 1368 niens
2380 1313 2421 1346 “
2447 1329 2632 1370 eorum
2665 1315 2983 1374 etl‘eritatem
3005 1322 3434 1392 opprimendam,
3469 1332 3557 1378 set
3584 1323 3656 1377 nil
3676 1340 3781 1394 pro-

2203 1402 2412 1469 ficiens,
2436 1405 2521 1459 via
2545 1421 2648 1473 qua
2675 1416 2899 1464 venerat
2927 1410 3237 1481 repedabat.
3283 1412 3439 1468 Unde
3464 1412 3668 1468 factum
3687 1423 3778 1477 est,

2203 1505 2263 1550 ut
2299 1495 2609 1566 Adelgisum
2655 1498 2953 1556 Beneventi
2995 1503 3320 1573 principem,
3376 1514 3627 1559 coactata
3669 1520 3781 1574 pen-

2202 1585 2354 1641 sione
2389 1595 2445 1639 et
2477 1587 2777 1660 obsidibus.
2808 1604 2999 1658 pacem
3033 1605 3098 1646 eo
3125 1593 3168 1622 ¹¹
3197 1592 3464 1648 firmaret.
3496 1593 3620 1661 Quo
3663 1602 3780 1648 tea)-

2202 1692 2337 1747 pore
2359 1676 2676 1748 Maielpotus
2706 1681 2752 1712 ¹³
2779 1681 3060 1738 Telesinus
3087 1692 3141 1738 et
3165 1684 3574 1756 Cuandelepert
3613 1684 3778 1740 Bovia-

2207 1767 2388 1822 nensis
2430 1768 2475 1798 “
2514 1769 2774 1824 castaldei
2829 1772 3002 1828 multa
3045 1789 3168 1829 cum
3215 1790 3379 1850 prece
3421 1776 3782 1832 conduxerunt

517 1853 708 1936 erepto
757 1843 968 1904 Marino
1011 1850 1266 1936 vinculis,
1319 1856 1615 1916 Ctesarium
1666 1878 1788 1918 cum
1834 1865 2104 1925 universis

2212 1855 2556 1914 Lambertum
2587 1861 2780 1918 ducem
2813 1843 3234 1934 Spolitensium,
3265 1848 3330 1922 et
3357 1867 3665 1922 Garardum
3705 1884 3782 1923 co-

516 1928 754 1990 libertati
788 1950 804 1980 ί
832 1942 1085 1998 restituit.

587 2025 679 2082 28.
723 2027 903 2103 (860.)
959 2033 1074 2090 lliis
1128 2054 1355 2112 quoque.
1399 2045 1592 2101 diebus
1647 2047 1842 2105 Laudo
1897 2053 2103 2121 senior,

519 2130 800 2174 crescente
825 2121 1039 2179 interim
1056 2127 1299 2198 langore,
1315 2133 1381 2187 ad
1396 2142 1640 2191 extrema
1676 2139 1970 2208 perductus
1999 2152 2103 2208 est,

517 2210 834 2281 voeatisque
877 2215 1084 2273 duobus
1111 2219 1372 2280 fratribus
1408 2227 1544 2291 suis,
1589 2228 1772 2286 Pande
1813 2233 2016 2291 scilicet
2053 2243 2108 2292 et

518 2297 782 2360 Landolfo
808 2308 1050 2366 antistite
1071 2322 1114 2379 ί,
1163 2312 1473 2374 Landonem
1505 2319 1670 2377 filium
1695 2337 1850 2379 suum
1876 2326 1955 2382 eis
1982 2343 2110 2399 sup-

517 2393 644 2461 plici
689 2411 850 2464 prece
895 2406 1278 2462 commendare
1323 2411 1549 2477 studuit,
1604 2423 1769 2485 atque
1811 2418 1863 2471 in
1915 2393 2108 2476 manus

517 2497 708 2540 eorum
727 2489 946 2544 tradidit
959 2491 1144 2551 dicens
1173 2514 1186 2550 :
1222 2496 1369 2554 Teste
1384 2500 1494 2556 Deo
1506 2514 1790 2577 sanctaque
1811 2510 1926 2578 ejus
1945 2510 2108 2566 eccle-

516 2576 620 2641 sia,
645 2579 786 2635 vobis
813 2599 932 2636 eum
964 2591 1287 2656 commendo,
1321 2602 1376 2646 ut
1404 2594 1584 2650 eodem
1605 2597 1660 2652 in
1690 2576 1896 2668 judicio
1927 2602 2106 2670 fictura

511 2669 844 2738 judicemini,
881 2693 986 2747 quo
1012 2696 1073 2733 eo
1097 2681 1153 2736 in
1181 2687 1428 2751 prementi
1456 2688 1621 2743 abusi
1638 2690 1847 2760 fueritis
1869 2695 1894 2747 ,ν
1921 2695 2106 2765 sicque

519 2761 816 2822 humanum
857 2767 1062 2828 faciens
1089 2775 1242 2830 obiit.
1285 2778 1401 2844 Quo
1441 2781 1713 2851 migrate,
1764 2801 1873 2840 non
1902 2787 1992 2841 diu
2020 2761 2108 2842 ad

515 2851 882 2920 iuramentum
925 2862 1165 2930 perstitit
1191 2863 1521 2937 fraternum;
1573 2887 1699 2926 nam
1740 2874 1964 2929 subdole
2007 2891 2106 2945 pro

521 2945 820 3016 cupiditate
855 2951 1188 3010 castaldatus
1215 2965 1273 3010 et
1311 2957 1619 3016 Landonem
1656 2971 1710 3017 et
1750 2974 1963 3021 ceteros
1997 2965 2106 3021 fra-

521 3044 636 3096 tres
675 3041 808 3094 urbe
840 3043 1170 3112 repulerunt,
1218 3056 1272 3102 et
1305 3065 1335 3104 a
1365 3050 1644 3109 Guaiferio
1690 3055 1906 3112 alienati
1957 3066 2104 3124 sunt,

521 3127 616 3181 eui‘
646 3143 983 3188 sacramenta
1007 3137 1244 3192 recentia
1270 3140 1548 3210 dederant,
1577 3146 1950 3217 praecipueque
1971 3145 2108 3201 Lan-

2210 1947 2394 2002 mitem
2441 1950 2506 2013 *3,
2555 1960 2610 2004 et
2655 1951 2936 2010 obviantes
2985 1954 3160 2010 eidem
3209 1954 3462 2027 Saugdaq
3495 1997 3510 2021 ,
3564 1972 3689 2011 cum
3726 1955 3785 2010 de

2208 2035 2406 2108 Capua:
2457 2039 2873 2112 depopulatione
2921 2054 3331 2112 reverteretur,
3398 2048 3450 2101 in
3502 2045 3782 2102 Arrium“

2209 2129 2406 2186 tellure
2425 2131 2703 2188 irruerunt
2723 2149 2886 2205 super
2901 2150 3043 2192 eum.
3066 2135 3162 2191 Set
3187 2152 3461 2208 exurgens
3475 2137 3594 2205 jam
3626 2139 3782 2194 dictus

2210 2220 2311 2285 vir,
2357 2229 2414 2276 et
2459 2237 2623 2293 super
2671 2223 3082 2282 Beneventanus
3110 2235 3165 2281 et
3193 2227 3438 2282 Francos
3488 2225 3782 2284 fortiterse

2209 2311 2414 2382 injecit,
2450 2329 2515 2368 ac
2543 2314 2803 2386 dirruptis
2847 2317 3037 2372 cuneis
3059 2358 3078 2384 ,
3106 2317 3368 2388 plurimus
3413 2333 3608 2374 eorum
3639 2320 3782 2374 inur-

2208 2405 2362 2472 emit,
2388 2406 2677 2474 nonnullos
2699 2408 2911 2477 cepitet
2925 2409 3218 2464 crudeliter
3237 2409 3473 2464 extinxit
3493 2426 3510 2472 ;
3529 2408 3784 2466 Carardns

2208 2513 2338 2553 vero
2380 2513 2584 2564 comes,
2637 2497 2974 2570 Maielpotus,
3017 2509 3075 2555 et.
3113 2499 3554 2570 Guandelpestus
3579 2542 3596 2567 ,
3640 2515 3783 2571 supra

2208 2587 2335 2643 dicti
2359 2588 2479 2652 viri,
2513 2589 2700 2644 eadem
2751 2589 2802 2644 in
2839 2591 2956 2644 acie
2983 2598 3110 2644 tunc
3133 2581 3474 2646 occubuere.
3507 2590 3623 2657 Qua
3653 2591 3783 2646 dere

2209 2679 2490 2735 audaciam
2521 2695 2586 2734 ex
2619 2679 2710 2735 illo
2740 2681 2833 2736 die
2863 2681 3128 2751 potiorem
3155 2697 3401 2748 sumens,
3431 2681 3779 2736 Beneventum

2210 2769 2433 2841 ejusque
2461 2772 2694 2827 confinia
2729 2772 2972 2832 funditus
2999 2773 3220 2839 delevit,
3250 2774 3325 2828 ita
3367 2783 3430 2827 ut
3453 2773 3636 2828 nullus
3656 2773 3782 2828 locus

2209 2869 2404 2930 przeter
2449 2862 2611 2917 urbes
2656 2865 2957 2933 praecipuas
3003 2862 3119 2932 ejus
3155 2862 3411 2920 efferitati
3453 2865 3501 2896 ⁸⁷
3531 2864 3778 2921 evaderet.

2209 2951 2415 3020 Quibus
2480 2953 2669 3009 diebus
2701 2954 2744 2986 ¹⁶
2786 2964 2842 3010 et
2899 2963 3136 3010 castrum
3211 2954 3585 3010 Benefranum
3632 2957 3670 2987 ι’
3706 2971 3782 3010 εει

2208 3045 2287 3114 pit
2344 3054 2398 3100 et
2463 3046 2768 3102 cccnobium
2828 3048 3004 3104 sancti
3063 3045 3329 3102 Vincentii
3385 3049 3645 3103 martiris.
3706 3048 3781 3103 de-

2207 3136 2490 3207 praedavit,
2511 3145 2567 3191 et
2595 3151 2694 3206 pro
2728 3137 3015 3193 luedificiis
3049 3154 3154 3192 non
3202 3139 3507 3193 combustis
3531 3147 3641 3194 tres
3662 3138 3780 3193 milia

524 3216 702 3274 dolfus
729 3235 832 3292 per
876 3227 1149 3296 evangelia
1201 3212 1600 3304 missarumque
1645 3212 1959 3308 sollempnia
2009 3255 2104 3294 nec

2216 3240 2408 3282 aureos
2433 3227 2660 3298 accepit.
2701 3226 2814 3281 Hoc
2858 3227 3024 3293 facto,
3055 3236 3114 3284 et.
3143 3244 3172 3282 a
3213 3227 3420 3282 vicario
3457 3228 3608 3284 beati
3639 3228 3778 3282 Bene-

523 3324 632 3364 non
655 3320 712 3366 et
737 3328 834 3382 per
866 3331 1060 3372 manus
1086 3328 1331 3377 sacratas
1357 3339 1485 3378 suas
1512 3324 1599 3380 ille
1626 3342 1730 3381 non
1759 3329 1925 3384 semel
1955 3329 2110 3398 jura-

522 3411 696 3456 verat.
726 3403 840 3461 Hoc
869 3405 1031 3472 facto,
1061 3408 1247 3468 Laudo
1267 3412 1499 3471 Caiazia:
1521 3415 1796 3487 ingressus
1824 3429 1930 3487 est,
1952 3432 2112 3491 capto

523 3493 666 3549 inea
697 3495 954 3563 Aioaldo,
991 3501 1082 3570 qui
1120 3516 1150 3555 a
1189 3503 1462 3572 przedictis
1497 3506 1629 3563 viris
1660 3524 1782 3564 eam
1819 3511 1885 3564 ad
1925 3521 2108 3568 custo-

525 3583 783 3642 diendum
843 3587 1023 3646 fuerat
1072 3591 1332 3649 directus.
1391 3595 1594 3652 Eodem
1645 3599 1806 3666 igitur
1871 3609 2113 3671 tempore

524 3673 817 3733 Landolfus
859 3679 902 3746 ³,
951 3679 1119 3736 frater
1185 3683 1488 3752 Landonis,
1561 3688 1756 3744 Casam
1823 3691 1984 3745 lrtam
2034 3704 2058 3732 ο
2091 3691 2114 3724 δ

525 3768 703 3837 cepit;
733 3777 821 3825 set
844 3773 1234 3840 superveniens
1256 3774 1461 3842 Pande,
1491 3779 1634 3848 cepit
1667 3795 1792 3834 eum
1812 3796 1941 3836 cum
1973 3796 2108 3851 qua-

527 3857 778 3928 draginta
839 3861 1206 3929 primoribus,
1280 3866 1480 3935 quibus
1540 3867 1807 3933 redditis,
1871 3878 2110 3924 castrum

527 3947 770 4004 Caiazim.
789 3951 1014 4020 recepit,
1054 3961 1110 4007 et
1151 3956 1385 4026 receptis
1424 3956 1548 4013 filiis
1585 3957 1858 4013 bandonis
1887 3976 1916 4015 a
1945 3960 2112 4016 Guai-

526 4039 666 4095 ferio
715 4049 769 4096 et
819 4039 1080 4098 Landolfo
1131 4046 1298 4100 fratre
1340 4061 1536 4102 eorum
1590 4048 1644 4104 in
1698 4047 2012 4105 Suessulam
2057 4051 2108 4105 ι).

525 4129 734 4198 Quibus
783 4134 1157 4190 exterminatis
1209 4147 1232 4174 ο
1275 4137 1297 4169 ⁸
1325 4177 1342 4204 ,
1389 4138 1611 4194 minime
1671 4139 1875 4209 quievit
1924 4157 2109 4196 eorum

525 4220 730 4287 rabies,
763 4230 846 4278 set
869 4234 1156 4294 coeperunt
1190 4241 1288 4281 eos
1307 4229 1555 4298 persequi
1583 4229 1785 4300 jugiter
1809 4230 1972 4286 etiam
2001 4241 2113 4287 ter-

523 4309 706 4366 minos
732 4310 1043 4368 Suessulam
1082 4325 1472 4386 expugnantes.
1513 4317 1623 4374 llos
1649 4320 1922 4389 siquidem
1942 4320 2110 4377 Cuai-

524 4403 695 4462 terius
723 4408 976 4479 princeps
1019 4425 1125 4464 non
1157 4411 1387 4481 segniter
1419 4414 1441 4445 ⁸
1487 4413 1797 4484 adjuvabat,
1830 4425 1886 4470 et
1915 4417 2112 4472 multo-

527 4495 670 4552 tiens
697 4497 874 4553 locum
915 4500 1148 4555 cedebat
1183 4503 1282 4568 eis,
1312 4503 1504 4559 nolens
1534 4502 1732 4560 frustra
1754 4509 1787 4539 ⁷·
1813 4505 2113 4562 Christico-

525 4588 641 4645 lum
665 4590 891 4647 fundere
911 4608 1180 4655 cruorem.
1216 4594 1311 4652 Set
1330 4595 1623 4652 Eandolfus
1647 4598 1854 4667 praesul
1870 4616 1976 4653 non
2004 4601 2106 4654 hoc

527 4683 805 4756 religionis
827 4687 1000 4758 gratia
1034 4696 1116 4742 set
1151 4689 1504 4744 imbecillitati
1531 4692 1826 4760 deputans,
1868 4693 1917 4746 vi
1949 4709 2103 4747 suum

526 4789 847 4844 germanum
878 4785 1063 4832 contra
1111 4778 1387 4835 Christum
1419 4781 1631 4837 Domini
1672 4798 1909 4853 pugnare
1951 4800 2107 4856 coge-

527 4865 638 4921 bat.
655 4865 854 4921 Fretus
868 4882 997 4937 ergo
1012 4869 1242 4924 filiorum
1267 4872 1454 4937 trium,
1470 4872 1720 4940 Maionis,
1743 4885 1797 4930 et
1816 4875 2083 4931 Maienolli

527 4967 630 5010 nec
653 4972 761 5015 non
790 4966 849 5014 et
873 4958 1144 5031 Badelgisi
1190 4960 1280 5016 lilii
1307 4960 1541 5034 Adelgisi
1570 4963 1930 5021 Beneventani
1957 4967 2084 5039 prin

2217 3319 2346 3374 dicti
2379 3319 2600 3374 totidem
2634 3335 2884 3374 nummos
2913 3320 3120 3389 accepit
3143 3319 3192 3374 δν.

2285 3411 2374 3466 50.
2418 3413 2588 3482 (862.)
2648 3412 2859 3469 Mortuo
2901 3413 3133 3483 denique
3172 3413 3452 3475 Pandone,
3515 3413 3782 3470 Landolfus

2214 3503 2499 3574 episcopus
2524 3504 2671 3559 solus
2710 3511 2981 3574 superstes
3023 3505 3302 3560 remansit.
3347 3503 3452 3571 Qui
3507 3503 3779 3560 Pandonol-

2215 3593 2353 3660 fum,
2385 3605 2635 3664 nepotem
2666 3611 2848 3659 suum,
2877 3596 2994 3650 vice
3018 3596 3188 3666 patris
3217 3596 3301 3650 sui
3332 3595 3616 3650 Pandonis
3641 3594 3780 3650 comi-

2217 3696 2325 3744 tem
2355 3689 2406 3743 in
2433 3688 2670 3759 Capuam
2697 3689 2998 3754 constituit,
3030 3691 3122 3760 qui
3152 3689 3475 3745 vulneratus
3514 3707 3581 3745 ex
3625 3689 3779 3761 prelis

2215 3795 2324 3852 quo
2373 3781 2584 3852 genitor
2635 3781 2966 3836 occubuerat
3027 3780 3324 3836 semivivus
3375 3792 3648 3837 evaserat.
3703 3779 3778 3834 llic

2216 3885 2394 3930 autem
2431 3876 2482 3930 in
2522 3875 2888 3932 familiaritate
2925 3891 3024 3930 sua
3062 3875 3303 3930 habebat
3345 3875 3664 3929 Dauferium
3706 3887 3778 3924 co-

2215 3975 2436 4036 gnatum
2469 3965 2522 3996 '°
2556 3965 2812 4027 Maionis;
2859 3963 3012 4034 cujus
3051 3965 3325 4020 versutias
3370 3974 3623 4019 metuens
3659 3962 3778 4017 Lan-

2215 4055 2396 4111 dulfus
2419 4055 2647 4126 prmsul,
2665 4056 2872 4111 monuit
2897 4055 3316 4121 Pandonulfum,
3334 4064 3416 4120 ut,
3443 4057 3572 4125 dato
3586 4054 3632 4109 ei
3651 4052 3777 4122 adju»

2219 4145 2389 4211 torio,
2421 4145 2546 4200 alibi
2577 4160 2700 4199 eum
2737 4146 2803 4199 ad
2841 4145 3289 4200 commaneudum
3333 4146 3662 4206 destinaret;
3703 4143 3777 4213 qui

2215 4235 2406 4292 nolens
2438 4235 2578 4292 illius
2603 4236 2832 4291 consilio
2869 4236 3249 4305 acquiescere,
3275 4236 3418 4289 clam
3457 4236 3656 4306 egressi
3687 4244 3780 4288 tres

2214 4328 2454 4398 germani
2487 4343 2552 4383 ex
2581 4329 2712 4383 urbe
2748 4327 2964 4383 Potensi
2985 4368 3002 4393 ,
3041 4343 3164 4382 cum
3195 4328 3387 4382 eodem
3424 4328 3674 4382 Dauferio
3701 4342 3777 4380 ca-

2216 4419 2366 4474 stella
2399 4420 2666 4474 invasere.
2706 4419 2843 4474 Nam
2871 4417 3236 4474 Pandonolfus
3279 4419 3594 4475 Suessulam
3619 4461 3634 4484 ,
3659 4419 3780 4473 Lan-

2141 4539 2189 4598 ι)
2215 4510 2392 4565 dulfus
2427 4519 2608 4565 autem
2646 4510 2838 4566 Casam
2874 4509 3068 4576 lrtam,
3101 4509 3474 4565 Landonulfns
3499 4507 3778 4564 Caiatia:u

2214 4601 2283 4655 ab
2333 4601 2486 4657 illius.
2513 4602 2758 4672 genitore
2813 4610 3049 4656 castrum
3088 4601 3199 4669 jam
3247 4602 3449 4656 dudum
3489 4610 3779 4672 quassatum

2215 4688 2588 4754 intraverunt,
2627 4698 2681 4744 et
2723 4700 3004 4761 cmperunt
3045 4691 3356 4758 deprzedare
3387 4691 3573 4746 omnia
3604 4691 3653 4744 in
3686 4690 3778 4742 cir-

2216 4783 2384 4837 cuitu.
2434 4782 2581 4849 Quos
2620 4781 2914 4838 Landulfus
2962 4783 3172 4853 ingenio
3225 4783 3477 4852 decepit,
3537 4783 3778 4849 simulque

2217 4875 2550 4932 Guaiferium
2577 4884 2631 4932 et
2661 4875 2968 4946 Adelgisum
3001 4875 3271 4945 principes
3305 4874 3537 4938 delusit,
3566 4890 3662 4929 nec
3689 4886 3780 4926 non

2215 4979 2276 5025 et»
2309 4968 2580 5024 Landonis
2611 4968 2749 5023 filios
2783 4974 3174 5038 nepotessuos,
3207 4982 3348 5037 quos
3368 4967 3481 5038 jam
3505 4966 3673 5038 pridie
3700 4979 3784 5019 ex-

1810 5102 2044 5160 VARIIE
2079 5101 2484 5164 LECTIONES.

606 5185 626 5218 ²
654 5184 922 5241 libertatis
953 5189 1002 5240 l.

535 5255 558 5287 ’
587 5253 755 5308 fustra
804 5272 852 5308 c.

533 5325 606 5377 ob
645 5337 695 5376 e.
731 5323 784 5378 5.

1115 5192 1136 5223 ³
1181 5191 1378 5246 antiste
1413 5208 1460 5244 c.
1590 5192 1610 5222 ³
1655 5192 1958 5249 landonlfus
1997 5213 2045 5249 ε.

961 5257 989 5290 ⁸
1011 5260 1280 5316 nonnullis
1322 5277 1370 5314 ο.

908 5326 950 5394 ξ’
995 5342 1049 5394 p.
1093 5343 1212 5383 cum
1257 5331 1398 5384 eof.
1454 5331 1508 5386 5.

2165 5193 2190 5224 "
2219 5209 2400 5249 casam
2452 5193 2610 5248 irtam
2642 5211 2688 5246 c.

1489 5259 1812 5346 "Satrgolan
1844 5282 1907 5346 ‘c.
1945 5266 2034 5346 sed
2439 5262 2703 5346 Saogdarn
2732 5262 2782 5318 5.

1619 5333 1662 5367 ι³
1677 5333 2047 5405 __Magelpertus
2087 5333 2140 5389 5.

3449 5188 3468 5220 '
3499 5186 3715 5259 signiter
3738 5199 3779 5234 ι.

3457 5276 3478 5286 ,ι
3505 5258 3534 5286 L‘
3656 5257 3694 5286 ll
3736 5267 3758 5286 θ

2796 5189 2918 5245 "'ex
2975 5189 3214 5244 ttninatis
3264 5208 3312 5242 c.

2898 5260 2951 5292 ““
2969 5260 3128 5314 alitus
3167 5277 3214 5313 τ.
3261 5259 3480 5314 habitus
3501 5258 3554 5312 5.

2263 5334 2309 5368 ιι
2352 5325 2630 5390 boviatisis
2668 5351 2714 5388 ο.
2843 5331 3221 5385 "-Ccraudum
3287 5330 3543 5384 comitem
3589 5325 3780 5378 Marsu-

538 5407 656 5451 rum
682 5390 738 5445 5.
816 5394 860 5429 ⁸ο
887 5390 1215 5488 BariumnB.
1253 5401 1333 5488 ’⁸⁷
1364 5401 1634 5484 feritatem
1674 5403 1744 5488 5.”
1779 5390 1937 5488 v't'd.
1977 5405 2242 5486 Telesiam
2271 5446 2297 5485 ,θ
2335 5405 2555 5486 Alipbas
2578 5447 2592 5468 ,
2642 5404 2952 5486 sepinium,
3012 5401 3309 5488 lloviagum
3356 5409 3432 5484 et.

538 5475 774 5514 θ’θὶῑΐηῐη
824 5478 1036 5514 mmmtc
1105 5465 1461 5514 Bennfrnntrm
1516 5473 1649 5502 ἰη-ιε·

3419 5470 3432 5484 ⁸
3453 5468 3700 5510 ξθ-σιηιιηι
3739 5478 3781 5506 ι.
