3926 5584
137 408 241 471 ’161

1291 420 1613 482 HISTORIA
1655 422 2315 495 LANGOBARDORUMH

3329 428 3431 492 76!
3454 466 3469 487 η.

138 538 329 615 torres
360 531 379 564 ¹
430 530 636 587 fecerat
673 547 704 587 a
740 531 854 589 solo
884 534 1138 607 preprio,
1172 536 1292 593 dolo
1322 540 1603 607 evocavit,
1638 538 1745 594 fra—
1774 547 1818 603 Λ
1849 538 2066 596 nimodo
2091 543 2344 608 abesset;
2389 552 2443 597 ut
2485 541 2658 598 fateor
2685 543 2731 598 si
2762 543 2884 614 quis
2919 544 3083 601 corde
3117 560 3225 602 non
3265 548 3455 616 perci—«

139 612 411 694 triamque
449 639 671 681 suorum
711 627 941 683 confinia
989 628 1301 700 dept'atdare
1338 631 1572 704 fecitque
1622 649 1743 688 suc-

136 717 330 771 mndi.
386 717 634 789 Dumque
682 720 878 776 cotidie
927 721 1123 792 Capua:
1174 724 1329 778 ruina
1379 735 1740 791 excresccret,

136 803 406 862 hortatus
438 816 524 864 est
549 808 690 865 idem
720 811 803 865 vir
827 811 964 866 filios
997 811 1270 870 Pandonis
1295 830 1416 869 cum
1446 816 1569 871 liliis
1597 816 1742 871 Lan-

136 892 305 967 donis
335 897 393 961 ⁸,
436 913 580 954 nexo
616 900 818 959 fmdere
858 902 1073 973 utrique
1134 903 1322 960 urbem
1357 905 1641 962 introirent
1673 906 1741 961 ad

137 989 624 1043 commonendum.
658 990 726 1043 At
751 990 825 1046 illi
853 990 874 1023 ³
900 1008 967 1046 ex
1001 993 1216 1050 diverso
1249 996 1300 1048 in
1332 1011 1497 1050 unum
1544 1012 1741 1054 cocun-

139 1085 245 1141 tes,
261 1090 616 1137 sacramento
629 1080 799 1151 juncti
824 1092 967 1148 sunt,
983 1085 1341 1157 adieruntque
1362 1089 1549 1145 urbem
1568 1106 1582 1152 ;
1606 1106 1743 1159 quos

138 1169 333 1225 statim
364 1172 385 1203 ⁸
408 1175 702 1243 praedictus
740 1177 820 1231 vir
866 1184 984 1232 arte
1021 1192 1117 1233 sua
1149 1177 1339 1234 fefellit
1371 1189 1426 1235 et
1463 1180 1743 1250 periurare

135 1258 307 1325 fecit,
354 1263 570 1334 illisque
607 1266 823 1333 divisis,
861 1269 1117 1324 mentitus
1153 1279 1256 1326 est.
1298 1271 1411 1339 Qua
1450 1276 1548 1343 pro
1575 1288 1737 1329 causa

135 1352 309 1410 etiam
338 1352 711 1413 Pandounlfus
749 1359 819 1417 ad
857 1360 1191 1430 imperialem
1227 1362 1603 1420 celsitudinem
1638 1365 1740 1419 mi-

135 1441 244 1508 sit;
277 1445 532 1515 epistolis
569 1463 632 1503 ac
654 1446 989 1516 jussionibus
1017 1451 1243 1517 ablatis,
1284 1455 1339 1513 in
1375 1454 1508 1510 urbe
1535 1470 1742 1511 memo-

134 1543 259 1588 rata
291 1550 400 1591 non
429 1546 515 1593 est
544 1539 852 1610 ingressus,
880 1557 1163 1613 quousque
1201 1544 1444 1602 Yt'nirenl
1472 1544 1737 1616 Lodogui-

130 1636 241 1683 cus
280 1629 564 1699 piissimus
601 1643 891 1706 angustus,
923 1651 951 1692 a
985 1637 1168 1694 multis
1192 1653 1289 1710 per
1316 1640 1464 1695 varia
1495 1649 1735 1712 tempora

129 1716 421 1793 invitatus.

202 1809 297 1867 5i.
335 1810 461 1868 Fuit
500 1822 681 1870 autem
727 1815 868 1872 idem
900 1814 1222 1886 Landolfus,
1262 1829 1318 1876 ut
1347 1820 1618 1892 pollicitus
1648 1822 1732 1878 iu-

1846 632 1945 701 pit,
1983 632 2154 688 oculis
2179 633 2376 689 videat.

1916 723 2005 779 52.
2040 725 2184 798 (866)
2227 724 2486 784 Invitatus
2525 728 2712 799 itaque
2740 727 3117 802 Londognicus
3150 745 3342 798 cursar,
3373 741 3437 789 ut

1845 818 2066 887 pnedixi
2099 817 2172 883 ⁸⁸,
2218 818 2271 873 in
2311 834 2596 874 commune
2636 836 2665 875 a
2698 820 3122 887 Beneventanis,
3161 823 3434 892 C‘apuanis

1845 910 2162 979 cmtctisque
2200 914 2595 969 eummarcanis
2634 915 2700 968 ad
2740 915 3023 970 tuitionem
3068 918 3290 987 perdita:
3337 934 3426 989 pa-

1845 999 1962 1056 tria?
1986 1031 2051 1043 -—
2079 1019 2107 1055 a
2140 1000 2202 1057 Gn
2222 1002 2414 1057 Iiferio
2436 1005 2655 1058 minime
2678 1006 2801 1069 hoc,
2829 1008 2955 1078 quia
2987 1025 3084 1078 pro
3111 1009 3360 1065 Adcmari
3386 1011 3429 1053 ¹ι

1843 1097 2091 1167 captione
2117 1098 2473 1153 execrabatnr
2505 1131 2577 1141 —-
2610 1100 2899 1156 Beneventi
2937 1103 3072 1158 lines
3108 1118 3206 1173 per
3234 1103 3429 1158 Suram

1844 1183 2174 1254 ingreditur,
2214 1196 2376 1256 atque
2412 1188 2562 1261 prius
2604 1190 2931 1245 monasterio
2973 1190 3245 1247 Benedicti
3287 1193 3439 1247 heali‘

1842 1276 2119 1346 applicuit.
2153 1277 2273 1344 Quo
2296 1278 2364 1332 ad
2393 1294 2515 1333 eum
2548 1280 2703 1351 legati
2736 1281 2801 1337 de
2826 1281 3063 1337 diversis
3081 1284 3305 1339 urbibus
3333 1302 3429 1341 ve-

1842 1379 2069 1435 nerunt;
2118 1371 2261 1426 inter
2285 1388 2423 1442 quos
2449 1358 2745 1428 Landulfus
2763 1373 2876 1442 jam
2915 1377 3092 1431 dictus
3126 1386 3179 1431 et
3210 1387 3432 1447 nepotes

1840 1460 1925 1516 sui
1968 1476 2033 1515 ex
2074 1462 2287 1518 diverso
2335 1474 2618 1518 venerunt.
2662 1464 2939 1537 Susceptis
2976 1468 3138 1539 igitur
3162 1469 3434 1539 angustis,

1841 1551 1945 1605 hoc
1971 1559 2054 1605 est
2085 1552 2167 1605 vir
2190 1559 2243 1606 et
2276 1553 2471 1621 conjux
2492 1595 2506 1618 ,
2537 1569 2567 1606 a
2596 1553 2880 1610 Berthario
2911 1559 3203 1613 venerabili
3233 1559 3430 1614 abbate

1839 1642 2260 1710 omciocissime,
2293 1645 2604 1702 ‘Landulfus
2652 1647 2719 1701 ad
2762 1648 2973 1703 solitam
3012 1665 3239 1722 vergens
3270 1649 3427 1706 falla-

1838 1740 2006 1804 ciam,
2044 1739 2329 1809 Capuanos
2360 1757 2496 1811 quos
2542 1743 2731 1797 causari
2781 1753 3200 1813 prmsentaverat
3240 1743 3431 1815 fugere

1839 1834 2097 1904 compulit
2122 1850 2136 1899 ;
2168 1835 2280 1905 ipse
2309 1834 2454 1889 solus
2481 1850 2603 1889 cum
2627 1850 2693 1890 eo
2723 1837 3001 1901 remansit,
3027 1838 3178 1908 quasi
3211 1838 3428 1893 satisfa-

130 1919 321 1998 seram
348 1908 489 1979 (cap.
532 1909 625 1998 2i)
644 1952 659 1977 ,
688 1927 753 1967 es
783 1922 974 1969 natura
1002 1919 1237 1987 prudens
1256 1959 1272 1984 ,
1302 1926 1385 1972 set
1413 1933 1476 1974 ex
1505 1936 1732 1976 consne-
1766 1905 1807 1962 Β
1836 1922 2007 1986 ciens,
2040 1940 2099 1979 se
2121 1924 2191 1979 nil
2220 1924 2486 1995 culpabile
2512 1940 2677 1991 penes
2698 1942 2821 1981 enim
2850 1905 3099 1998 gessisse.
3130 1929 3429 1985 Pranlictus

133 1997 331 2056 tudine
362 1997 624 2068 callidus,
656 2003 893 2061 lubricus
929 2007 1156 2063 nimium
1182 2017 1238 2065 et
1263 2011 1534 2080 petulans,
1562 2013 1732 2068 ambi-

132 2090 330 2148 tiosior
348 2095 497 2150 omni
526 2096 764 2161 homine,
787 2098 960 2156 elatus
982 2116 1141 2172 supra
1169 2117 1330 2172 quam
1359 2104 1504 2159 credi
1533 2114 1730 2175 potest,

130 2182 530 2272 monachorum
559 2202 773 2262 quoque
803 2192 1030 2249 infestor
1068 2204 1125 2250 et
1151 2197 1418 2265 praedator
1445 2198 1490 2263 ',
1521 2197 1587 2252 de
1613 2200 1732 2268 qui-

129 2274 237 2331 bus
282 2276 339 2331 in
382 2278 620 2334 tribunal
672 2281 910 2338 tumidus
944 2284 1138 2340 sedens
1173 2286 1365 2343 solitus
1398 2297 1518 2343 erat
1554 2288 1733 2344 dicere

129 2367 621 2426 circumstantibus
667 2391 684 2430 :
736 2372 986 2439 Quotiens
1035 2377 1348 2432 mortaclmm
1394 2379 1505 2433 visu
1553 2396 1728 2445 cerno,

129 2473 340 2529 semper
377 2460 510 2514 mihi
547 2461 728 2530 futura
789 2463 901 2518 dies
951 2465 1188 2535 auspicia
1227 2465 1401 2522 tristia
1430 2477 1451 2508 ⁸
1479 2468 1732 2524 submini-

132 2557 304 2614 strat,
326 2548 479 2618 justo
505 2551 657 2607 valde
673 2551 880 2622 judicio
909 2555 1035 2617 Dei,
1066 2564 1123 2609 ut
1152 2558 1219 2610 ab
1258 2559 1363 2613 hiis
1392 2558 1729 2614 incommoda

134 2637 436 2706 tolleraret,
467 2657 604 2712 quos
625 2643 781 2698 Vclttd
805 2645 1218 2704 uefandissimos
1238 2648 1421 2705 hostes
1443 2653 1732 2708 execrabat

129 2739 186 2784 et
213 2734 671 2804 persequebatur,
698 2753 728 2791 a
759 2738 957 2807 quibus
981 2740 1143 2795 etiam
1172 2742 1231 2795 in
1257 2741 1438 2797 futuro
1475 2752 1728 2815 torquem

129 2824 233 2892 dus
258 2835 401 2895 erat.
440 2826 708 2899 Principis
746 2831 827 2885 sui
872 2845 1088 2903 quoque
1125 2834 1338 2890 derisor
1365 2844 1421 2890 et
1455 2837 1727 2907 perjurus.

128 2925 502 2989 nepotumque
548 2936 766 2976 suorum
796 2938 1051 2992 perosor,
1091 2924 1288 2996 quippe
1328 2928 1419 2996 qui
1456 2928 1725 2984 neminem

128 3007 319 3063 dilexit
340 3020 541 3080 praeter
560 3028 671 3068 suae
696 3015 878 3070 carnis
899 3014 1193 3081 incentiva,
1213 3033 1400 3087 pacem
1427 3034 1724 3089 nunquam,

130 3113 230 3153 nec
265 3098 320 3154 in
352 3100 445 3156 die
469 3099 648 3157 obitus
674 3103 756 3158 sui
775 3144 792 3170 ,
825 3107 1161 3176 amplexatus
1186 3119 1290 3162 cst.
1321 3108 1411 3179 Sic
1443 3110 1530 3164 ubi
1561 3109 1726 3166 hede-

128 3197 244 3245 rata
277 3193 473 3255 sensit,
505 3200 652 3249 totus
674 3209 733 3249 se
761 3204 980 3252 strenue
1007 3196 1251 3263 iniciens,
1280 3199 1609 3263 zizaniorum
1636 3218 1724 3258 se-

126 3284 277 3339 mina
303 3286 478 3352 sevit;
506 3287 648 3356 quod
680 3287 724 3342 si
752 3288 839 3342 cui
870 3289 1185 3346 incredibile
1220 3291 1454 3354 videtur,
1483 3292 1726 3347 animad-

124 3389 339 3444 vertat,
365 3389 504 3450 quot
539 3381 748 3437 vicibus
781 3381 1116 3439 Guaiferium
1147 3383 1361 3447 fefellit,
1393 3385 1479 3440 cui
1519 3401 1615 3455 per
1641 3393 1724 3439 ter

120 3467 328 3539 iuravit
354 3473 640 3541 ipsumque
668 3473 781 3542 ipse
811 3473 911 3528 sibi
942 3473 1238 3543 principem
1269 3474 1522 3530 instituit.
1555 3474 1723 3541 Multo

123 3562 272 3616 enim
315 3562 573 3618 libentius
612 3563 863 3634 cupiebat
901 3565 1160 3635 captivari
1204 3564 1414 3619 animas
1444 3564 1720 3619 hominum

124 3653 521 3719 innocentium,
545 3669 707 3724 quam
738 3654 822 3711 vel
850 3671 1034 3724 parem
1060 3670 1182 3709 eum
1212 3652 1431 3719 habere,
1462 3669 1569 3708 non
1598 3653 1720 3707 dico

123 3747 420 3812 seniorem,
475 3756 665 3802 contra
711 3755 1041 3817 praeceptum
1070 3746 1310 3818 Apostuli
1365 3760 1578 3817 gerens,
1626 3744 1718 3816 qui

124 3837 204 3892 ait
240 3836 522 3902 :Subditi,
554 3836 761 3908 inquid,
810 3848 970 3892 estote
1016 3837 1157 3891 omni
1196 3836 1434 3901 dicioni,
1469 3837 1573 3889 sive
1614 3835 1722 3904 regi

123 3938 382 4000 tanquam
404 3927 743 3995 pmcellenti,
759 3927 875 3984 sive
900 3929 1119 3983 ducibus
1149 3939 1399 3999 tanquam
1422 3928 1487 3982 ab
1513 3944 1573 3982 eo
1597 3927 1722 3981 mis-

120 4020 199 4073 sis
229 4018 285 4088 (Ι
312 4016 462 4073 Petr.
488 4018 583 4089 ll);
614 4028 672 4073 et
696 4017 821 4073 alibi
858 4037 871 4073 :
912 4015 1036 4073 Non
1065 4029 1248 4089 purast
1291 4027 1517 4089 potestas
1556 4018 1657 4072 nisi
1686 4034 1720 4071 ιι

125 4106 263 4173 Deo,
290 4110 470 4179 itaque
490 4109 582 4178 qui
608 4108 795 4162 resistit
826 4110 1092 4178 potestati,
1124 4108 1218 4162 Dei
1244 4108 1567 4165 ordinationi
1598 4106 1721 4161 resi-

122 4200 215 4254 stit
240 4198 420 4271 (Rom.
465 4200 610 4271 snt).
641 4198 738 4255 llis
759 4200 781 4235 τ
815 4199 994 4271 igitur,
1030 4199 1322 4270 postposita
1352 4198 1718 4256 ecclesiastica

121 4291 318 4360 dogma
346 4288 579 4362 iuraque
617 4291 940 4362 episcopalia
960 4331 975 4355 ,
1008 4291 1292 4347 semiviros
1323 4304 1349 4333 α
1378 4292 1718 4347 solummodo

122 4382 314 4438 dilexit
334 4399 541 4453 eosque
566 4385 777 4438 cunctis
798 4382 1053 4455 prmtulit,
1081 4382 1318 4453 implevit
1340 4382 1721 4438 nichilominus

122 4472 417 4542 prophecia
462 4470 648 4544 Ysayaa
688 4474 920 4529 dicentis
971 4475 1109 4542 (cap.
1163 4471 1244 4543 ιιι)
1318 4486 1334 4526 :
1397 4471 1718 4542 Eﬂ‘mminati

123 4561 543 4616 dominabuntur
568 4564 664 4617 eis.
699 4561 868 4632 Hujus
902 4564 1045 4618 enim
1072 4578 1172 4634 ego
1199 4561 1338 4622 facta
1370 4562 1468 4616 viri
1512 4562 1718 4616 minua-

1833 2013 2016 2082 itaqne
2056 2022 2315 2084 angustus
2348 2013 2671 2069 Landulfum
2705 2017 2749 2048 τ’
2792 2025 2919 2071 tunc
2954 2034 3050 2088 pro
3089 2019 3289 2075 nichilo
3328 2019 3429 2074 du-

1834 2118 1995 2167 cens,
2022 2103 2258 2174 Capuam
2300 2105 2464 2169 adiit,
2506 2107 2890 2177 obsessamque
2930 2108 3264 2163 tribus'hinc
3304 2109 3428 2166 inde

1833 2193 2109 2248 mensibus
2132 2193 2179 2226 *‘
2208 2193 2451 2249 funditus
2475 2195 2520 2226 ί*
2548 2194 2775 2260 delevit,
2810 2204 2864 2251 et
2890 2212 3013 2251 cum
3050 2196 3255 2252 civibus
3287 2198 3437 2259 illius
3473 2182 3478 2185 I

1832 2282 2210 2353 quodcumque
2225 2283 2479 2354 placitum
2507 2286 2636 2340 dare
2654 2285 2839 2349 nollet,
2859 2285 3148 2341 Lambcrto
3166 2286 3349 2342 comiti
3364 2286 3437 2342 ιις

1833 2373 1935 2429 lius
1948 2390 2007 2431 se
2027 2376 2365 2443 tradiderunt
2382 2393 2397 2441 ;
2415 2385 2667 2445 putantes
2682 2393 2743 2432 se
2756 2377 2936 2433 dicere
2951 2379 3169 2443 rectius,
3192 2378 3432 2449 pessime

1833 2474 2175 2521 corruerunt.
2206 2466 2360 2523 Unde
2381 2477 2564 2537 postea
2595 2484 2692 2538 pro
2719 2469 2922 2525 nichilo
2946 2471 3111 2535 ducti,
3140 2472 3287 2525 omni
3310 2470 3437 2526 fere

1831 2574 2018 2614 mense
2053 2559 2286 2614 diversis
2319 2559 2591 2629 judicibus
2622 2561 2895 2614 dabantur
2924 2561 2976 2615 in
3018 2561 3274 2630 prmdam.
3311 2561 3427 2623 Hoc

1829 2665 2043 2721 quoque
2069 2650 2138 2704 ita
2169 2660 2391 2721 peracto
2427 2652 2494 2715 ",
2522 2650 2800 2706 Guaiferio
2822 2652 2968 2707 omni
2995 2652 3112 2706 sine
3138 2650 3447 2720 sponsione-

1828 2741 1979 2809 prius
2020 2739 2338 2804 Salernum,
2366 2748 2420 2795 et
2454 2741 2533 2795 sic
2566 2741 2783 2796 demum
2821 2742 2891 2796 ab
2927 2740 3218 2797 Adelchiso
3242 2741 3425 2798 Bonet

1830 2841 2052 2887 ventum
2082 2838 2344 2898 exceptus
2368 2840 2471 2887 est.

1897 2922 1985 2976 35.
2007 2921 2177 2993 (867.)
2198 2921 2454 2993 Sequenti
2470 2932 2648 2978 autem
2669 2938 2809 2977 anno
2820 2923 3006 2979 multis
3020 2923 3183 2979 fultus
3199 2924 3427 2979 auxilia;

1828 3014 2039 3068 toribus
2052 3013 2231 3067 Barlm
2249 3014 2513 3082 perrexit,
2534 3023 2698 3084 atque
2717 3029 2840 3068 cum
2857 3031 2998 3085 szrpe
3017 3015 3170 3070 dicto
3185 3014 3429 3087 Saugda“

1829 3117 1895 3156 ne
1922 3102 1966 3134 ¹⁶
2003 3101 2301 3173 augustalis
2338 3103 2611 3158 exercitus
2648 3119 2882 3173 pugnam
2912 3105 3213 3168 commisit,
3244 3119 3274 3158 a
3305 3105 3425 3175 qui-

1827 3192 1931 3246 bus
1956 3201 2008 3246 et
2031 3201 2316 3263 superatus
2339 3192 2587 3263 aufugiit,
2615 3193 2872 3248 ammissa
2896 3209 3002 3248 non
3028 3194 3236 3249 modica
3266 3204 3423 3264 parte

1829 3284 2170 3339 bellatorum.
2204 3285 2410 3341 Dehinc
2431 3287 2613 3345 omnia
2636 3303 2824 3341 eorum
2852 3287 3274 3358 circumquaque
3303 3298 3419 3344 sata

1828 3375 2172 3438 comburens,
2199 3377 2477 3432 Materiam
2508 3377 2658 3443 adiit,
2692 3394 2855 3448 quam
2883 3387 2939 3434 et
2966 3380 3083 3434 sine
3115 3395 3265 3435 mora
3296 3380 3420 3451 igne

1827 3467 2100 3536 cepitque.
2125 3466 2277 3524 Tunc
2301 3468 2446 3525 venit
2472 3468 2784 3531 Venusiam,
2811 3476 3334 3539 castrametatnsque
3363 3469 3417 3523 in

1827 3572 1889 3613 ea
1919 3559 2189 3628 coepitque
2216 3574 2499 3623 renovare,
2522 3567 2576 3612 et
2605 3557 2784 3613 Barim
2812 3559 2937 3614 hinc
2957 3565 3013 3613 ct
3034 3558 3156 3613 inde
3182 3558 3422 3628 graviter

1825 3667 2141 3723 expugnans
2170 3653 2461 3708 demolitus
2485 3661 2597 3717 est;
2629 3653 2913 3724 positoque
2939 3651 3187 3722 praesidio
3214 3666 3419 3722 pugna-

1827 3752 2009 3798 torum
2033 3744 2085 3797 in
2111 3742 2345 3798 Canusio
2366 3784 2381 3808 ,
2403 3743 2641 3798 vicissim
2666 3757 2779 3797 .eos
2808 3742 3061 3797 cornibus
3099 3740 3416 3796 ventilabat.

1824 3833 1942 3902 Quo
1973 3843 2177 3889 terrore
2212 3834 2441 3904 perculsi
2473 3835 2549 3898 ¹⁷,
2586 3833 2738 3889 multi
2770 3833 2836 3888 ad
2876 3833 3208 3904 augustalem
3234 3831 3423 3888 confu-

1822 3924 2030 3996 gientes
2057 3924 2424 3989 clementiam,
2454 3926 2570 3979 dari
2598 3913 2702 3980 sibi
2725 3925 2982 3994 petebant
3002 3925 3256 3988 dextras;
3288 3925 3411 3993 qni-

1822 4017 1921 4072 bus
1949 4026 2074 4072 tunc
2099 4017 2316 4072 solitam
2347 3998 2778 4072 misericordiam
2801 4030 2907 4070 non
2939 4013 2984 4048 "
3012 4015 3262 4086 denegat.
3291 4014 3421 4071 Post

1822 4108 1937 4164 haec
1965 4109 2096 4163 ltum
2127 4118 2211 4163 est
2236 4107 2464 4164 Oeream
2495 4107 2524 4148 ιι
2557 4106 2770 4171 urbem,
2819 4107 3008 4176 sicque
3031 4105 3214 4161 itidem
3241 4120 3422 4161 revers

1821 4214 1913 4254 sus
1957 4207 2040 4254 est
2079 4198 2483 4263 Beneventum,
2525 4207 2690 4267 atque
2732 4196 3011 4251 annitente
3050 4195 3151 4250 sibi
3196 4195 3420 4250 dextera

1820 4306 2076 4362 superna.
2096 4307 2220 4346 cum
2245 4291 2357 4362 jam
2392 4290 2458 4344 ad
2480 4288 2880 4343 extremitatem
2921 4286 3211 4340 maximam
3236 4300 3421 4355 perve-

1822 4383 2033 4438 nissent
2069 4382 2350 4448 Saraceni,
2389 4383 2554 4436 misso
2578 4381 2823 4437 exercitu
2848 4379 3030 4433 Barim
3056 4379 3219 4448 cepit,
3259 4387 3417 4446 capto

1822 4474 1874 4529 in
1902 4490 1964 4529 ea
1987 4472 2419 4544 Saugdanetfero
2434 4486 2558 4541 rege
2584 4486 2704 4526 cum
2735 4469 2856 4524 aliis
2872 4468 3145 4523 nonnullis
3170 4467 3417 4522 satelliti-

1823 4565 1925 4620 bus
1945 4565 2077 4619 suis.
2103 4564 2305 4618 Deinde
2318 4563 2435 4635 (871
2461 4560 2948 4633 Febr.)'l‘arentum
2968 4560 3218 4615 obsidere
3230 4558 3415 4625 jussit.

125 4653 218 4705 tim
257 4652 539 4721 explicare
576 4653 620 4707 si
665 4653 920 4719 voluero,
974 4632 1182 4708 facilius
1232 4659 1291 4709 ut
1346 4667 1469 4706 reor
1509 4661 1717 4723 tempus
1745 4632 1796 4691 D
1890 4655 1979 4710 δι.
2022 4654 2226 4722 Quibus
2268 4632 2341 4710 ita
2381 4632 2725 4725 patratis”,
2769 4661 2828 4706 ut
2860 4652 3111 4723 superius
3147 4652 3417 4722 promissa

122 4745 430 4799 absumitur
462 4743 508 4808 ⁸,
539 4761 701 4815 quam
735 4745 876 4799 fandi
931 4760 1111 4801 sermo
1141 4745 1500 4810 termiuctur;
1536 4751 1713 4798 tamen

121 4835 166 4890 si
194 4837 323 4906 quis
350 4838 663 4894 medullitus
700 4852 862 4894 nosse
900 4839 1204 4903 desiderat,
1236 4852 1426 4893 versus
1459 4854 1489 4891 a
1521 4845 1718 4892 memet

121 4938 469 4983 constructos
516 4939 540 4972 θ
583 4930 848 4999 requirat.
885 4928 1027 4983 Ante
1068 4928 1207 4983 diem
1251 4943 1380 4983 vero
1420 4928 1599 4983 exitus
1636 4927 1754 4983 sui.

121 5020 363 5090 Capuam
396 5019 555 5075 trium
601 5022 835 5076 fratrum
866 5034 1085 5076 suorum
1132 5020 1257 5076 filiis
1295 5021 1371 5075 ita
1401 5020 1614 5087 divisit,
1661 5029 1722 5076 ut

118 5108 270 5164 omni
297 5118 538 5181 tempore
578 5111 723 5167 inter
752 5124 847 5163 cos
879 5109 1086 5180 gladius
1121 5111 1253 5166 rixae
1293 5123 1566 5180 nunquam
1606 5127 1724 5167 οιηο

1824 4762 2066 4820 promam
2100 4746 2168 4810 '°,
2200 4744 2388 4799 videns
2423 4742 2666 4797 diabolus
2699 4757 2827 4795 suos
2868 4743 3136 4797 eliminari
3177 4739 3417 4795 Christo-
3450 4744 3455 4747 ’

1824 4854 1928 4913 que
1977 4839 2227 4896 universa
2280 4835 2572 4893 restaurari
2613 4834 2656 4865 ¹¹
2685 4875 2699 4898 ,
2753 4833 3021 4907 principia
3070 4830 3316 4888 recolens
3364 4841 3417 4884 et
3494 4838 3501 4849 ’

1826 4929 2060 4999 dampna
2091 4926 2288 4985 inferni
2321 4926 2527 4989 dolens,
2555 4938 2653 4978 suo
2681 4922 2939 4978 instincto
2970 4929 3251 4993 coeperunt
3276 4916 3414 4974 Galli

1828 5022 2072 5088 graviter
2096 5022 2503 5081 Beneventanus
2544 5013 2791 5086 persequi
2832 5029 2898 5067 ac
2927 5014 3218 5070 crudeliter
3252 5022 3419 5063 vexa-

1831 5125 1911 5167 re.
1948 5112 2072 5183 Qua
2098 5117 2165 5174 de
2191 5127 2250 5167 re
2277 5118 2333 5165 et
2366 5107 2647 5181 Adelgisus
2684 5104 2939 5176 princeps
2964 5108 3223 5163 adversus
3248 5099 3426 5157 Lodo-

1328 5278 1331 5281 .
1424 5240 1656 5299 vanae
1700 5241 2130 5322 LECTIONES.

198 5357 215 5388 ¹
247 5366 517 5419 exterrens
543 5379 590 5418 c.
713 5357 737 5387 ²
764 5351 853 5407 Ilo
881 5352 943 5418 B,
972 5355 1245 5412 Pandonis
1267 5372 1313 5409 ι.

259 5446 304 5482 ί.
374 5433 396 5465 ⁸
416 5432 724 5476 ace-umiln'

1425 5352 1694 5439 'il'ec-..
1742 5352 1827 5440 ξιξ
