3926 5604
515 342 635 402 753

3528 316 3560 326 -δ

1480 344 1970 402 ERCHEMBEBTI
2008 343 2452 403 CASSINENSIS
2490 344 2802 413 MONACHI:
3665 348 3744 404 itii

512 457 728 527 gnicum
757 464 1041 529 augustum
1066 465 1311 522 erectus,
1340 471 1462 512 cum
1495 458 1608 513 suis
1639 457 1925 513 Beneventi
1954 457 2095 512 infra
2125 458 2171 517 A
2198 460 2511 526 constituit;
2554 476 2657 530 qua
2694 459 2955 529 electione
2991 457 3200 531 illectus
3241 457 3305 524 ",
3343 457 3747 533 archiepiscopa-

516 547 716 603 mmnia
746 546 1026 617 degentem
1066 563 1131 603 ac
1168 564 1358 605 secure
1393 549 1760 619 quiescentem
1807 559 1925 608 astu
1959 550 1973 582 ί
2004 552 2097 608 do-

515 636 631 697 loso
667 639 687 669 ¹
727 639 1124 695 sanctissimum
1176 642 1382 707 virum,
1424 636 1745 698 salvatorem
1768 642 1973 700 scilicet
1998 644 2098 700 Be-

516 740 831 787 neventante
856 732 1162 801 provinciae,
1190 734 1334 804 cepit
1360 744 1415 789 ct
1439 734 1697 791 custodiis
1731 735 2093 807 mancipavit;

514 820 762 891 bonaque
791 823 908 894 ejus
938 824 1204 894 diripiens
1233 826 1434 882 ditatus
1463 835 1568 890 est,
1594 835 1924 896 cunctosque
1951 826 2097 883 viros

512 913 833 969 exercitales
860 915 1110 986 Spoliavit
1147 926 1202 973 et
1230 916 1414 988 fugere
1453 919 1744 984 compulit,
1772 926 1826 975 et
1864 917 1931 973 de
1966 933 2096 973 exu-

510 1005 614 1061 viis
628 1004 849 1061 ’eorum
867 1019 1153 1065 onustatus
1181 1020 1296 1076 est;
1320 1011 1678 1082 impletusque
1696 1019 1778 1067 est
1792 1027 1973 1067 sermo
1993 1014 2098 1068 Do-

513 1097 642 1152 mini
672 1114 735 1153 ex
762 1101 1043 1171 prophetia
1068 1111 1314 1173 sumptus
1340 1102 1394 1158 δε
1422 1103 1664 1179 Percide,
1691 1103 1895 1174 inquid,
1918 1117 2098 1175 pasto-

512 1205 638 1248 rem.
659 1204 705 1245 et
720 1192 1210 1263 dispergenluroves
1225 1197 1392 1267 gregis
1409 1195 1596 1267 (Zach.
1618 1198 1739 1267 xu.)
1756 1193 2094 1253 Consisteute

512 1279 693 1351 itaque
723 1296 949 1355 augusto
982 1286 1034 1340 in
1067 1287 1346 1349 custodia,
1376 1288 1633 1342 excitavit
1669 1286 1811 1341 Deus
1847 1288 2092 1357 spiritum

512 1370 916 1450 llismaelitum,
943 1368 1239 1445 eosqne'ah
1264 1375 1444 1431 Africa
1473 1378 1691 1449 regione
1710 1379 1952 1448 protinus
1978 1394 2093 1434 cve-

509 1462 612 1528 xit,
653 1472 712 1519 nt
739 1464 1132 1541 ulciscerentur
1159 1468 1369 1539 angusti
1408 1468 1775 1539 obprobrium,
1809 1469 1965 1525 sicuti
1998 1469 2092 1525 ﬁlii

509 1553 604 1610 Dei
634 1558 940 1621 passionem
975 1558 1343 1630 Vespasianus
1383 1570 1439 1616 et
1484 1562 1639 1619 Titus
1677 1563 1774 1618 ulti
1810 1574 1953 1619 sunt.
1998 1564 2094 1620 Set

508 1645 750 1702 defensio
781 1648 994 1704 Domini
1031 1648 1194 1705 dilata
1223 1650 1243 1681 "
1265 1660 1349 1705 est
1393 1650 1447 1706 in
1473 1667 1644 1709 annos
1670 1652 1761 1717 42,
1788 1654 1940 1723 juxta
1969 1650 2105 1723 pro?

504 1738 744 1807 phetiam
777 1738 977 1805 Eliszei,
1007 1741 1097 1811 qui
1122 1740 1192 1795 42
1220 1757 1434 1811 pueros,
1474 1760 1502 1796 a
1535 1744 1728 1812 quibus
1767 1744 1954 1800 illusus
1984 1736 2104 1809 est,

504 1828 712 1885 duobus
754 1830 897 1884 ursis
938 1831 1081 1885 dedit
1120 1832 1173 1885 in
1215 1834 1687 1905 commestionem;
1718 1834 1876 1904 hujus
1910 1845 2088 1890 autem

504 1930 870 1995 contemptum
911 1937 1011 1975 nec
1054 1922 1105 1976 in
1152 1922 1222 1983 40
1262 1924 1469 1978 distulit
1502 1926 1645 1991 dies;
1685 1940 1750 1979 ex
1789 1942 1897 1997 quo
1935 1928 2092 1982 datur

503 2010 745 2081 intelligi,
774 2013 949 2082 qualis
975 2023 1277 2084 quantusve
1297 2016 1379 2069 vir
1405 2015 1506 2071 iste
1524 2015 1707 2083 fuerit,
1731 2019 1819 2089 qui
1851 2028 1957 2073 tam
1982 2019 2091 2074 cito

502 2101 757 2158 defensus
785 2110 887 2158 est.
1453 2155 1456 2159 .
1482 2108 1487 2113 ’
1711 2158 1720 2166 ,

571 2191 661 2247 55.
698 2193 993 2250 Absolutus
1028 2194 1048 2225 ⁸
1090 2204 1305 2261 autem,
1347 2197 1574 2254 Domino
1607 2198 1865 2268 juhente,
1919 2218 2091 2258 caesar

424 2308 433 2316 ’
500 2282 710 2352 insons,
733 2287 919 2347 statim
937 2285 1197 2344 Saraceni
1223 2287 1511 2357 Salernum
1535 2291 1911 2364 applicuerunt
1934 2295 2088 2364 quasi

497 2375 569 2437 30
612 2374 787 2443 milia;
832 2395 994 2451 quam
1039 2382 1278 2452 graviter
1323 2382 1655 2449 obsidentes,
1700 2385 1826 2441 hinc
1862 2392 1917 2441 et
1966 2387 2090 2442 inde

498 2476 691 2525 cuncta
718 2468 1068 2533 forinsecus"l
1102 2472 1353 2544 stirpitus
1393 2472 1422 2511 ι
1460 2474 1774 2532 deleverunt
1814 2487 1857 2541 ι,
1896 2476 2090 2532 occisis

497 2557 552 2612 in
579 2573 644 2616 ea
674 2561 1162 2639 innumerabilibus
1186 2563 1424 2631 colonis;
1449 2574 1506 2620 et
1533 2565 1841 2638 depopulati
1866 2578 1990 2621 sunt
2021 2582 2085 2621 ex

496 2660 659 2719 parte
681 2651 992 2723 Neapolim,
1024 2653 1387 2710 Beneventum
1420 2663 1475 2711 et
1502 2656 1764 2725 Capuam.
1800 2658 1916 2724 Quo
1954 2668 2087 2713 tem-

495 2755 628 2813 pore
656 2743 815 2800 ambo
853 2744 1131 2802 Latnherti
1152 2746 1403 2813 comites,
1439 2748 1659 2823 augusti
1696 2747 1933 2803 furorem
1978 2765 2091 2804 me-

495 2840 738 2899 tuentes,
790 2835 1155 2892 Beneventum
1206 2846 1565 2900 recesserunt,
1621 2847 1677 2893 et
1723 2836 1792 2893 ab
1837 2837 2088 2909 Adelgiso

490 2925 793 2999 honoriﬁce
818 2929 1053 2998 suscepti
1084 2939 1240 2996 sunt;
1282 2944 1512 3000 quorum
1549 2929 1760 2999 auxiliq
1776 2930 1971 2998 fretus,
2000 2946 2088 2988 suo

493 3029 593 3085 per
621 3016 1016 3079 Saracenorum:
1047 3035 1256 3076 scuram
1280 3022 1324 3052 ιο
1353 3021 1511 3078 irruit
1535 3029 1589 3077 et
1615 3021 1843 3077 viriliter
1869 3023 2083 3089 stravit,

495 3109 691 3164 occisis
719 3125 784 3163 ex
812 3112 893 3165 eis
923 3126 1057 3181 pene
1082 3113 1252 3168 tribus
1281 3112 1496 3168 milibus
1519 3113 1667 3169 viris.
1695 3112 1899 3182 Quibus
1918 3115 2081 3169 etiam

496 3197 686 3252 diebus
716 3198 955 3269 Capuam
976 3201 1130 3269 juxta
1151 3200 1465 3257 Suessulam
1491 3201 1634 3258 mille
1655 3218 1720 3259 ex
1745 3202 1825 3257 eis
1843 3219 2084 3272 pereme—

497 3297 642 3342 rtmt.
668 3289 797 3359 (872
823 3289 1165 3361 )Cnmquein
1192 3294 1291 3346 hac
1322 3292 1605 3348 obsidione
1630 3308 1794 3362 prope
1824 3294 2081 3347 termina-

496 3391 648 3455 retur
679 3398 874 3449 annus,
904 3385 1067 3438 misso
1098 3386 1339 3439 exercitu
1364 3384 1474 3453 jam
1499 3385 1675 3440 dictus
1704 3394 1963 3455 angustus
1989 3399 2085 3454 per

493 3474 857 3544 sugestioncm
903 3474 1143 3529 Landulﬁ
1186 3475 1430 3546 przesulis
1461 3506 1530 3516 —
1558 3476 1659 3531 hoc
1697 3476 1841 3529 enim
1882 3473 2083 3530 solum-

493 3568 652 3619 modo
683 3567 1029 3623 memorabile
1062 3568 1257 3622 bonum
1287 3567 1451 3637 gessit
1481 3586 1509 3622 a
1541 3569 1627 3623 die
1650 3579 1803 3623 ortus
1831 3569 1911 3623 sui
1937 3599 2006 3611 --
2026 3576 2083 3624 et

492 3656 723 3725 perdidit
750 3659 789 3687 ¹¹
815 3675 880 3713 ex
908 3660 1200 3728 prophanis
1227 3659 1278 3713 in
1305 3658 1486 3730 Capua
1519 3658 1689 3714 ferme
1711 3674 1902 3714 novem
1930 3659 2079 3715 milia

436 3772 443 3778 -
491 3744 658 3800 viros.
698 3747 870 3817 (875.)
912 3749 1040 3805 Post
1064 3750 1178 3805 lucc
1216 3763 1315 3820 per
1339 3750 1685 3820 semetipsum
1722 3750 1973 3823 dignatus
1997 3757 2079 3806 est

494 3835 749 3891 advenire
772 3837 1102 3908 “Capuam;
1125 3838 1278 3908 cujus
1299 3839 1528 3894 advento
1553 3840 1789 3911 cognito,
1815 3840 2074 3897 Saraceni

493 3924 777 3983 Salernum
817 3929 1215 4001 relinquentes,
1247 3932 1549 3987 Calabriam
1589 3931 1819 3997 adeunt,
1849 3948 2077 4003 eamque

493 4018 632 4074 intra
677 4036 735 4075 se
778 4022 1007 4079 divisam
1050 4025 1453 4103 repperientes,
1504 4024 1747 4080 futtditus
1786 4026 2079 4097 depopulao

495 4120 650 4175 runt,
681 4112 752 4165 ita
794 4122 853 4166 ιιι
878 4113 1089 4169 deserta
1124 4114 1194 4169 sit
1231 4114 1391 4170 veluti
1417 4116 1470 4169 in
1500 4114 1720 4169 diluvio.
1754 4115 1908 4171 Prius
1929 4118 2073 4172 enim

491 4216 657 4272 quam
683 4200 861 4273 fugam
894 4204 1159 4274 arriperet
1196 4203 1422 4259 nefanda
1465 4220 1628 4275 gens,
1670 4203 1970 4274 huiusmodi
2001 4207 2074 4262 si-

488 4305 655 4362 gnum
679 4292 744 4348 de
765 4293 902 4351 ctelo
929 4294 1069 4349 Dens
1093 4295 1275 4349 multis
1297 4295 1536 4351 ostendit
1561 4314 1574 4350 :
1603 4294 1834 4352 faculam
1863 4297 2071 4369 igneam

488 4384 877 4450 permaximam
907 4395 1141 4457 prmpete
1171 4387 1215 4419 ¹³
1249 4404 1410 4444 cursu
1448 4389 1500 4444 in
1541 4387 1718 4444 medio
1746 4391 1962 4446 navium
1985 4390 2069 4460 je-

2199 558 2311 605 tum
2352 551 2514 606 totius
2550 549 2841 606 Beneventi
2884 549 3031 605 omni
3076 549 3353 612 aviditate.
3399 559 3456 605 et
3499 558 3562 605 ut
3598 549 3747 620 Capua

2196 641 2510 712 metropolis
2535 639 2706 707 ﬁeret,
2736 641 3012 712 quaesivit;
3035 649 3138 706 set,
3163 654 3268 695 non
3292 638 3529 697 Domino
3548 640 3747 710 sinente,

2195 734 2263 789 ad
2294 732 2597 805 profectum
2648 734 2871 801 minime
2916 734 3180 806 pervenit.
3219 732 3567 809 Lodognicus
3603 743 3749 790 autem

2194 823 2384 881 volens
2405 823 2770 901 Beneventum
2798 825 3100 896 acquirere,
3128 833 3214 881 set
3238 826 3467 883 minime
3498 822 3678 892 valuit,
3700 825 3751 880 ad

2196 916 2414 986 propria
2447 916 2700 981 recessit,
2724 917 3005 988 conjugem
3041 925 3330 989 natamque
3359 932 3517 974 suam
3545 916 3762 988 Capuam

2195 1004 2535 1078 relinquens;
2575 1025 2679 1079 qua
2716 1008 3003 1066 occasione
3032 1020 3264 1082 reperta,
3306 1011 3451 1067 idem
3485 1009 3755 1067 Landull‘us

2194 1097 2529 1163 Guaiierium
2557 1101 2874 1171 principem,
2904 1101 2989 1155 cui
3018 1102 3228 1158 noviter
3249 1101 3561 1173 juraverat,
3590 1117 3753 1172 appre-

2197 1189 2357 1245 hendi
2387 1189 2513 1245 fecit
2548 1200 2599 1245 et
2642 1191 2694 1244 in
2720 1192 2961 1247 custodia
2995 1192 3205 1247 detrudi
3234 1196 3297 1263 ἕο.
3330 1192 3506 1265 (874.)
3531 1189 3629 1248 Set
3657 1193 3752 1262 quia

2195 1298 2302 1343 non
2340 1298 2402 1337 ea
2433 1283 2659 1355 contigit
2688 1283 2792 1339 illis
2822 1300 2947 1353 quas
2972 1287 3262 1354 putabant,
3294 1286 3566 1341 dimissus
3590 1294 3693 1348 est,
3714 1292 3761 1337 et

2195 1378 2335 1433 ﬁlios
2384 1378 2689 1444 Lundonis,
2743 1377 3053 1433 Landonem
3108 1378 3317 1434 scilicet
3362 1387 3420 1433 et
3474 1374 3757 1433 Landonul-

2195 1467 2305 1523 fum
2340 1468 2413 1532 ³⁷,
2456 1476 2713 1539 cognatos
2750 1484 2909 1534 suos,
2956 1484 3052 1539 pro
3085 1485 3142 1525 se
3180 1469 3399 1525 obsides
3436 1469 3615 1533 dedit;
3647 1481 3758 1536 quos

2194 1573 2381 1613 secum
2435 1574 2682 1613 remeans
2725 1567 2952 1631 augusta
2998 1559 3216 1626 detulit,
3266 1558 3592 1615 Ravennam
3626 1554 3758 1613 exilio

2194 1651 2429 1722 reliquit.
2461 1650 2646 1707 Proles
2671 1662 2852 1707 autem
2877 1652 3049 1722 ipsius
3075 1660 3319 1720 augustae
3349 1651 3553 1722 Capua:
3576 1664 3759 1705 reman-

2196 1738 2284 1799 sit,
2317 1736 2514 1806 illaque
2550 1736 2801 1801 abeunte,
2831 1753 2935 1792 non
2968 1737 3193 1791 multum
3223 1746 3348 1808 post
3374 1738 3593 1818 genitor
3618 1735 3767 1798 illius,

2126 1803 2165 1860 Β
2197 1826 2334 1880 divae
2373 1820 2648 1881 memoria:
2685 1825 3043 1897 Lodoguicus,
3077 1826 3218 1881 diem
3254 1826 3457 1881 clausit
3483 1812 3757 1880 extremm

2194 1918 2364 1990 (875),
2396 1920 2582 1989 sicque
2615 1917 2687 1973 ﬁli
2715 1917 2975 1973 Guaiferii
3005 1927 3058 1973 et
3080 1919 3353 1973 Landonis
3378 1917 3615 1974 absoluti
3637 1925 3756 1972 sunt.

2191 1998 2290 2080 Qui
2338 2011 2463 2064 dum
2505 2011 2570 2065 ad
2608 2011 2884 2081 proprium
2923 2009 3095 2064 solum
3136 2011 3496 2079 repedassent
3534 2008 3609 2074 ²⁶,
3645 2007 3761 2062 ﬁlios

2190 2099 2463 2156 Pandonis
2499 2110 2653 2156 extra
2692 2102 2882 2154 urbem
2910 2114 3063 2154 suam
3097 2097 3283 2154 exules
3319 2099 3663 2163 invenerunt,
3683 2111 3765 2151 ωε

2186 2194 2419 2263 ciatiqne
2446 2200 2572 2249 sunt
2599 2192 2722 2257 illis,
2754 2207 2984 2264 quorum
3017 2191 3303 2247 nexionem
3332 2191 3378 2224 “
3407 2188 3761 2245 Landulfusut

2188 2283 2488 2349 intellexit,
2511 2282 2715 2348 doluit,
2754 2280 3088 2342 Guaiferitmt
3119 2281 3423 2353 principem
3449 2292 3580 2336 mox
3600 2292 3762 2336 evoca-

2187 2377 2266 2430 vit
2287 2378 2352 2430 ad
2384 2374 2634 2433 solatium
2663 2391 2853 2441 suum;
2886 2375 2978 2445 qui
3003 2375 3123 2435 sine
3149 2388 3300 2429 mora
3334 2372 3588 2438 veniens,
3610 2379 3772 2427 ειη-ι

2185 2482 2292 2539 que
2319 2466 2515 2522 fratres
2540 2465 2782 2523 subdidit
2806 2464 3088 2521 famulatui
3116 2464 3278 2520 illius.

2255 2558 2344 2612 57.
2387 2551 2511 2614 ’(Ξιηί
2559 2568 2741 2613 autem
2784 2557 2898 2627 jam
2938 2544 3085 2611 dicto
3126 2562 3359 2626 augusto
3409 2553 3763 2624 supradicti!

2186 2651 2532 2721 opprobrium
2561 2649 2788 2708 Domino
2811 2648 3163 2719 permittente
3184 2646 3560 2705 Beneventani
3588 2644 3761 2701 inferre

2185 2738 2480 2810 quiverint,
2523 2739 2591 2794 de
2633 2737 2817 2792 multis
2839 2738 2947 2792 duo
2973 2737 3222 2793 inleram.
3261 2735 3513 2791 Primum
3543 2735 3664 2805 quia
3682 2747 3756 2788 re-

2185 2828 2340 2884 niens
2377 2826 2611 2898 quodam
2644 2836 2886 2898 tempore
2918 2825 3191 2891 Romam,
3239 2825 3477 2881 ut‘duos
3503 2824 3769 2895 episcopos

2184 2906 2608 2993 condempnatos
2655 2921 2751 2977 ad;
2780 2921 3066 2992 pristinam
3113 2921 3402 2977 reduceret
3444 2918 3756 2991 digitium.

2186 3022 2242 3069 et
2267 3014 2391 3069 dum
2431 3012 2595 3069 nollet
2642 3014 2691 3069 ei
2736 3013 3045 3069 consentire
3082 3012 3131 3052 ³⁸
3176 3010 3435 3066 Nicotaus
3494 3024 3653 3082 papa,
3688 3007 3761 3061 vir

2188 3102 2298 3158 Deo
2334 3103 2546 3172 plenus,
2589 3103 2888 3158 secundum
2924 3102 3213 3171 antiquum
3243 3114 3455 3156 morem
3490 3095 3763 3155 obviamei.

2186 3194 2334 3249 Venit
2387 3193 2729 3247 candidatum
2780 3192 3171 3248 sacerdotalem
3237 3206 3474 3263 agmen;
3535 3199 3595 3244 at
3652 3190 3759 3250 ille.

2185 3295 2369 3356 spreto
2388 3287 2583 3342 timore
2612 3288 2727 3353 Dei,
2755 3285 2985 3342 fustibus
3002 3286 3213 3342 elerum
3244 3286 3378 3342 credi
3412 3284 3573 3351 fecit,
3596 3299 3754 3340 mors

2184 3372 2313 3433 vero
2353 3379 2640 3447 omniaque
2681 3388 2891 3436 sacrata
2936 3374 3237 3433 ministeria
3280 3377 3517 3449 pedibus
3542 3376 3750 3437 calari.

2182 3455 2529 3541 Romamque
2565 3485 2701 3540 pene
2748 3462 2944 3525 miliari
2980 3472 3155 3542 spatio
3202 3470 3555 3540 depraedatus
3599 3470 3750 3532 "est.

2182 3561 2552 3631 vicariumque
2604 3560 2753 3616 Petri
2800 3561 2943 3616 beati
2973 3562 3131 3631 quasi
3187 3562 3295 3616 vile
3334 3560 3661 3633 mancipium
3697 3562 3751 3613 ab

2181 3651 2356 3715 cilicio
2376 3655 2457 3709 sui
2484 3653 2794 3719 ministerii,
2822 3654 2925 3708 nisi
2945 3654 3204 3708 Dominus
3227 3653 3545 3717 restitisset,
3568 3655 3750 3724 private

2180 3746 2367 3803 voluit.
2407 3744 2657 3804 Secundo
2711 3747 2839 3818 quia
2870 3757 3024 3816 capta
3078 3746 3201 3801 Bari
3238 3756 3295 3802 et
3336 3745 3617 3817 Saugdan,
3652 3760 3745 3800 om-

2178 3839 2329 3894 nium
2360 3839 2637 3895 hominum
2662 3836 3081 3909 ﬂagitiosissimo
3113 3838 3183 3903 ³⁸,
3213 3850 3321 3893 non
3347 3838 3505 3908 juxta
3538 3835 3752 3891 volunta-
3822 3892 3827 3895 _

2179 3941 2288 3989 tem
2315 3931 2526 3987 Domini
2562 3946 2685 3987 eum
2716 3932 2984 4002 protinus,
3017 3938 3077 3984 ut
3102 3929 3321 4001 dignum
3358 3939 3502 3992 erat,
3549 3926 3750 3983 crudeli-

2179 4034 2263 4082 ter
2292 4024 2518 4081 interﬁci
2561 4024 2777 4090 fecerit;
2820 4023 3021 4079 oblitus
3053 4020 3331 4088 videlicet,
3368 4021 3511 4092 'quid
3560 4015 3761 4075 Samuel

2176 4132 2360 4172 coram
2392 4115 2556 4172 Saule
2604 4116 2671 4171 de
2706 4115 2882 4186 Agatb
2915 4114 3270 4185 pinguissimo
3306 4128 3439 4184 rege
3473 4110 3745 4168 Amalech.

2178 4198 2354 4264 tarum
2406 4207 2620 4279 egerit,
2671 4208 2940 4277 quomodo
3001 4222 3122 4262 eum
3184 4206 3238 4260 in
3304 4204 3480 4261 frusta
3541 4199 3755 4269 discerpi

2175 4301 2365 4359 fecerit
2400 4298 2451 4373 (I
2480 4298 2613 4370 Reg.
2652 4297 2781 4371 xv);
2830 4297 3302 4369 quetnammodum
3344 4295 3510 4352 etiam
3556 4294 3757 4365 quidam.

2175 4394 2436 4465 propheta
2472 4390 2715 4447 Samaria
2745 4392 2854 4462 regi
2882 4392 2947 4447 de
2987 4391 3219 4461 quodam
3250 4391 3521 4446 scelerato
3549 4389 3656 4442 vim
3671 4384 3741 4438 £-

490 4471 582 4566 cit,
614 4488 778 4542 quam
824 4490 949 4531 mox
997 4487 1179 4533 secuta
1208 4487 1293 4535 est
1336 4487 1655 4549 tempestas,
1695 4495 1816 4552 quae
1849 4490 2072 4545 cunctas
2100 4504 2149 4566 ι)
2176 4484 2346 4540 xerit:
2396 4483 2533 4551 Quia
2579 4482 2844 4550 dimisisti,
2889 4482 3083 4552 inquit,
3124 4483 3296 4536 virum
3329 4491 3499 4535 morte
3534 4480 3737 4550 459m.

489 4562 733 4623 liburnas
766 4566 1038 4624 frustatim
1065 4571 1317 4642 dirrnpit.
1352 4570 1661 4637 Guaiferius
1687 4588 1817 4629 vero
1843 4589 1944 4644 pro
1972 4589 2067 4631 sua

489 4661 800 4729 obsessione
824 4666 1057 4735 primum
1084 4668 1301 4723 Petrum
1330 4678 1615 4739 cognatum
1641 4685 1795 4725 suum
1821 4679 1876 4724 et
1900 4670 2065 4727 Guai-

488 4752 720 4820 marium
749 4752 914 4809 ﬁlium
942 4771 1096 4811 suum
1128 4757 1330 4829 legatos
1356 4760 1423 4814 ad
1447 4759 1560 4827 jam
1592 4758 1758 4815 fatum
1783 4770 2068 4831 augustum

489 4842 675 4908 misit;
716 4860 850 4915 quos
889 4846 977 4902 ille
1017 4848 1246 4904 consilio
1291 4848 1533 4904 Landulﬁ
1576 4851 1793 4905 retinuit
1819 4859 1873 4904 et
1907 4850 2068 4905 exilio

489 4922 797 4988 destinavit.
840 4933 1007 5007 Cujus
1054 4937 1224 4992 eciam
1273 4947 1458 5008 postea
1496 4939 1630 4994 duos
1674 4939 1812 4995 ﬁlios
1854 4939 2067 4997 obsides

490 5025 726 5080 suscepit
753 5034 808 5078 et
830 5024 1261 5083 Langobartliam
1293 5029 1458 5084 misit.

2173 4576 2268 4631 erit
2295 4575 2471 4629 anima
2495 4582 2585 4627 tua
2606 4587 2700 4645 pro
2729 4571 2907 4626 anima
2926 4571 3069 4625 illius
3098 4569 3220 4642 (III
3253 4569 3381 4641 Reg.
3407 4570 3524 4639 xx).

2244 4666 2332 4722 58.
2387 4666 2619 4720 Dimisso
2684 4663 2849 4736 igitur
2907 4662 3124 4735 Adelgis
3178 4661 3488 4734 Lodognico
3548 4670 3738 4717 casm.

2176 4758 2486 4813 thesaurum
2513 4769 2674 4810 omne
2704 4754 2950 4819 retinuit,
2976 4759 3030 4807 et
3068 4752 3323 4821 Saugdan
3362 4761 3420 4807 et
3465 4751 3742 4808 Annosatn.

2171 4865 2272 4907 nec
2299 4856 2423 4904 non‘
2450 4853 2506 4902 et
2536 4845 2919 4902 Abadelbachi.
2947 4845 3198 4914 Receptis
3246 4844 3296 4876 “
3317 4844 3521 4900 etenim
3544 4842 3743 4896 viribus»

2173 4938 2429 5006 Saraceni
2467 4939 2520 4993 in
2558 4936 2880 5002 Tarentum,
2918 4951 3055 5006 quos
3081 4949 3217 5005 pene
3262 4943 3457 5005 captos
3478 4932 3750 5002 reliquerat

2167 5038 2425 5103 angustus
2470 5027 2536 5094 “,
2592 5035 2853 5098 ceperunt
2906 5025 3288 5096 pedetemptim
3336 5021 3521 5077 Barim
3566 5029 3623 5077 et
3654 5016 3751 5073 Ca-

2367 5121 2402 5140 ··
2435 5118 2766 5172 ’πυ-ἷίονὶιιπι
2795 5116 3135 5186 deprzedare;
3184 5114 3382 5184 quibus
3425 5121 3511 5169 ter
3532 5107 3757 5167 οοωιτίι

2901 5207 3002 5250 ἐφ»
3050 5205 3260 5266 Quibus
3317 5204 3394 5260 nil
3448 5200 3756 5275 pravam.
