3926 5500
162 384 269 441 τω

1322 371 1646 433 ιιιδτοιξιλ
1687 363 2322 429 ΕᾹΝΟΟΒΑΒΒΟΜΖΒ.

3339 360 3509 426 1⁵611-

163 498 405 552 invictus
448 504 507 550 et
554 494 972 564 intriumpbalor
1001 494 1015 524 ¹
1044 493 1307 548 abscessit
1359 488 1476 557 Quo
1525 496 1765 556 tempore
1796 482 1840 541 Α
1937 483 2027 540 40.
2063 484 2209 557 (879)
2240 484 2357 543 lliis
2393 499 2608 557 quoque
2636 484 2825 563 diebus
2850 484 3151 548 Landullus
3166 485 3277 556 ja'm
3307 484 3448 541 [atris
3502 548 3507 551 _

163 589 316 661 (876)
369 586 670 659 Utmaguus
708 588 731 619 ⁸
755 598 806 653 ⁸,
833 586 956 658 quia
1002 584 1252 656 Saugdan
1293 582 1420 638 exul
1467 580 1661 643 funeral,
1696 577 1765 631 ab

160 677 352 736 Africa
395 694 523 734 cum
549 678 767 733 Annoso
796 676 1039 739 veniens,
1070 675 1361 729 Tarentum
1394 669 1638 727 intravit.
1670 679 1763 718 rex

161 768 397 825 euectus
429 776 537 833 est,
591 780 970 837 egressusque,
1002 764 1365 819 Beneventum
1402 757 1639 831 graviter
1673 754 1766 810 tle-

160 860 437 928 pmdavit
480 870 538 915 et
584 857 829 914 Talcsam
854 864 911 912 et
944 857 1224 926 Alipbam;
1255 862 1511 921 tantaque
1539 845 1764 903 victoria

162 950 401 1017 adeptus
445 958 554 1010 est,
601 958 660 1001 ut
695 945 1034 1017 Saugdanem
1075 943 1189 1012 jam
1219 1015 1230 1024 .
1257 958 1400 1012 saepe
1438 941 1640 995 dicttun
1666 952 1764 1006 po—

163 1048 423 1101 lentatem
488 1040 559 1094 ab
604 1039 859 1111 Adclgiso
904 1038 1271 1108 recolligeret;
1322 1050 1445 1090 nam
1488 1033 1764 1096 Annosum

160 1139 219 1183 et
239 1128 593 1184 Abadelbach
630 1139 756 1184 ante
805 1129 1166 1199 apocrisarios
1196 1126 1218 1157 ³
1256 1126 1496 1180 miserat.
1531 1121 1643 1183 Hoc
1670 1136 1768 1174 au-

160 1219 382 1279 diemes
410 1220 511 1290 qui
547 1220 727 1275 Baritn
776 1219 1108 1284 residebant,
1149 1216 1490 1289 Gregorium,
1529 1212 1764 1282 bajulum

160 1308 453 1379 imperiale
493 1308 829 1375 Graecorum,
882 1310 971 1379 qui
1011 1319 1137 1364 tunc
1171 1309 1224 1361 iu
1267 1306 1507 1363 Odronto
1549 1302 1571 1334 ⁸
1614 1302 1643 1342 ιι
1675 1300 1767 1355 de-

158 1399 346 1468 gebat,
375 1414 505 1454 cum
554 1398 737 1455 multis
767 1398 1094 1455 exercitibus
1133 1397 1462 1459 asciverunt,
1504 1402 1558 1471 et
1587 1391 1765 1447 Barim

161 1490 591 1547 introduxerunt
627 1492 697 1547 ob
728 1490 1123 1551 Saracenorum
1155 1497 1398 1553 metum;
1450 1486 1542 1556 qui
1582 1483 1766 1540 statim

158 1582 569 1652 apprehensum
632 1581 968 1656 gastaldeum
1017 1580 1266 1651 illiusque
1316 1582 1581 1651 primores
1629 1576 1768 1631 Con-

159 1674 572 1745 stantinopolim
625 1676 793 1737 misit.
840 1683 901 1729 ut
945 1673 1143 1744 quibus
1166 1672 1576 1743 jurejurandqu
1607 1669 1764 1726 (idem

160 1763 423 1821 dederat-

1867 578 2059 647 praesul
2089 592 2378 653 percussus
2423 579 2671 645 interiit;
2718 594 2825 649 qua
2869 579 2957 634 die
3005 593 3116 634 sua:
3146 580 3451 639 θοι-περηομ
3500 618 3503 621 η

1867 669 1951 723 nis
1974 669 2043 723 ab
2064 669 2315 726 omnibus
2337 670 2669 743 presbyteris
2693 669 2865 725 sancti
2901 667 3176 724 Benedicti
3210 668 3453 737 cavallos

1865 764 2202 833 expectabat,
2231 772 2291 817 ut
2317 762 2373 818 in
2394 764 2672 838 baratrum
2699 777 2806 816 non
2833 762 3040 830 absque
3067 760 3222 830 equis
3246 768 3449 837 rueret.

1867 850 2121 908 Vitlentes
2145 861 2327 907 autem
2356 862 2577 924 nepotes
2605 851 2747 913 illius
2771 852 3179 931 depositionem,
3205 852 3258 905 in
3285 867 3451 907 unum

1866 943 2046 999 collati
2077 944 2369 1000 diviserant
2420 944 2561 1001 inter
2597 960 2655 1001 se
2701 946 2800 1000 sub
2825 943 3177 1013 jurejurando
3209 942 3457 1014 Capuam,

1866 1051 2019 1105 arqua
2068 1035 2464 1092 distributione.
2516 1034 2884 1093 Pandonulfus
2912 1035 3099 1090 urbem
3132 1034 3453 1091 Tianeusetn

1867 1136 1919 1181 et
1947 1125 2144 1183 Casam
2162 1126 2351 1192 irtam,
2378 1125 2563 1182 Laudo
2597 1127 2833 1183 Berelais
2865 1139 2888 1168 ο
2930 1136 2987 1182 et
3013 1120 3289 1189 Suessam,
3317 1126 3454 1197 alter

1868 1216 2051 1273 Laudo
2076 1218 2319 1274 Calinum
2357 1228 2412 1272 et
2440 1217 2690 1286 Caiazia,
2739 1215 3019 1276 Atenolfus
3055 1218 3220 1288 erepit
3253 1218 3458 1272 lizedilia

1867 1327 1992 1367 care
2017 1298 2254 1365 castrum
2287 1311 2340 1364 iu
2362 1309 2546 1375 Calvo,
2572 1310 2897 1373 Landult‘um
2940 1319 3118 1379 autem
3143 1309 3456 1365 adolescen—

1869 1401 2037 1461 tulum
2067 1403 2303 1457 Landoui
2325 1402 2490 1457 tilium
2518 1402 2607 1458 alii
2626 1412 2985 1465 sacramento,
3004 1402 3245 1473 nonnulli
3269 1417 3457 1473 assen-

1868 1510 1929 1549 su
1942 1492 2329 1549 unanimiter”
2352 1492 2661 1563 pontiﬁcem
2681 1495 3091 1551 constituerunt.
3117 1492 3212 1551 Set
3226 1493 3458 1564 segnitie

1869 1585 2071 1656 proprii
2119 1586 2398 1656 genitoris,
2442 1601 2552 1656 qua
2593 1584 2912 1640 naturaliter
2956 1592 3152 1654 torpet,
3184 1584 3459 1649 detentus,

1871 1687 2084 1733 nonest
2125 1692 2249 1731 mox
2294 1685 2558 1741 sacratus,
2588 1684 2990 1740 sacramentum
3037 1686 3218 1751 autem
3263 1673 3459 1729 frater-

1873 1782 2001 1823 num
2042 1782 2148 1823 non
2194 1767 2283 1823 diu
2326 1767 2505 1822 extitit
2551 1766 2803 1830 illaesum;
2846 1782 2969 1822 nam
3007 1781 3043 1820 a
3085 1775 3281 1836 quarto
3313 1765 3461 1821 Ydtts.

229 1854 323 1910 39.
353 1854 592 1913 lnterea'
617 1855 719 1926 ipsi
752 1856 926 1912 (ἓνωοί
972 1855 1218 1912 crebrius
1256 1856 1461 1926 legatos
1495 1870 1616 1910 cum
1647 1869 1765 1910 sce-
1796 1835 1841 1894 B
1871 1860 2046 1917 Martii
2074 1875 2245 1932 usque
2267 1860 2319 1914 7.
2368 1860 2518 1915 Ydus
2552 1859 2712 1913 Madii
2757 1859 2842 1913 vix
2886 1835 3217 1929 perduravit.
3241 1858 3461 1927 Cupidi-

160 1945 247 2001 dis
271 1950 298 1982 ⁵
323 1945 657 2014 Benevento,
688 1946 921 2003 Saleruo
964 1956 1021 2001 et
1047 1947 1229 2018 Capua
1250 1947 1570 2017 rlirigebaut,
1606 1954 1664 1999 ut
1693 1945 1761 1999 ab

160 2035 257 2094 his.
292 2036 693 2103 auxiliarentur
735 2045 924 2092 contra
974 2037 1310 2103 Saracenos;
1363 2044 1445 2093 set
1491 2037 1545 2090 1ιί
1586 2038 1606 2069 ⁸
1656 2049 1765 2091 uno

161 2124 349 2180 animo
384 2140 578 2181 eorum
624 2126 954 2197 spernebant
982 2126 1363 2197 ﬂagitationes.
1399 2126 1553 2182 Tunc
1578 2125 1760 2183 Saler-

158 2230 318 2281 num,
344 2214 650 2290 Neapolim,
682 2215 928 2283 Caietam
972 2227 1029 2273 et
1049 2217 1300 2273 Amallim
1326 2232 1515 2288 pacem
1554 2215 1761 2271 habens

161 2315 250 2369 tes
270 2314 398 2363 eum
423 2306 740 2383 Saracenis,
791 2307 1073 2364 navalibus
1122 2307 1351 2364 Romam
1394 2307 1631 2379 graviter
1664 2293 1788 2363 an?

159 2398 482 2470 gustiabant
535 2398 1049 2473 depopulaeionibus
1112 2410 1185 2471 ιη
1238 2399 1335 2457 Set
1392 2415 1516 2456 cum
1575 2398 1770 2463 Cantus

162 2487 313 2544 ﬁlius
354 2488 578 2545 Juditta:
646 2500 920 2561 sceptrum
974 2492 997 2523 "
1045 2492 1254 2564 insigne
1296 2490 1525 2549 Bonnam
1575 2505 1764 2546 susce-

160 2577 337 2649 pisset
386 2578 562 2649 (875),
595 2579 947 2637 Lambertum
986 2582 1179 2637 ducem
1217 2582 1618 2655 etGuidonem,
1652 2597 1767 2653 ger-

164 2684 391 2723 manum
442 2669 520 2724 illi
547 2668 880 2739 ’,Jobannis
924 2687 1098 2745 papae
1138 2673 1191 2728 in
1241 2673 1564 2744 adjutorium
1594 2670 1763 2737 dedit,

163 2773 289 2814 cum
338 2759 539 2829 quibus
587 2760 647 2819 ¹⁸κ
677 2761 923 2833 Capuam
952 2773 1009 2820 et
1056 2762 1336 2835 Neapolim
1385 2761 1660 2834 profectus
1684 2768 1771 2816 est

165 2848 339 2920 (876).
368 2848 681 2910 Guail‘erius
703 2853 755 2908 iu
782 2854 993 2910 cunctis
1013 2864 1392 2926 optemperans
1417 2854 1484 2919 “,
1508 2862 1565 2910 et
1591 2852 1768 2915 imitus

163 2940 405 3009 dirrupit
428 2950 488 2997 et
515 2942 713 3003 multos
730 2958 800 2999 ex
821 2944 901 3001 eis
918 2955 940 2984 ε
971 2946 1220 3016 peremit.
1246 2945 1469 3017 Sergius
1498 2960 1631 3001 vero
1653 2960 1773 3003 ma-

164 3029 339 3100 gister
367 3029 627 3097 militum,
668 3032 894 3088 consilio
937 3033 1178 3104 Adclgisi
1220 3043 1276 3091 et
1304 3032 1576 3098 Lamberti
1612 3035 1769 3091 dece-

163 3129 315 3190 ptus,
350 3120 526 3176 noluit
572 3136 632 3178 se
662 3122 732 3177 ab
771 3122 876 3178 illis
905 3124 1165 3190 alienare,
1189 3125 1278 3195 qui
1327 3124 1508 3179 statim
1538 3125 1767 3179 anathe-

167 3213 461 3277 matizatus
500 3223 605 3279 est,
657 3224 713 3269 et
756 3229 877 3270 cum
926 3183 1223 3273 Guaiferio.
1249 3217 1551 3289 bellijerare
1586 3218 1770 3288 coepit
1796 3183 1842 3247 C

170 3301 344 3373 (877).
378 3302 529 3369 Unde
555 3305 784 3378 contigit
822 3315 880 3361 ut
917 3307 1033 3376 ipso
1068 3316 1262 3364 octavo
1286 3308 1372 3364 die
1413 3308 1771 3365 anatbematis

166 3396 239 3451 22
270 3398 315 3428 ¹¹
347 3397 659 3469 Neapolites
687 3399 886 3455 milites
906 3402 1272 3472 appreliensos
1317 3402 1569 3459 decollari
1602 3402 1764 3468 fecit;

168 3486 249 3542 sic
277 3488 425 3541 enim
468 3496 753 3544 monuerat
788 3504 948 3560 papa.
981 3484 1098 3557 Quo
1129 3491 1174 3522 ¹³
1216 3493 1377 3547 etiam
1426 3493 1769 3548 anathemate

168 3576 432 3641 multatus
484 3578 628 3632 idem
666 3575 910 3651 Sergius,
960 3594 1067 3633 non
1109 3578 1277 3639 multo
1325 3590 1446 3650 post
1489 3596 1518 3634 a
1553 3582 1770 3651 proprio

168 3682 434 3737 germano
481 3679 677 3740 captus
722 3680 830 3736 est,
866 3681 932 3726 .et
975 3671 1202 3728 Romam
1235 3674 1466 3729 mittitur
1495 3679 1511 3695 ‘
1557 3675 1770 3731 sutl‘osis

167 3758 365 3821 oculis.
398 3759 581 3830 ibique
604 3760 985 3817 miserabiliter
1017 3763 1178 3819 vitam
1204 3764 1375 3820 ﬁnivit
1401 3782 1416 3831 ;
1450 3767 1562 3837 ipse
1588 3777 1769 3825 autem

169 3847 345 3904 frater
369 3848 488 3917 ejus
516 3852 570 3905 in
596 3851 715 3907 loco
737 3852 879 3908 illius
911 3868 970 3908 se
994 3854 1167 3924 ipsum
1194 3856 1490 3927 principem
1517 3859 1767 3916 instituit.

169 3939 391 4011 Adelgis
436 3955 568 3996 vero
614 3941 742 3997 dum
790 3954 1034 3999 castrum
1084 3942 1506 4003 Trebentensem
1548 3948 1593 3981 “
1618 3949 1768 4007 obsi-

169 4027 310 4083 dens
336 4030 382 4061 ¹⁵
411 4038 632 4100 caperet
659 4030 828 4103 (878),
861 4032 929 4087 ad
974 4035 1249 4105 propriam
1290 4050 1537 4094 remeans
1581 4038 1768 4095 urbem

172 4136 205 4175 a
230 4122 525 4191 generibus
553 4120 606 4188 ἀ,
642 4124 929 4194 nepotibus
980 4134 1035 4180 et
1074 4126 1262 4183 amicis
1290 4129 1334 4162 “
1363 4130 1636 4187 extinctus
1663 4141 1768 4197 est,

168 4211 315 4266 etin
354 4211 475 4267 loco
508 4212 627 4283 ejus
660 4213 928 4283 Gaideris,
979 4215 1122 4273 ﬁlius
1161 4217 1441 4291 Radelgari
1491 4223 1558 4287 ",
1604 4239 1772 4295 nepos

171 4305 421 4370 extincti,
455 4308 732 4365 ordinatus
777 4318 899 4376 est;
951 4312 1261 4383 ejectusquc
1309 4314 1354 4346 ¹⁸
1396 4326 1479 4371 est
1525 4317 1675 4375 Cailo
1718 4329 1775 4376 et

171 4392 483 4460 Daul'erius.
515 4400 699 4468 generi
728 4399 771 4439 ι’
801 4399 962 4456 illius.
1006 4401 1102 4457 l-lic
1132 4403 1295 4458 etiam
1342 4402 1648 4478 principare
1680 4425 1770 4464 vo-

1870 1960 1979 2008 tate
2018 1952 2218 2007 etenim
2245 1951 2475 2017 extorti,
2513 1950 2606 2004 lilii
2650 1949 2923 2009 Pamlonis
2965 1949 3357 2006 Landenull‘um
3403 1954 3462 2003 et

1867 2042 2178 2098 Atenull'um
2230 2041 2427 2098 fratres
2476 2040 2496 2080 τ
2552 2056 2719 2106 suos,
2775 2040 2914 2095 ﬁlios
2953 2038 3203 2095 videlicet
3246 2037 3462 2095 Laudo-

1868 2132 2019 2198 nulli,
2049 2131 2175 2189 dolo
2216 2140 2473 2204 ceperunt
2523 2140 2579 2188 et
2618 2130 2879 2186 custodiae
2919 2129 3249 2193 indiderunt,
3306 2136 3469 2196 rapto,

1867 2223 1937 2281 ab
1962 2225 2044 2282 eis
2068 2225 2299 2282 Caiaziae
2349 2231 2553 2288 castro,
2598 2221 2745 2293 quod
2786 2221 2868 2278 eis
2905 2228 3250 2280 sacramento
3272 2225 3466 2289 sponte

1868 2315 1968 2391 ipsi
1995 2317 2049 2372 in
2078 2325 2225 2387 sorte
2248 2325 2554 2380 cessarunt.
3137 2368 3141 2373 .

1936 2406 2027 2466 41.
2058 2406 2174 2471 Set,
2206 2415 2268 2462 ut
2309 2417 2486 2478 empta
2526 2405 2768 2463 breviter
2788 2419 3106 2479 persequar,
3131 2404 3222 2462 lilii
3250 2403 3471 2461 laudo-z

1869 2497 1997 2552 nulli
2025 2496 2195 2569 juncti
2217 2490 2341 2554 cum
2373 2496 2498 2552 [iliis
2532 2495 2828 2562 Landonis,
2857 2496 2925 2552 ad
2950 2495 3212 2550 auxilium
3238 2492 3480 2571 Guaike.

1867 2589 1936 2644 rii
1963 2587 2220 2659 principis
2240 2602 2301 2644 se
2326 2585 2696 2651 contulerunt,
2723 2601 2755 2640 a
2782 2600 2891 2656 quo
2910 2584 3198 2654 aliquando
3218 2591 3275 2639 et
3304 2581 3462 2647 tutati

1868 2685 2016 2739 sunt.
2043 2676 2305 2739 Similiter
2341 2673 2712 2740 Pandonult‘us
2739 2674 2808 2729 ad
2853 2673 3086 2730 eundem
3124 2670 3468 2728 Guaiierium

1868 2769 2075 2841 legatos
2100 2784 2227 2824 cum
2251 2764 2629 2841 cbirograpbis
2657 2766 2824 2824 variis
2842 2765 3029 2829 misit;
3060 2772 3145 2820 set
3166 2762 3236 2818 ab
3265 2776 3331 2818 eo
3354 2762 3466 2822 mi-

1870 2861 2015 2915 nime
2064 2868 2314 2930 receptus
2353 2867 2455 2924 est,
2486 2857 2679 2913 favens
2722 2856 3052 2928 supradictis
3085 2856 3131 2888 ³¹
3182 2852 3460 2914 fratribus.

1869 2951 2111 3019 Cernens
2136 2960 2318 3007 autem
2340 2949 2630 3021 praedictus
2670 2949 2756 3004 vir
2781 2946 3004 3003 omnino
3027 2961 3090 3003 se
3119 2944 3469 3012 destitutum,

1868 3045 2207 3112 Gaiderisum
2263 3043 2563 3119 principem
2620 3050 2678 3099 et
2725 3040 3069 3113 Gregorium,
3113 3047 3462 3110 augustorum

1874 3133 2136 3208 bajulum,
2176 3136 2269 3207 qui
2319 3144 2450 3190 tunc
2492 3150 2614 3191 cum
2661 3133 2805 3189 dicto
2829 3129 3105 3189 Guail‘erio
3150 3129 3340 3211 Nolam
3392 3129 3471 3193 ad

1874 3227 2282 3298 colloqueudum
2313 3225 2365 3279 in
2389 3239 2553 3279 unum
2575 3228 2957 3299 convenerant,
3001 3220 3068 3275 ad
3099 3219 3461 3275 Beneventum

1874 3318 2254 3390 properabant,
2287 3315 2476 3387 legatis
2512 3313 2772 3369 invitabat
2796 3312 2861 3376 ",
2892 3319 2951 3365 ut
2978 3309 3069 3379 qui
3100 3309 3183 3363 via
3229 3309 3464 3377 primum

1875 3409 2083 3465 veniret
2115 3422 2238 3462 eum
2272 3406 2338 3460 ad
2381 3403 2765 3476 adjuvandum,
2805 3411 2860 3456 et
2912 3408 3055 3456 esset
3085 3398 3157 3453 illi
3195 3392 3462 3453 subditus.

1874 3497 2078 3567 Quibus
2101 3511 2164 3552 ex
2201 3496 2413 3550 diverso
2456 3496 2572 3549 sine
2598 3508 2746 3548 mora
2801 3506 2897 3560 per
2934 3489 3207 3547 Caiaziam
3230 3486 3466 3557 .Sicopo-

1877 3586 2075 3659 limque
2119 3585 2552 3649 adventantibus,
2586 3584 2655 3638 ab
2700 3596 2896 3637 occasu
2930 3581 3087 3652 juxta
3123 3580 3309 3633 urbem
3357 3575 3486 3632 οη--

1875 3694 2104 3750 puanam
2144 3677 2502 3740 resederunt;
2547 3675 2853 3730 Guail'erius
2900 3683 3078 3727 autem
3127 3680 3347 3727 econtra
3398 3670 3466 3725 ab

1869 3782 1992 3829 ortu
2015 3772 2147 3827 solis
2160 3770 2469 3831 adveniens.
2490 3767 2747 3829 Berelais.
2772 3768 2873 3821 hoc
2889 3762 3463 3834 cstampbitheatrum,

1869 3864 2227 3938 perapplicuit
2272 3861 2321 3895 “
2363 3867 2382 3882 ‘
2431 3875 2554 3915 cum
2604 3859 2738 3923 suis,
2786 3865 2841 3911 et
2896 3855 3091 3910 vallata
3143 3862 3227 3910 est
3273 3852 3466 3907 civitas

1870 3957 2136 4014 hostibus.
3446 3942 3452 3948 ’

1940 4047 2031 4102 42.
2067 4046 2213 4102 Inter
2247 4043 2362 4098 lucc
2402 4039 2771 4096 Paudonnll‘us
2818 4037 3037 4094 rennuit
3089 4035 3242 4092 subdi
3270 4033 3466 4090 Gaiico

1872 4140 2004 4201 riso,
2049 4138 2189 4192 sicut
2242 4133 2582 4205 promiserat,
2626 4131 2891 4186 renitente
2928 4128 3163 4183 maxime
3209 4125 3467 4181 Laudoue

1874 4228 1983 4285 lilio
2021 4223 2359 4288 Landonolli,
2397 4231 2628 4291 cognato
2665 4221 2905 4276 eiusdem
2936 4217 3216 4293 Gaideris;
3261 4231 3365 4285 qua
3396 4212 3466 4268 de

1872 4335 1933 4375 re
1959 4328 2013 4373 et
2040 4316 2215 4372 dietus
2254 4313 2461 4385 bajolus
2504 4321 2557 4367 et
2604 4311 2742 4365 idem
2784 4308 3037 4365 Gaideris
3076 4305 3292 4361 alienati
3340 4312 3467 4358 sunt

1876 4408 2052 4462 abeo.
2100 4404 2220 4459 Mox
2248 4403 2334 4456 alii
2363 4417 2460 4471 per
2497 4401 2684 4454 urbem
2718 4399 3048 4469 Capuauam,
3094 4393 3332 4450 nonnulli
3363 4392 3466 4447 lin-

171 4487 294 4551 luit,
342 4486 501 4555 cujus
548 4490 843 4560 cupiditate
884 4506 1131 4548 socerum
1182 4510 1336 4550 suum
1388 4498 1636 4567 peremit.
1676 4500 1774 4556 Hic
1799 4529 1852 4588 Β
1881 4498 1979 4552 tris
2019 4496 2064 4530 ”
2094 4494 2311 4549 ﬂuvium
2350 4492 2396 4525 ’⁸
2437 4491 2765 4546 transierunt
2797 4497 3005 4558 partem
3045 4486 3091 4518 '°
3123 4487 3189 4541 ad
3214 4484 3462 4551 alteram,

170 4590 394 4646 quoque
417 4585 699 4647 susceptus
727 4587 813 4635 est
849 4579 920 4635 ab
946 4580 1265 4648 Athanasio,
1293 4586 1544 4658 episcopo
1571 4597 1625 4642 et
1653 4605 1767 4644 ma-

167 4669 347 4750 gistro
376 4669 627 4725 militum.

1878 4587 2151 4647 Guail'eriu
2174 4583 2363 4639 sociati
2413 4589 2576 4646 sunt;
2609 4589 2664 4635 et
2708 4579 3005 4635 recollectis
3043 4577 3384 4652 Lgtndonull'o
3411 4585 3467 4633 et

3061 4638 3097 4652 χι

1880 4676 2129 4736 Atcnoll'o
2156 4672 2410 4729 fratribus
2453 4670 2659 4742 junctis
2696 4670 2764 4736 ³⁷,
2805 4668 3045 4725 volentes
3074 4667 3478 4735 Pandouull’uur

1472 4742 1727 4826 nam
1747 4768 2150 4835 LECTIONES.

248 4876 268 4907 ³
291 4873 658 4955 tri-ampliatur
675 4875 768 4955 5._
807 4884 827 4914 ι
850 4875 1120 4955 Atmanus
1143 4876 1198 4930 5.
1228 4876 1571 4935 Atbmanuus
1596 4882 1648 4937 5.
1728 4885 1748 4918 ³
1770 4896 1929 4941 antea
1949 4879 2274 4955 pocrisarios
2296 4880 2347 4933 l.
2423 4879 2445 4910 ⁸
2469 4877 2686 4955 ldronto
2712 4877 2763 4931 3.
2794 4876 3037 4955 Ydroulo
3064 4880 3117 4933 Ξ).
3196 4878 3217 4909 ⁸
3245 4874 3391 4955 sedis
3413 4860 3471 4943 ο.

167 4952 190 4983 ι
220 4948 297 4998 ita
338 4943 397 4997 ι.
426 4942 482 4997 5.
514 4943 644 5017 inp.

174 5086 435 5163 [γεραιαί
453 5100 473 5149 ;
497 5098 702 5163 Eueni
738 5086 796 5139 h-
830 5100 952 5163 _cl_tm
983 5085 1274 5163 Saracenis
1303 5085 1603 5163 navalibus,
1642 5085 1877 5151 Romam
1915 5095 2099 5163 gravis
2137 5085 2898 5163 cbaiigustabatdepopulatig
2932 5087 2985 5142 5.

173 5157 194 5187 ⁸
224 5155 379 5208 illius
404 5155 457 5211 5.
485 5153 546 5210 .5.

174 5224 219 5255 ¹³
249 5223 403 5294 quod
424 5240 469 5277 ε.

174 5304 287 5346 tum
318 5302 378 5346 et
416 5294 477 5350 de
499 5313 633 5354 novo
669 5294 843 5353 hodie
868 5303 951 5347 est
980 5297 1095 5352 ci...

209 5378 319 5396 o-‘an
354 5364 671 5419 ’ποῖον-την...ιῆ
719 5363 809 5407 Qui
842 5364 1109 5400 “antlia-sla

656 5158 704 5235 '_°
734 5170 796 5235 q.
830 5154 970 5210 idem
1009 5157 1338 5235 ttptl§lpllcus
1383 5154 1660 5235 Neapolim
1708 5154 2110 5235 Salernumque
2149 5181 2202 5235 p.
2250 5154 2337 5235 est
2371 5159 2426 5235 4.
2506 5163 2548 5195 η
2577 5154 2747 5235 papae
2790 5156 2919 5212 0.5.

546 5229 561 5247 ‘
605 5227 862 5283 mictitur
884 5241 931 5276 ε.
1007 5225 1057 5259 ³⁸
1092 5225 1406 5283 Triveusem
1438 5225 1523 5297 cf;
1552 5230 1605 5286 in
1632 5239 1869 5304 margine
1901 5225 2101 5291 codicis
2127 5225 2289 5290 nostri
2320 5229 2544 5299 (Igitur:
2571 5225 2760 5287 civitas
2789 5235 2871 5282 est
2897 5240 2954 5284 et
2993 5240 3222 5301 vocatur
3246 5226 3485 5291 Triven,

546 5313 633 5354 ovo
669 5294 843 5353 hodie
868 5303 951 5347 est
980 5297 1095 5352 ci...
1139 5299 1425 5355 coicatum.
1507 5303 1551 5341 ιι
1576 5303 1764 5359 obsitus
1784 5325 1832 5356 ε,
1934 5303 1977 5334 η
2012 5308 2200 5348 «mmo
2231 5304 2281 5334 ε·-
2429 5318 2493 5324 -νι
2585 5302 2596 5314 ·
3193 5302 3207 5306 '

1411 5340 1425 5354 ο
1507 5323 1551 5341 ’⁵
1576 5323 1764 5363 0115111εὲ
1784 5325 1832 5356 c.

747 4950 768 4981 "
797 4960 985 5014 pacem
1034 4947 1318 5006 habentes.
1368 4964 1488 5003 cum
1542 4960 1818 5013 saraceuis
1856 4945 2159 5011 navalibus.
2206 4964 2413 5004 romam
2501 4990 2513 5001 .
2548 4968 2598 5005 a.
2632 4949 2698 5003 de
2736 4946 2983 5018 opulacio
3024 4963 3092 5006 ε..
3141 4961 3329 5017 pacem
3366 4945 3465 5007 ha-

747 5015 876 5072 snis.
916 5017 1198 5071 navalibus
1241 5017 1464 5072 Romam
1492 5024 1638 5072 πιστινί
1681 5025 2064 5072 anmnslinhunl
2100 4964 2552 5072 denooulaciog.
2576 5020 2659 5072 cui
2687 4965 2790 5072 ἱ)εο
2814 5016 3073 5072 Ostiensis
3099 5017 3140 5071 l.
3171 5033 3220 5072 c.
3254 5016 3326 5071 40
3355 5013 3465 5072 suf-

172 5022 371 5095 t‘ientes
414 5029 535 5068 cum
564 5015 876 5095 Saracenis,
916 5017 1198 5095 navalibus
1229 5017 2064 5095 ‘ltomanvgravi_augustiabant
2100 5019 2449 5095 depopulacio
2468 5015 2528 5073 3.

2760 5013 2790 5072 ὁ
2814 5016 3073 5072 Ostiensis
3099 5013 3156 5071 1.“
3171 5033 3220 5074 c.
3254 5016 3326 5071 40
3355 5013 3473 5086 8ιῷ-

3083 5087 3396 5161 issent“

3034 5157 3079 5189 “
3120 5154 3289 5216 XXV.
3338 5154 3393 5208 5.

2538 5064 2552 5086 ,
2576 5020 2659 5075 cui

1934 5303 1977 5334 ί.
2012 5308 2200 5348 ηιηῖηἶη
2231 5304 2281 5334 :n
2317 5303 2388 5320 ’λ’
