3926 5376
430 382 533 441 767
926 456 929 461 _
1080 416 1094 469 At
1212 465 1218 469 ι
1397 380 1886 441 ERCHEMBERTI
1917 352 2364 443 CASSINENSIS
2403 366 2709 442 u‘oNAeut
3589 378 3691 441 rei

431 496 663 552 subdere
684 490 1001 556 Guail‘erio;
1033 499 1115 546 set
1140 505 1245 546 non
1267 492 1578 563 quiverunt,
1611 506 1677 549 co
1699 493 1841 564 quod
1871 493 2015 548 nole—
2049 500 2095 557 Α
2126 504 2303 552 tamen
2332 495 2450 553 illos
2473 498 2565 567 qui
2621 495 2934 552 residebant
2981 495 3034 552 in
3068 478 3256 562 tet-niis
3277 495 3441 565 juxta
3480 512 3683 553 arenam
3716 480 3723 489 ”

430 587 528 643 bat
580 584 864 641 fratrueles
897 599 1024 639 suos
1064 583 1308 654 recipere
1355 583 1497 639 intra
1546 586 1766 651 urbem;
1821 584 2022 640 idcirco
2121 587 2407 657 pecuniam
2456 588 2706 656 deposuit
2746 597 2802 643 et
2840 585 3077 657 Capuam
3120 586 3365 653 remisit;
3415 586 3524 641 illis
3552 603 3685 651 vero,

430 677 710 735 Guaiferio
750 676 1119 748 respuebatur.
1162 674 1564 745 Cognoscentes
1613 685 1793 732 autem
1835 692 2025 747 supra-
2123 676 2373 732 videlicet
2399 675 2566 732 ﬁliis'
2591 677 2890 742 Landonis.
2931 678 2984 734 in
3026 676 3387 749 amphiteatro
3414 677 3437 710 ⁷
3464 678 3688 732 circnm-

432 768 562 823 dicti
603 769 705 823 viri
748 767 1016 823 versutias
1043 764 1383 832 Pandonolil,
1423 767 1629 822 reversi
1658 776 1783 823 sunt
1805 768 1870 821 ad
1902 782 2027 837 pro—
2126 769 2319 840 septis,
2345 784 2530 838 pacem
2561 768 2748 833 cessit,
2782 769 3055 839 accipiens
3085 771 3153 824 ab
3184 769 3265 824 eis
3295 767 3582 841 Liburiam
3608 769 3691 823 sub

431 861 585 930 pria;
618 859 922 914 Guaiferius
972 869 1153 914 autem
1207 868 1333 914 tunc
1367 860 1623 915 remansit
1659 859 1839 931 Capua
1872 859 2024 914 urbe.
2127 868 2489 916 sacramento.
2520 860 2633 927 Qua
2658 860 2821 917 etiam
2849 861 2966 915 vice
2989 868 3318 917 memoratus
3339 854 3695 916 Pandonulfus

434 949 547 1004 Hac
571 951 768 1020 quippe
796 958 1118 1020 tempestate
1138 965 1277 1023 pene
1307 964 1497 1006 omnes
1527 950 1768 1019 Capuani
1793 950 2028 1005 illustres

433 1048 491 1094 et
530 1053 691 1093 omne
729 1038 922 1110 vulgus
951 1054 1074 1094 cum
1112 1037 1372 1093 uxoribus
1414 1047 1468 1094 et
1496 1038 1680 1094 liberis
1723 1039 2026 1108 omnique}

434 1143 559 1183 cum
594 1127 911 1198 supellectili
942 1128 963 1159 ³
995 1128 1130 1184 urbe
1187 1129 1544 1200 egredientes,
1575 1128 1663 1182 alii
1694 1128 1817 1185 ﬁliis
1839 1128 1861 1160 ³
1891 1128 2033 1183 Lan—

435 1218 624 1283 donis,
674 1218 914 1274 nonnulli
965 1228 1144 1274 autem
1199 1235 1266 1274 ex
1329 1220 1410 1275 eis
1471 1220 1596 1275 filiis
1641 1219 1667 1249 ⁸
1712 1219 2031 1275 Landonulii

436 1310 799 1375 adhazserunt,
833 1310 1083 1382 factaque
1113 1319 1199 1365 est.
1237 1311 1378 1366 inter
1405 1327 1500 1366 eos
1540 1310 1711 1365 valida
1753 1319 2033 1367 concerta-

2129 953 2304 1008 denuo
2348 968 2511 1024 super
2551 948 2798 1009 Pilanum
2838 962 3075 1021 castrum
3103 953 3131 994 ιι
3168 970 3289 1010 cum
3342 952 3695 1022 Neapolitibus

2069 1100 2073 1104 ,
2131 1044 2426 1114 improvise
2470 1044 2705 1108 irruens,
2734 1043 2924 1101 fraude
2954 1046 3117 1114 cepit,
3152 1046 3219 1101 ab
3246 1046 3329 1101 eis
3355 1044 3457 1116 qui
3484 1044 3695 1099 interius

2132 1133 2486 1202 morabantur
2514 1134 2803 1199 traditum;
2831 1134 2919 1188 tibi
2951 1143 3002 1189 et
3033 1150 3131 1205 ego
3156 1145 3347 1205 captus
3374 1149 3500 1189 sum
3527 1142 3581 1186 et
3602 1148 3698 1186 om-

2133 1223 2293 1279 nibus
2320 1224 2477 1280 bonis
2507 1240 2537 1278 a
2567 1224 2798 1295 pueritia
2841 1224 3125 1295 acquisitis
3146 1225 3167 1256 ⁸
3196 1234 3420 1280 exutus.
3465 1223 3585 1292 ipse
3626 1236 3701 1292 pe-

2134 1315 2314 1370 dester
2341 1322 2467 1370 ante
2494 1329 2754 1384 equorum
2778 1314 2953 1386 capita
2983 1328 3152 1384 usque
3182 1314 3248 1369 ad
3289 1315 3485 1383 urbem
3514 1311 3701 1381 Capua-

437 1401 515 1456 tio
544 1409 597 1456 et
643 1401 877 1471 pessima
907 1402 1190 1458 desolatio.
1223 1401 1356 1456 Nam
1405 1400 1716 1457 Guaiferius
1763 1403 2034 1459 hostiliter

430 1496 587 1566 juxta
609 1512 820 1551 murum
859 1494 1010 1552 urbis
1048 1496 1315 1561 residens,
1361 1494 1643 1551 obsidebat
1671 1509 1790 1550 eam
1823 1510 1836 1559 ;
1892 1494 2032 1549 ultra

438 1588 657 1644 fluvium
700 1602 830 1643 vero
855 1604 977 1643 cum
1019 1587 1246 1642 Francis
1273 1586 1548 1642 Laniherti
1579 1585 1793 1641 comitis
1825 1585 2064 1643 Lando-'

441 1694 565 1736 Item
593 1678 892 1734 constituit-
2140 1694 2237 1750 per
2269 1679 2491 1736 Calvum
2523 1680 2797 1752 profectus
2826 1689 2929 1746 est,
2961 1680 3193 1750 Stipatus
3224 1677 3446 1749 agmine
3473 1674 3703 1745 Neapoli-

511 1770 597 1826 45.
646 1771 767 1827 Alio
807 1786 1021 1843 quoque
1059 1787 1203 1826 anno
1229 1770 1377 1843 (880)
1400 1771 1787 1842 superveniens
1816 1769 1928 1841 jam
1959 1768 2040 1824 fa-
2143 1783 2278 1838 tum,
2310 1772 2490 1841 ibique
2516 1773 2870 1828 munitionem
2892 1781 3151 1827 extructis
3174 1769 3487 1834 residebat;
3515 1760 3704 1823 sedlilii

442 1870 531 1916 tus
575 1861 885 1917 Gnaiferius
941 1862 1190 1933 princeps
1236 1879 1358 1917 cum
1404 1862 1747 1919 Ameliitauis
1796 1870 2037 1933 tempore
2066 1864 2112 1925 B
2144 1860 2455 1919 Landonoiﬁ
2482 1878 2606 1916 cum
2637 1862 2750 1923 suis
2775 1861 3009 1916 viriliter
3030 1852 3109 1918 eis
3164 1846 3517 1922 resistentes,
3548 1848 3705 1912 subito

442 1956 749 2019 messionis,
793 1964 848 2011 et
891 1956 1101 2012 obsedit
1141 1956 1341 2013 dictam
1370 1956 1393 1987 ⁸
1433 1956 1623 2012 urbem
1662 1955 1931 2024 undique;
1962 1953 2040 2009 fa-
2140 1954 2265 2009 inde
2304 1954 2552 2019 recessit,
2581 1970 2610 2008 a
2640 1954 2764 2010 liliis
2815 1953 3089 2009 Landonis
3119 1950 3452 2024 jampridem
3498 1947 3663 2002 ablata
3686 1946 3733 1980 ⁹”

443 2058 637 2118 ctaquc
684 2063 813 2117 pace
859 2048 1000 2103 inter
1045 2063 1103 2103 se
1150 2046 1348 2103 fratres
1405 2047 1509 2103 sub
1552 2056 1918 2112 sacramento,
1964 2046 2039 2101 ita
2142 2047 2364 2115 Suessa,
2406 2056 2751 2104 sacramento
2798 2048 2881 2101 eis
2928 2047 3059 2101 olim
3118 2044 3335 2115 largita.
3384 2040 3495 2097 Sed
3552 2050 3610 2094 ut
3651 2037 3706 2092 ad

446 2138 727 2192 dumtaxat
756 2146 813 2191 ut
857 2148 1048 2195 neuter
1083 2153 1270 2194 eorum
1314 2138 1555 2194 triticum
1602 2139 1668 2194 de
1712 2138 1859 2210 agris
1889 2139 2040 2209 prius
2139 2140 2323 2211 priora
2354 2155 2497 2195 nunc
2528 2139 2799 2196 calamum
2826 2124 3058 2201 vertam,
3092 2134 3471 2206 apprehensus
3502 2130 3706 2186 Atenol-

452 2228 788 2300 recoiligeret
812 2229 863 2285 in
895 2230 1118 2286 urbibus
1158 2231 1293 2297 suis,
1330 2247 1490 2301 quam
1522 2231 1591 2287 ab
1617 2231 1911 2302 apostolica
1945 2247 2064 2310 au-g
2141 2231 2229 2287 fus
2259 2247 2288 2285 a
2317 2230 2600 2302 suprafato
2622 2229 2765 2293 viro,
2795 2228 2983 2284 Laudo
3012 2241 3306 2299 germanus
3341 2223 3469 2293 ejus
3487 2235 3591 2275 non
3634 2235 3705 2276 se-

450 2318 665 2375 toritate
701 2319 988 2375 anathema
1037 2321 1343 2376 mitteretur
1381 2335 1546 2391 super
1573 2337 1701 2386 eos;
1734 2330 1794 2374 ut
1838 2321 2043 2389 ingres—
2140 2323 2320 2395 gniter
2365 2325 2496 2394 egit,
2539 2336 2666 2377 nam
2710 2335 2834 2375 mox
2878 2319 3140 2377 Calvense
3187 2323 3460 2379 castrum,
3511 2320 3706 2382 propter

451 2409 537 2485 sis
552 2409 751 2467 dictam
782 2410 836 2465 in
865 2410 1079 2476 urbem,
1111 2410 1286 2467 nullus
1308 2427 1498 2467 eorum
1528 2426 1691 2483 super
1714 2411 1850 2466 alios
1876 2411 2043 2485 aude-
2145 2414 2290 2485 quod
2317 2422 2510 2485 captus
2533 2421 2616 2469 est
2638 2410 2779 2468 idem
2802 2407 3109 2475 Atenuifus,
3134 2422 3256 2462 cum
3276 2403 3407 2473 suis
3430 2402 3592 2472 coepit
3622 2400 3709 2455 ha-

451 2484 538 2555 ret
581 2500 880 2570 insurgere.
933 2501 1211 2559 Guaiferio
1264 2503 1431 2574 igitur
1486 2517 1704 2560 reverso
1750 2502 1818 2558 ad
1870 2484 2043 2558 solum
2149 2484 2397 2564 diﬁcare,
2424 2506 2560 2563 Pars
2587 2514 2769 2561 autem
2801 2501 3063 2558 nobilium
3102 2509 3293 2570 parata
3333 2503 3458 2551 erat
3495 2494 3561 2549 ad
3587 2505 3711 2562 prte-

448 2593 890 2663 proprium,ilico
917 2592 1288 2650 Pandonulfus
1310 2605 1651 2651 sacramento
1671 2595 1892 2659 oblitus,
1917 2608 2041 2665 per.
2118 2621 2125 2628 ~
2150 2598 2306 2664 lium,
2343 2607 2399 2654 et
2430 2612 2559 2669 pars
2586 2595 2730 2665 vulgi
2760 2593 2917 2648 vallis
2944 2601 2998 2648 et
3027 2590 3328 2662 parietibus
3357 2586 3705 2659 construebat,

445 2686 603 2756 jurns
644 2686 871 2742 effectus
900 2696 1011 2753 est;
1053 2685 1181 2744 nam
1216 2687 1442 2743 Romam
1475 2697 1535 2743 ut
1564 2689 1925 2760 spoponderat
1948 2685 2048 2740 mi-
2148 2691 2334 2760 sicque
2361 2697 2710 2746 consumatus
2761 2694 2866 2741 est.
2902 2683 3032 2738 Post
3073 2681 3360 2737 biennium
3390 2677 3560 2731 ferme
3602 2675 3705 2743 igne

2135 1420 2261 1460 nam
2312 1405 2434 1461 exui
2488 1414 2709 1461 evectus
2750 1421 2891 1471 sum,
2945 1404 3155 1461 decimo
3202 1403 3322 1459 Kal.
3378 1399 3701 1473 Septembris

2137 1510 2280 1549 anno
2303 1495 2514 1551 Domini
2536 1495 2661 1553 88L

2209 1584 2298 1640 45.
2330 1584 2700 1642 Pandonnii'us
2720 1594 2900 1642 autem
2925 1564 3207 1642 confestim
3233 1581 3606 1640 exercitaliter
3626 1596 3702 1636 sn-

456 2775 603 2831 nime
649 2777 844 2833 missos
894 2777 1204 2843 destinavit,
1267 2786 1322 2834 et
1372 2786 1561 2833 contra
1611 2778 1846 2831 animam
1894 2789 2045 2830 suam

456 2885 643 2939 agens,
686 2870 926 2925 triticum
971 2884 1132 2924 omne
1160 2870 1397 2937 recepit;
1422 2884 1582 2939 quem
1607 2868 1792 2923 statim
1824 2867 1954 2921 ultio
1976 2865 2051 2921 di-

458 2961 581 3014 vina
609 2961 895 3014 subsecuta
921 2968 1041 3025 est;
1069 2975 1193 3014 nam
1233 2960 1451 3015 coalitus
1495 2958 1638 3031 ignis
1668 2957 1942 3013 immissus
1967 2964 2054 3012 est

459 3058 515 3105 et
543 3065 680 3119 pene
712 3050 945 3104 mediam
978 3049 1001 3082 ⁸
1044 3050 1289 3106 funditus
1317 3050 1655 3122 consumpsit
1690 3059 2047 3104 memoratam

461 3141 753 3198 civitatem.

2150 2791 2564 2856 consumptum,
2608 2778 2676 2835 ab
2726 2775 2918 2833 eodem
2966 2773 3227 2828 Landone
3276 2777 3587 2839 reparatum
3634 2772 3715 2856 est;

2154 2854 2509 2928 memoratum
2543 2878 2811 2931 castrum,
2835 2881 2942 2937 quo
2964 2865 3152 2920 abiens
3181 2876 3305 2917 cum
3329 2857 3597 2915 universis
3615 2854 3710 2910 suis

2152 2974 2207 3022 et
2234 2965 2376 3021 casis
2411 2963 2553 3019 dalis
2593 2978 2690 3034 per
2718 2960 2961 3031 singulos
2989 2957 3241 3013 concives
3269 2954 3455 3027 oppidi
3482 2953 3546 3007 de
3572 2948 3711 3004 mini-

2152 3055 2322 3111 sterio
2369 3068 2488 3119 suo,
2533 3061 2589 3109 et
2635 3050 2780 3107 vasis
2808 3047 3054 3111 vinariis,
3079 3044 3405 3102 victualium
3437 3052 3642 3112 quoque
3665 3048 3719 3090 et

2155 3147 2365 3211 vinum,
2394 3144 2543 3201 omni
2588 3141 2872 3213 vigilantia
2905 3138 3180 3214 desudans
3208 3133 3277 3189 ad
3308 3133 3599 3205 pristinum
3623 3137 3715 3183 sta-

534 3256 622 3309 44.
653 3252 756 3310 Per
777 3256 917 3312 idem
947 3265 1159 3326 tempus
1203 3257 1419 3312 Athana
1440 3256 1553 3310 sius
1575 3255 1773 3326 praesul
1800 3253 2051 3325 Neapolis

2161 3244 2270 3291 tum
2300 3236 2503 3291 dictum
2532 3232 2791 3304 oppidum
2822 3230 3015 3284 erexit.

464 3349 728 3420 magister
749 3349 978 3403 militum
1002 3357 1262 3418 praeerat;
1288 3348 1402 3418 qui.
1430 3357 1490 3403 ut
1515 3348 1898 3418 przemisimus,
1920 3361 2054 3401 exu-

464 3440 577 3495 iato
607 3441 774 3496 fratre
797 3441 1016 3512 proprio
1045 3455 1166 3496 cuni
1196 3438 1489 3496 Saracenis
1521 3454 1711 3510 pacem
1755 3437 1950 3502 iniens,
1993 3451 2057 3491 ac

464 3532 700 3601 primum
725 3531 863 3587 infra
886 3540 1103 3602 portum
1122 3546 1430 3603 aequoreum
1461 3540 1517 3609 et
1541 3530 1692 3585 urbis
1713 3545 1923 3583 murum
1948 3527 2059 3583 col-

469 3622 660 3678 locans
690 3664 707 3691 ,
756 3638 974 3679 omnem
1028 3633 1229 3679 terram
1292 3622 1731 3677 Beneventanam
1787 3618 2055 3688 simulque

470 3712 767 3768 Romanam
797 3730 1004 3770 necnon
1032 3724 1088 3770 et
1107 3724 1316 3785 partem
1333 3713 1557 3784 Spoletii
1580 3713 2057 3774 dirrurutes,cnu-

471 3814 557 3860 cta
579 3806 905 3861 monasteria
920 3814 975 3862 et
997 3805 1257 3861 ecclesias
1270 3820 1568 3876 omnesque
1591 3803 1753 3859 urbes
1772 3814 1824 3857 et
1838 3802 2057 3877 oppida,

472 3900 642 3964 vicos,
681 3908 889 3954 montes
924 3908 979 3954 et
1017 3898 1183 3954 colles
1217 3898 1529 3966 insulasque
1568 3895 1972 3967 da-pnedarunt.
2011 3894 2055 3948 Δ

482 3988 680 4058 quibus
705 3990 868 4043 etiam
899 3988 1230 4043 sanctissimi
1273 3986 1548 4043 Benedicti
1579 3986 1826 4041 coenobia
1864 3985 2061 4039 decen-

475 4079 712 4142 tissima,
761 4086 872 4133 toto
910 4078 1042 4133 orbe
1093 4076 1430 4141 veneranda,
1474 4084 1527 4131 et
1575 4076 1750 4130 sancti
1788 4073 2059 4130 Vincentii

466 4168 714 4223 martia-is
770 4168 1154 4223 monasterium
1213 4168 1335 4237 igne
1379 4175 1573 4225 exusta
1614 4175 1779 4228 sunt,
1843 4163 2057 4233 aliaque

471 4257 913 4333 innumerabilia,
965 4266 1190 4329 excepta
1254 4256 1534 4321 Suessula,
1582 4271 1745 4326 quam
1792 4246 2063 4310 veraciter

472 4345 900 4403 Christianorum
928 4347 1114 4401 fraude
1136 4346 1519 4403 miserabiliter
1536 4344 1761 4403 suﬂ'ossa
1790 4355 1893 4400 est.
1926 4343 2064 4399 Huic

474 4438 641 4511 igitur
668 4439 906 4493 sociatus
956 4447 1040 4495 est
1093 4436 1483 4500 Pandonulfus,
1526 4437 1680 4506 cujus
1710 4435 2064 4492 amminiculo

460 4528 667 4605 fretus,
715 4530 896 4583 acrius
945 4530 1112 4600 coepit
1152 4529 1406 4600 persequi
1457 4527 1748 4583 fratrueles
1789 4542 1944 4593 suos;
1997 4541 2060 4582 ac

467 4621 654 4698 primo
685 4631 928 4691 tempore
957 4621 1178 4677 labores
1209 4636 1401 4676 eorum
1432 4621 1558 4676 hinc
1588 4631 1645 4676 et
1676 4619 1801 4675 inde
1837 4628 2060 4675 vastans

475 4712 718 4776 abstulit,
747 4721 912 4781 atque
949 4728 1073 4767 cum
1103 4711 1499 4782 Neapolitibus,
1554 4711 1834 4766 Caictanis
1861 4727 1927 4767 ac
1962 4710 2054 4765 Sa-

476 4803 689 4857 racenis
730 4803 934 4867 unitus,
962 4803 1124 4857 biduo
1154 4818 1319 4873 super
1339 4814 1582 4859 castrum
1609 4801 1823 4858 Pilense
1850 4803 2063 4857 irruens

476 4894 824 4964 expugnavit;
842 4894 1113 4964 nirhilque
1135 4895 1448 4966 proﬁciens,
1467 4897 1644 4950 inanis
1674 4895 1953 4951 abscessit.
1967 4895 2062 4951 Se-

478 4987 664 5054 quenti
691 5001 821 5064 vero
837 5002 981 5040 anno
1006 4987 1154 5058 (881)
1185 4987 1514 5058 generaliter
1531 4987 1825 5045 motionem
1858 4985 2064 5043 faciens

479 5091 603 5120 Νηπ
644 5080 778 5128 θοαῖς-
816 5077 1206 5132 Nmnnlitibus.
1248 5087 1303 5128 et
1326 5078 1617 5128 Saracenis

1678 5094 1843 5112 DIll‘ﬂl‘
1885 5079 1963 5110 nl‘
1979 5094 1993 5098 ’
2014 5094 2019 5095 ⁷

2228 3326 2316 3381 46.
2351 3324 2411 3380 Ει
2440 3325 2543 3382 hoc
2573 3323 2627 3377 in
2653 3318 2920 3393 superiori
2962 3323 3115 3388 parte
3144 3328 3253 3370 non
3287 3320 3377 3368 est
3396 3309 3714 3381 'praatereun-

2157 3420 2284 3473 dum
2322 3424 2634 3479 annectere,
2667 3412 2809 3483 quod
2855 3411 2908 3465 in
2937 3405 3208 3480 principio
3240 3403 3397 3467 rixas,
3447 3414 3569 3456 cum
3597 3396 3723 3450 idem

2158 3506 2531 3565 Pandonulfus
2580 3502 2874 3560 fratrueles
2903 3514 3031 3555 suos
3061 3495 3501 3570 persequebatur
3534 3483 3721 3545 bestisli

2158 3597 2309 3655 efferi
2316 3607 2449 3661 tate,
2464 3593 2789 3651 Landulfum
2804 3592 3035 3647 electum
3051 3588 3218 3643 lilium
3236 3583 3537 3674 Landonis,
3552 3582 3615 3635 de
3631 3590 3717 3674 quo

2161 3705 2323 3761 supra
2353 3688 2681 3743 mentionem
2700 3682 2928 3739 fecimus
2951 3680 3089 3752 (cap.
3112 3676 3228 3746 40),
3249 3674 3336 3730 cui
3363 3672 3549 3728 sedem
3573 3672 3717 3723 sancti

2162 3783 2418 3854 Stephani
2437 3778 2798 3852 episcopalem
2815 3776 2931 3847 ipse
2946 3774 3045 3829 sub
3056 3767 3416 3842 jurejurando
3431 3763 3721 3854 tradiderat,

2163 3893 2195 3932 a
2225 3852 2462 3931 claustro
2497 3872 2539 3904 ’θ
2561 3869 2824 3942 episcopii
2849 3865 3124 3937 expellens
3149 3872 3205 3917 et
3231 3858 3428 3916 humili
3455 3856 3574 3911 loco
3593 3855 3653 3916 ι’,
3678 3852 3721 3904 iu

2163 3967 2355 4023 cellula
2382 3964 2594 4021 scilicet
2624 3962 3076 4038 ministeriorum,
3113 3956 3313 4027 degere
3357 3948 3659 4038 constituit,
3679 3953 3721 3999 et

2164 4060 2266 4116 sibi
2299 4059 2353 4113 in
2393 4056 2569 4114 zetula
2601 4066 2623 4093 ε
2662 4036 2953 4124 episcopali
2987 4047 3327 4105 mansionem
3354 4036 3601 4098 exhiberi
3632 4038 3725 4107 ius.

2164 4153 2272 4219 sit;
2304 4151 2445 4222 quod
2488 4160 2545 4205 et
2574 4148 2777 4204 factum
2824 4154 2928 4202 est.
2977 4142 3089 4211 Hoc
3128 4151 3362 4194 cernens
3407 4134 3552 4189 fatus
3582 4132 3623 4163 υ
3649 4128 3723 4184 Dei

2166 4248 2390 4312 electus,
2436 4255 2687 4301 metuens
2732 4241 2863 4298 dicti
2894 4239 2993 4294 viri
3036 4233 3342 4296 versucias,
3385 4243 3637 4301 egressus
3672 4239 3724 4279 ex

2166 4340 2323 4404 urbe,
2354 4335 2718 4409 episcopalem
2760 4333 2828 4388 ad
2869 4330 3051 4387 sedem
3082 4325 3362 4398 propriam
3396 4320 3543 4377 beati
3572 4324 3726 4409 proto-

2167 4408 2410 4489 martiris
2436 4429 2768 4502 properavit,
2795 4442 2903 4496 quo
2950 4424 3124 4494 possit
3163 4422 3409 4490 quietam
3448 4418 3643 4472 ducere
3664 4408 3726 4463 vi-

2171 4537 2300 4581 tam.
2338 4523 2573 4584 Interea.
2596 4520 2884 4576 occasione
2917 4524 3152 4587 reperta,
3197 4507 3596 4567 Landonull’um
3628 4516 3727 4577 ger-

2164 4633 2384 4674 manum
2434 4631 2590 4672 suum
2646 4611 2993 4680 conjugatum
3065 4605 3323 4661 clericum
3371 4600 3505 4655 fecit
3535 4597 3586 4661 ἀ,
3625 4595 3727 4649 mit-

2167 4722 2394 4779 tensque
2437 4707 2664 4763 Romam
2706 4700 2938 4759 Johanni
2965 4714 3136 4770 papae,
3171 4695 3490 4766 episcopum
3518 4688 3629 4743 fieri
3649 4701 3727 4740 ex-

2168 4801 2375 4871 poscit;
2403 4798 2457 4853 in
2487 4812 2596 4868 quo
2625 4804 2680 4850 et
2707 4792 3000 4850 exauditus
3029 4797 3131 4845 est.

2240 4890 2331 4945 47.
2372 4888 2484 4944 Hac
2513 4903 2612 4959 pro
2633 4885 2841 4941 insania
2864 4892 2918 4943 et
2944 4883 3179 4936 fraterna
3202 4878 3462 4953 civilique
3480 4881 3732 4959 expugna-

2176 4981 2321 5037 tione
2367 4958 2580 5036 enixius
2636 4975 2885 5046 ﬂagitati,
2924 4974 3116 5028 Bertar
3145 4967 3539 5037 sagacissimus
3585 4958 3736 5013 abbas

2208 5073 2484 5096 ίί-υηκεε
2523 5067 2818 5122 --ηινοιιίριί
2848 5060 3177 5122 sanctissimi
3213 5055 3517 5119 Benedicti,
3557 5062 3610 5107 et
3638 5048 3729 5103 Leo

3139 5153 3181 5162 “
3216 5154 3231 5164 '
3326 5169 3333 5171 >
3364 5146 3583 5200 «extraxi
3600 5145 3726 5199 sunt,
