3926 5524
172 428 282 484 πρ

1326 426 1646 487 HISTORIA
1687 425 2324 487 LANGOBARDOBUM.

3349 418 3452 484 πο

150 544 542 616 adieruntque
584 542 785 600 dictum
839 542 1145 614 pontitlcem
1173 584 1188 609 ,
1238 543 1591 600 obsecrantes
1633 558 1758 597 eum
1789 546 1837 607 Α
1865 557 1969 597 non
1998 540 2174 596 ferens
2205 536 2551 602 Athanasius,
2579 535 2889 607 relinquens
2907 550 3055 605 eum,
3086 535 3210 593 filiis
3237 535 3453 593 Laudo-

169 633 523 704 suppliciter,
554 645 615 690 ut
643 643 750 689 tam
773 650 937 706 grave
959 635 1234 705 piaculum
1264 650 1368 689 non
1393 643 1598 706 ageret,
1625 635 1765 688 unde

140 725 334 779 ruina
368 734 531 780 terrae
555 736 607 780 et
638 726 922 799 sanguinis
951 725 1145 783 eﬂ'usio
1176 727 1366 799 procul
1396 727 1559 782 dubio
1593 726 1764 780 licrct.

167 815 272 872 Cui
313 817 487 871 etiam
515 817 705 890 ,dictus
732 818 900 873 abbas
928 833 1185 889 expresse
1230 816 1417 887 inquid
1452 833 1463 869 :
1495 814 1647 870 Certe
1676 816 1692 846 ¹
1721 815 1775 890 si.

169 908 270 963 Im
309 906 608 962 exercuerit
639 908 660 938 ¹
693 916 785 961 tua
825 894 1075 977 potestas,
1114 906 1271 963 talem
1309 908 1479 977 ignem
1515 906 1641 959 illuc
1675 922 1768 959 aco

171 999 353 1053 tendis
382 1001 452 1052 ad
505 1010 555 1053 te
597 1015 758 1070 usque
779 1000 1171 1070 pertingentem.
1218 999 1530 1055 Prtevalens
1580 1008 1767 1052 tamen

168 1088 431 1143 voluntas
457 1088 753 1160 pontificis,
777 1087 1180 1153 Landonulfum
1206 1089 1523 1161 episcopum
1547 1088 1771 1143 ordina-

170 1177 271 1232 vit.
289 1175 429 1254 ⁸ιῐυί),
447 1179 570 1233 ideo
612 1180 813 1235 factum
844 1189 947 1246 est,
979 1179 1106 1251 quia
1136 1178 1506 1237 Pandonulfus
1532 1180 1683 1249 prius
1703 1193 1769 1257 se

172 1269 498 1322 subdiderat
522 1268 667 1323 dicto
686 1284 857 1339 papas,
906 1270 958 1324 in
998 1267 1154 1338 cujus
1191 1270 1477 1324 vocamine
1517 1280 1575 1323 et
1609 1276 1770 1323 curtae

164 1368 417 1413 exarata:
454 1367 511 1412 et
550 1358 754 1413 nummi
798 1356 1009 1428 figurati
1055 1366 1202 1412 sunt.
1230 1355 1390 1412 Juxta
1420 1357 1768 1428 pnesciencia

168 1446 311 1501 dicti
346 1446 567 1502 abbatis
596 1445 719 1501 talis
743 1444 927 1517 itaque
959 1448 1100 1517 ignis
1122 1431 1347 1504 exortus
1384 1454 1576 1512 est,‘ut
1605 1448 1627 1479 ⁸
1653 1463 1771 1503 om-

173 1536 264 1592 nis
295 1534 682 1592 Beneventana
710 1535 865 1592 tellus
889 1546 945 1593 et
970 1537 1087 1609 ipsa
1122 1537 1367 1594 Romana
1411 1556 1442 1593 a
1481 1538 1771 1594 Saracenis

176 1626 427 1682 funditus
450 1625 772 1697 depopulata
797 1626 887 1682 sit.
922 1626 1039 1694 Qua
1067 1643 1167 1698 pro
1201 1643 1364 1683 causa
1412 1628 1589 1694 dictus
1631 1643 1769 1699 papa

173 1721 263 1775 bis
290 1711 443 1775 venit
471 1715 733 1789 Capuam.
782 1718 861 1774 Ac
890 1720 1068 1790 primo
1106 1720 1235 1774 dum
1275 1717 1564 1774 resedisset
1601 1717 1759 1789 juxta

175 1814 375 1869 urbem
417 1812 614 1869 inloco
642 1813 734 1883 qui
764 1811 1109 1871 Antenianus
1152 1813 1371 1879 dicitur,
1411 1830 1603 1871 omnes
1630 1813 1772 1869 Latt-

1869 632 1995 688 nolii
2034 642 2088 688 et
2129 627 2402 687 Landonis
2443 630 2728 702 copulatus
2757 638 2842 686 est
2869 630 2922 685 in
2954 632 3288 687 societatem.
3334 631 3450 687 lliis

1868 727 2057 782 diebus
2098 727 2236 781 idem
2264 725 2460 796 przcsul
2489 725 2672 781 missis
2715 724 2760 756 ³⁸
2793 712 3142 795 apocrisariis
3188 724 3450 789 Siciliam,

1870 814 2159 872 Saracenis
2180 815 2249 870 ad
2280 815 2517 870 radicem
2558 813 2758 869 montis
2778 811 2995 869 Vesuvii
3021 815 3069 846 ¹⁵
3092 814 3453 871 residentibus

1870 906 2235 979 Sucliaymum
2290 922 2471 978 regem
2520 905 2565 937 “
2613 896 2895 975 exposcit,
2954 904 3165 975 illisque
3223 906 3451 961 veniens

1870 993 2127 1066 praefecit.
2163 992 2269 1049 Sed
2292 994 2442 1065 justo
2471 993 2562 1048 Dei
2581 991 2787 1061 judicio
2814 993 2991 1063 primo
3013 994 3254 1048 onmium
3284 1009 3450 1064 super

1846 1102 1993 1167 cum
2038 1087 2350 1156 insurgens,
2387 1084 2553 1155 cmpit
2583 1082 2862 1155 Neapolim
2916 1084 3153 1155 graviter
3182 1083 3451 1163 aflligere,

1870 1189 1927 1236 et
1967 1181 2229 1235 devorare
2260 1180 2300 1210 ¹⁷
2326 1179 2503 1233 omnia
2547 1179 2807 1243 exterius,
2839 1193 2904 1233 ac
2947 1177 3175 1249 puellas,
3201 1190 3374 1250 equos
3400 1185 3459 1232 et

1869 1288 2021 1327 arma
2055 1271 2097 1304 ³⁸
2129 1272 2179 1326 vi
2206 1280 2478 1342 expetere.
2507 1269 2619 1325 ilac
2656 1270 2868 1325 turbine
2893 1279 3136 1335 exactus,
3158 1277 3214 1323 et
3244 1278 3305 1327 ut
3330 1284 3459 1342 apo-

1870 1363 2121 1418 stolicum
2174 1362 2487 1425 anathema,
2536 1374 2644 1431 quo
2688 1368 2806 1415 erat
2858 1359 3166 1423 innodatus,
3219 1374 3248 1413 a
3299 1374 3359 1415 se
3399 1367 3461 1414 ct

1872 1455 2005 1509 urbe
2041 1469 2138 1509 sua
2168 1452 2486 1524 expelleret,
2509 1450 2881 1506 Guaimarium
2906 1449 3204 1520 principem
3242 1465 3460 1505 otnnes-

1871 1544 2289 1616 qumCapuanos
2318 1560 2385 1599 ex
2416 1543 2639 1597 urbibus
2665 1551 2720 1597 et
2740 1541 2951 1623 oppidis
2977 1552 3312 1611 cunctosque
3342 1557 3460 1598 ma-

1844 1668 1848 1672 Α
1874 1638 2085 1693 ritimos
2104 1652 2260 1692 suum
2300 1637 2352 1691 in
2380 1633 2707 1703 adjutorium
2735 1633 3043 1701 advocavit,
3071 1642 3127 1688 et
3152 1632 3459 1688 Saracenos

1872 1729 1940 1784 ab
1987 1728 2176 1785 eodem
2234 1727 2350 1781 loco
2402 1726 2452 1779 vi
2505 1723 2732 1796 pepulit.
2783 1721 2861 1776 Illi
2924 1730 3104 1777 autem
3157 1722 3456 1785 abeuntes,

1844 1820 2184 1894 'Agropolim
2237 1820 2280 1853 ¹⁶
2332 1827 2511 1871 castra
2561 1815 2746 1871 metati
2799 1822 2945 1869 sunt.
3014 1798 3128 1869 Hoc
3163 1813 3306 1869 facto
3351 1828 3459 1871 non

175 1903 408 1973 gobardi
438 1902 705 1957 hostiliter
746 1902 895 1957 illum
936 1905 1169 1969 adeunt;
1215 1891 1341 1958 nam
1366 1922 1434 1959 ex
1468 1922 1574 1959 una
1614 1914 1769 1978 parte

1876 1891 2046 1969 multo
2072 1910 2191 1983 post
2239 1911 2529 1981 praedictus
2560 1906 2754 1979 pracsul
2796 1922 2899 1960 una
2936 1920 3059 1961 cum
3092 1905 3214 1960 filiis
3243 1905 3457 1959 Laudo-

175 1998 512 2069 Atbanasius
560 1999 846 2071 episcopus
885 2013 1007 2053 cum
1038 1996 1383 2053 Pandonulfo
1426 1998 1672 2061 aderant,
1701 2013 1770 2052 ex

172 2093 285 2148 alia
318 2109 452 2148 vero
468 2103 620 2165 parte
656 2095 936 2163 utriusque
972 2092 1255 2148 fratrueles
1276 2091 1299 2124 ⁸
1321 2108 1443 2147 cum
1465 2091 1773 2147 Gaiderisio

166 2193 233 2239 et
269 2184 590 2241 Guaitnario
619 2187 640 2219 ⁸
661 2186 1000 2256 principibus
1030 2185 1359 2241 habentibus
1399 2184 1605 2240 Gnecis
1625 2184 1645 2216 ‘
1671 2185 1770 2239 ad-

172 2285 469 2343 venerant,
498 2285 554 2331 et
589 2277 809 2343 cotidie,
856 2284 1121 2347 prasente
1161 2292 1318 2346 papa,
1346 2284 1585 2345 uinaque
1626 2273 1772 2330 acies

170 2369 234 2424 in
264 2369 547 2439 procinctu
591 2369 960 2440 prosiliebant.
989 2369 1104 2437 Qua
1129 2370 1424 2426 honoratus
1448 2370 1769 2436 intentione,

168 2457 619 2514 Laudonulfum'
661 2501 674 2513 .
694 2499 738 2513 ..
766 2461 974 2531 pridem
1009 2460 1239 2516 electmn
1268 2460 1609 2517 consecravit
1632 2462 1769 2531 repi-

171 2565 406 2621 scopum
438 2551 493 2605 in
516 2549 746 2606 ecclesia
774 2551 918 2606 beati
954 2551 1101 2607 Petri
1131 2552 1771 2624 Capuam,cuuctumqne

178 2639 555 2710 episcopatum
584 2640 728 2695 inter
758 2641 949 2699 ambos
981 2657 1136 2714 aequa
1168 2642 1408 2697 sartione
1434 2640 1599 2698 dividi
1634 2656 1772 2711 pne-

180 2730 359 2801 ccpit;
403 2730 633 2787 ecclesia
685 2745 819 2787 vero
854 2733 907 2787 in
958 2748 1064 2803 qua
1108 2735 1451 2790 consecratio
1499 2735 1769 2791 celebrata

174 2831 285 2885 est,
310 2822 472 2892 paulo
499 2831 623 2892 post
652 2838 686 2880 a
729 2824 1041 2891 Saracenis,
1077 2843 1107 2880 a
1134 2824 1472 2882 Pandonulfo
1494 2826 1774 2882 advocatis

173 2925 238 2969 et
265 2917 334 2971 ab
355 2916 656 2973 Athanasio
684 2917 886 2985 missis,
912 2919 1034 2990 igne
1064 2918 1240 2974 media
1271 2927 1464 2975 exusta
1491 2929 1594 2975 est.

256 3040 342 3099 48.
372 3045 531 3101 Circa
560 3047 678 3102 haec
704 3057 942 3118 tempora
968 3046 1279 3104 Guaiferius
1310 3048 1562 3120 princeps
1587 3064 1774 3105 mona-

177 3136 321 3189 chus
362 3134 594 3191 effectus
638 3144 759 3200 est;
807 3136 1029 3208 langore
1081 3137 1372 3208 depressus
1416 3139 1588 3209 gravi,
1628 3139 1770 3194 diem

176 3226 380 3281 clausit
408 3237 736 3283 extremum.
764 3227 832 3283 Et
872 3230 1002 3299 quia
1029 3228 1102 3285 ob
1132 3229 1442 3286 incursione
1486 3229 1774 3286 Hismaeli-

184 3328 363 3371 tarum
407 3332 608 3388 corpus
640 3310 784 3373 illius
828 3319 896 3372 ad
934 3320 1241 3375 ccenobium
1285 3318 1562 3375 Benedicti
1604 3319 1775 3390 patris

176 3405 316 3461 ferri
349 3422 455 3462 non
487 3407 677 3474 valuit,
703 3407 971 3463 Teanensi
996 3409 1019 3440 ⁸
1039 3408 1093 3463 in
1124 3416 1307 3465 castro
1324 3407 1440 3478 ejus
1466 3409 1519 3463 in
1544 3409 1773 3464 ecclesia

186 3499 470 3553 humatum
493 3509 599 3564 est,
620 3500 792 3556 donec
811 3500 1029 3556 "caelitus
1052 3500 1238 3571 requie
1260 3501 1500 3571 praestita
1526 3509 1772 3556 sanctum

185 3592 253 3646 ad
277 3592 459 3647 locum
485 3594 737 3648 vehatur.
769 3592 874 3648 Per
906 3593 1044 3647 idem
1072 3603 1282 3662 tempus
1311 3590 1593 3655 lserniam,
1619 3590 1775 3646 Sues-

185 3681 362 3737 sulam
394 3696 505 3738 uno
532 3698 737 3746 mense,
772 3693 1012 3739 castrum
1050 3685 1216 3739 etiam
1246 3682 1545 3737 Bovianum
1585 3684 1773 3738 eodem

185 3789 353 3834 anno.
379 3781 541 3844 capta
570 3783 627 3829 et
653 3775 935 3831 combusta
962 3785 1109 3830 sunt.
1153 3774 1270 3842 Quo
1297 3782 1540 3844 tempore
1583 3788 1777 3829 suasus

186 3865 464 3931 Gaideris,
489 3882 519 3921 a
542 3866 801 3923 Landone
824 3876 1057 3939 cognato
1091 3882 1191 3923 suo
1242 3866 1531 3932 alienatus,
1561 3865 1774 3921 Pando-

189 3957 337 4012 nolfo
367 3956 389 3988 '
434 3956 676 4012 sociatus
716 3964 823 4023 est,
870 3958 1146 4027 filiamque
1195 3957 1364 4028 ipsius
1407 3972 1505 4013 suo
1556 3956 1778 4011 tradidit

191 4045 331 4113 ﬁlio;
363 4056 449 4101 set
477 4047 534 4101 in
560 4048 807 4116 proximo
846 4064 878 4102 a
917 4046 1314 4103 contribulibus
1342 4048 1471 4103 dicti
1496 4046 1538 4079 ¹⁰
1557 4045 1775 4101 Laudo-

186 4140 275 4195 ttis
305 4148 501 4211 captus
528 4155 593 4195 ac
638 4140 899 4195 custodite
947 4141 1286 4211 mancipatus
1332 4151 1438 4206 est,
1466 4140 1693 4211 ejusque
1721 4140 1775 4194 in

191 4229 311 4285 loco
334 4228 614 4300 Radelgis,
641 4229 786 4285 illius
813 4230 1075 4301 Adelgisi,
1107 4232 1361 4302 princeps
1387 4240 1475 4287 est
1509 4231 1775 4287 constitu-

193 4327 280 4373 tus
304 4321 346 4352 ιι
386 4318 557 4391 (88Ξ).
584 4318 687 4386 Qui
720 4320 893 4376 tribus
917 4322 1007 4375 vix
1032 4322 1190 4377 annis
1218 4322 1512 4393 imperans,
1542 4338 1573 4377 a
1604 4321 1778 4378 Bene-

193 4410 445 4467 ventanis
481 4411 707 4482 ejectus,
757 4422 813 4467 et
855 4412 976 4483 Ajo,
1027 4413 1197 4469 frater
1238 4415 1375 4486 ejus,
1410 4414 1530 4470 loco
1564 4414 1708 4471 illius
1735 4415 1780 4446 “

190 4504 523 4575 subrogatus
550 4515 634 4561 est
687 4505 856 4577 (885).
894 4505 1144 4562 Gaideris
1172 4522 1301 4562 vero
1330 4506 1559 4562 Francis
1612 4507 1782 4563 tradi-

1874 2005 1961 2060 nis
1980 2012 2036 2058 et
2065 2002 2188 2056 filiis
2231 1998 2545 2055 Landonolli
2576 2014 2740 2068 super
2768 1996 3031 2067 Capuam,
3064 1994 3456 2049 Pandonolfuut

1873 2104 2157 2166 capturus,
2199 2091 2437 2155 advenit,
2480 2091 2790 2161 dictamque
2822 2090 3033 2155 urbem,
3078 2088 3204 2144 hinc
3246 2096 3301 2143 et
3331 2088 3457 2141 inde

1874 2186 2149 2251 obsidens,
2177 2183 2470 2256 allligebat.
2493 2180 2608 2251 Qua
2634 2182 2931 2236 necesitate
2956 2178 3288 2250 compulsus,
3317 2176 3461 2231 Pan-

1874 2277 2129 2333 donulfus
2155 2275 2503 2345 Radeigisum
2538 2271 2835 2344 principem
2860 2280 3258 2343 cognatumque
3302 2284 3460 2323 suum

1876 2370 1928 2424 iu
1958 2368 2217 2423 auxilium
2252 2365 2519 2421 invitarit.
2547 2362 2645 2419 His
2677 2365 2692 2383 ⁶
2719 2372 2919 2425 autem,
2951 2361 3179 2433 segnitie
3200 2360 3459 2430 seposita,

1874 2461 2235 2530 tuoxAjoncm
2251 2460 2297 2491 ὀ
2312 2474 2627 2534 germanum
2648 2474 2805 2515 suum
2821 2459 3115 2524 advocatis,
3132 2457 3184 2510 in
3199 2456 3460 2512 comitatu

1875 2568 1973 2609 suo
1992 2553 2253 2623 Capuam,
2285 2566 2389 2620 qua
2420 2549 2717 2614 residebat,
2740 2558 3105 2619 expugnatam
3130 2547 3173 2577 ’ί
3199 2546 3459 2600 audacter

1877 2646 2157 2715 ingressus
2197 2653 2300 2699 est.
2352 2642 2484 2697 Post
2531 2642 2648 2697 haec
2684 2640 2784 2711 Aje
2813 2655 2936 2695 cum
2978 2638 3375 2695 Beneventanis
3403 2646 3460 2690 ct

1875 2725 2151 2808 Capuanis
2197 2735 2512 2807 egrediens,
2558 2749 2681 2789 eum
2709 2722 2833 2788 filiis
2867 2729 3181 2787 Landonolti
3234 2726 3461 2784 Amani.-

1878 2839 2034 2885 tanos
2087 2826 2409 2883 habentibus
2443 2832 2719 2881 certamen
2748 2824 2899 2888 iniit;
2932 2830 2987 2876 et
3015 2819 3325 2892 aliquandiu
3356 2833 3461 2888 pu-

1874 2928 2096 2991 gnatum
2133 2928 2217 2975 est
2255 2916 2409 2987 juxta
2438 2924 2651 2988 portam
2682 2914 2851 2970 urbis.
2901 2913 3144 2981 Cumque
3186 2920 3378 2967 neutra
3411 2908 3462 2942 ⁸¹

1875 3024 2004 3081 pars
2023 3009 2177 3065 alteri
2205 3008 2440 3072 cederet,
2466 3016 2707 3077 utraeque
2720 3006 2867 3062 acies
2887 2997 2953 3059 ad
2970 3018 3069 3063 sua
3085 3018 3298 3061 reversa
3313 3000 3462 3058 sunt.

1946 3140 2037 3197 50.
2084 3141 2397 3214 Repedante
2483 3139 2665 3211 itaque
2732 3138 3020 3209 Radelgiso
3090 3137 3159 3192 ad
3184 3170 3190 3179 ο
3216 3136 3459 3207 propria.

1876 3233 2211 3289 Athanasius
2236 3234 2303 3288 ad
2332 3233 2488 3288 solita
2514 3244 2804 3288 recurrens
2834 3245 3004 3295 arma,
3036 3227 3311 3285 simulavit
3343 3228 3464 3282 uni-

1880 3339 2067 3382 versos
2108 3325 2397 3381 fratrueles
2444 3325 2682 3396 pacisci;
2729 3325 3049 3379 cohortatus
3083 3332 3167 3377 est
3211 3320 3465 3376 videlicet

1875 3433 1970 3474 eos
2015 3458 2030 3484 ,
2061 3427 2120 3472 ut
2157 3417 2286 3471 dato
2318 3424 2662 3470 sacramento
2688 3419 2755 3468 ad
2777 3412 3122 3475 alterutrum,
3153 3425 3344 3466 omnes
3380 3410 3465 3471 in-

1876 3509 2232 3580 grederentur
2251 3507 2439 3562 urbem
2471 3505 2838 3562 communiter
2859 3503 3178 3559 habitatnri.
3202 3501 3299 3558 Set
3320 3498 3463 3554 Pan-

1877 3598 2126 3655 donolfus
2144 3600 2212 3652 ab
2235 3599 2424 3652 eodem
2449 3594 2680 3667 praesule
2718 3605 3123 3650 sacramentum
3165 3596 3462 3666 accipiens,

1877 3708 1946 3747 ne
1974 3692 2112 3747 ullas
2128 3688 2174 3723 ³³
2196 3701 2385 3747 contra
2405 3705 2530 3745 eum
2559 3688 2841 3745 moliretur
2860 3688 3104 3755 insidias,
3126 3695 3254 3744 tunc
3278 3700 3470 3743 omnes

1878 3781 2074 3837 fratres
2123 3781 2177 3837 in
2224 3795 2391 3836 unum
2455 3778 2678 3835 adunati
2730 3777 2972 3849 Capuam
3016 3777 3289 3843 adierunt,
3341 3776 3469 3852 dato

1879 3872 2029 3945 prius
2042 3871 2441 3942 amphitheatro
2451 3870 2626 3926 eidem
2642 3867 3074 3934 Athanasiol‘,et
3085 3866 3173 3923 ille
3187 3867 3467 3924 Guaiferio

1879 3965 1946 4022 ad
1981 3964 2407 4023 cobabitandum
2449 3962 2673 4017 tradidit
2716 3962 2784 4017 ad
2824 3970 3142 4032 perpetuum
3181 3960 3468 4030 Captiano-

1882 4074 2002 4113 rum
2027 4056 2287 4128 jurgium.
2320 4054 2456 4111 Cum
2498 4067 2627 4109 vero
2655 4053 2911 4109 adessent
2944 4049 3208 4117 universi,
3236 4061 3297 4105 ut
3334 4051 3471 4106 dixi-

1880 4166 2023 4215 mus,
2046 4164 2238 4204 omnes
2253 4146 2528 4217 iurarunt,
2554 4155 2613 4202 ut
2630 4144 2843 4218 pacifici
2864 4152 2919 4201 et
2944 4144 3064 4200 sine
3090 4144 3194 4199 ulla
3223 4143 3471 4200 molestia

1880 4240 2009 4297 dicti
2044 4238 2141 4293 viri
2181 4238 2447 4292 intrarent
2483 4236 2551 4290 ad
2591 4235 3058 4290 commorandum.
3106 4231 3473 4287 Pandonolfus

1881 4340 2064 4387 autem
2095 4329 2301 4400 recepit
2339 4342 2435 4383 eos
2474 4340 2645 4382 ovans
2681 4342 2806 4381 cum
2833 4325 3049 4380 clericis
3077 4334 3228 4380 veste
3256 4324 3474 4379 amictis

1881 4420 2145 4484 candida;
2192 4434 2317 4474 mox
2361 4425 2544 4472 autem
2592 4415 2818 4487 ingressi
2863 4416 3044 4479 intro,
3105 4414 3474 4484 apprehende-

1883 4522 2008 4565 runt
2024 4506 2413 4563 Pandonolfum
2429 4514 2485 4561 et
2503 4504 2896 4560 Landonnlfum
2913 4503 3135 4559 fratrem
3158 4502 3296 4573 ejus,
3309 4519 3473 4575 quem

197 4603 283 4649 tus
325 4593 380 4649 in
411 4595 679 4660 custodia,
709 4594 834 4666 fuga
864 4595 1048 4667 lapsus
1078 4598 1323 4667 pervenit
1353 4596 1544 4652 urbem
1575 4595 1781 4652 Baren-
1814 4670 1851 4677 _
1885 4619 2049 4676 supra
2065 4602 2307 4677 (capJG)
2322 4601 2634 4672 episcopum
2657 4599 3207 4669 descripsimus,cutn
3225 4599 3478 4654 omnibus

196 4702 331 4752 58'“:
371 4702 483 4758 «ιιιο
510 4689 866 4743 ηιοηίιειηιιιτ
890 4686 1097 4753 (ἶτωείς
1127 4705 1157 4743 8
1187 4690 1382 4760 quibus
1413 4691 1610 4746 missus
1632 4691 1679 4723 "
1700 4701 1785 4746 est
1813 4670 1863 4729 θ
1887 4670 2629 4762 consentaneis,sequaeibus
2641 4699 2698 4746 et
2717 4688 3020 4745 fautoribus
3040 4690 3172 4755 suis,
3197 4697 3252 4742 et
3271 4687 3349 4743 hii
3371 4690 3479 4743 duo

199 4777 387 4833 urbem
423 4777 491 4834 ad
536 4779 740 4850 regiam
766 4777 968 4834 Basilio
1018 4780 1106 4851 pio
1140 4789 1390 4852 augusto,
1419 4795 1450 4833 a
1480 4795 1591 4851 quo
1614 4782 1784 4837 bono-
1890 4788 2042 4845 missi
2077 4794 2204 4843 stmt
2236 4783 2553 4855 Neapolim;
2583 4795 2707 4857 post
2754 4782 2869 4838 haec
2902 4792 2961 4838 et
2978 4783 3029 4824 ³⁸
3051 4796 3270 4845 uxores,
3299 4779 3395 4835 filii
3426 4789 3481 4836 ct

176 4880 349 4941 ratus
379 4870 694 4941 ditatusque
723 4870 881 4928 donis
910 4871 1298 4941 imperialibus,
1329 4869 1562 4928 (Eream
1594 4875 1784 4930 urbem
1893 4882 2018 4938 filia:
2049 4883 2228 4938 missa:
2258 4887 2385 4937 sunt
2414 4876 2566 4949 illuc.
3268 4888 3272 4892 “
3386 4886 3391 4891 ’

199 4965 496 5035 accepitad
514 4963 933 5020 convivendum.
1969 5016 2029 5035 ,η
2098 5018 2113 5035 _
2263 5017 2277 5035 ,
2402 5010 2435 5035 ο
2460 5031 2535 5035 ψ
2696 5017 2860 5035 ,ὡκ
2893 5013 3109 5035 ,ψῃ-,ε

1967 5016 2059 5073 51.
2098 5018 2241 5072 Inter
2263 5017 2379 5071 lucc
2402 5010 2671 5074 Saraceni
2696 5017 2865 5066 totam
2892 5013 3261 5085 supradictam
3290 5016 3493 5071 terram

268 5101 360 5158 49.
391 5100 562 5175 (885.)
596 5101 709 5157 llac
740 5078 1062 5172 tempestate
1087 5102 1401 5160 Pandonolii
1450 5103 1786 5164 nimietatem
1896 5111 2193 5169 crudeliter
2222 5106 2528 5177 laniabant,
2554 5112 2627 5167 ita
2649 5114 2711 5162 ut
2734 5078 2981 5163 desolata
3011 5118 3153 5165 terra
3177 5100 3499 5167 cultoribus,

1460 5246 1725 5340 vitam:
1763 5283 2169 5345 LECTIONES.

277 5438 484 5524 :ﬁcarte
532 5459 580 5524 σε
648 5439 719 5524 μ’
770 5438 1080 5516 exercuerit
1130 5440 1181 5494 l.
1296 5439 1317 5472 ³
1346 5447 1471 5495 etc.
1546 5426 1944 5524 _‘_fra'tt;eule_s
1972 5440 2041 5504 c.‘
2130 5451 2153 5482 ⁸
2201 5441 2636 5517 guaimaimario
2685 5458 2737 5497 ει
2844 5442 2866 5473 ⁸
2897 5450 3076 5506 crecis
3100 5449 3150 5501 l.
3258 5436 3522 5495 'Landn-
