3926 5524
541 413 638 485 ττι

1500 419 1983 495 ERCIIEMBERTI
2019 422 2464 494 ‘cassiaenms
2505 423 2810 498 nossent

3685 429 3766 506 ita

541 545 786 601 sentibus
825 548 840 577 ‘
885 554 942 603 et
989 547 1235 618 vepribus
1276 550 1478 616 repleta
1529 549 1758 605 fatiscat.
1807 551 2113 606 Gnaiferius
2145 559 2190 614 Α
2219 549 2312 605 llle
2339 567 2470 608 vero
2504 554 2608 609 hoc
2634 555 2860 609 fratrum
2887 558 2930 596 ¹³
2956 558 3180 612 consilio
3210 559 3437 626 distulit,
3475 562 3568 630 qui
3616 579 3768 619 rever-

543 645 724 691 autem
759 637 970 692 colosso
1001 638 1263 704 residens,
1293 655 1483 694 snasus
1512 641 1578 694 ab
1609 643 1925 705 Athanasio,
1950 642 2115 698 immo

539 732 595 778 et
621 724 946 779 Athanasius
971 726 1037 779 ab
1060 725 1152 779 illo
1179 738 1417 793 coactus,
1446 730 1640 784 bellant
1665 732 1830 801 cmpit
1853 732 2055 787 inferre
2093 733 2112 764 ’

537 813 697 867 dictis
731 812 1010 880 fratribus,
1061 827 1224 888 atque
1267 832 1390 873 cum
1431 820 1718 876 Saracenis
1755 823 1979 878 nimium
2018 837 2112 879 eos

534 902 805 974 aﬂligehat
852 914 906 958 et
950 908 1128 961 acrius
1186 909 1586 978 insequebatur.
1630 905 1782 967 Tunc
1826 923 1954 967 nutu
1994 913 2109 978 Dei,

531 1007 562 1045 a
604 1009 713 1063 quo
759 1005 918 1049 omne
944 997 1188 1066 procedit
1216 1000 1450 1065 bonum,
1493 1002 1763 1071 quendam
1798 1005 2108 1075 Agarenum

532 1082 600 1136 ab
639 1083 819 1138 Africa
844 1101 1098 1151 evocans.
1145 1091 1290 1160 regia
1336 1093 1402 1146 de
1453 1095 1620 1162 stirpe
1660 1097 1839 1164 generi
1874 1098 1952 1151 sui
1985 1113 2106 1167 pro-

528 1183 769 1228 creatum
797 1181 818 1211 ³
841 1177 1154 1249 Agropolim
1182 1221 1196 1247 ,
1241 1181 1366 1236 inde
1389 1174 1746 1250 Ga‘riiianum,
1776 1201 1884 1256 quo
1915 1188 2108 1242 reside.

505 1264 658 1328 [bant
691 1268 902 1338 agmina
937 1269 1324 1339 llismaelitica,
1356 1274 1522 1339 misit,
1573 1285 1734 1345 atque
1775 1279 2012 1333 omnium
2046 1280 2108 1334 il-

524 1353 702 1409 lorum
733 1367 966 1414 mentem
998 1363 1457 1432 accendens,ejus
1483 1367 1728 1421 hortatus
1749 1369 1980 1424 universi
2007 1369 2105 1425 Sa-

525 1442 709 1499 raceni
741 1456 847 1500 tam
879 1449 944 1503 de
980 1448 1258 1507 Gariliano
1284 1455 1444 1522 quam
1481 1455 1549 1508 de
1583 1455 1838 1525 Agropoli
1867 1460 2103 1513 comuni-

519 1535 606 1589 ἰδι-
652 1535 878 1602 collecti,
931 1538 1254 1606 Calabriam,
1311 1557 1414 1612 qua
1466 1547 1736 1601 residebat
1788 1549 2098 1606 Graecorum

518 1626 793 1680 exercitus
829 1641 990 1698 super
1014 1629 1317 1689 Saracenos
1348 1634 1399 1690 in
1441 1646 1629 1691 sancta
1658 1637 1915 1696 Severina
1943 1655 2096 1697 com-

519 1718 832 1781 morantes,
896 1724 1280 1790 properarunt;
1325 1726 1414 1781 ubi
1470 1735 1525 1780 et
1586 1737 1774 1785 Omnes
1811 1716 2095 1787 Graiorum

517 1807 713 1876 gladiis
750 1810 970 1864 extincti
1004 1822 1146 1867 sunt.
1178 1815 1381 1871 Dehinc
1421 1817 1744 1873 Atnanleum
1786 1831 2024 1877 castrum
2074 1823 2096 1856 ⁴

2217 654 2308 694 sus
2333 655 2444 694 rem
2472 657 2740 699 venenose
2762 644 2976 700 insitam
3003 646 3046 676 “
3074 649 3300 717 propriis
3319 651 3495 704 innuit
3519 650 3764 706 fratribus.
3833 715 3841 718 _

2213 731 2284 784 At
2327 731 2399 785 illi
2447 733 2832 804 obstupefacti,
2863 736 3019 807 signo
3059 754 3115 792 se
3163 740 3342 794 crucis
3373 740 3580 795 Chrisﬁ
3623 742 3769 796 muni-

2212 817 2387 884 e'runt,
2417 821 2658 876 dicentes
2682 840 2694 876 :
2724 822 2856 877 Ante
2886 826 3174 879 moriamur
3201 838 3291 880 aut
3317 828 3610 891 exulemus,
3637 847 3766 899 quasi

2212 925 2368 978 super
2420 910 2609 978 fratres
2673 923 2890 989 nostros
2926 914 3070 984 juste
3143 927 3233 972 aut
3293 917 3492 987 injuste
3554 920 3766 990 insurga-

2211 1018 2327 1055 mus
2365 1019 2639 1073 unquam;
2679 1005 2841 1059 donec
2868 1007 3004 1058 enim
3045 1007 3141 1060 erit
3168 1019 3193 1047 ι
3223 1008 3277 1060 in
3327 1008 3546 1062 naribus
3581 1012 3763 1070 nostris,

2204 1094 2699 1164 ‘non‘insidiabimur
2718 1097 2962 1166 sanguini
2983 1103 3178 1152 nostra.
3206 1097 3323 1152 Mox
3340 1101 3548 1154 etenim
3563 1101 3718 1170 juncti
3733 1103 3767 1135 “

2208 1184 2299 1239 filii
2330 1184 2666 1252 Landouolfi,
2698 1189 3006 1242 munierunt
3028 1205 3086 1244 se
3108 1191 3350 1244 horribili
3379 1202 3434 1245 et
3468 1207 3611 1260 pene
3641 1195 3765 1247 ina-

2205 1279 2323 1332 dito
2369 1291 2712 1335 sacramento
2754 1296 2876 1350 cum
2923 1280 3048 1334 ﬁliis
3082 1281 3354 1336 Landonis
3394 1281 3645 1337 clanculo
3686 1283 3766 1338 sub

2202 1368 2350 1435 gravi
2380 1371 2744 1423 anathematis
2777 1370 3181 1437 interdictione;
3213 1369 3512 1439 statimque
3545 1372 3766 1428 Atenolfo

2201 1457 2407 1525 abiens,
2432 1461 2730 1515 Athanasio
2750 1459 2954 1526 retulit,
2977 1460 3299 1516 voluntatem
3322 1463 3554 1516 fratrum
3573 1478 3765 1518 suorum

2201 1558 2372 1604 ratam
2421 1539 2537 1606 fore
2577 1550 2928 1606 fratruelibus
2967 1552 3011 1582 ¹⁶
3036 1551 3170 1616 suis,
3199 1562 3255 1606 et
3292 1555 3346 1606 in
3390 1554 3542 1608 nullo
3575 1557 3765 1623 penitus

2198 1642 2421 1696 moveri.
2451 1641 2519 1698 At
2546 1639 2656 1707 ille,
2684 1641 2871 1696 durius
2910 1641 3016 1696 bo‘c
3044 1642 3337 1712 accipiens,
3368 1653 3531 1699 estus
3558 1644 3586 1684 δ
3615 1643 3767 1699 factus

2195 1745 2279 1790 est
2303 1736 2424 1790 illis.
3661 1738 3668 1743 ”

2262 1826 2351 1882 54.
2391 1826 2590 1882 Eodem
2616 1825 2855 1894 tempore
2874 1825 3240 1892 Guaimarius,
3267 1828 3625 1896 supradictus
3645 1827 3764 1896 pria-

515 1904 732 1964 caillum
771 1908 875 1952 est.
916 1901 1118 1956 Deinde
1160 1911 1213 1958 et
1255 1906 1410 1960 dictae
1436 1909 1606 1962 beata:
1633 1909 1906 1966 Seven-ina:
1934 1915 2086 1985 oppi—
2123 1897 2166 1963 Β
2192 1933 2335 1987 ceps,
2361 1934 2483 1972 cum
2515 1917 2737 1972 nimium
2761 1916 3088 1986 allligeretur
3110 1918 3178 1972 ab
3204 1919 3512 1973 Athanasio
3533 1920 3762 1988 episcopo

514 1986 639 2038 dum
665 1988 1058 2055 apprehensum
1086 2002 1168 2047 est
1199 1994 1364 2067 (881).

583 2073 672 2127 52.
715 2073 912 2130 Basilio
954 2082 1302 2137 serenissimo
1345 2096 1570 2156 augusto
1623 2087 1726 2140 hiis
1769 2089 1957 2144 diebus
1997 2092 2089 2146 de-

513 2166 697 2224 functo
751 2171 918 2243 (886),
954 2170 1060 2250 duo
1093 2173 1182 2226 lilii
1223 2173 1338 2242 ejus
1379 2177 1430 2229 in
1481 2178 1706 2247 imperio
1744 2190 1869 2234 sunt
1905 2183 2086 2250 electi,

507 2259 562 2313 id
587 2271 674 2316 est
697 2264 716 2294 ⁵
741 2263 848 2318 Leo
873 2248 1262 2334 primogenitus
1291 2277 1345 2320 et
1387 2267 1692 2323 Alexander
1715 2248 2083 2342 subsequens',

511 2353 702 2418 tertius
740 2369 889 2420 vero,
924 2354 1230 2425 Stephanus
1277 2358 1524 2424 nomine,
1563 2359 2085 2433 archiepiscopatum

508 2440 748 2509 ejusdem
777 2444 924 2500 urbis
951 2475 1022 2487 —-
1041 2443 1212 2514 eiecto
1246 2447 1266 2477 ‘
1308 2446 1492 2515 Focio,
1520 2449 1610 2519 qui
1651 2450 1776 2513 olim
1807 2467 1838 2507 a
1870 2452 2086 2511 Nicolao

506 2530 696 2600 prima:
739 2534 884 2590 sedis
922 2535 1178 2605 pontifice
1232 2536 1302 2592 ob
1349 2537 1680 2597 invasionem
1745 2548 2086 2618 episcopatus

506 2620 696 2692 lgnatii
728 2626 906 2682 adhuc
928 2627 1236 2698 superstitis
1263 2639 1524 2700 perpetuo
1546 2636 1890 2697 anathemate
1909 2641 2085 2698 fuerat

504 2711 784 2778 multatus,
814 2723 870 2770 et
896 2731 926 2769 a
954 2714 1162 2771 Joanne
1187 2733 1348 2790 papa,
1379 2727 1441 2774 ut
1465 2721 1538 2776 ita
1571 2721 1747 2786 dicam
1775 2729 1984 2801 ignaro,
2015 2731 2082 2787 ad

505 2802 795 2870 pristinum
857 2807 1087 2877 gradum
1147 2812 1589 2870 resuscitatus—
1620 2822 1911 2888 regendum
1965 2831 2086 2881 διιδ-

500 2893 662 2962 cepit.

545 2979 654 3036 «53.
884 2986 1095 3043 interea
1120 2989 1450 3053 Athanasius
1471 3000 1628 3056 solita
1649 3001 1840 3060 fraude
1858 3005 2080 3076 cupimus

501 3073 842 3162 supradictos
890 3077 1088 3135 fratres
1136 3096 1480 3153 sequestrare
1532 3094 1602 3148 ab
1645 3073 2078 3162 invicemghinc

498 3153 740 3218 Landoni
771 3165 993 3232 seniori,
1027 3169 1136 3225 lilio
1150 3172 1398 3231 videlicet
1417 3177 1690 3238 Landonis
1712 3153 2000 3257 singularis
2022 3153 2077 3244 et

495 3256 927 3324 praestantissimi
978 3260 1098 3324 viri,
1141 3277 1353 3334 neptem
1393 3286 1545 3326 suam
1575 3275 1751 3332 adhuc
1783 3256 2074 3336 laetantem
2106 3257 2150 3318 ο

496 3342 550 3398 in
584 3343 892 3415 coniugium
919 3350 1102 3416 cessit,
1132 3353 1200 3407 ob
1223 3355 1347 3420 hoc,
1376 3369 1434 3413 ut
1464 3361 1572 3415 filia
1605 3363 1927 3422 feminarum
1957 3371 2073 3424 illa-

495 3444 720 3503 quearet
759 3453 917 3502 eum;
969 3441 1285 3513 adscitoque
1329 3463 1478 3514 eum,
1517 3456 1722 3510 monuit
1769 3464 2076 3529 serpentino

495 3541 609 3591 ore,
644 3536 700 3581 ut
723 3529 1117 3590 confratrueles
1141 3550 1267 3593 suos
1291 3552 1511 3610 caperet
1558 3548 1640 3602 vel
1673 3550 1717 3614 ⁷,
1741 3554 1881 3620 quod
1909 3558 2076 3627 magis

497 3621 789 3703 ambiebat,
818 3627 1171 3696 occidereta;
1229 3633 1518 3692 scilicetut
1549 3640 1689 3695 inter
1735 3660 1793 3698 se
1836 3621 2076 3705 rixantes

495 3719 588 3764 aut
616 3714 834 3768 omnino
865 3716 1148 3774 interirent
1177 3731 1267 3777 aut
1295 3725 1607 3796 deficerent,
1634 3742 1689 3786 et
1722 3735 1809 3789 ille
1838 3738 2073 3809 Capuam

495 3813 733 3872 caperet.
785 3806 849 3860 Et
891 3811 1142 3877 quoniam
1179 3813 1383 3885 Lando,
1413 3818 1535 3874 licet
1572 3825 1822 3894 segniciae
1863 3806 2075 3901 torpore

493 3894 814 3948 naturaliter
840 3896 1128 3965 frueretur,
1155 3903 1443 3963 immobilis
1465 3920 1519 3964 et
1541 3924 1798 3970 constans
1823 3894 2076 3987 persiste-

494 3981 590 4035 bat
638 3997 694 4037 re
744 3985 1017 4053 inchoata,
1056 3993 1159 4047 hoc
1199 3996 1482 4055 advertens
1527 3981 1853 4061 Athanasius
1884 4009 2070 4076 doluit,

495 4075 742 4141 protinus
783 4081 1064 4136 consilium
1103 4087 1340 4154 repperit
1387 4091 1486 4145 sibi
1539 4075 2074 4156 adconnuodanlissb

497 4180 643 4218 mum
678 4174 827 4233 tunc,
868 4179 950 4224 set
978 4188 1080 4226 non
1115 4174 1167 4226 in
1209 4175 1423 4247 longum
1462 4184 1817 4250 perniciosus.
1849 4188 2076 4260 Compe-

497 4254 626 4307 tcnti
651 4257 849 4311 etenim
875 4257 1218 4318 festinatione
1246 4265 1384 4322 inter
1410 4268 1512 4326 ista
1532 4272 1838 4331 Atenolfum
1860 4254 2071 4348 ascivit,

494 4345 651 4414 eique
682 4349 954 4405 secrecius
981 4358 1003 4393 ο
1030 4353 1186 4409 infit:
1235 4356 1320 4411 Ea:
1351 4362 1494 4414 omni
1525 4375 1672 4432 gente
1698 4345 2071 4439 Langobardo;

493 4447 612 4486 rum
635 4434 679 4465 ¹⁰
710 4435 942 4505 Capuam
979 4440 1109 4511 elegi
1129 4444 1254 4498 milii
1276 4449 1516 4516 habilem,
1547 4465 1591 4506 et
1623 4471 1649 4509 θ
1682 4434 1916 4526 Capuam
1944 4479 2070 4532 gen-

494 4531 594 4577 tem
623 4535 841 4580 vestram
862 4539 908 4582 et
932 4547 995 4584 ea:
1015 4535 1254 4590 omnibus
1278 4537 1531 4608 fratribus
1553 4547 1653 4599 tuis
1678 4556 1725 4600 te
1747 4531 2071 4607 solummodo

493 4614 727 4682 praetuli,
754 4623 1151 4678 consentientem
1177 4628 1303 4682 mihi
1324 4640 1372 4683 et
1402 4631 1458 4685 in
1482 4637 1680 4690 cunctis
1712 4651 2074 4712 optemperan-

495 4710 598 4755 tent
629 4704 695 4770 ¹ῑ,
737 4707 900 4762 virum
929 4710 1262 4772 industrium.
1296 4717 1502 4776 Idcirco
1539 4725 1585 4777 si
1624 4729 1750 4781 meis
1780 4704 1942 4786 verbis
1970 4749 2071 4786 au-

495 4805 576 4844 res
608 4803 729 4848 tuas
758 4800 1196 4869 accomodaveris,
1240 4807 1293 4861 in
1334 4813 1532 4865 cunctis
1559 4823 1960 4885 prosperaveris.
2001 4820 2074 4878 At

493 4879 584 4937 ille
613 4895 804 4941 cuncta
836 4903 894 4943 se
924 4899 1141 4960 patrare
1169 4899 1445 4966 respondit
1477 4879 1771 4974 imperata;
1805 4910 1891 4963 cui
1930 4910 2018 4965 ille
2053 4929 2066 4966 :

494 4971 634 5071 cape
651 4977 790 5045 ﬁlios
806 4977 1162 5050 Lundoniae:
1176 4999 1285 5044 esto
1299 5000 1352 5044 tu
1374 4992 1516 5048 solus
1532 4971 1790 5057 imperans
1811 5000 2066 5071 Capuam,

493 5061 628 5117 sicut
657 5077 782 5122 auus
813 5080 933 5130 tuus
964 5074 1005 5104 ¹²
1035 5078 1374 5147 singulariter
1411 5084 1690 5153 imperasse
1727 5061 2065 5160 dignoscitur:

2190 2026 2312 2066 cum
2361 2010 2665 2075 Saracenis,
2707 2018 2958 2078 essetque
3000 2024 3065 2063 ex
3107 2019 3220 2064 toto
3256 2011 3587 2080 depopulata
3627 2011 3762 2065 tellus

2193 2102 2380 2172 ipsius,
2414 2103 2488 2156 ita
2516 2111 2573 2155 ut
2605 2101 2723 2170 capi
2747 2101 2916 2170 possit
2941 2102 3042 2156 nisi
3065 2102 3242 2156 divina
3265 2103 3449 2171 pietas
3474 2104 3755 2162 restitisset,

2189 2192 2256 2246 ad
2285 2191 2594 2247 Grmcorum
2619 2205 2678 2247 se
2700 2190 2926 2245 contulit
2963 2189 3309 2260 suffragium;
3344 2208 3376 2245 a
3402 2194 3605 2262 quibus
3631 2193 3760 2245 nobi-

2186 2269 2310 2338 liter
2337 2291 2420 2338 est
2445 2279 2678 2350 adjutus.
2723 2280 2856 2336 Nam
2903 2291 2959 2336 et
3002 2297 3136 2338 auro
3177 2291 3234 2337 et
3270 2281 3551 2337 frumento
3571 2282 3759 2351 adjutus

2187 2385 2289 2440 est,
2319 2383 2375 2431 et
2401 2371 2811 2429 auxiliatoribns
2839 2373 3093 2444 stipatus,
3117 2375 3210 2444 qui
3227 2372 3572 2433 custodirent
3592 2373 3756 2428 urbem

2187 2475 2242 2522 et
2270 2466 2518 2537 populum
2547 2465 2700 2534 ejus;
2743 2463 2885 2534 quod
2907 2475 3134 2522 actenus
3172 2477 3427 2522 servatur
3446 2505 3462 2529 ,
3492 2474 3554 2519 ut
3579 2465 3756 2519 dictum

2185 2555 2410 2613 est..Aio
2437 2564 2616 2610 autem
2635 2595 2652 2622 ,
2671 2553 2922 2627 princeps
2942 2554 3253 2620 Beneventi,
3277 2563 3334 2609 et
3356 2565 3490 2611 ante
3512 2554 3756 2626 princip-

2185 2656 2296 2703 tum
2337 2654 2391 2701 et
2428 2652 2613 2715 postea
2658 2643 2854 2715 partim
2890 2642 3191 2710 imbecillis,
3223 2643 3426 2713 partim
3467 2643 3713 2698 roboretis
3737 2646 3750 2660 '

2182 2736 2382 2795 extitit.

2254 2827 2343 2884 55.
2385 2826 2456 2883 Ut
2480 2832 2659 2881 autem
2693 2836 2814 2896 post
2855 2834 3063 2897 tergum
3105 2825 3363 2890 redeam,
3410 2820 3750 2882 babenntibits

2179 2915 2468 2974 Saracenis
2490 2914 2795 2972 Calabriam
2827 2918 3065 2988 illucque
3089 2917 3133 2949 ¹⁷
3159 2916 3538 2986 pereuntibus,
3567 2915 3753 2970 Decivi-

2181 3009 2248 3066 iis
2273 3010 2382 3064 dux
2421 3011 2620 3084 Cajetat
2651 3018 2868 3066 centum
2906 3014 3042 3081 pene
3075 3007 3471 3079 quinquaginta
3506 3008 3552 3040 “
3588 3021 3648 3062 es
3684 3007 3752 3062 eis

2180 3117 2364 3158 secum
2388 3105 2638 3172 retinnit,
2681 3113 2740 3158 ut
2760 3103 2877 3158 sine
2907 3099 3223 3156 sacerdotali
3251 3097 3430 3153 oilicio
3461 3113 3571 3153 non
3601 3113 3749 3153 rema-

2180 3193 2366 3262 neret;
2395 3196 2461 3249 ad
2491 3196 2664 3251 instar
2689 3194 3047 3265 Judaycornm
3070 3205 3257 3262 regum
3285 3190 3404 3260 qui,
3430 3189 3609 3244 diviso
3632 3191 3752 3243 inter

2184 3299 2242 3341 se
2273 3283 2462 3340 bifarie
2488 3301 2670 3356 regno,
2705 3295 2762 3338 ut
2786 3285 2988 3348 fertur,
3018 3281 3220 3338 Levita:
3254 3296 3323 3336 ex
3347 3280 3601 3366 maxims
3622 3287 3750 3349 parte

2183 3373 2580 3442 Jerusolimam,
2608 3391 2715 3446 quo
2740 3375 2914 3428 iuerat
2945 3372 3146 3443 templo
3181 3380 3294 3425 toto
3323 3371 3461 3424 orbe
3494 3367 3746 3425 authenti-

2183 3483 2303 3521 cum
2333 3507 2347 3530 ,
2398 3466 2707 3536 congregati
2767 3473 2910 3518 sunt.
2957 3463 3032 3516 De
3075 3477 3182 3532 quo
3225 3475 3456 3516 numero
3502 3476 3572 3515 ex
3620 3468 3746 3530 parte

2182 3555 2277 3611 fati
2308 3558 2348 3589 ¹⁹
2386 3555 2497 3610 fere
2533 3558 2600 3611 ad
2636 3566 2847 3611 centum
2889 3553 3072 3627 viginti
3113 3553 3374 3609 Saraceni
3398 3553 3594 3606 urbem
3629 3550 3744 3604 Tea-

2183 3661 2400 3703 nensetn
2428 3648 2688 3703 audenter
2710 3648 2975 3711 adierunt,
3003 3645 3161 3700 sicuti
3181 3645 3332 3713 prius
3350 3657 3520 3713 agere
3541 3655 3742 3710 conspe-

2181 3746 2393 3804 Xerallt,
2449 3739 2663 3806 quando
2689 3752 2853 3806 prope
2895 3734 2999 3789 duo
3046 3734 3192 3788 milia
3252 3732 3543 3803 quingenti
3581 3740 3742 3790 erant;

2181 3846 2345 3902 super
2376 3847 2509 3902 quos
2544 3830 2749 3896 Lando,
2789 3846 2884 3885 ceu
2934 3831 3038 3895 leo,
3085 3829 3342 3883 audacter
3380 3843 3508 3883 cum
3549 3829 3658 3884 suis
3691 3828 3746 3880 ir-

2181 3925 2360 3986 ruens,
2387 3935 2555 3989 usque
2581 3921 2647 3975 ad
2670 3921 2909 3973 ultimam
2934 3918 3340 3974 internicionem
3370 3919 3628 3986 protrivit
3649 3932 3743 3978 eos,

2179 4010 2253 4064 ila
2281 4020 2340 4065 ut
2376 4011 2442 4064 dc
2475 4020 2624 4066 tanto
2653 4025 2879 4065 numero
2918 4025 3022 4064 non
3056 4007 3287 4079 amplius
3325 4021 3495 4078 quam
3534 4010 3743 4079 quinque

2178 4103 2490 4167 evaderent,
2538 4101 2733 4156 ceteris
2783 4101 3081 4157 interfectis
3119 4101 3164 4131 ²⁰
3209 4101 3263 4156 ni
3317 4099 3504 4168 fallor,
3551 4112 3742 4184 centu-tn

2178 4190 2504 4259 quindecim.

2374 4279 2701 4334 Athanasius
2722 4288 2902 4335 autem
2923 4288 3150 4334 cernens
3169 4295 3227 4334 sc
3245 4279 3498 4335 delusum
3527 4279 3593 4334 ab
3621 4293 3744 4334 utro»

2178 4387 2406 4441 rumque
2437 4373 2874 4442 rcsponsionibus
2903 4371 3130 4427 fratrum
3149 4414 3163 4439 ,
3193 4373 3402 4428 tristior
3429 4371 3653 4428 edoctus
3673 4379 3742 4427 est

2180 4461 2386 4525 solitus,
2411 4470 2495 4518 set
2519 4465 2668 4518 ocius
2706 4465 2911 4519 invenit
2938 4464 3222 4521 consilium
3261 4464 3444 4521 habile
3467 4467 3603 4531 sibi;
3627 4465 3735 4519 miso

2108 4595 2153 4655 ο
2179 4555 2254 4608 sis
2283 4555 2546 4623 siquidem
2574 4557 2780 4627 legatis,
2808 4566 3075 4615 trecentos
3096 4557 3314 4613 Graecos
3338 4573 3496 4613 suum
3525 4559 3577 4614 in
3605 4560 3739 4614 auxi-

2180 4643 2308 4697 lium
2337 4646 2546 4712 ascivit,
2576 4647 2826 4702 Chasano
2859 4648 2901 4680 ’ί
2943 4663 3036 4703 eos
3064 4657 3359 4719 praeeunte.
3393 4649 3547 4704 Tunc
3569 4649 3739 4706 callide

2178 4750 2308 4804 pace
2333 4735 2475 4791 facta
2503 4753 2624 4791 cum
2658 4738 2946 4808 Capuanis,
2970 4754 3094 4794 mox
3128 4741 3346 4809 quando
3373 4741 3642 4795 vindemia
3677 4741 3742 4794 leo

2178 4827 2344 4898 gitur,
2381 4845 2502 4883 cum
2543 4838 2690 4886 esset
2715 4831 2898 4902 Capua
2933 4832 3108 4888 valide
3137 4831 3334 4887 alliicta
3361 4841 3418 4889 et
3443 4847 3475 4888 a
3502 4833 3630 4888 foris
3658 4835 3740 4889 de-

2171 4920 2441 4990 populata,
2465 4927 2652 4976 (tumes
2673 4924 2922 4979 certatim
2948 4925 3148 4996 egressi
3179 4935 3322 4992 sunt,
3353 4935 3461 4980 tam
3488 4927 3737 4996 primores

2169 5025 2330 5079 quam
2357 5019 2411 5066 et
2441 5012 2762 5076 mediocres,
2785 5015 2850 5068 ad
2875 5015 3333 5070 vindemiandum.
3359 5015 3454 5070 ille
3480 5031 3629 5082 vero,
3654 5031 3733 5070 su-

2171 5112 2405 5170 gerente
2436 5101 2538 5158 hoc
2579 5104 2660 5158 vel
2709 5105 2942 5160 maxime
2971 5105 3242 5163 Guaiferio
3270 5107 3629 5174 Collossense,
3672 5122 3732 5160 cx

1771 5204 1855 5259 VA
1865 5205 2000 5261 BHE
2040 5210 2438 5269 LECTIONES.

573 5277 990 5384 fni-tamtamen,-
1035 5299 1286 5384 uestibus
1328 5319 1376 5357 c.
1409 5307 1677 5384 sterilibus
1717 5321 1766 5364 et
1807 5318 2051 5384 serpibus
2115 5319 2256 5377 Mur.

501 5365 672 5451 utan:
706 5365 904 5438 .recenti
930 5366 1022 5433 :in
1075 5367 1346 5444 Calabria.
1444 5375 1466 5407 ⁸
1506 5365 1591 5433 tite
1621 5396 1670 5431 c.
1768 5365 2082 5470 σ”ἑιὲᾙιῖἷῇ
2327 5365 2456 5447 ut

502 5438 544 5475 ὃ.

2366 5323 2388 5354 ²
2429 5321 2650 5380 inferret
2675 5344 2721 5380 c.
2823 5327 2844 5358 ³
2870 5337 3176 5396 procratum
3203 5347 3248 5382 c.
3361 5332 3384 5361 ⁸
3419 5333 3473 5384 in
3512 5328 3731 5397 margine

2551 5402 2592 5478 εδ
2611 5407 2668 5449 ιιι
2692 5412 2746 5465 q~.
2784 5411 2857 5452 m.
2899 5413 2953 5451 a.
2980 5400 3225 5488 occidere
3249 5417 3298 5454 c.
3389 5397 3412 5432 ³
3440 5399 3734 5488 secreucius
