3926 5576
174 529 269 564 In)

1290 507 1610 564 HISTORIA
1654 497 2291 565 LANGOBARDORUM.

3329 491 3433 593 in

163 619 361 672 abditis
381 617 602 673 Gnaeos
631 616 934 686 Neapolitcs
977 633 1079 671 una
1121 631 1244 671 cum
1279 618 1628 672 theatralibus
1659 618 1741 671 vi-
1773 623 1819 678 Α
1847 631 1898 670 et
1943 620 2220 686 superius,
2275 617 2470 687 illaque
2521 617 2778 687 replicata
2831 629 2974 673 sunt.
3025 618 3151 674 Post
3204 621 3436 676 reditum

164 712 238 763 ris
285 713 325 773 ',
356 718 411 762 et
437 708 764 778 depraalavit
807 717 973 761 totam
1019 707 1280 776 Capuam,
1311 707 1660 775 apprehensis
1693 708 1745 761 in

153 805 224 852 ea
264 799 452 853 multis
495 809 550 852 et
597 798 1058 866 przestantissimis
1102 797 1235 853 viris
1278 797 1608 866 peculiisque
1637 815 1743 853 non

162 889 410 944 modicis.
437 889 520 941 Ab
542 889 628 943 illo
656 889 820 957 igitur
847 898 1085 958 tempore
1109 890 1289 943 omnia
1325 889 1746 960 circumquaque

161 979 475 1042 devastans,
496 976 771 1032 Liburiam
804 978 1108 1033 vindicabat
1129 979 1252 1035 sibi.
1278 979 1413 1034 Nam
1441 990 1496 1034 et
1521 979 1746 1036 Sarace-

162 1083 259 1123 nos
301 1068 738 1139 Agrupolitanos,
787 1069 879 1138 qui
918 1085 1089 1139 nuper
1119 1070 1186 1124 de
1223 1069 1366 1125 illius
1404 1073 1747 1140 magnatihus

156 1158 311 1226 juxta
339 1158 570 1213 rivulum
598 1159 750 1215 Lanii
779 1161 799 1188 ²
823 1175 929 1214 non
964 1160 1149 1228 procul
1199 1176 1229 1214 a
1275 1160 1531 1215 Suessula
1568 1161 1609 1225 ³,
1641 1179 1746 1232 qua

162 1236 570 1301 ille'nefandum
614 1259 1017 1318 perpetraverat
1055 1249 1262 1314 scelus,
1292 1251 1462 1305 ferme
1486 1251 1747 1308 ducentos

160 1349 514 1406 peremerunt
557 1338 724 1402 viros,
750 1337 890 1394 clam
924 1339 1171 1394 evocavit
1199 1349 1255 1394 et
1286 1339 1524 1409 Capuam
1564 1342 1744 1407 misit;

164 1427 248 1480 ubi
279 1437 410 1483 tunc
429 1429 776 1496 egredientes
804 1428 1066 1499 Capuani,
1102 1430 1257 1485 valde
1283 1431 1605 1487 resisterunt
1631 1434 1744 1497 eis;

161 1517 228 1570 ob
274 1518 381 1572 hoc
438 1529 494 1572 et
548 1517 749 1588 absque
811 1521 988 1589 praeda
1044 1522 1112 1574 ad
1159 1534 1338 1576 castra
1402 1525 1746 1593 repedarunt.

162 1607 352 1663 Laudo
395 1618 578 1664 autem
624 1608 806 1666 senior
857 1621 984 1666 tunc
1027 1612 1306 1682 apoplexia
1350 1631 1640 1687 percussus
1667 1617 1752 1670 in-

162 1699 332 1754 teriit.

229 1791 324 1844 57.
367 1792 539 1863 (885.)
584 1793 768 1849 Dictus
803 1794 982 1862 itaque
1016 1810 1118 1859 vir,
1150 1805 1303 1863 prout
1340 1807 1515 1851 mente
1553 1813 1752 1852 conce-

161 1897 342 1957 perat,
369 1888 526 1941 novis
549 1897 604 1941 et
635 1889 889 1941 inauditis
924 1889 1190 1942 machinis
1215 1890 1526 1958 insurgebat
1557 1891 1750 1945 adver-

1853 711 2146 784 Supradicti
2175 711 2326 764 ducis
2353 726 2448 778 per
2477 710 2786 764 Chasanum
2821 710 3194 780 multipliciter
3221 720 3440 780 patrata

1849 809 1994 863 sunt,
2033 816 2153 869 qua:
2177 817 2206 854 a
2241 815 2325 853 me
2360 793 2592 855 strictim
2614 801 2929 856 suntdicta.

1921 889 2010 942 59.
2053 888 2222 962 (886.)
2265 889 2392 944 Post
2429 890 2540 945 hinc
2569 899 2842 960 sugestum
2881 899 2966 945 est
2989 891 3165 946 eidem
3197 892 3345 955 duci,
3378 900 3438 945 ut

1849 981 2390 1049 venirctquautoeius
2416 991 2471 1034 et
2493 981 2751 1036 liberaret
2773 981 3106 1037 conﬁdentes
3123 982 3226 1052 ipsi
3248 1000 3261 1047 ;
3293 983 3376 1036 siu
3395 978 3440 1012 "

1849 1078 2050 1134 autem,
2081 1069 2303 1130 omnino
2327 1069 2622 1138 perdicioni
2651 1069 2913 1124 subirent.
2938 1070 3039 1137 Qui
3065 1086 3186 1124 mox
3220 1072 3442 1125 veniens

1849 1159 2110 1230 Capuam,
2142 1160 2370 1230 Ajonem
2413 1160 2713 1229 principem
2752 1175 2783 1213 a
2816 1151 3122 1216 Benevento
3159 1161 3225 1215 ad
3258 1176 3316 1217 se
3348 1174 3440 1216 ve-

1851 1249 2090 1305 nientem
2119 1252 2347 1304 consilio
2389 1250 2766 1320 Captianorum
2790 1252 2957 1319 cepit,
2985 1260 3043 1305 et
3068 1252 3166 1306 sub
3188 1251 3437 1307 custodia

1850 1341 2217 1396 Beneventum
2256 1341 2375 1395 duci
2411 1341 2569 1404 fecit;
2605 1342 2656 1395 in
2687 1357 2793 1411 qua
2831 1340 2877 1372 "‘
2907 1342 3196 1405 introiens,
3222 1341 3440 1410 ordina-

1851 1433 1927 1486 vit
1971 1449 2110 1486 eam.
2166 1434 2292 1486 lude
2336 1432 2686 1500 proﬁciscens
2714 1433 2780 1496 ιδ,
2815 1432 3118 1502 Sepontum
3163 1431 3439 1502 ingressus

1852 1530 1953 1586 est,
1999 1523 2224 1590 Ajoncm
2277 1522 2406 1576 furis
2459 1522 2686 1590 reliquid
2727 1522 2779 1575 in
2830 1525 3042 1588 castris.
3091 1520 3224 1575 Cum
3256 1531 3437 1574 autem

1851 1615 2235 1694 cognovissent
2287 1613 2567 1683 Sepontini
2606 1611 2830 1680 Ajonem
2868 1613 3135 1666 seniorem
3168 1628 3324 1667 suum
3349 1626 3438 1666 ca-

1852 1716 2037 1775 ptum,
2099 1706 2472 1775 supradictum
2524 1707 2714 1758 ducem
2763 1704 3089 1757 unanimiter
3139 1704 3435 1767 irruentes,

1851 1799 2418 1866 clauseruntquodam
2465 1797 2517 1850 in
2561 1795 2783 1865 templo,
2827 1796 3002 1865 captis
3027 1793 3144 1862 ejus
3169 1797 3439 1864 optimati-

1855 1891 1974 1944 bus.
2023 1890 2133 1945 llac
2164 1891 2392 1959 illucque
2436 1899 2561 1942 tunc
2593 1889 2818 1941 missum
2847 1883 2893 1918 ¹⁸
2929 1896 3032 1952 est,
3074 1897 3128 1940 et
3173 1888 3439 1941 adductus

161 1995 252 2032 sus
284 1979 592 2049 Capuanos.
621 1981 756 2033 adeo
778 1989 834 2032 ut
861 1990 1099 2048 tempore
1129 1981 1601 2050 quadragesimali,
1626 1996 1747 2035 cum
1781 1953 1826 2020 Β
1855 1990 1938 2034 est
1973 1979 2072 2046 Ajo
2117 1979 2463 2045 redditusque
2498 1978 2538 2007 ¹⁷
2563 1987 2643 2030 est
2682 1977 2724 2008 “'
2748 1976 2894 2040 suis;
2942 1975 3047 2029 alio
3080 1991 3204 2030 vero
3238 1976 3323 2030 die
3352 1993 3442 2030 sa-

159 2073 344 2124 oumis
365 2070 518 2141 plebs
549 2071 869 2126 Christicola
902 2083 958 2126 ct
982 2073 1252 2140 praeterita
1279 2070 1500 2127 deﬁeret
1531 2073 1670 2126 mala
1697 2083 1752 2127 et

159 2162 338 2231 poscit
389 2177 422 2215 a
473 2162 585 2216 Deo
637 2172 694 2215 ut
752 2161 925 2216 ﬂenda
975 2163 1198 2217 minime
1235 2164 1540 2217 committat
1587 2162 1608 2193 ⁸
1638 2165 1752 2234 ipso

161 2257 435 2310 mediante
464 2261 486 2291 ⁸
533 2255 670 2311 festo
699 2257 978 2312 Dominico
1022 2257 1383 2327 subsequente
1410 2259 1749 2328 crepusculo,

165 2348 412 2403 collectis
451 2346 657 2403 Gmcis
684 2347 1098 2414 Matereusibus,
1131 2348 1393 2419 Aigipciis
1419 2359 1474 2404 et
1504 2349 1750 2418 Neapoli-

160 2442 327 2507 tibus,
364 2441 590 2498 conscio
632 2441 652 2471 ‘
698 2441 976 2497 Guaiferio
1018 2443 1174 2507 duce,
1204 2451 1478 2512 praeeunte
1501 2441 1750 2496 Chasano

157 2534 348 2590 urbem
376 2530 693 2604 Capuanum
722 2534 1004 2603 temptavit
1032 2533 1307 2588 invadere.
1346 2532 1520 2602 Atque
1561 2548 1751 2588 ascen-

155 2626 228 2680 sis
263 2640 424 2681 muro
447 2627 561 2680 acsi
593 2625 852 2684 trecentis
889 2624 1020 2680 viris
1048 2624 1273 2680 armatis
1300 2624 1633 2680 diversorum
1660 2641 1752 2696 ge-

156 2714 379 2771 neribus
405 2714 670 2780 telorum;
721 2723 806 2768 set
852 2729 1042 2769 omnes
1083 2714 1137 2769 in
1177 2714 1407 2770 Domino
1441 2712 1746 2782 adiuvante,

154 2806 242 2861 alii
271 2815 466 2875 sponte
490 2820 558 2860 ex
586 2821 652 2859 eo
682 2803 1034 2869 dissilieruut,
1075 2806 1296 2875 quidam
1339 2806 1551 2862 cervice
1593 2814 1750 2864 tenus

155 2899 278 2952 imis
300 2895 434 2965 jacti
484 2905 631 2962 sunt,
684 2897 924 2952 nonnulli
960 2913 1087 2951 vero
1135 2899 1315 2968 gladio
1356 2885 1748 2954 oecubuerunt.

157 2990 230 3043 De
262 2990 468 3044 nostris
500 3005 640 3044 unus
659 2989 999 3046 solummodo
1029 2990 1294 3046 Ouericus
1321 2992 1562 3057 nomine,
1583 3002 1662 3058 et,
1692 3002 1751 3047 ut

155 3079 350 3146 fertur,
379 3095 410 3134 a
439 3080 576 3145 suis,
593 3080 870 3136 extinctus
898 3089 1002 3136 est.
1031 3079 1242 3137 Bellum
1271 3081 1468 3152 quippe
1492 3082 1595 3137 hoc
1627 3098 1751 3138 nar-

155 3183 332 3228 ratum
361 3173 414 3227 in
441 3188 602 3228 muro
627 3172 834 3228 arbiter
853 3172 1027 3229 Iudex
1048 3189 1153 3228 non
1176 3189 1274 3244 per
1321 3175 1340 3206 "
1373 3174 1751 3244 belﬁgerantcs

153 3275 207 3321 et
233 3265 630 3335 armipotentes
649 3265 760 3335 egit
791 3263 960 3327 viros,
993 3274 1076 3328 set
1113 3280 1210 3334 per
1237 3268 1256 3283 '
1292 3273 1528 3335 quatuor
1573 3265 1749 3332 impu-

154 3355 248 3411 bes
287 3355 520 3412 miriﬁce
556 3355 724 3428 gessit
757 3355 825 3409 ad
859 3355 1071 3411 laudem
1109 3355 1340 3410 nominis
1374 3358 1478 3411 sui.
1520 3356 1746 3411 Confra-

151 3451 253 3503 etis
285 3448 467 3517 itaque
493 3448 724 3511 viribus,
757 3448 901 3517 quod
931 3457 1259 3516 conceperat
1311 3449 1531 3503 minime
1566 3464 1744 3504 cessa-

155 3538 267 3602 vit;
333 3553 456 3590 nam
509 3547 565 3591 et
608 3536 896 3591 Salernum
951 3553 1048 3607 per
1100 3537 1403 3592 Saracenos
1455 3539 1639 3606 prius,
1693 3549 1747 3593 et

154 3636 340 3695 postea
385 3643 483 3696 per
525 3626 764 3690 Gnaeos,
805 3627 1120 3681 multotieus
1150 3643 1346 3696 capere
1380 3628 1600 3682 molitus
1638 3639 1740 3693 est,

156 3727 238 3772 set
271 3735 375 3772 non
407 3728 488 3772 est
513 3719 812 3787 permissus
841 3734 872 3771 a
904 3718 1146 3772 Domino.

225 3808 315 3862 58.
358 3808 560 3864 Eodem
590 3823 805 3878 quoque
832 3819 1073 3878 tempore
1096 3806 1292 3873 Guido,
1319 3807 1459 3863 ﬁlius
1486 3809 1746 3865 Guidouis

153 3901 412 3963 senioris,
445 3917 610 3969 super
638 3901 942 3957 Saracenos
983 3900 1036 3954 in
1080 3900 1362 3954 Gariliano
1406 3900 1428 3931 ⁸
1457 3911 1745 3956 castrame-

156 4001 299 4045 tazos
329 3992 374 4056 ',
417 4003 476 4044 ut
534 4000 678 4047 retro
715 3990 952 4054 redeam,
986 3991 1258 4046 hostiliter
1293 3991 1525 4055 irruens,
1565 4000 1742 4047 castra

154 4099 347 4138 eorum
374 4082 625 4153 dirrupta
652 4083 694 4112 ¹⁰
726 4082 1074 4152 ἁθρηιειιεινίι,
1123 4092 1178 4136 ct
1223 4083 1530 4150 aliquantos
1558 4100 1742 4138 eorum

155 4166 355 4246 gladiis
385 4173 689 4239 interfecit;
721 4173 916 4242 reliqui
952 4173 1152 4227 montis
1191 4188 1290 4241 per
1323 4186 1491 4241 opaca
1521 4181 1578 4226 ιιι
1606 4189 1743 4243 aqua

156 4265 337 4320 diliusi
370 4275 518 4320 sunt.
547 4264 642 4320 His
679 4275 860 4320 autem
886 4263 1124 4333 Capuam
1157 4265 1484 4335 apprOpiaus
1509 4265 1572 4329 ιι,
1603 4265 1742 4320 ultra

157 4359 549 4422 transvadavit,
582 4367 638 4413 ct
659 4360 725 4413 ad
754 4366 967 4428 pontem
995 4357 1084 4428 qui
1114 4357 1483 4412 'l‘eudemuudi
1519 4370 1745 4414 vocatur

155 4458 580 4504 castrametatus
611 4449 678 4514 ¹²,
708 4449 911 4525 resedit
961 4449 1296 4518 aliquandiu,
1338 4459 1394 4504 et
1441 4451 1621 4504 ablato
1676 4465 1742 4505 ex

155 4542 382 4598 Liburia
414 4544 688 4598 frumento
711 4550 767 4597 et
789 4540 909 4595 aliis
939 4541 1226 4608 victualiis,
1255 4542 1494 4613 Capuani
1524 4545 1741 4601 rel'oeil-

1854 2079 2134 2125 cmmento
2172 2071 2318 2133 dato,
2352 2067 2437 2120 vix
2463 2083 2585 2121 cum
2625 2067 2892 2121 dedecore
2918 2066 3136 2135 elapsus
3159 2076 3262 2120 est.

1924 2165 2012 2218 60.
2057 2165 2264 2220 Dehinc
2313 2163 2564 2216 Chasano
2612 2162 3133 2232 Constantinopolim
3181 2162 3436 2235 abeunte,

1851 2257 2070 2326 quidam
2127 2257 2353 2324 stratigo
2399 2253 2700 2324 augustalis
2729 2252 3030 2308 Iohannem
3063 2254 3434 2318 candidatum,

1849 2364 2011 2418 quem
2042 2349 2222 2417 lingua
2253 2347 2529 2416 Pelasgica
2563 2345 2603 2376 ¹⁹
2627 2345 2908 2401 Jauuiccio
2931 2356 3144 2412 vocant,
3179 2363 3301 2402 cum
3324 2356 3436 2400 trc-

1851 2440 2026 2495 ceutis
2061 2438 2532 2508 belligeratoribus
2575 2435 2776 2490 direxit
2817 2436 3118 2491 Athanasio
3158 2437 3435 2506 episcopo,

1851 2544 1974 2584 cum
2019 2543 2127 2598 quo
2156 2528 2298 2583 idem
2341 2527 2424 2581 vir
2451 2526 2688 2595 Capuam
2730 2525 2857 2581 hinc
2885 2534 2940 2580 et
2990 2526 3114 2581 inde
3141 2526 3435 2596 prmdavit;

1851 2629 2014 2690 atque
2048 2620 2152 2675 hoc
2198 2618 2452 2689 praesidio
2475 2617 2522 2650 ’θ
2553 2617 2778 2672 istorqu
2803 2615 3197 2672 Pandouolt‘um
3231 2632 3298 2672 ex
3322 2616 3438 2672 viu-

1849 2713 1989 2771 culis
2018 2720 2264 2782 ereptum
2294 2709 2530 2765 libertati
2569 2707 2826 2772 restituit,
2864 2716 2918 2762 et
2955 2724 2986 2761 a
3017 2706 3314 2778 Magiperto
3344 2723 3430 2762 rc-

1849 2811 2038 2873 ceptus
2063 2809 2148 2857 est
2176 2799 2452 2857 Suessam.
2478 2797 2579 2866 Qui
2603 2797 2829 2868 junctus
2869 2806 2954 2852 est
2978 2797 3205 2863 Griecis,
3231 2807 3287 2854 et
3319 2799 3436 2854 uui-

1852 2908 2006 2950 versa
2047 2890 2300 2946 animalia
2330 2888 2527 2958 Capua:
2553 2887 2731 2942 ablata
2777 2895 2921 2942 sunt.
2955 2887 3070 2954 Qua
3101 2887 3167 2942 de
3208 2903 3267 2942 re
3298 2887 3438 2942 Lan-

1849 2988 1940 3051 do,
1981 2985 2123 3040 ﬁlius
2175 2980 2518 3046 Laudouolli,
2571 2988 2628 3034 et
2663 2978 2962 3034 Laudolt‘us
3003 2979 3291 3048 episc0pus
3338 2978 3436 3044 ad-

1850 3080 2030 3135 ierunt
2070 3077 2274 3132 dictum
2321 3076 2515 3130 ducem
2538 3073 2591 3129 in
2621 3069 2953 3142 Spolecium,
2996 3079 3242 3141 petentes
3269 3071 3339 3126 ab
3367 3084 3436 3125 eo

1850 3169 2132 3223 auxilium.
2159 3163 2453 3220 Landoll'us
2480 3161 2679 3233 praesul
2705 3175 2734 3214 a
2759 3151 3018 3230 'Spolecio
3047 3173 3298 3214 reversus
3326 3168 3434 3223 est,

1799 3305 1819 3326 ,
1852 3261 2039 3317 Laudo
2067 3269 2248 3315 autem
2281 3273 2404 3313 cum
2444 3258 2634 3313 eodem
2683 3257 2820 3312 duce
2863 3271 2960 3326 per
2996 3255 3293 3325 Sepontum
3333 3254 3437 3308 Ca-

1853 3367 2011 3425 puam
2035 3350 2285 3415 advenit;
2314 3349 2405 3418 qui
2436 3363 2533 3418 per
2560 3349 2766 3418 aliquot
2803 3347 2920 3402 dies
2947 3346 3136 3402 Atella:
3164 3346 3430 3408 residens,

1850 3448 2088 3516 Capuam
2114 3443 2389 3497 frumento
2419 3441 2682 3511 implevit.
2708 3440 2946 3508 Accepto
2977 3439 3187 3502 nuntio,
3213 3447 3436 3506 repente
3500 3501 3507 3507 ,

1851 3541 2077 3594 Romam
2110 3541 2382 3609 profectus
2404 3547 2512 3601 est,
2532 3537 2815 3605 Capuanos
2845 3535 3078 3604 reliquid
3104 3535 3154 3588 in
3186 3534 3435 3588 nianihus

1848 3633 1978 3686 dicti
2009 3631 2270 3701 pra‘sulis.
2298 3630 2348 3685 Is
2373 3640 2553 3684 autem
2585 3629 2770 3682 statim
2798 3643 2962 3696 super
2984 3636 3231 3681 sanctum
3263 3626 3436 3680 Here-

1850 3741 1996 3777 mum
2039 3723 2256 3777 Graecos
2305 3730 2360 3776 et
2416 3719 2798 3791 Neapolitanos
2844 3718 3070 3783 direxit;
3124 3733 3281 3787 quem
3343 3718 3435 3772 diu

1847 3813 2178 3877 obsidentes,
2202 3827 2297 3866 eos
2325 3812 2416 3881 qui
2443 3812 2496 3865 iu
2528 3811 2848 3866 sublimibus
2883 3813 2898 3828 ‘
2933 3809 3244 3864 residebant
3269 3810 3432 3878 cepit,

1847 3917 1901 3961 et
1944 3905 2134 3960 deinde
2160 3903 2402 3974 Capuam
2427 3918 2492 3958 ex
2521 3911 2750 3970 utraque
2779 3911 2931 3970 parte
2956 3901 3196 3967 graviter
3227 3900 3268 3932 ³³
3304 3898 3437 3952 allii-

1847 3999 2066 4068 gehaut,
2099 3997 2170 4051 ita
2222 4005 2281 4049 ut
2323 3996 2480 4065 quasi
2525 3995 2744 4050 obsessa
2786 3995 3082 4048 videretur.
3109 3991 3244 4046 Nam
3280 3991 3433 4060 juxta

1849 4089 2141 4158 Sieupolim
2187 4086 2374 4142 Griece
2421 4101 2556 4140 cum.
2597 4083 2964 4154 Neapolitibus
3008 4093 3062 4138 et
3098 4083 3433 4138 l’andouolfo

1849 4182 2166 4246 residentes,
2197 4179 2378 4234 omnia
2406 4178 2830 4246 circumquaque
2861 4175 3110 4246 stirpitus
3137 4174 3184 4206 ³³
3205 4176 3432 4229 devora-

1847 4274 2006 4340 bant;
2054 4274 2195 4328 unde
2238 4272 2483 4340 contigit,
2530 4280 2588 4324 ut
2609 4270 2879 4339 octoginta
2918 4284 2984 4323 ex
3019 4267 3098 4322 eis
3129 4267 3431 4322 Calinulum

1847 4365 2195 4420 advenientes
2236 4361 2303 4425 ’⁸,
2351 4376 2514 4429 super
2551 4360 2791 4414 Teanum
2822 4357 3052 4410 latenter
3101 4357 3428 4426 irruperunt.

1847 4457 2053 4525 Quibus
2093 4469 2156 4510 ex
2192 4453 2404 4507 diverso
2429 4450 2614 4503 Laudo
2637 4464 2760 4504 cum
2810 4445 3177 4502 Teanensibus
3197 4458 3256 4509 et
3303 4447 3434 4500 Ate-

1847 4547 2023 4601 nolfus
2076 4558 2198 4598 cum
2235 4539 2524 4610 aliquantis
2563 4538 2836 4607 Capuauis
2875 4546 3232 4591 occurrerunt
3275 4537 3431 4606 juxta

157 4633 256 4690 lati
281 4643 424 4689 sunt.
464 4633 601 4689 Cum
642 4634 832 4688 eodem
872 4633 1006 4687 duce
1049 4650 1156 4686 non
1187 4643 1315 4688 sunt
1345 4633 1628 4699 fmderati;
1659 4647 1743 4692 set
1774 4655 1822 4712 υ
1847 4645 2090 4693 sanctam
2138 4630 2490 4687 Scolasticam
2521 4642 2688 4700 prope
2732 4634 2974 4682 castrum
3002 4625 3199 4689 Teani;
3251 4645 3283 4682 a
3313 4630 3434 4697 quin

156 4743 284 4784 cum
316 4733 714 4781 retrorveretur
751 4725 1052 4794 urbemque
1078 4725 1356 4787 transiret,
1389 4736 1534 4779 mezu
1568 4730 1745 4784 coacti

157 4819 517 4876 subdiderunt
545 4833 606 4873 se
633 4816 727 4872 illi.
761 4815 882 4887 Ipso
903 4819 970 4871 ad
995 4832 1092 4872 sua
1119 4827 1417 4882 remeante,
1443 4821 1619 4876 erexit
1645 4838 1746 4878 sa:—

159 4909 374 4980 pel'atus
394 4907 725 4964 Athanasius
753 4905 985 4961 viriliter
1005 4915 1194 4960 contra
1223 4921 1336 4972 eos,
1368 4907 1598 4979 tulitque
1617 4912 1743 4977 illis,

159 4998 381 5068 adjutus
435 4998 632 5054 auxilio
683 4995 1028 5059 Cra-corum,
1083 4997 1262 5050 omnia
1313 5011 1342 5048 a
1391 4995 1526 5052 foris
1590 5011 1743 5067 sata,

159 5106 394 5162 qumque
420 5092 742 5148 videbantur
767 5086 1044 5158 possidere
1069 5103 1098 5141 a
1124 5097 1276 5157 parte
1296 5086 1492 5156 Capuae
1511 5107 1615 5149 nec
1634 5111 1744 5151 non

1854 4731 1955 4784 bus
1979 4736 2033 4780 et
2057 4723 2183 4779 victi
2208 4731 2353 4776 sunt.
2385 4740 2394 4746 -

1924 4816 2014 4872 61.
2058 4812 2228 4886 (886.)
2277 4811 2384 4866 Per
2423 4808 2568 4864 idem
2620 4819 2832 4876 tempus
2863 4809 3250 4864 monasterium
3286 4808 3433 4863 beati

1853 4908 2128 4966 Benedicti
2158 4922 2189 4961 a
2219 4900 2506 4960 Saracenis
2534 4901 2685 4972 prius
2713 4898 2982 4954 dirrutum
3004 4900 3049 4930 “
3079 4915 3221 4955 anno
3253 4895 3436 4968 Domi-

1854 5004 1906 5058 ni
1929 5001 2034 5057 884
2063 5005 2128 5066 ³⁸,
2153 4998 2220 5054 ab
2241 4991 2530 5063 Augelario
2553 4987 2848 5048 venerabili
2870 4991 3064 5045 abbate
3086 4999 3320 5061 eceptum
3355 4995 3442 5042 est

1857 5093 2212 5153 rehaidiﬁcari
2245 5087 2368 5158 juso
2396 5095 2420 5125 ⁸
2449 5085 2496 5115 ⁸⁸
2529 5099 2670 5142 anno
2705 5077 2833 5144 886,
2894 5097 3078 5138 mense
3102 5079 3344 5151 Augusti.
3394 5075 3442 5128 Α

1440 5239 1675 5305 VARI/ﬁ
1718 5243 2128 5308 LECTIONES.

1306 5351 1316 5359 ’
1370 5368 1376 5370 ⁷
1450 5369 1477 5374 ’·
1568 5380 1589 5381 η
1644 5359 1879 5409 Mra-"5:
1921 5342 2440 5420 ἰιιιιιέιιὶοἰιιινιιι¹⁹¹ῗ³
2484 5351 2657 5412 Ῐτίιιῖθ·
2723 5345 3103 5420 Ῐ,²¹δδυεεευ1ίι
3134 5367 3180 5403 c.
3251 5347 3450 5401 ‘com-

2119 5415 2173 5462 ἶ
2207 5427 2351 5477 adest
2383 5419 2433 5472 5.
2567 5428 2587 5456 ⁸
2626 5415 2888 5492 gariliano
2923 5439 2935 5474 :
2965 5441 3012 5477 c.
3107 5419 3128 5450 ⁹
3167 5425 3459 5502 εξθῑηιιηθα
