3926 5590
507 415 619 482 ’⁸175

1477 409 1970 483 ‘Eitcusstnatvr‘t
2016 418 2102 478 CA

2216 416 2461 475 NENSIS
2499 401 2800 473 nomen!
3673 390 3760 457 τῖε

512 558 623 614 quo
652 541 670 573 ‘
702 539 905 597 reversi
957 538 1083 595 dum
1133 538 1374 610 Capuam
1420 549 1808 610 repetet-emus,
1833 554 1863 594 a
1897 534 2103 593 Graecis
2132 538 2174 596 Λ
2205 532 2399 587 rcddiit
2428 533 2739 592 sanaturus,
2773 528 2839 582 ad
2871 539 3029 599 quem
3062 521 3431 614 Landonolfns
3461 518 3762 614 fratersu‘ns

515 640 659 701 raptt
712 629 970 694 exutique
1014 643 1200 685 sumus
1245 635 1301 684 et
1352 629 1646 698 exequitati
1698 631 1754 694 ';
1798 626 2101 695 ablatisque

513 721 671 791 equis
692 730 749 775 et
764 719 947 790 spoliis
972 727 1025 772 et
1053 718 1317 774 ministris
1338 719 1575 784 cunctis,
1600 719 1850 774 homines
1878 723 2101 789 argento

517 810 779 879 redempti
815 818 971 874 sunt;
1000 823 1168 879 equos
1193 808 1569 879 recollegimus
1588 807 1642 863 5.
1668 809 1778 880 Ego
1806 817 1985 862 autent
2015 817 2101 862 su-

513 899 757 961 luscnut
804 906 1134 969 prmceptore
1181 898 1433 968 pedestre
1475 898 1744 964 remansi;
1775 914 1803 953 a
1833 896 2101 967 Capuanis

476 984 483 989 ’
514 985 679 1041 delati
701 1002 888 1041 smnus
922 986 976 1042 in
996 987 1211 1050 urbem,
1253 986 1377 1043 inde
1408 985 1687 1059 Neapolim
1718 996 2103 1057 pertranseun-

515 1082 596 1130 tes
620 1075 895 1145 nichilque
922 1077 1286 1146 proﬁcientes,
1318 1077 1637 1132 infructuosi
1685 1085 1706 1117 ³
1744 1076 2104 1131 remeavimus

474 1173 479 1179 '
512 1162 776 1235 Capuam.
798 1165 1003 1222 Dehinc
1033 1166 1134 1221 tria
1162 1166 1399 1237 plaustra
1423 1176 1645 1223 onerata
1667 1167 1937 1223 victualiis
1961 1167 2102 1222 mul-

466 1252 693 1324 tatisque
729 1249 1019 1324 opulentiis
1060 1255 1216 1325 juxta
1266 1257 1585 1328 Anglcnam,
1627 1273 1734 1329 quo
1783 1257 1932 1328 prius
1961 1258 2102 1329 capti

476 1356 482 1362 ‘
515 1357 706 1398 smnus
736 1359 853 1408 nos,
892 1347 1228 1415 apprehensa
1260 1355 1313 1402 et
1337 1349 1641 1416 deprmdata
1674 1357 1817 1404 sunt.

464 1490 469 1495 ,
586 1431 676 1486 62.
728 1432 843 1489 lliis
890 1436 962 1488 ita
1006 1432 1298 1491 crudeliter
1345 1438 1534 1507 gestis,
1581 1438 1864 1494 Atcnolfus
1914 1437 2103 1509 Spole-

519 1524 664 1577 cium
700 1525 722 1556 ⁶
746 1538 994 1595 pergens,
1026 1526 1152 1582 dato
1206 1528 1378 1596 pretio
1424 1527 1736 1595 Suabilmn,
1769 1529 2101 1599 gastaldeum

459 1601 463 1605 ’
517 1610 839 1678 Marsorum,
891 1631 1014 1670 cum
1068 1615 1188 1671 aliis
1248 1610 1719 1689 sociisvassisque
1750 1618 1797 1685 ',
1842 1620 1997 1689 quasi
2034 1619 2103 1674 ad

518 1692 791 1759 trecentos
830 1716 1092 1772 armatos,
1145 1722 1329 1763 secum
1380 1708 1624 1775 advexit;
1661 1726 1783 1766 eum
1826 1710 2023 1780 quibus
2047 1719 2103 1766 et

518 1796 803 1851 consilium
828 1797 967 1862 iniit,
998 1809 1054 1853 ut
1082 1799 1442 1869 gastaldatum
1462 1800 1779 1872 Capuanum
1809 1802 1881 1857 illi
1912 1801 2098 1857 firma-

516 1896 658 1943 rent.
688 1886 784 1943 Set
808 1886 1171 1959 ingredientes
1208 1876 1464 1961 Capuam,
1497 1909 1619 1948 ctun
1660 1894 1762 1949 hoc
1806 1894 2101 1965 adimplere

474 1992 481 1996 ‘
516 1979 911 2048 nequivissent,
952 1980 1079 2035 dicti
1134 1980 1368 2061 rauci,
1404 1985 1690 2039 resistente
1725 2000 1789 2041 ac
1823 1986 2100 2041 contradi-

515 2077 675 2124 cente
690 2070 962 2141 praecipue
978 2070 1234 2143 Landone
1253 2088 1513 2143 germano
1543 2075 1680 2145 ejus,
1710 2091 1745 2146 q
1782 2091 1869 2132 em
1900 2075 2099 2130 dudum

518 2160 634 2230 ipse
663 2177 785 2215 cum
815 2164 1013 2217 ceteris
1060 2163 1321 2220 fratribus
1343 2165 1677 2235 gastaldeum
1730 2167 1783 2221 in
1820 2167 1903 2221 liis
1932 2182 2055 2235 qute
2082 2165 2103 2195 “

515 2252 585 2308 ad
612 2267 707 2307 eos
751 2254 1092 2324 pertinebant
1137 2256 1463 2320 instituerat,
1496 2257 1563 2312 ab
1609 2258 1800 2312 eodem
1852 2256 2104 2312 Ateuelfo

515 2342 773 2408 absoluti,
805 2344 891 2398 via
937 2360 1042 2415 qua
1075 2357 1336 2401 venerant
1362 2347 1708 2416 repedarunt.
1741 2348 1895 2403 Tunc
1929 2349 2104 2404 dictus

516 2432 802 2489 Ateuolfus
838 2435 1070 2490 consilio
1111 2435 1296 2491 habito
1319 2453 1444 2492 cum
1490 2439 1623 2504 suis,
1657 2438 1785 2493 Sadi
1815 2447 2103 2509 cognatam

519 2539 676 2579 suum
707 2525 771 2578 ad
811 2526 1165 2584 Athanasium
1211 2529 1407 2596 sapius
1450 2530 1653 2585 dictum
1685 2529 1909 2586 subdole
1935 2532 2101 2595 misit,

516 2629 745 2683 poscens
774 2617 842 2669 ab
879 2631 944 2671 eo
974 2616 1253 2681 auxilium,
1292 2627 1348 2672 ut
1374 2618 1726 2689 adjuvaretur
1757 2619 2107 2692 singulariter

481 2724 484 2727 ν
519 2705 635 2760 fieri
661 2722 844 2763 comes
875 2708 928 2763 in
969 2708 1171 2779 Capua.
1211 2708 1325 2766 Hoc
1362 2719 1541 2765 autem
1570 2711 1795 2765 audiens
1824 2752 1839 2776 ,
1890 2712 2108 2783 gavisus

516 2807 623 2865 est,
646 2807 703 2852 et
722 2799 1011 2871 Spopondit
1031 2816 1090 2856 se
1111 2801 1161 2855 in
1198 2801 1451 2856 erunibus
1473 2800 1623 2856 illum
1647 2802 1667 2833 ⁷
1687 2801 2105 2871 attxiliaturum;

518 2905 751 2959 cumque
772 2891 874 2945 hoc
890 2908 922 2944 a
963 2891 1213 2961 plurimis
1231 2900 1281 2947 el
1319 2892 1555 2948 maxime
1586 2902 1773 2962 terque
1797 2901 2102 2964 quaterque

518 2982 761 3043 Laudoui
806 2982 995 3041 fuisset
1053 2985 1302 3053 relatum,
1326 2985 1418 3040 ille
1459 2986 1616 3041 solita
1654 2988 1881 3058 segnitie
1910 2996 1967 3043 et
1997 2996 2107 3043 tor-

496 3087 653 3143 pore
674 3072 944 3139 detentus,
978 3075 1376 3147 parvipendeus
1397 3090 1498 3146 pro
1525 3077 1726 3132 nichilo
1746 3077 1978 3134 ducebat
2000 3079 2102 3134 hu-

516 3160 754 3231 iusmodi
787 3165 1064 3221 nuncium.

593 3256 681 3310 65.
715 3255 849 3311 Exin
902 3267 1228 3313 memoratus
1273 3256 1462 3315 Laudo
1485 3258 1655 3316 febris
1692 3260 1714 3293 ⁸
1741 3261 1934 3316 ardore
1981 3276 2102 3315 suc-
2130 3238 2175 3298 (ἶ
2203 3256 2342 3311 sicut
2391 3265 2732 3311 sacramento
2778 3256 2821 3289 "
2868 3255 3141 3326 pollicitus
3184 3255 3381 3319 fuerat,
3436 3253 3705 3309 Ιιίδυτὶειηι
3728 3260 3774 3304 τι
3868 3270 3869 3341 ξ

2206 3347 2443 3417 Capuam
2478 3347 2580 3403 sub
2609 3346 2963 3416 jurejurando
2994 3346 3087 3402 illo
3129 3345 3421 3402 concessit.
3466 3344 3773 3400 Athanasius
3868 3354 3869 3417 ί

2206 3454 2337 3494 vero
2369 3439 2592 3494 retinuit
2623 3438 2770 3493 illius
2819 3438 3081 3503 sobolem,
3109 3452 3395 3508 quousque
3420 3447 3643 3508 pactum
3663 3434 3729 3490 illi
3748 3452 3773 3487 a

2206 3527 2454 3584 Guidone
2473 3527 2609 3585 duce
2629 3529 3016 3599 repromissum
3040 3528 3348 3599 susciperet
3366 3529 3552 3582 dictus
3572 3527 3773 3582 Alcaei
3868 3530 3869 3599 ξ

480 3384 483 3385 ν
516 3360 738 3412 census,
771 3346 1014 3403 Teanum
1058 3348 1247 3415 habiit,
1269 3350 1544 3406 curandus
1568 3366 1600 3404 a
1633 3350 1851 3422 langore
1880 3366 1986 3421 quo
2013 3353 2105 3405 de-

398 3480 423 3495 ,
520 3436 813 3491 tinebatur.
844 3434 1128 3493 Atenolfus
1154 3438 1370 3494 interim
1400 3455 1430 3493 a
1460 3455 1519 3495 re
1548 3449 1726 3511 empta
1755 3446 1779 3479 ³
1822 3455 1920 3496 nec
1947 3456 2102 3512 gres-

520 3541 751 3597 sumque
795 3540 968 3597 neque
1014 3539 1249 3584 mentem
1290 3531 1572 3596 atumovit,
1624 3518 1718 3586 sed
1772 3540 2017 3601 promtus
2047 3540 2105 3587 et

522 3614 762 3670 fervidus
809 3616 1049 3672 existens
1098 3618 1369 3688 parturire
1399 3620 1544 3689 quod
1584 3619 1900 3691 jamdudum
1943 3622 2107 3676 corde

521 3716 869 3775 conceperat,
907 3708 979 3762 ob
1006 3708 1110 3763 hoc
1137 3707 1412 3781 Neapolim
1449 3711 1529 3767 ire
1570 3712 2102 3768 anxiabat‘fcstinus.

526 3791 639 3847 Hoc
667 3808 795 3865 ergo
821 3810 943 3850 cum
972 3798 1039 3851 ad
1066 3814 1228 3853 aures
1253 3799 1527 3857 Landonis
1571 3804 1927 3872 pervenisset,
1983 3804 2107 3860 ilico

525 3887 768 3941 Alcisum
788 3897 844 3943 et
873 3889 1207 3945 Adelfridum
1230 3892 1469 3963 Capuam
1501 3895 1667 3961 misit,
1696 3905 1754 3950 ut
1792 3896 1994 3951 dictum
2022 3897 2106 3951 vi-

528 3992 647 4030 rum
672 3992 770 4031 suo
804 3979 1016 4033 hortatu
1042 3991 1222 4050 empto
1266 3982 1459 4039 itinere
1498 3985 1758 4048 deviaret,
1788 3995 1843 4040 et
1868 3985 2104 4055 adjecit:

530 4067 644 4138 Ego
674 4078 847 4123 autem
875 4109 889 4135 ,
928 4071 1087 4125 missa
1128 4073 1311 4126 audita
1346 4085 1395 4128 et
1444 4076 1757 4130 comestione
1784 4077 1960 4145 ﬁnita,
1987 4079 2111 4133 sub-

525 4173 717 4228 sequar
772 4174 877 4212 vos.
930 4160 1008 4213 llli
1055 4162 1200 4216 enim
1252 4165 1529 4231 abieutes,
1560 4166 1731 4222 fatum
1761 4168 1932 4223 virum
1961 4169 2112 4226 inve-

533 4249 748 4304 nientes
772 4251 1010 4307 retinere
1042 4255 1430 4323 nequiverunt;
1457 4268 1577 4313 erat
1616 4260 1759 4315 enim
1788 4262 1906 4316 dies
1936 4260 2111 4317 domi-

533 4341 707 4396 nicus.
737 4341 940 4399 Deinde
976 4343 1160 4401 Laudo
1190 4347 1556 4417 proficiscens,
1580 4365 1703 4405 cum
1742 4352 1964 4409 minime
1993 4369 2112 4425 rep-

478 4464 481 4469 -
533 4437 712 4507 perit;
749 4439 860 4510 jam
909 4442 1055 4495 enim
1108 4441 1334 4499 abierat.
1380 4442 1497 4509 Quo
1531 4442 1676 4499 facto
1730 4445 1803 4512 ⁸⁸,
1853 4447 2112 4502 sustinuit

533 4525 721 4581 Laudo
744 4526 1009 4586 redditum
1041 4532 1178 4602 ejus,
1208 4532 1389 4604 illique
1427 4536 1715 4590 revertenti
1753 4535 1890 4591 dixit
1924 4535 2111 4594 Laudo

2203 620 2438 676 invisere
2482 620 2724 684 veniens,
2762 614 3126 672 Landonolfus
3154 614 3300 670 solus
3346 611 3544 667 urbem
3572 610 3762 665 relictus

2202 720 2304 764 est.
3376 720 3379 721 '

2271 800 2360 855 64.
2393 799 2634 856 Ceruens
2677 809 2856 853 autem
2910 797 3014 853 hoc
3036 792 3343 860 Atenolfus,
3379 800 3439 847 et
3469 790 3652 845 videns

2205 901 2415 962 tempus
2441 890 2656 946 adesset
2677 902 2996 960 congruum,
3043 886 3194 959 prius
3239 883 3525 941 simulavit
3568 898 3625 937 se
3663 897 3762 937 eum

2198 983 2428 1053 conjuge
2462 990 2517 1037 et
2541 982 2772 1037 liherise
2800 982 2839 1020 ίι
2866 982 3087 1036 civitate
3114 979 3294 1050 egredi
3318 986 3369 1030 et
3404 975 3633 1034 Calvum
3658 989 3765 1047 qna-

2202 1073 2246 1126 si
2274 1073 2618 1127 habitaturus
2670 1073 2712 1104 “
2762 1071 2932 1139 adire.
2957 1070 3102 1126 Inter
3132 1071 3232 1125 ista
3262 1083 3392 1124 cum
3435 1065 3701 1147 iuvenalis
3720 1073 3767 1118 et

2204 1165 2430 1234 pecunia
2483 1154 2787 1218 ambitiosis
2832 1163 3133 1234 pacis-cens,
3183 1162 3312 1214 dato
3346 1167 3690 1235 sacramento
3722 1166 3768 1211 et

2203 1255 2483 1326 promissis
2529 1254 2712 1310 multis
2769 1253 3107 1319 muneribus,
3133 1252 3487 1321 dirrumpens
3529 1246 3768 1318 jusjuran-

2204 1345 2331 1399 dum
2362 1344 2502 1414 quod
2540 1359 2661 1398 cum
2697 1343 2820 1399 liliis
2869 1343 3140 1398 Landonis
3192 1349 3275 1397 ter
3308 1339 3615 1408 juraverat,
3665 1352 3766 1392 cum

2205 1436 2414 1507 sompni
2460 1447 2669 1511 tempus
2713 1437 3019 1491 advenisset
3064 1433 3354 1510 sabbatum
3400 1438 3529 1501 post
3565 1426 3769 1501 epyplta-

2207 1532 2356 1588 niam
2390 1532 2456 1598 ¹⁸,
2486 1532 2589 1589 hoc
2613 1541 2696 1588 est
2727 1534 2778 1586 Ἰ.
2813 1532 2962 1586 Ydus
2989 1528 3252 1593 Januarii,
3288 1524 3579 1582 advocatis
3602 1520 3770 1577 sodali-

2170 1623 2304 1679 ‘bus
2338 1623 2381 1655 ¹⁸
2423 1624 2559 1687 suis,
2612 1636 2774 1692 super
2827 1621 2964 1678 filios
2994 1618 3269 1674 Landonis
3294 1616 3462 1671 irruit
3499 1605 3770 1669 bellaturus

2206 1713 2374 1786 (887).
2422 1712 2546 1768 Filii
2576 1722 2754 1768 autem
2782 1710 3056 1766 Landonis
3099 1724 3203 1764 non
3233 1706 3481 1777 segniter
3504 1719 3569 1759 se
3591 1716 3768 1774 praepa-

2206 1813 2463 1861 raverunt
2482 1805 2743 1861 adversus
2771 1800 3077 1873 hujusmodi
3111 1810 3405 1861 conamen,
3434 1803 3524 1851 set
3549 1792 3771 1865 fugienti-

2134 1875 2176 1936 Β
2207 1894 2307 1951 bus
2331 1896 2411 1952 eis
2436 1895 2595 1958 hisin
2623 1895 2839 1966 quidem
2871 1890 3234 1955 confidebant,
3254 1885 3513 1944 concussi
3547 1886 3670 1955 sunt
3692 1897 3768 1935 νι-

2207 1984 2332 2039 lide.
2380 1983 2612 2039 Maxime
2643 1998 2706 2038 ex
2766 1979 2875 2037 hoc
2928 1966 3304 2042 turbabantur,
3336 1975 3476 2069 quia
3502 1970 3768 2069 putabant,
3868 1992 3869 2069 ξ

2204 2075 2348 2145 quod
2394 2073 2581 2130 Laudo
2629 2089 2753 2129 cum
2809 2071 3057 2127 omnibus
3102 2067 3379 2141 germanis
3429 2062 3549 2122 suis
3592 2066 3643 2119 in
3688 2064 3771 2118 hoc

2207 2164 2419 2227 adesset
2468 2163 2715 2219 discidio.
2774 2160 3029 2217 Videntes
3067 2166 3247 2213 autem
3295 2157 3397 2223 bii,
3444 2154 3773 2213 destituties-
3868 2178 3869 2227 ἡ

2207 2262 2329 2309 sent
2350 2253 2418 2308 ab
2439 2253 2714 2317 omnibus,
2747 2259 3029 2306 cesserunt
3067 2247 3343 2314 Atenolfo,
3366 2257 3427 2302 et
3456 2247 3772 2319 egredientes
3868 2270 3869 2309 ς

2209 2354 2371 2399 noctu
2420 2360 2489 2399 ex
2519 2344 2672 2407 urbe,
2699 2339 2944 2398 Teanum
2994 2341 3351 2405 advenerunt,
3404 2334 3769 2397 Landonolhx,
3868 2350 3869 2407 ξ

2208 2435 2392 2492 l’ando
2412 2445 2467 2492 et
2496 2451 2663 2506 nepos
2685 2449 2872 2492 eorum
2904 2430 3234 2499 Guaiferius,
3267 2430 3678 2485 clamitantibts
3707 2426 3772 2483 eis
3868 2434 3869 2506 ᾗ

2208 2544 2238 2583 a
2273 2537 2423 2599 tergo
2453 2526 2521 2582 de
2544 2526 2764 2581 civitate
2795 2542 2810 2579 :
2848 2522 3028 2579 Nolite
3054 2523 3130 2577 ire
3158 2520 3421 2586 Teanum,
3449 2522 3581 2593 quia
3610 2521 3772 2574 certis-

2206 2619 2335 2674 sime
2354 2618 2665 2691 capiemini!
2688 2617 2759 2672 At
2780 2616 2857 2671 illi
2900 2615 3142 2673 Teanum
3174 2614 3570 2684 appropiantes
3593 2613 3656 2678 ⁸⁸,
3680 2611 3772 2667 ιε·

2208 2708 2375 2763 sitare
2402 2707 2446 2738 “
2474 2716 2780 2778 coeperunt,
2816 2722 2885 2762 ne
2914 2698 3095 2760 forsan
3124 2720 3154 2758 a
3189 2703 3453 2758 Landone
3490 2711 3771 2757 tenerentur

2209 2797 2450 2864 astricti;
2477 2799 2734 2877 nunciato
2760 2798 2943 2877 itaque
2972 2784 3203 2849 adventu
3246 2808 3371 2860 suo,
3398 2792 3772 2848 ofﬁciosissime

2209 2900 2334 2947 sunt
2353 2872 2611 2963 suscepti.
2884 2872 2885 2877 “
2938 2958 2947 2963 “
2992 2880 2993 2883 “
3467 2890 3481 2902 ⁵

2278 2983 2369 3038 65.
2415 2984 2700 3039 Atenolfus
2749 2982 3108 3055 gastaldatum
3158 2981 3483 3052 Capuanum
3507 2979 3770 3050 singulari-
3868 2982 3869 3037 ἒ

2208 3084 2292 3128 ter
2314 3074 2639 3145 suscipiens,
2671 3075 2929 3129 continuo
2949 3086 3008 3129 se
3029 3073 3285 3128 comitem
3320 3071 3586 3143 appellari
3600 3069 3769 3141 jussit.
3868 3082 3869 3117 ξ

2206 3180 2443 3236 moxque
2495 3166 2663 3220 lilium
2704 3180 2861 3221 suum
2910 3165 3210 3220 Athanasio
3252 3165 3503 3219 obsidem
3558 3162 3771 3221 direxit.

2207 3621 2313 3687 fus,
2363 3633 2693 3694 acceptoque
2723 3623 2926 3677 fmdere
2968 3620 3199 3687 Gallico,
3252 3620 3493 3676 reddidit
3518 3619 3595 3675 illi
3630 3619 3771 3673 ﬁlium

2208 3729 2388 3779 suum,
2416 3723 2472 3769 et
2504 3715 2742 3769 cutodita
2763 3723 2849 3768 est
2877 3712 2997 3784 pax'
3032 3714 3177 3768 inter
3198 3722 3497 3783 utrumque
3522 3728 3662 3767 anno
3684 3727 3774 3765 uno

2207 3815 2262 3858 et
2300 3805 2577 3860 mensibus
2610 3805 2801 3860 tribus.
2831 3804 2935 3859 Per
2963 3805 3105 3860 idem
3138 3814 3356 3874 tempus
3396 3803 3583 3858 missis
3610 3802 3775 3873 legatis
3868 3812 3869 3825 ‘

2211 3897 2351 3953 idem
2376 3896 2658 3952 Ateuolfus
2684 3896 2932 3959 Romam,
2967 3895 3177 3967 Majone
3202 3872 3499 3951 venerabili
3530 3872 3710 3950 abbate
3726 3902 3775 3945 et

2211 3989 2466 4045 Dauferio
2492 3990 2739 4052 diacono,
2764 3996 2824 4041 ut
2867 3985 3189 4043 subderetur
3212 3985 3496 4055 Stephano
3515 3986 3605 4054 pio
3625 3999 3770 4055 papa.
3868 4000 3869 4055 ξ

2209 4088 2460 4148 essetque
2509 4078 2584 4132 illi
2625 4077 2874 4148 proprius
2906 4076 3179 4139 famulus;
3216 4085 3271 4130 et
3294 4076 3549 4144 promisit
3575 4076 3773 4130 reddere
3868 4076 3869 4148 ᾗ

2211 4166 2520 4237 Cajctanos,
2571 4182 2713 4238 quos
2741 4167 2949 4238 pridem
2978 4165 3172 4221 callide
3215 4176 3462 4235 ceperat,
3490 4164 3773 4234 adjuvare!-

2211 4275 2317 4331 que
2363 4275 2487 4313 eutn
2537 4267 2723 4314 contra
2780 4256 3084 4313 Saracenos
3133 4256 3417 4312 Garillauo
3480 4258 3774 4311 residentes.

2212 4351 2344 4420 Quae
2383 4360 2569 4422 postea
2615 4357 2811 4405 cuncta
2841 4347 3062 4414 oblitus,
3093 4364 3161 4403 ex
3186 4349 3275 4403 his
3300 4354 3435 4419 qua:
3477 4348 3775 4419 promiserat

2214 4440 2380 4496 nichil
2408 4440 2632 4494 omnino
2665 4434 3001 4509 adituplevit.
3054 4510 3065 4515 ἱ
3254 4446 3257 4451 '

2286 4532 2374 4586 66.
2416 4526 2511 4586 llis
2553 4545 2769 4601 quoque
2813 4529 3002 4585 diebus
3031 4528 3462 4601 Theophilactus
3490 4530 3704 4600 stratigo
3747 4544 3773 4579 ι

474 4647 481 4654 -
532 4628 589 4674 et
617 4620 1029 4679 caeteri‘fratres
1110 4584 1250 4690 Quid
1271 4584 1421 4699 e‘gt'sti
1446 4626 1596 4692 illuc,
1621 4644 1724 4698 quo
1750 4629 1837 4683 isti
1860 4628 1885 4682 ?
1906 4629 2111 4697 Quibus
2145 4584 2190 4642 υ
2217 4622 2340 4676 Bari
2365 4584 2606 4676 Teallmll
2634 4584 2905 4675 ίιδδιῖίίίεν
2924 4620 3144 4675 adven“
3179 4584 3378 4674 ίιίθηιίεί
3406 4584 3673 4690 “MPO”:
3687 4618 3773 4673 5-“

533 4712 625 4768 ille
648 4716 925 4784 respondit
968 4717 1128 4773 verba
1163 4719 1301 4773 bona
1337 4721 1607 4791 verbaQue
1650 4722 2013 4778 consolatoria
2059 4732 2104 4776 et

2217 4726 2442 4768 racenos
2483 4720 2755 4779 temptans
2783 4710 3132 4781 impugnare;
3165 4709 3449 4793 nichilque
3484 4710 3771 4781 proﬁciens,
3868 4712 3869 4773 ἡ

534 4805 943 4875 deceptionibns
971 4809 1147 4880 plena.
1177 4809 1294 4865 [liis
1331 4812 1529 4867 auditis
1549 4822 1604 4868 et
1626 4814 1854 4868 nimium
1884 4814 2110 4880 creduli,
2216 4803 2585 4859 ίιιίηιοιυοθυε
2623 4801 2918 4865 abscessu;
2971 4801 3264 4869 abicn‘sque
3296 4801 3602 4871 Neapolim.
3634 4801 3745 4855 Μίιῖί

536 4897 926 4964 acquieverunt
953 4900 1235 4954 credentes
1256 4901 1327 4955 ei.
1358 4901 1590 4957 Proinde
1619 4903 1805 4959 Laudo
1826 4904 2115 4959 advertens
2217 4911 2345 4950 num
2368 4896 2671 4966 gastaldum
2711 4894 2875 4949 casu‘i
2909 4894 2953 4926 ⁸⁸
2980 4902 3183 4947 sancta:
3211 4894 3438 4965 Agatha:
3470 4894 3512 4926 ι’
3539 4894 3775 4963 Ajonire-

536 4985 837 5040 fraternum
888 4987 1092 5053 dolum,
1134 4999 1215 5045 set
1259 5007 1483 5063 sompno
1508 4994 1715 5062 sopitus
1737 5003 1792 5048 et
1834 4995 2117 5065 neglegen-
2218 4986 2406 5042 bellem
2433 4986 2674 5056 percepit
2690 4984 2762 5050 ⁸⁰›
2788 4994 2842 5039 ει
2870 4983 3117 5054 Αρυιίειιιι
3142 4984 3358 5039 rediens
3378 4984 3658 5039 nonullth
3675 4999 3774 5037 ειη·

2216 4803 2585 4859 infructuosus
2623 4801 2918 4865 abscessit;
2971 4801 3264 4869 abiett‘sque
3296 4798 3602 4871 Neapolim,
3634 4799 3773 4855 Mare
3868 4800 3869 4871 γ

538 5076 620 5129 tia
649 5077 954 5153 depressus,
994 5096 1102 5134 non
1153 5081 1457 5154 intelligens
1486 5084 1648 5138 telum
1699 5101 1806 5156 quo
1837 5086 2114 5157 jaculaba-

542 5168 846 5222 tur.donec
868 5170 1275 5240 transﬁgeretur
1297 5174 1446 5229 libra:
1474 5174 1665 5230 iecoris
1695 5164 1836 5244 eius,
1866 5176 2109 5234 Teanum

2220 5082 2454 5137 nitiones
2481 5079 2722 5149 ejusdem
2752 5079 2941 5149 Ajonis
2985 5078 3034 5131 vi
3065 5077 3443 5147 apprehendit.
3469 5076 3621 5134 Unde
3636 5091 3777 5131 ocea-

2212 5175 2371 5230 sione
2420 5180 2662 5243 accepta,
2701 5170 2841 5226 idem
2897 5169 2999 5239 Ajo
3028 5170 3289 5225 adversus
3318 5158 3597 5242 augustale
3628 5169 3777 5224 donti-

1820 5309 2050 5366 \’ARIJE
2088 5308 2488 5367 LECTIONES.

547 5518 642 5538 Δνο

617 5432 640 5463 0
679 5419 1128 5515 “Prchcmpérlus
1164 5454 1285 5488 cum
1316 5440 1438 5486 εδιίίε
1486 5448 1692 5493 sentem
1727 5442 1979 5490 fratribus:
2006 5438 2052 5474 ἀ-
2082 5444 2182 5474 'I‘”
2290 5442 2373 5462 ""
2414 5425 2458 5460 ᾗ
2490 5457 2521 5462 ί·
2558 5441 2779 5464 ἠ’-’λ’
2806 5438 2819 5452 ’
2906 5452 2920 5458 ⁸
3005 5440 3070 5464 ⁸-
3113 5442 3129 5456 ⁸
3206 5456 3284 5466 ⁴“·
3326 5440 3403 5464 "“
