3926 5582
110 432 196 486 ’ῖῖῒ

110 636 375 689 inseretur
406 634 447 689 '.

171 723 262 777 67.
294 722 437 797 Ante
484 723 595 778 hoc
623 736 754 777 sane
784 731 994 792 tempus
1047 718 1387 799 Guaimarius
1431 717 1679 799 princeps

109 812 626 887 Cuisianﬁuopolim
676 814 750 889 ad
778 813 1130 884 augustoruiu
1180 810 1402 881 vestigia
1445 798 1681 887 conlisus

108 903 367 968 accessit;
389 896 427 957 ‘a
454 903 649 972 quibus
668 902 893 972 benigne
913 910 1193 971 susceptus
1219 910 1320 963 est.
1352 890 1406 957 et
1434 892 1697 969 patritius‘

108 995 171 1057 ab
193 995 277 1048 eis
319 992 523 1056 Iactus,
555 1008 680 1047 cum
708 993 910 1047 honore
939 992 1006 1045 ad
1038 975 1269 1063 propria
1300 989 1557 1045 remissus
1578 988 1705 1044 cst.’

109 1086 241 1141 Cum
270 1095 457 1141 autem
502 1085 676 1141 adhuc
702 1083 792 1139 illo
820 1093 1147 1149 moraretur,
1174 1080 1502 1137 Athanasius
1535 1079 1685 1135 dolo-

109 1192 215 1233 rem
240 1160 568 1246 conceptum
595 1180 616 1209 ¹
658 1174 712 1228 in
739 1188 875 1243 opus
895 1188 1203 1243 erumpens,
1220 1170 1438 1229 Gmcos
1467 1179 1521 1225 et
1542 1166 1699 1226 Non:

110 1248 305 1335 polites
328 1280 421 1320 seu
462 1278 652 1321 omnes
677 1263 962 1334 Capuanos
982 1263 1309 1335 generaliter
1342 1274 1564 1325 movens
1589 1276 1681 1327 su-

108 1368 198 1421 per
240 1352 565 1413 Abellanum
612 1363 640 1391 ι
676 1352 833 1407 ωἰείι
874 1362 1137 1413 castrum,
1169 1366 1276 1425 quo
1309 1359 1434 1404 tunc
1448 1357 1686 1420 prmerat

109 1434 402 1514 Laudolfus
428 1432 809 1501 SuesSulauus.
834 1440 955 1505 Mox
1005 1451 1184 1496 autem
1211 1449 1269 1494 ut
1298 1436 1405 1493 illic
1428 1453 1687 1507 superve-

109 1518 507 1607 niteitercitus,
547 1529 743 1587 fraude.
776 1531 989 1585 illorum
1038 1533 1129 1600 qni
1172 1516 1318 1585 intro
1349 1527 1559 1599 erant‘
1596 1543 1688 1582 ca-

107 1632 257 1697 ptum
290 1631 395 1699 est,
418 1624 758 1693 apprehenso
791 1623 846 1677 in
868 1638 933 1679 eo
957 1620 1220 1677 Landnll‘o
1245 1632 1298 1676 et
1331 1621 1437 1675 lilio
1463 1618 1687 1691 ejusju-

109 1714 260 1767 aiore
290 1729 596 1785 nurumque
624 1700 786 1779 illius,
820 1730 990 1770 uxore
1042 1713 1063 1745 "
1100 1714 1355 1791 videlicet
1384 1704 1684 1780 Landonis,

111 1803 193 1871 qui
218 1818 346 1858 cum
372 1799 689 1869 Guaimario
702 1804 982 1873 profectus
1000 1804 1020 1836 ⁸
1040 1804 1235 1861 fuerat.

1130 464 1135 469 -
1196 424 1520 485 HISTORIA
1550 420 2184 483 LANGOBARDORUM.

109 547 244 601 nium
266 540 584 598 rebellionis
611 536 847 613 iurgium
879 538 1130 607 initiavit,
1168 540 1311 609 quod
1357 553 1455 593 suo
1484 508 1683 593 inloco
1710 540 1756 597 Α
1787 533 1915 588 lium
1945 549 2240 591 suumcum
2264 532 2555 603 aliquantis
2575 548 2603 587 e
2625 532 2805 604 Capua
2833 532 3073 589 obsidem
3091 496 3351 615 mitteret.

3240 420 3344 525 ἵζε

1780 618 1897 681 Ποό
1932 634 2110 680 autem
2134 624 2362 691 faciens,
2411 624 2634 681 insidias
2681 625 2928 703 tetendit"
2953 625 3184 681 latenter
3226 618 3387 683 eumri'

1779 713 1982 769 Criecis
2009 723 2065 769 et
2092 715 2204 769 suis
2240 716 2306 771 ad
2358 715 2676 787 capiendum
2724 729 2819 771 eos
2849 717 2915 771 ".
2938 715 3037 772 Set
3082 717 3210 786 quia
3237 734 3262 783 ,·
3296 726 3359 773 ut

1781 794 2089 873 conjicitur,
2120 807 2293 861 adhuc
2343 822 2449 862 non
2487 816 2606 863 erat
2652 808 2915 879 completa
2945 810 3150 864 malitia
3175 848 3193 875 ,
3238 796 3389 881 quas

1783 907 1896 965 post
1928 896 2199 965 paulluum
2230 898 2485 953 dirinitus
2512 900 2780 969 punienda
2812 902 2923 966 est,
2945 900 3088 957 facta
3115 904 3357 971 morula;
3382 892 3388 897 ”

1783 994 1866 1040 set
1891 996 1948 1041 et
1974 986 2137 1040 ﬁlium
2165 1002 2321 1042 suum
2349 987 2490 1043 infra
2522 990 2709 1045 urbem
2752 990 2981 1056 clausit,
3019 986 3392 1065 supradictosi

1783 1072 1927 1131 viros
1965 1077 2111 1131 misit
2144 1092 2397 1145 arenam;
2444 1093 2800 1149 egressusque
2849 1081 3030 1135 statim
3072 1079 3361 1136 Graiorum

1782 1179 2005 1228 cuneus,
2037 1165 2372 1234 supradictos
2400 1168 2755 1236 apprehendit
2778 1168 2925 1223 viros
2975 1183 3096 1223 cum
3129 1168 3272 1233 aliis,
3303 1170 3391 1224 et'

1789 1251 2111 1322 depraedavit
2160 1262 2325 1308 totam
2367 1253 2601 1324 Capuam
2642 1257 2921 1327 graviter;
2967 1273 3201 1329 moxque
3247 1260 3395 1315 siue‘

1784 1346 2053 1401 delatione
2075 1358 2324 1403 cunctum
2348 1350 2644 1419 equitatum
2668 1362 2721 1405 et
2743 1351 3043 1420 pedestrem
3064 1352 3367 1408 exercitum

1786 1434 2027 1502 mittens,
2056 1439 2234 1492 omnia
2265 1448 2395 1493 sata.
2420 1438 2616 1508 Capuae
2660 1441 2860 1495 succidi
2907 1440 3369 1512 exterminarique

1786 1526 1916 1582 fecTt
1947 1528 2210 1583 funditus.

1810 1630 1813 1635 '
1856 1616 1943 1673 7|.
1969 1616 2513 1689 (888.)Prmseieus”
2539 1627 2717 1675 autem
2744 1619 2890 1675 Deus
2926 1621 3052 1676 dicti
3082 1621 3181 1676 viri
3214 1606 3389 1675 mali-b

1790 1707 1916 1761 tiam
1948 1718 2007 1761 et
2044 1709 2227 1762 volens
2276 1719 2531 1779 praestare
2554 1708 2831 1779 Capuanis
2856 1710 3285 1765 misericordiam
3312 1711 3370 1764 in

1789 1809 1896 1854 tam
1928 1801 2433 1871 erudeli‘impiaque
2450 1801 2842 1871 persecutione,
2869 1801 3107 1871 permisit
3139 1802 3370 1856 eundem
3394 1838 3399 1843 ο

112 1878 121 1889 ”
176 1893 268 1948 68.
313 1890 409 1947 llis
455 1895 528 1948 ita
551 1896 819 1961 decursis,
838 1911 1034 1957 suasus
1052 1893 1244 1950 Laudo
1290 1880 1363 1950 ab,
1390 1888 1695 1967 Algegisnlt‘
1722 1876 1767 1935 Β
1797 1893 2149 1950 Athanasium
2197 1896 2251 1950 in
2289 1900 2503 1949 tantam
2541 1896 2824 1950 elationem
2870 1909 3256 1965 prorumpere,
3311 1902 3395 1948 ut"

109 1974 339 2054 aliisque
379 1984 671 2063 Capuanis,
691 1980 947 2040 unacum
973 1985 1248 2040 Guail‘erio
1272 1986 1538 2057 quandam
1582 1998 1686 2040 tra—

109 2072 341 2127 ctoriam
373 2074 616 2144 plaustro
641 2076 926 2131 vehentem
951 2076 972 2107 ⁸
997 2076 1358 2141 intromissus,
1381 2076 1686 2146 Capuanum

112 2163 308 2216 urbem
340 2161 751 2240 ingrchusest,
783 2173 945 2234 atque
970 2167 1034 2221 ad
1056 2165 1412 2237 episcopalem
1440 2166 1571 2237 abiit
1595 2182 1692 2219 au-

108 2250 216 2304 iam
241 2268 258 2317 ;
285 2252 377 2306 ubi
407 2255 567 2323 pauci
616 2256 685 2310 ex
700 2256 821 2311 suis
850 2256 880 2289 "
934 2246 1243 2328 congregati
1275 2266 1422 2322 sunt,
1444 2256 1691 2312 Atcnolfo

110 2328 478 2397 accelerante.
510 2341 661 2399 Tunc
680 2344 1415 2418 eommissum'estprrlium,
1453 2358 1690 2403 mortuo-

110 2447 215 2501 que
264 2432 479 2488 Valane
523 2433 719 2489 illustri
749 2434 889 2501 vim,
917 2434 1234 2491 dissolutum
1259 2446 1343 2493 cst
1370 2454 1464 2493 cor
1504 2453 1691 2493 eorum

114 2524 203 2592 qui
248 2524 303 2577 iu
352 2533 508 2593 parte
534 2525 803 2581 Landonis
844 2537 1017 2590 erant,
1051 2537 1106 2582 et
1125 2538 1408 2598 cmpcruut
1432 2528 1580 2584 illum
1611 2545 1690 2583 re-

106 2610 359 2681 linquere
389 2622 446 2667 et
466 2612 711 2669 Ateuoll'o
740 2617 954 2672 sociari.
983 2616 1154 2683 Tunc,
1185 2619 1312 2674 licet
1339 2620 1521 2683 tincto,
1546 2620 1693 2689 pacis

111 2704 361 2759 osculum
379 2705 490 2759 sibi
513 2716 698 2761 mutuo
723 2707 917 2767 fratres
954 2709 1285 2780 optulerunt,
1312 2711 1454 2779 quod
1485 2711 1538 2763 in
1565 2725 1693 2765 arca

112 2796 295 2851 cordis
338 2798 563 2852 minime
613 2796 934 2854 retinebant.
975 2798 1167 2854 Laudo
1216 2808 1392 2854 autem
1421 2809 1542 2871 post
1589 2800 1693 2855 ista

110 2905 237 2944 cum
259 2888 543 2945 Guaiferio
570 2889 880 2961 adprOpria
904 2903 1228 2955 remeantes,
1254 2892 1444 2962 reliqui
1465 2900 1696 2947 consan-

104 2983 264 3037 ‘tauei
316 2982 536 3037 illorum
578 2986 727 3059 ‘capti
758 2992 969 3039 suntet
1014 2984 1243 3040 vinculis
1294 2984 1508 3050 innexi;
1558 2986 1697 3039 inter

114 3088 252 3142 quos
274 3083 329 3127 et
348 3072 646 3127 Landoil‘us
674 3075 867 3144 pracsul
890 3082 1080 3145 captus
1103 3083 1260 3130 estet
1298 3075 1554 3130 custodiae
1583 3080 1697 3128 tru-

114 3177 231 3216 sus.
248 3158 384 3216 Post
416 3178 520 3216 non
550 3163 774 3219 multum
796 3172 1014 3234 tempus
1032 3173 1131 3236 per
1159 3165 1400 3236 singulos
1420 3165 1537 3220 dies
1572 3179 1693 3219 om-

113 3266 217 3307 nes
242 3252 477 3307 absoluti
509 3260 657 3308 sunt.
1024 3260 1027 3267 ’

148 3354 151 3355 ⁷
184 3343 275 3398 69.
333 3332 389 3397 in
440 3343 629 3398 diebus
662 3342 765 3399 illis
800 3344 1017 3423 quando
1048 3343 1327 3400 A‘tenolfus
1371 3345 1699 3415 gastaldatus

112 3432 335 3499 regendi
366 3430 488 3497 iura
519 3432 741 3501 adeptus
769 3441 872 3497 est,
912 3434 1090 3488 omnia
1115 3449 1342 3503 qumque
1382 3434 1700 3490 Benedictus

106 3520 256 3574 infra
289 3522 477 3575 urbem
513 3520 824 3590 Capuanum
857 3523 1116 3593 possedit,
1147 3523 1402 3579 fratribus
1428 3525 1699 3579 exulanti-

96 3602 219 3667 'bns
242 3611 446 3666 auferri
476 3614 744 3685 praecepit.
771 3614 884 3681 Qua
915 3615 981 3670 de
1013 3631 1068 3669 re
1099 3616 1293 3670 missus
1317 3616 1384 3670 ab
1415 3617 1699 3687 Angelario

98 3704 411 3758 venerabili
460 3703 653 3759 abbate
700 3721 800 3775 ego
845 3707 961 3777 ipse
988 3706 1212 3777 vestigia
1245 3705 1697 3777 apostolorum“,

94 3788 225 3863 adii
254 3792 592 3871 Stephanum
627 3808 896 3848 summum
944 3795 1248 3865 pontificem
1278 3836 1294 3862 ,
1333 3797 1701 3865 postulaturus

96 3896 215 3950 pro
241 3885 408 3938 rebus
457 3884 657 3938 nostris
685 3884 926 3950 abbatis;
980 3900 1008 3937 a
1041 3898 1147 3954 quo
1192 3894 1243 3939 et
1276 3887 1698 3941 benedictionem

92 3970 374 4027 fratribus
423 3968 587 4028 detuli
631 3976 686 4029 et
741 3972 1076 4047 privilegium
1129 3977 1298 4032 nostri
1348 3977 1612 4043 coenobii,
1645 3988 1701 4033 et

90 4065 429 4133 supradicto
455 4065 573 4118 viro
598 4065 803 4122 litteras
831 4066 853 4097 ’
882 4069 1279 4125 exhortatorias
1315 4070 1487 4123 attuli.
1520 4060 1706 4139 Domié

104 4153 306 4208 nicalis
335 4170 427 4208 res
462 4153 638 4225 ablata
670 4157 874 4211 reddita
903 4165 1019 4220 est,
1064 4172 1182 4210 mea
1214 4157 1255 4188 '°
1285 4166 1463 4212 autem
1494 4173 1560 4212 ex
1589 4167 1702 4214 toto

96 4238 423 4308 militi-acta;
454 4242 510 4297 in
539 4244 782 4313 proximo
822 4246 984 4299 etiam
1030 4245 1220 4302 cellam
1253 4246 1379 4301 mihi
1411 4250 1477 4301 ab
1506 4249 1702 4304 abbate

92 4332 395 4409 traditam,
426 4342 687 4403 concepto
717 4334 921 4396 dolore,
954 4333 1005 4388 vi
1032 4330 1275 4389 abstulit.

88 4424 95 4429 ’
184 4421 273 4477 70.
327 4422 692 4478 lnterea‘cum
730 4423 1012 4479 Alenoll‘us
1049 4425 1161 4493 jam
1219 4410 1549 4482 memoratus
1591 4426 1697 4483 Ca-

1789 1986 1949 2039 ctiam
1976 1984 2282 2039 Beneventi
2297 1984 2428 2039 lines
2453 1985 2536 2039 bis
2565 1993 2746 2054 terque
2773 1985 2998 2055 pradari
3024 1982 3244 2039 faceret.
3271 1982 3374 2037 Aio

1790 2084 1968 2130 autem
2003 2083 2130 2130 tunc
2158 2075 2280 2129 Bari
2317 2074 2537 2145 degens,
2558 2074 2915 2145 impugnabat
2939 2074 3157 2129 Graecos
3195 2074 3397 2143 impu-.

1790 2173 2017 2234 pilantes
2039 2179 2127 2232 se;
2169 2165 2260 2235 qui
2295 2165 2397 2220 hoc
2421 2167 2664 2228 audiens,
2700 2164 2822 2218 ilico
2850 2165 3078 2234 segnitie
3109 2164 3399 2237 deposita,‘

1790 2253 1960 2310 ferme
1989 2272 2111 2311 cum
2143 2258 2313 2311 tribus
2338 2256 2559 2313 milibus
2609 2256 2956 2311 bellatoribus
3004 2257 3395 2312 clanculoveo’

1792 2347 1944 2401 niens
1968 2355 2205 2401 castrum
2256 2348 2312 2401 in
2349 2345 2695 2411 Abellinum;
2747 2346 2836 2401 ubi
2868 2354 3055 2401 autem
3090 2346 3395 2411 intellexit;

1790 2435 2008 2492 Grmcos
2053 2452 2175 2491 cum
2221 2434 2590 2505 Neapolitibus
2651 2435 2887 2490 residere
2929 2434 3091 2505 super
3136 2433 3376 2505 Capuam

1793 2529 2151 2599 radicitusque
2176 2543 2296 2584 eam
2327 2529 2627 2594 devastare,
2656 2526 2782 2583 ilico
2815 2530 2963 2583 recto
2992 2527 3191 2581 itinere
3216 2541 3385 2595 super

1791 2630 1885 2670 eos
1914 2617 2172 2671 audacter
2203 2614 2497 2671 adventare
2525 2616 2749 2670 studuit.
2778 2614 2876 2670 Set
2900 2614 3119 2685 quidam
3149 2625 3399 2668 naturam-

1793 2705 1917 2759 liter
1943 2706 2274 2759 zizaniorum
2300 2712 2452 2760 sator
2475 2702 2779 2768 Dauferius,
2815 2703 3048 2757 Daul‘erii
3082 2703 3247 2757 nostri
3266 2704 3395 2772 ge"

1794 2796 1960 2862 nitor,
1993 2798 2125 2851 urbe
2160 2796 2448 2852 Beneventi
2479 2809 2728 2866 egressus
2756 2795 2985 2850 subdole
3020 2795 3132 2849 aesi
3162 2804 3399 2851 secutu-'

1794 2904 1887 2943 rus
1911 2889 2238 2958 principem,
2263 2903 2327 2942 ex
2361 2889 2572 2944 diverso
2598 2887 2839 2957 Capuam
2879 2888 3078 2942 cursim
3103 2888 3148 2919 “’
3187 2890 3395 2958 propea'

1795 2979 1935 3033 ravit
1978 2987 2033 3034 et
2062 2980 2207 3034 dicto
2247 2978 2510 3034 exercitui
2552 2979 2839 3033 adventum
2879 2979 3134 3033 indicavit
3171 2976 3380 3033 Aionis.

1792 3070 1865 3125 At
1894 3069 1985 3133 illi,
2015 3070 2202 3124 relicta
2230 3069 2434 3139 Capua,
2471 3070 2775 3140 praecipites
2806 3070 2851 3103 “
2873 3068 3147 3141 Neapolim
3177 3070 3397 3125 reversi'

1800 3169 1955 3226 sunt;
2006 3160 2109 3215 Aio
2131 3169 2311 3214 autem
2349 3159 2455 3214 iter
2483 3159 2622 3229 quod
2652 3169 2890 3229 coeperat
2918 3160 3140 3229 peregit,
3169 3160 3398 3230 illisque)

1800 3248 2022 3302 minime
2068 3249 2331 3317 repertis,
2372 3248 2645 3302 Liburiam
2696 3248 2971 3320 ingressus
2995 3258 3103 3314 est,
3126 3263 3248 3302 etim
3274 3262 3393 3319 quo

1796 3350 1853 3395 et
1890 3339 2171 3396 Ateuolfus
2226 3341 2390 3407 abiit;
2441 3349 2497 3395 et
2516 3349 2712 3396 exusta
2743 3349 2852 3394 tota
2901 3354 3039 3409 pene
3068 3339 3287 3394 Liburia
3319 3355 3389 3396 ac

1798 3431 2135 3502 deprzedata,
2180 3431 2497 3502 populisque
2525 3439 2580 3486 et
2609 3431 2799 3486 bestiis
2828 3430 3021 3486 ablatis
3044 3472 3058 3495 ,
3104 3430 3397 3500 puteisque

1799 3536 1931 3577 saxo
1950 3521 2219 3591 oppilatis,
2243 3523 2658 3591 amphiteatrum
2684 3521 2956 3592 profectus
2982 3530 3087 3576 est.
3115 3522 3234 3589 Quo
3252 3522 3390 3577 resi-

1798 3617 1930 3671 dens
1955 3631 2049 3686 per
2079 3616 2284 3687 aliquot
2311 3619 2448 3682 dies,
2484 3616 2751 3672 machinis
2770 3624 2835 3670 et
2862 3616 3091 3672 diversis
3118 3617 3236 3672 telis
3268 3616 3393 3672 τοι-οδ

1800 3706 1923 3761 titer
1965 3707 2292 3777 expugnavit
2346 3706 2472 3761 illud
2498 3707 2562 3760 τ’.
2598 3706 2832 3775 Indeque
2856 3707 2899 3737 ⁸⁷
2930 3706 3186 3771 habiens,
3220 3711 3389 3775 super

1799 3808 2037 3853 castrum
2067 3807 2267 3854 sanctae
2295 3799 2517 3868 Agatha:
2546 3798 2764 3863 insedit,
2798 3807 2959 3866 atque
2991 3797 3253 3852 Marinum
3285 3813 3387 3870 ga-

1800 3889 2032 3944 staldum
2059 3889 2157 3944 sibi
2188 3889 2438 3943 rebellem
2465 3889 2518 3942 in
2547 3888 2649 3943 fide
2673 3890 2739 3942 ad
2764 3903 2825 3942 se
2858 3898 3184 3943 remeantem
3213 3887 3388 3943 suseié

1801 3976 1976 4046 piens,
2008 3977 2297 4042 abscessit;
2335 3977 2652 4047 aliquandiu
2688 3976 2996 4031 Benevento
3020 3990 3371 4032 commorans

1803 4064 2220 4137 per‘Sepontnrn
2250 4067 2427 4123 Barim
2458 4081 2708 4122 reversus
2739 4074 2840 4121 est.
2926 4098 2932 4113 ι
3374 4072 3383 4103 τ

1802 4174 1809 4180 ·
1873 4158 1961 4214 72.
2002 4159 2283 4214 Atenolfus
2310 4169 2487 4221 autem
2517 4160 2675 4215 Αἰοηί
2711 4175 2769 4215 se
2798 4159 3032 4215 subdens
3077 4175 3171 4230 per
3201 4170 3388 4215 sacra-2

1801 4260 2063 4316 mentum,
2094 4253 2162 4306 ab
2189 4253 2376 4306 eodem
2407 4253 2459 4305 in
2489 4251 2811 4319 adiutorium
2842 4253 2925 4306 sui
2953 4261 3164 4307 centum
3193 4253 3383 4323 vigiutt

1801 4339 1975 4396 Fertne
2004 4342 2292 4396 bellatores
2315 4342 2746 4409 virossuscepit,
2777 4356 2897 4394 cum
2924 4341 3124 4411 quibus
3151 4342 3390 4410 graviter

1802 4437 1966 4483 totam
2010 4429 2288 4484 Liburiam
2333 4430 2678 4499 deprtedavit.
2708 4427 2815 4484 Sed
2845 4431 2971 4500 quia
3001 4446 3387 4499 nonnunquam

88 4530 320 4583 puanos
362 4514 933 4607 cepisset,-advertens
961 4517 1283 4571 Athanasius
1315 4518 1553 4588 Capuam
1586 4518 1698 4574 fore
1730 4559 1776 4617 Β
1802 4520 2108 4589 desperatio
2131 4519 2426 4590 periculum
2459 4521 2677 4589 gignere
2705 4519 2864 4583 solet,
2900 4521 3226 4591 generaliter
3256 4522 3389 4576 moti

92 4604 581 4661 titerconcussam
605 4645 619 4669 ,
656 4607 821 4676 coepit
864 4608 1203 4663 occasionem
1233 4622 1474 4678 quzerere
1505 4610 1695 4664 adver-
1730 4604 1770 4655 ’Τ
1803 4610 2130 4666 Matereuses
2177 4626 2208 4664 e
2256 4609 2420 4665 Calvo
2451 4610 2495 4642 ¹⁸
2517 4619 2572 4665 et
2606 4611 2873 4681 aliquanti
2924 4612 3163 4683 Capuani
3193 4613 3235 4646 "
3260 4628 3386 4669 cum

84 4710 209 4747 sus
236 4694 566 4758 Atenolfum,
600 4705 655 4771 et
677 4697 892 4753 obsides
923 4698 990 4752 ah
1021 4712 1087 4753 eo
1117 4714 1209 4754 seu
1241 4707 1295 4753 et
1323 4714 1507 4768 pac.m
1540 4701 1697 4754 inuo-

96 4797 266 4835 vare.
296 4784 714 4840 Dccurrentibus
755 4787 898 4843 inter
926 4787 1216 4843 alterutros
1247 4790 1447 4851 missis,
1489 4789 1626 4843 Maio
1650 4791 1693 4840 ιε

82 4876 456 4943 supradictus
493 4877 662 4933 abbas
708 4885 763 4931 et
811 4876 1112 4934 Ansencius
1154 4876 1429 4950 Neapolim
1470 4879 1695 4949 profecti

86 4975 257 5025 sunt,
288 4980 423 5034 quos
450 4964 787 5022 Athanasius
803 4968 870 5021 ad
890 4958 1313 5039 amphiteatrum
1360 4972 1440 5026 ire
1487 4975 1695 5040 preme;

84 5055 216 5123 pit,
243 5052 511 5126 simulque
549 5058 856 5114 Atenolfum
907 5058 1032 5115 illuc
1070 5061 1258 5116 adesse
1287 5061 1471 5128 voluit,
1500 5074 1691 5134 quate—

80 5158 219 5201 nus
244 5144 454 5203 ﬁrmato
484 5145 689 5205 ﬁndere
725 5163 835 5205 una
868 5163 995 5203 cum
1039 5148 1325 5207 Guaiferio
1350 5142 1590 5219 consule,
1626 5141 1691 5209 fil

1773 4701 1959 4768 ,dictis
1987 4701 2364 4770 Apulieusibus
2401 4699 2574 4769 juncti
2601 4743 2616 4765 ,
2661 4701 2936 4757 Liburiam
2967 4705 3390 4768 circumeuntes,

1802 4787 2116 4845 Sttessmam
2140 4791 2536 4857 depraedarunt,
2560 4800 2614 4847 et
2633 4791 2830 4845 reverti
2858 4805 3156 4862 omperunt.
3182 4794 3393 4862 Quibus

1799 4882 2040 4935 occurrit
2074 4882 2384 4937 Graecorum
2427 4880 2873 4953 Neapolitumque
2918 4885 3194 4941 exercitus
3241 4882 3400 4950 juxta

1803 4970 2037 5026 rivulum
2069 4972 2242 5033 Lauii,
2274 4981 2433 5040 atque
2464 4972 2523 5027 in
2549 4988 2716 5029 unum
2745 4971 2925 5036 mixti,
2954 4975 3403 5047 supervalebat”

1800 5056 1925 5132 pars
1972 5063 2204 5124 Ateuolli
2255 5072 2462 5132 partem
2513 5052 2837 5137 Gragicam;
2887 5073 2974 5119 set
3018 5064 3412 5138 superveniens

1800 5162 1949 5210 Sarra
1980 5157 2263 5221 theatralis
2288 5172 2317 5210 a
2348 5165 2501 5225 tergo
2525 5169 2579 5215 et
2606 5160 2661 5215 in
2685 5153 2890 5218 medio,
2921 5158 3286 5228 circumsepti,
3325 5157 3418 5213 de-

1238 5274 1243 5281 ‘
1292 5270 1295 5275 ’
1350 5278 1353 5281 ’
1404 5290 1636 5349 vanis;
1673 5274 2109 5365 LECTIONEs;
2166 5282 2170 5286 ’

187 5394 209 5424 ¹
232 5394 491 5461 inferetur
523 5397 575 5452 ὅ.
610 5460 621 5465 _
676 5400 696 5430 ³
726 5395 915 5450 dolore
937 5403 1227 5467 conceptus
1250 5400 1304 5455 5.
1406 5400 1425 5430 ³

84 5465 129 5501 1
150 5470 339 5508 nan-nia
364 5483 431 5502 ο-
459 5468 515 5494 --ε
554 5484 563 5488 ‹
719 5468 747 5501 e
780 5467 859 5503 ειη
897 5465 1164 5504 diuina-1::
1180 5478 1212 5498 η.
1321 5468 1354 5497 ις
1386 5465 1569 5498 u...,.-.‘

1462 5402 1905 5505 ξιιμ-ργθνεμηιξ..Ι
1974 5410 2002 5443 ⁸
2045 5424 2285 5496 ιιςρνοω.
2359 5406 2379 5437 ⁸
2406 5411 2741 5496 prophectus
2769 5418 2815 5450 ο-

2919 5407 2939 5436 G
2971 5412 3227 5446 ναι-Ληιιιη
3237 5416 3249 5440 Ι
3258 5420 3338 5438 om

1869 5486 1942 5508 ιη.
1976 5486 2188 5530 αηνμῖηΑ
2212 5495 2224 5507 ο
2254 5490 2338 5506 ann
2370 5492 2390 5504 Α
