4026 6296
555 416 655 472 779

1505 405 1998 466 ERCHEMBERTI
2037 370 2480 464 CASSINENSIS
2521 375 2825 461 MONACHI

3713 405 3816 476 rs)

553 525 678 579 victi
714 531 868 584 sunt,
899 521 1094 594 partim
1129 523 1302 593 capti.
1339 521 1644 591 partimque
1682 519 1873 591 gladiis
1907 519 2130 574 extincti
2161 523 2205 580 Α
2237 515 2328 586 qui
2364 531 2458 586 per
2489 525 2760 572 trecentos
2803 523 2859 570 et
2904 529 2970 572 eo
3003 515 3234 586 amplius
3271 517 3490 571 annos"
3521 512 3829 588 imperave-

550 627 693 674 sunt.
745 617 857 672 Hac
905 617 972 672 de
996 629 1158 670 causa
1206 615 1485 670 audaciam
1528 629 1747 668 sumens
1783 611 2132 675 Athanasius,

541 687 748 763 bellum
779 707 941 778 C(Bpil
969 715 1222 776 expetere
1251 722 1264 772 ;
1297 705 1437 760 unde
1480 703 1778 769 Atenolfus,
1812 720 1917 759 non
1954 703 2135 774 segnis

550 785 812 865 redditus,
844 799 1102 853 continuo
1129 814 1249 852 cum
1281 799 1394 853 suis
1421 795 1650 851 Atellam
1679 797 1808 850 abiit
1833 836 1848 862 ,
1898 795 2134 865 dumque

535 879 788 963 praelium
816 909 923 948 non
957 893 1269 958 invenisset,
1304 905 1554 946 reversus
1579 899 1663 945 est
1687 890 1753 944 ad
1783 904 1877 943 sua

615 983 704 1038 75.
743 982 878 1038 Cum
909 998 1016 1037 non
1063 981 1232 1042 multo
1270 989 1420 1052 post,
1461 981 1750 1050 instigante
1781 979 1998 1033 inimico
2030 977 2130 1032 hu-

534 1089 706 1130 mano
721 1074 962 1145 generi,
993 1073 1220 1130 collecto
1250 1072 1575 1127 Athanasius
1610 1071 1950 1126 multitudine
1979 1083 2133 1123 exer-

541 1164 650 1219 citu
699 1163 868 1219 mixto
910 1164 1243 1229 Grmcorum,
1280 1162 1733 1234 Neapolitensium
1768 1171 1823 1216 et
1851 1159 2130 1215 Hismaeli-

542 1267 720 1311 tarum
745 1296 760 1322 ,
813 1257 1171 1327 equitantium
1209 1266 1264 1312 et
1296 1257 1624 1328 pedestrium
1651 1295 1666 1320 ,
1719 1254 1974 1323 misitque
2013 1251 2135 1306 illos

539 1349 801 1405 adversus
831 1349 1067 1420 Capuam
1100 1358 1454 1420 pugnaturos.
1496 1347 1702 1416 Quibus
1735 1345 1972 1402 occurrit
1997 1345 2128 1399 Ate-

538 1435 719 1493 nolfus
745 1437 882 1492 ultra
921 1437 1152 1492 rivulum
1186 1439 1334 1492 Lanii
1354 1431 1507 1509 juitta
1537 1422 2048 1492 sanctumCarcium
2079 1445 2128 1500 ει,

532 1527 747 1585 habens
777 1529 830 1584 in
858 1530 1114 1584 comitatu
1143 1545 1241 1584 suo
1266 1529 1614 1584 auxiliatores
1641 1529 1708 1583 ab
1737 1527 1908 1597 Ajone
1937 1527 2132 1581 missos

537 1633 746 1675 necnon
769 1629 824 1675 et
847 1619 1170 1676 Saracenos.
1200 1620 1456 1676 Saraceni
1485 1635 1612 1675 vero
1633 1635 1701 1674 ex
1725 1628 1953 1690 utraque
1975 1625 2130 1688 parte

527 1707 705 1776 juncti
755 1718 1046 1776 steterunt,
1086 1710 1216 1765 nulli
1264 1718 1450 1766 eorum
1497 1710 1800 1780 praebentes
1847 1708 2126 1763 auxilium.

533 1799 820 1856 Atenolfus
851 1801 976 1857 talia
1020 1817 1268 1863 cernens.
1320 1802 1500 1856 acrius
1548 1817 1708 1872 super
1736 1800 1981 1855 inimicos
2002 1814 2128 1856 suos

2243 615 2364 660 rant
2392 607 2615 676 legibus,
2646 621 2879 676 praeesse
2905 617 3184 675 coeperunt
3216 607 3300 662 his
3330 607 3418 675 qui
3451 623 3574 661 cum
3604 607 3834 664 Sarace-

2241 697 2325 751 nis
2353 695 2593 751 vicerant
2628 711 2722 766 per
2753 696 2972 765 aliquod
3006 695 3164 750 soles.
3219 695 3370 750 Tunc
3419 697 3590 765 erepit
3633 697 3833 752 cohors

2238 787 2508 843 Bardieab
2541 789 2880 858 triumphans
2916 802 3143 858 regnare
3189 801 3350 858 super
3379 804 3498 853 eos,
3524 804 3667 858 quos
3691 804 3838 845 sem—

2238 891 2336 946 per
2364 878 2530 932 armis
2561 879 2910 948 subegerunt.

2307 968 2393 1022 75.
2427 969 2634 1024 interea
2669 970 2863 1024 videns
2905 969 3236 1026 Athanasius
3280 985 3338 1026 se
3369 971 3422 1025 in
3461 971 3725 1027 omnibus
3749 987 3839 1027 su-

2235 1069 2515 1130 peratum,
2555 1061 2756 1131 pudore
2793 1061 3016 1131 objectze
3066 1061 3110 1094 "
3143 1063 3294 1133 pacis
3341 1064 3572 1132 expetiit
3611 1063 3832 1128 foedus;

2236 1149 2378 1220 quod
2411 1151 2635 1221 adeptus
2672 1162 2755 1206 est
2782 1193 2796 1218 ,
2842 1153 3176 1224 pra:bitoque
3199 1154 3239 1184 “
3263 1152 3654 1221 jurejurando,
3693 1155 3835 1224 pacti

2236 1252 2364 1297 sunt
2390 1243 2456 1297 ad
2486 1243 2735 1298 invicem.
2769 1243 3008 1299 Primum
3039 1255 3218 1299 tamen
3242 1257 3648 1301 sacramentum
3679 1248 3836 1302 siste-

2235 1335 2328 1390 bat
2355 1335 2638 1390 roborenni
2670 1335 2810 1391 vel”
2837 1352 3074 1391 mensem
3115 1349 3208 1391 aut
3238 1347 3446 1406 tempus
3476 1341 3834 1404 annotinum;

2237 1427 2377 1482 istud
2405 1437 2585 1481 autem
2613 1442 2713 1482 nec
2737 1428 2802 1482 ad
2829 1427 2970 1481 diem
2996 1427 3208 1482 duravit
3234 1427 3641 1482 duodecimum.
3676 1427 3837 1482 Deni-

2235 1534 2338 1590 que
2380 1517 2727 1585 Hismaelitae,
2754 1520 2856 1573 hac
2907 1519 3136 1590 illacque
3171 1519 3564 1584 discurrentes,
3601 1522 3836 1576 invitan-

2235 1617 2320 1665 tur
2340 1609 2382 1642 ¹³
2408 1611 2476 1664 ab
2507 1609 2784 1675 omnibus,
2821 1611 3001 1664 omnia
3031 1611 3314 1688 devorant,
3352 1613 3611 1665 universa
3640 1628 3837 1666 consu-

2236 1709 2424 1765 munt,
2474 1708 2528 1754 et
2570 1710 2755 1756 contra
2803 1699 3082 1772 Neapolim
3113 1703 3444 1757 unanimiter
3467 1715 3832 1775 consurgunt.

2236 1791 2416 1862 IEquo
2448 1791 2598 1846 valde
2629 1792 2879 1868 examine
2912 1795 3194 1864 ipsumque
3231 1809 3526 1864 supernum
3559 1794 3835 1863 jaeulatus

533 1891 838 1965 insurgens,
867 1910 930 1950 ac
949 1895 1126 1966 primo
1148 1894 1349 1966 impetu
1376 1893 1584 1964 potenti
1617 1895 1816 1948 virtute
1842 1907 2128 1965 superans,
2164 1881 2208 1940 Β
2239 1893 2323 1938 est
2350 1883 2563 1949 solium,
2597 1881 2664 1938 ab
2709 1884 2794 1939 his
2845 1883 3027 1953 procul
3073 1885 3237 1940 dubio
3264 1885 3680 1956 percelleretur,
3712 1904 3832 1942 cum

525 1983 782 2052 protrivit
802 1999 896 2039 eos
926 1999 1094 2054 usque
1121 1984 1189 2038 ad
1218 1984 1458 2038 ultimam
1489 1983 1805 2054 perniciem,
1837 1981 2034 2037 occisis
2061 1996 2129 2036 ex

523 2070 628 2126 eis
643 2070 890 2141 plurimis
920 2072 1208 2142 multisque
1233 2073 1424 2144 captis,
1452 2071 1685 2142 reliquos
1713 2071 1910 2142 oppido
1941 2069 2129 2148 fugere

533 2159 815 2232 compulit,
837 2162 1118 2232 victorque
1143 2161 1480 2232 triumphans
1504 2161 1568 2216 ad
1595 2171 1773 2217 castra
1805 2163 2132 2217 honustatus

524 2267 601 2308 ac
628 2251 781 2308 laetus
807 2268 930 2308 cum
959 2254 1071 2309 suis
1093 2255 1344 2309 omnibus
1369 2255 1677 2325 repedavit;
1713 2255 1778 2310 de
1806 2257 1918 2310 suis
1946 2266 2126 2310 autem

530 2353 730 2413 praeter
763 2359 930 2399 unum
971 2344 1212 2399 ammisit
1240 2344 1490 2400 Alderico
1516 2347 1763 2410 nomine,
1810 2356 1864 2400 et
1891 2347 2064 2417 ipsum
2094 2365 2124 2402 a

523 2437 664 2502 suis,
693 2446 750 2492 nt
780 2437 978 2504 fertur,
1009 2438 1274 2493 occisum.
1304 2437 1388 2493 Ab
1415 2437 1518 2494 boc
1545 2454 1676 2494 Sane
1711 2439 1797 2493 die
1823 2440 1987 2511 coepit
2009 2441 2124 2511 jam

515 2530 681 2600 quasi
727 2539 915 2600 potens
960 2545 1080 2586 esse
1121 2529 1436 2596 Atenolfus,
1477 2540 1532 2586 et
1559 2530 1891 2586 Athanasius
1945 2533 2121 2602 impo-

530 2625 665 2674 tens.
704 2617 842 2674 Hinc
871 2619 1148 2674 inchoavit
1177 2620 1357 2674 omnia
1387 2629 1503 2676 sata
1531 2635 1717 2675 eorum
1747 2622 1837 2690 qui
1869 2624 1922 2675 in
1953 2623 2124 2678 colos-

514 2725 646 2766 sum
688 2710 704 2741 ¹
741 2711 1097 2766 morabantur
1125 2711 1394 2782 diripere,
1433 2720 1735 2782 cunctaque
1763 2713 1902 2767 bona
1931 2729 2118 2768 eorum

521 2799 792 2856 vehiculis
824 2801 1051 2856 diversis
1074 2803 1149 2857 ad
1179 2803 1364 2857 urbem
1402 2804 1562 2858 trahi.

597 2891 684 2946 74.
721 2887 834 2947 Hoc
859 2907 1074 2963 quoque
1105 2893 1247 2963 quod
1280 2910 1444 2948 narro
1470 2908 1659 2950 omnes
1686 2895 1908 2950 audiant
1935 2911 2114 2959 aures,

518 2991 686 3053 prout
716 2983 974 3038 Dominus
1012 3000 1152 3054 sape
1192 2985 1502 3056 parabolice
1537 2988 1861 3055 sequacibus
1889 2988 2003 3042 suis
2031 2989 2114 3043 di-

523 3073 683 3128 eebat
707 3089 720 3126 :
747 3071 850 3137 Qui
871 3073 1022 3127 habet
1046 3091 1201 3128 aures
1227 3075 1498 3139 audiendi,
1525 3077 1706 3129 audiat
1734 3076 1950 3147 (Matth.
1970 3079 2114 3145 xm),

525 3171 587 3218 ut
611 3163 786 3218 omnis
814 3173 1067 3233 pavescat
1098 3165 1275 3229 homo,
1307 3174 1520 3236 stupeat
1552 3176 1606 3221 ct
1635 3169 1700 3222 ad
1731 3168 1896 3222 Deum
1929 3185 2111 3224 rever-

2233 1976 2427 2046 qnibus
2463 1975 2842 2030 Christicolum
2889 1992 3058 2048 genus
3099 1991 3236 2046 pene
3265 1990 3428 2032 omne
3459 1980 3829 2048 protriverat;

2229 2076 2388 2136 prout
2408 2065 2684 2122 Johannes
2708 2067 2840 2121 dicit
2879 2067 2930 2120 in
2961 2067 3301 2139 Apocalipsis
3319 2110 3333 2135 ,
3373 2072 3542 2125 inuno
3567 2083 3622 2125 et
3649 2071 3831 2126 Domi-

2230 2172 2330 2211 nus
2356 2173 2452 2227 per
2502 2156 2800 2212 Johanncm
2827 2199 2843 2226 ,
2891 2159 2957 2213 de
2994 2159 3249 2214 Babilone
3291 2178 3304 2214 :
3351 2159 3832 2234 Quantumcunque

2227 2249 2538 2303 ministravit
2595 2249 2776 2314 vobis,
2833 2251 3128 2304 ministrate
3176 2250 3306 2318 illi;
3367 2255 3423 2306 in
3481 2253 3676 2323 poculo
3728 2273 3828 2326 quo

2226 2341 2455 2404 miscuit,
2481 2342 2680 2395 miscite
2705 2340 2782 2394 illi
2812 2341 3028 2411 duplum
3061 2342 3246 2412 (Apoc.
3273 2343 3454 2414 xviii).
3489 2343 3618 2398 Haec
3648 2356 3826 2399 autem

2224 2433 2535 2497 audientes,
2575 2432 2740 2488 nolite
2765 2449 2859 2488 cor
2891 2447 3183 2504 apponere,
3227 2437 3369 2504 quod
3403 2436 3549 2492 Deus
3580 2438 3687 2492 hoc
3721 2455 3828 2494 meo

2225 2523 2344 2578 ritis
2372 2521 2602 2590 alicujus
2641 2523 2845 2594 przclati
2876 2523 3089 2588 fecerit,
3128 2535 3211 2580 set
3241 2541 3337 2580 sua
3369 2527 3746 2583 misericordia
3774 2537 3827 2582 et

2224 2616 2454 2670 miseriis
2483 2617 2759 2670 hominum
2785 2617 2956 2685 egerit
2987 2626 3232 2682 nanctus,
3276 2628 3337 2671 nt
3381 2620 3494 2688 ipse
3539 2636 3643 2690 per
3687 2621 3828 2690 psal-

2223 2708 2435 2761 niistain
2485 2706 2877 2761 dicitzlnroca
2925 2722 3004 2760 me
3049 2707 3102 2760 in
3147 2707 3230 2760 die
3282 2709 3646 2764 tribulationis
3699 2721 3823 2774 (ac,

2218 2800 2433 2867 eripiant
2459 2808 2506 2852 te
2535 2809 2582 2852 et
2619 2797 2975 2868 magniﬁcabis
3023 2815 3122 2852 me.
3164 2798 3298 2854 Nam
3327 2805 3602 2870 peccaturi
3644 2806 3773 2858 dieit
3805 2823 3823 2859 :

2219 2890 2396 2956 Quare
2421 2903 2476 2944 tu
2504 2907 2721 2945 enarras
2755 2892 2994 2962 justitias
3023 2909 3184 2956 meas,
3219 2901 3350 2959 elc.,
3390 2910 3679 2965 quousque
3707 2898 3823 2950 ait:

2218 2981 2347 3036 lltcc
2377 2981 2546 3050 fecisi
2577 2993 2623 3036 et
2655 2983 2821 3049 tacui,
2859 2983 3171 3036 existimasti
3212 2984 3576 3056 iniquitatem;
3622 2989 3676 3041 in
3723 3006 3825 3056 quo

2215 3088 2336 3141 ergo
2364 3089 2452 3125 ero
2480 3073 2577 3126 tibi
2608 3073 2794 3126 similis
2817 3074 2843 3126 2’
2880 3073 3052 3144 (Psal.
3101 3074 3271 3145 xux.)
3307 3075 3364 3129 In
3396 3092 3503 3130 una
3537 3087 3718 3133 tamen
3767 3095 3824 3134 re

2217 3177 2454 3227 moveor,
2482 3163 2624 3232 quod
2653 3179 2775 3218 cum
2802 3164 2948 3218 dicat
2970 3165 3257 3234 Apostolus
3289 3181 3303 3219 :
3338 3165 3531 3221 Nonne
3555 3170 3648 3238 qui
3687 3187 3825 3239 ρτω·

519 3265 676 3311 -tatur
698 3255 782 3310 vel
809 3231 932 3311 sero
956 3256 996 3320 ’,
1021 3272 1109 3320 ne,
1125 3257 1168 3310 si
1194 3255 1214 3286 ³
1234 3231 1536 3312 obstinatus
1559 3259 1737 3311 animo
1770 3260 2108 3324 remanserit,
2141 3231 2184 3293 (ἶ
2215 3254 2303 3308 dat
2332 3266 2378 3308 et
2408 3231 2516 3326 ipse
2539 3256 2848 3325 prtedaverit
2875 3258 2900 3310 ?
2939 3231 3074 3325 (1.2..
3110 3271 3330 3328 xxxiii.)
3369 3259 3511 3326 Quid
3553 3276 3686 3331 ergo
3730 3251 3825 3316 ero

527 3347 802 3418 contingat
833 3346 909 3400 illi
938 3347 1064 3402 illud
1090 3349 1234 3418 quod
1268 3349 1471 3403 Dathan
1495 3358 1548 3404 et
1573 3349 1774 3404 Abiron
1801 3352 2116 3420 superbien-

528 3435 672 3491 tibus
696 3437 934 3502 advenit,
968 3453 1175 3493 necnon
1207 3448 1262 3493 et
1287 3438 1480 3494 Choraz
1523 3454 1642 3494 cum
1676 3439 1975 3494 fautoribus
2003 3443 2116 3498 suis

515 3528 774 3584 evenisse
800 3529 1116 3584 dinoscitur.
1143 3529 1452 3587 Cuaiferins
1477 3533 1618 3586 enim
1647 3531 1932 3602 pra-fectus
1958 3534 2116 3590 hare-

517 3634 746 3684 narum,
775 3621 866 3690 qui
900 3623 1244 3691 peneomnia
1283 3622 1420 3677 mala
1450 3638 1569 3692 qua:
1596 3622 1736 3678 facta
1766 3633 1892 3691 sunt
1921 3624 1971 3678 in
2003 3624 2116 3680 die-

528 3709 632 3764 bus
653 3708 770 3778 ejus
791 3710 904 3779 ipse
927 3725 1092 3780 Opere
1114 3726 1211 3766 suo
1239 3713 1405 3783 gessit
1434 3711 1667 3782 fecitque
1696 3722 1932 3782 patrare,
1963 3712 2116 3783 cujus

529 3800 804 3870 priestigio
829 3799 1066 3855 ltomana
1097 3801 1250 3856 tellus
1269 3802 1587 3872 depopulata
1610 3812 1714 3869 est,
1741 3804 2115 3860 Beneventana

523 3891 682 3962 regio
717 3890 957 3946 funditus
982 3892 1218 3948 desolata
1257 3903 1360 3960 est,
1390 3895 1458 3948 ab
1502 3895 1602 3949 hoc
1639 3905 1694 3948 et
1726 3895 1944 3950 inicium
1973 3905 2027 3952 et
2054 3896 2118 3951 li-

522 3995 656 4036 mem
698 3981 719 4012 ³
755 3984 996 4052 accepit;
1047 3983 1250 4038 ideirco
1289 3984 1377 4038 Dei
1402 3983 1606 4053 judicio
1655 3985 1756 4040 hoc
1786 3987 1944 4042 modo
1973 3986 2116 4044 illius

532 4073 710 4129 scelus
739 4074 762 4108 ⁸
791 4075 1129 4130 facinorosus
1175 4074 1295 4130 finis
1323 4076 1573 4145 explevit.
1629 4076 1764 4132 Nam
1810 4081 1990 4135 subito
2025 4096 2118 4136 su-

521 4177 698 4234 perna
735 4163 1032 4234 inspirante
1059 4165 1262 4235 gratia,
1300 4181 1331 4220 a
1365 4181 1472 4236 quo
1506 4168 1704 4223 bonum
1741 4184 1900 4225 omne
1927 4185 2116 4240 proce-

521 4257 627 4320 dit,
659 4255 712 4310 in
745 4255 768 4287 '
797 4256 946 4310 illum
983 4257 1201 4312 excitati
1237 4258 1334 4321 illi,
1363 4273 1395 4312 a
1422 4259 1616 4328 quibus
1668 4261 1782 4331 ipse
1829 4264 2119 4332 putabatur

516 4345 726 4400 salvari
755 4386 769 4409 ,
819 4356 1024 4401 mutata
1056 4356 1234 4402 mente
1259 4347 1312 4403 in
1341 4363 1463 4403 eum
1503 4360 1782 4422 surgentes
1811 4354 2114 4422 apprehen-

529 4435 748 4501 derunt,
773 4437 1018 4507 bonaque
1045 4437 1211 4507 ipsius
1233 4437 1543 4506 diripientes
1566 4440 1905 4508 vincxerunt,
1934 4458 2115 4500 rever-

521 4535 705 4583 tentes
734 4529 1112 4585 nichilominus
1142 4531 1209 4585 ad
1236 4529 1430 4597 solum,
1461 4532 1526 4588 de
1554 4548 1661 4602 quo
1689 4550 1962 4605 nunquam
1990 4537 2108 4591 dia-

523 4616 707 4674 .bolice
736 4621 932 4676 abscisi
968 4630 1114 4686 sunt,
1149 4621 1432 4691 ipsumque
1467 4623 1837 4692 proconsulem
1873 4627 2115 4698 despica-

529 4709 694 4764 bilem
763 4709 1036 4780 Capuam,
1091 4711 1342 4767 Atenollo
1376 4715 1849 4783 consencientes',
1892 4720 2114 4775 remise-

523 4810 678 4867 Irunt,
709 4817 848 4872 pane
879 4804 1238 4858 tribulationis
1266 4813 1322 4860 et
1351 4820 1490 4875 aqua
1515 4808 1776 4878 angustia:
1800 4809 2114 4880 suggillatu-

2216 3346 2392 3402 dehis
2422 3349 2515 3417 qui
2549 3348 2790 3417 praidant
2829 3342 3107 3418 proximos
3145 3359 3196 3405 et
3236 3352 3531 3420 proximas,
3568 3356 3812 3409 tradunt-

2215 3451 2320 3507 que
2343 3438 2641 3506 prostibulo
2673 3436 2716 3477 ι*
2739 3438 2763 3491 ?
2791 3437 2936 3493 itane
2960 3440 3344 3509 prtedabuntur
3363 3441 3557 3497 deinde
3577 3444 3603 3498 2
3642 3443 3818 3500 Sicuti

2216 3529 2360 3584 enim
2386 3528 2690 3598 Neapolites
2723 3539 3022 3595 vastantur,
3051 3532 3141 3600 qui
3174 3541 3480 3599 vastarunt,
3509 3535 3588 3588 ita
3623 3546 3678 3591 et
3726 3551 3825 3592 nos

2216 3616 2400 3673 forsan
2451 3621 2864 3687 devorabimur,
2910 3622 3002 3690 qui
3051 3637 3194 3676 nunc
3235 3623 3562 3679 devorantes
3613 3641 3822 3684 sumus.

2216 3695 2364 3761 Beati
2389 3721 2517 3778 ergo
2546 3709 2660 3778 qui,
2696 3710 2919 3764 Domino
2941 3711 3296 3777 custodiente,
3321 3712 3593 3769 immunes
3614 3714 3686 3769 ab
3721 3719 3823 3771 hac

2217 3800 2396 3854 saeculi
2429 3801 2663 3870 procella
2688 3802 2951 3867 existunt,
2985 3803 3073 3856 ubi
3110 3817 3272 3858 omne
3301 3804 3503 3858 malum
3529 3815 3589 3859 et
3614 3806 3823 3860 nullum

2216 3893 2333 3948 sine
2357 3893 2583 3949 Domino
2604 3895 2800 3948 bonum
2833 3904 3040 3965 regnat,
3066 3903 3124 3948 et
3145 3895 3198 3950 in
3225 3905 3426 3950 asterna
3460 3909 3826 3952 numerantur

2219 3983 2348 4046 vita,
2372 3999 2476 4052 qua
2500 3984 2675 4038 omnis
2698 3983 2927 4038 felicitas
2947 3993 3002 4038 et
3023 3984 3303 4040 beatitudo
3326 3987 3640 4058 perempnis
3662 3990 3827 4044 ﬂoret

2219 4073 2271 4128 in
2303 4072 2500 4127 saecula
2529 4067 2868 4128 seculorum.
2905 4076 3100 4131 Amen.

2289 4163 2376 4216 76.
2414 4163 2514 4217 Aio
2544 4164 2773 4234 denique
2799 4180 2830 4218 a
2859 4164 3167 4221 Benevento
3190 4181 3285 4236 per
3305 4165 3609 4238 Sepontum
3635 4170 3824 4227 Barim

2216 4255 2528 4326 profectus,
2580 4271 2744 4327 super
2785 4273 2950 4326 quam
2997 4258 3413 4314 Constantinum
3463 4271 3822 4333 augustornm

2217 4348 2452 4403 aulicum
2489 4349 2533 4380 ”
2558 4358 2612 4404 et
2637 4349 2915 4419 patritium
2939 4351 3260 4407 insidentem
3291 4354 3553 4423 repperit,
3593 4355 3826 4414 rebelles

2215 4441 2601 4510 imperatorum
2635 4442 2863 4497 viriliter
2891 4444 3329 4516 impugnantem;
3361 4446 3632 4504 adversus
3659 4465 3823 4520 quem

2219 4529 2395 4586 dictus
2421 4530 2546 4596 Aio,
2577 4530 2742 4587 fultus
2789 4533 2994 4588 auxilio
3024 4534 3469 4590 Hismaelitarum
3499 4547 3559 4592 et
3585 4540 3820 4596 vallatus

2219 4625 2433 4694 agmine
2454 4624 2784 4694 pedestrium
2814 4624 3190 4696 Apuliensium
3211 4667 3225 4691 ,
3251 4628 3512 4706 audacter
3531 4630 3821 4702 insurgens

2216 4715 2392 4784 primo
2425 4715 2626 4784 impetu
2654 4717 2825 4771 victor
2851 4719 3114 4782 existens,
3145 4719 3211 4774 de
3239 4720 3489 4776 hostibus
3514 4721 3704 4790 plures
3739 4723 3823 4778 in—

2217 4804 2445 4862 terfecit.
2489 4807 2692 4879 Dehinc
2727 4809 2770 4838 ¹⁶
2805 4807 3163 4866 Constantino
3207 4815 3284 4886 ιτς
3321 4813 3413 4882 qui
3467 4830 3597 4869 cum
3648 4815 3823 4872 tribu

525 4908 676 4947 rum.
719 4892 837 4948 Hoc
883 4893 1055 4960 facto,
1091 4895 1329 4950 universi
1368 4897 1460 4967 qui
1495 4913 1525 4950 a
1559 4900 1776 4968 propria
1819 4901 1947 4956 sede
1979 4900 2109 4956 olim
2212 4899 2428 4955 milibus
2455 4901 2610 4970 equis
2638 4901 2690 4956 in
2731 4909 2847 4958 tuto
2879 4904 3212 4962 consistebat
3253 4906 3307 4960 in
3353 4905 3473 4964 loco
3524 4909 3595 4974 ⁸⁸,
3649 4911 3824 4967 valide

523 4983 751 5040 fuerant
792 4987 1019 5056 superbe
1063 4986 1296 5052 exulati,
1339 4989 1406 5043 ad
1451 5003 1546 5044 sua
1575 4991 1885 5047 obedienter
1913 4994 2115 5050 reversi

532 5081 682 5138 sunt,
710 5074 1016 5144 facturaque
1038 5077 1290 5154 gaudium
1314 5093 1591 5147 magnum,
1617 5094 1720 5150 pax
1744 5091 1800 5135 et
1819 5083 2112 5150 securitas;

531 5175 920 5236 cmperuntque
949 5181 1182 5237 prmesse
1208 5169 1230 5200 "
1273 5168 1365 5239 qui
1415 5170 1637 5226 subesse
1679 5170 1821 5226 soliti
1855 5182 2030 5241 erant,
2063 5183 2117 5229 et

2222 4991 2507 5056 contritus,
2538 4992 2628 5046 vix
2659 5009 2781 5048 cum
2820 4994 3114 5065 aliquantis
3151 4996 3342 5051 urbem
3390 4997 3606 5068 ingredi
3652 4999 3824 5056 valuit

2221 5079 2436 5149 Barim;
2464 5082 2699 5154 reliquos
2727 5093 2821 5139 aut
2855 5086 3050 5156 gladiis
3084 5097 3180 5144 aut
3217 5088 3443 5144 tradidit
3481 5092 3819 5162 captivitati.

2223 5172 2340 5243 ipse
2384 5183 2564 5229 autem
2609 5173 2920 5231 Graecorum
2968 5177 3177 5234 obsitus
3223 5177 3389 5246 vallo,
3435 5179 3580 5236 infra
3623 5182 3822 5239 urbem

1807 5283 2041 5364 vAma:
2081 5283 2488 5342 LECTIONES.

607 5389 622 5418 ⁸
651 5387 862 5445 colosso
886 5390 940 5444 2.

533 5452 553 5458 __
607 5391 622 5418 ¹
651 5391 862 5445 colosso
886 5391 940 5444 2.
1041 5391 1061 5423 '
1090 5391 1208 5448 fero
1235 5409 1280 5448 c.
1394 5393 1416 5426 ³
1439 5411 1536 5448 vox
1560 5395 1702 5451 deest
1734 5397 1789 5450 in
1817 5413 1864 5452 c.

533 5452 557 5490 ⁸
583 5459 656 5512 ita
675 5460 732 5520 ὅ,
761 5475 882 5516 esse
911 5479 959 5514 ο.

1057 5463 1079 5494 ⁸
1110 5478 1250 5535 anno
1277 5464 1633 5535 imperaverat
1663 5469 1712 5523 l.

1965 5397 1988 5428 ι
2020 5397 2108 5428 an:

1825 5413 1864 5452 ε.
1965 5397 1988 5428 ⁸
2018 5397 2141 5455 finis
2168 5415 2216 5453 c.
2320 5397 2344 5434 ⁸
2377 5398 2520 5455 selus
2557 5417 2608 5457 ε.
2715 5400 2738 5434 ⁸
2781 5401 2834 5456 in
2879 5401 2994 5457 loco
3038 5417 3180 5457 raso.
3275 5402 3296 5435 '
3337 5401 3727 5459 conseneiente
3768 5419 3819 5464 ϐ.

1825 5466 2100 5544 “__objecte
2123 5471 2173 5536 l,
2201 5469 2420 5544 objecta
2435 5471 2489 5524 2.
2524 5473 2612 5544 ηυγ
2637 5475 2968 5544 prtevitoque
2986 5490 3044 5544 νο.
3085 5473 3456 5544 praevintoque
3476 5472 3536 5528 5.
3614 5476 3654 5506 “
3679 5485 3745 5529 ut
3767 5491 3820 5530 α.

2320 5397 2344 5434 ⁸
2377 5398 2520 5455 selus
2557 5417 2608 5457 ε.

2715 5400 2738 5434 ⁸
2781 5401 2834 5456 in
2879 5401 2994 5457 loco
3038 5417 3180 5457 raso.
3275 5402 3296 5435 '
3335 5391 3727 5459 conseneiente
3768 5419 3819 5464 ϐ.

610 5530 1071 5611 invitantanturc:
1147 5534 1192 5564 "
1215 5529 1545 5604 pros—ribulo
1590 5554 1636 5594 c.
1715 5538 1757 5582 ἰ
1786 5529 1985 5596 aulicet
2035 5556 2082 5595 c.
2132 5529 2341 5598 v'aiul'us
2388 5540 2443 5596 5.
2521 5541 2566 5574 ¹⁶
2597 5529 2673 5598 ἰὼ
2724 5543 2792 5598 12
2822 5529 3105 5611 δίᾱθίιιιιὲ
3139 5543 3194 5601 2.
3273 5545 3312 5576 "
3365 5529 3403 5600 Ξ
3441 5554 3620 5604 conSt.
3653 5548 3714 5602 2.
3759 5546 3801 5604 3

533 5598 581 5632 "
613 5610 789 5657 const.
822 5601 998 5658 locum
1036 5604 1092 5658 ὅ.

2041 5703 2272 5789 Nam.

611 5822 633 5876 εξ
684 5807 795 5864 San
820 5811 1009 5867 Carsio
1043 5813 1098 5869 in
1127 5817 1401 5884 agro'Ave
1430 5830 1586 5873 sano.

2299 5821 2327 5861 ³
2366 5819 2421 5876 ld
2461 5819 3004 5892 est.l.angobardica.
