3926 5772
112 490 210 543 781

1225 476 1553 534 HISTORIA
1593 473 2227 531 LANCOBARDORUM.

3269 469 3377 528 782

108 598 415 654 occultatur
464 595 510 661 ¹,
553 594 830 651 sustinens
893 593 1190 664 sufragium
1229 590 1486 654 Atenolti,
1532 603 1690 658 quem
1721 593 1770 652 Α
1796 603 1902 659 quo
1943 589 2210 645 residebat
2256 603 2416 659 super
2465 587 2661 644 dictam
2700 590 2912 654 urbem,
2952 599 3008 645 et
3046 589 3222 649 foedus
3251 607 3375 646 cura

107 687 318 756 pridem
347 693 683 756 protexerat,
709 691 894 739 etnon
920 682 1152 748 invenit;
1183 697 1308 736 nam
1334 689 1391 736 et
1422 679 1605 735 Gallos
1644 687 1701 733 et

111 781 390 848 Agareuos
417 777 698 846 promissis
718 775 898 831 aureis
923 775 1120 845 saepius
1157 773 1370 830 rnixtim
1391 773 1628 828 invitans
1652 773 1696 838 ',

109 874 354 934 cptinere
381 864 639 933 nequivit.

175 953 266 1006 77.
303 951 587 1008 Atenolfus
623 967 756 1023 ergo
780 968 906 1008 cum
930 951 1231 1008 Athanasio
1259 966 1451 1022 pacem
1480 950 1699 1006 interim

103 1049 379 1103 custodita
395 1047 516 1103 fere
540 1048 623 1103 bis
649 1048 797 1102 senis
815 1047 836 1078 ³
859 1046 1068 1112 diebus,
1098 1046 1268 1102 scisso
1292 1044 1518 1110 fudere,
1551 1052 1701 1098 utra-

109 1152 213 1206 que
240 1153 373 1206 pars
426 1137 494 1192 ad
527 1138 765 1207 praedam
805 1137 1073 1208 prorupit.
1106 1135 1201 1192 Set
1240 1135 1482 1205 Capuani
1505 1134 1526 1165 ‘
1563 1149 1702 1205 prm-

111 1227 400 1282 validiores
430 1226 627 1293 effecti,
662 1243 758 1298 per
793 1243 853 1283 se
882 1238 938 1283 et
977 1243 1101 1282 cum
1143 1226 1432 1282 Saracenis
1463 1225 1700 1296 graviter

109 1317 390 1388 Neapolim
420 1318 846 1388 circumquaque
879 1326 1158 1373 vastantes
1182 1316 1446 1381 lacerant,
1474 1324 1534 1369 ut
1562 1314 1700 1385 ignis

102 1417 497 1464 consumantes
535 1411 742 1474 onmia,
771 1425 926 1479 aquo
956 1409 1055 1465 Dei.
1067 1406 1296 1478 judicio,
1328 1416 1386 1461 ut
1411 1406 1502 1477 qui
1531 1405 1698 1460 Sara-

107 1503 260 1556 cenis
309 1501 727 1557 innumerabiles
758 1501 1109 1556 Christicolas
1146 1500 1338 1570 gladiis
1373 1507 1434 1552 et
1473 1497 1704 1570 captivi-

111 1592 314 1646 tatibus
360 1592 586 1646 tradidit
629 1591 898 1662 bonisque
946 1606 1138 1646 eorum
1186 1591 1392 1645 ditatus
1437 1597 1552 1655 est,
1591 1604 1700 1645 non

102 1682 386 1736 immerito
409 1683 480 1737 ab
521 1682 607 1737 his
633 1681 951 1752 Iagelletur,
998 1683 1223 1736 rodatur
1248 1691 1303 1736 et
1338 1681 1698 1751 deprzedetur,

107 1781 168 1825 ut
189 1770 448 1825 Salomon
476 1771 552 1825 ait
576 1789 590 1824 :
620 1771 750 1837 Quia
771 1771 1058 1825 medebilur
1077 1771 1394 1825 incantatort'
1417 1788 1448 1824 α
1467 1779 1701 1842 serpente

99 1861 268 1915 semel
291 1877 536 1930 percusso
554 1861 580 1914 .’
607 1861 798 1932 (Ecclt'.
831 1860 956 1927 xu.)

1801 694 1866 734 eo
1885 679 2319 750 statucuspacis,
2350 680 2494 734 vires
2517 680 2796 735 resistendi
2828 679 3014 735 Aionis
3041 689 3162 735 astu
3191 681 3378 737 doloso

1801 767 1998 823 avertit
2028 767 2091 821 ".
2109 767 2204 822 llis
2225 777 2282 822 et
2309 767 2676 836 hujuscemodi
2701 769 2741 808 ¹ι
2763 778 3204 839 argumentorum
3235 771 3380 825 deci-

1800 859 1940 928 pulis
1983 860 2160 915 dictus
2194 859 2294 916 Aio
2331 874 2558 915 cernens
2601 875 2661 914 se
2707 859 2983 926 delusum,
3021 860 3226 926 doluit;
3261 870 3380 914 tan-

1799 951 1924 1006 dem
1963 952 2288 1007 neccssitate
2323 951 2619 1007 cohartans
2653 967 2776 1006 cum
2817 960 3117 1007 memorato
3147 952 3379 1022 patricio

1800 1057 1989 1112 pacem
2017 1040 2243 1108 faciens,
2287 1035 2485 1098 urbem
2515 1043 2727 1098 remisit
2746 1050 2801 1096 et
2823 1043 2894 1096 ad
2921 1042 3140 1112 propria
3174 1057 3383 1097 remea~

1798 1132 1914 1199 vit,
1952 1130 2200 1188 Atenolfo
2245 1140 2301 1188 et
2346 1132 2544 1188 Maioni
2584 1133 2801 1198 abbati,
2843 1133 2934 1201 qui
2975 1147 3141 1202 supra
3181 1131 3293 1186 fata
3335 1132 3380 1163 “

1799 1225 2063 1296 legatione
2098 1223 2316 1279 functus
2353 1224 2570 1290 fuerat,
2611 1225 2742 1278 baut
2772 1224 2819 1254 “
2860 1224 3060 1278 frustra
3101 1224 3377 1278 minitans.

1800 1315 2002 1372 Eadem
2028 1325 2346 1386 tempestate
2373 1316 2499 1370 dum
2521 1316 2662 1371 idem
2676 1315 2960 1371 Atenolfus
2972 1315 3287 1370 Dauferium
3313 1316 3378 1382 ³⁸,

1801 1418 2048 1464 nostrum
2084 1409 2416 1480 dyaconem,
2461 1417 2610 1464 recte
2647 1409 2958 1480 disponeret
2999 1408 3295 1464 Tarantum
3328 1419 3385 1465 et

1803 1499 1926 1555 inde
1963 1501 2167 1571 regiam
2206 1501 2272 1577 ad
2312 1501 2503 1556 urbem
2547 1501 2940 1556 transmitteret
2987 1501 3052 1567 ⁸⁸,
3097 1501 3384 1572 ipsumque

1801 1600 2053 1660 questum
2081 1605 2202 1647 csse
2229 1592 2492 1646 adversus
2513 1607 2636 1646 eum
2661 1591 2728 1646 de
2756 1592 2966 1661 inopia;
3007 1592 3197 1647 oborta
3220 1591 3385 1646 alter-

1805 1691 1985 1745 utrum
2028 1682 2394 1746 contentione,
2428 1682 2496 1736 ad
2525 1682 2755 1737 invicem
2791 1682 3117 1752 sequestrati
3156 1690 3303 1747 sunt,
3328 1689 3385 1737 et

1803 1769 2052 1825 Atenolfo
2114 1770 2405 1825 incubante
2459 1770 2732 1840 Capuam,
2793 1768 3078 1825 Dauferius
3141 1769 3384 1825 Teanum

1805 1870 2240 1916 commoraturus
2299 1862 2626 1932 properavit.
2690 1859 2857 1915 Paulo
2914 1869 3040 1930 post
3097 1851 3386 1938 concordia

175 1951 274 2006 .78.
327 1951 538 2006 interea
595 1950 881 2007 Atenolfus
932 1962 1056 2022 post
1106 1951 1348 2022 episcopi
1394 1949 1701 2023 captionem
1731 1942 1777 2002 B
1804 1951 2124 2021 couiposita,
2151 1952 2220 2006 ad
2247 1966 2370 2007 eum
2413 1967 2444 2005 a
2481 1967 2588 2022 quo
2615 1966 2675 2008 se
2712 1961 3061 2038 separarent
3106 1968 3387 2024 regressus

101 2050 480 2111 cunctumque
556 2042 762 2097 elerum
816 2051 1162 2097 sacramento
1216 2042 1583 2097 revinctum"
1631 2042 1701 2097 ad

105 2147 251 2186 nova
277 2147 337 2187 se
363 2132 594 2188 contulit
633 2143 688 2188 et
722 2134 972 2188 recentia
999 2132 1124 2202 jura
1158 2135 1311 2205 legis.
1348 2133 1482 2189 Nam
1516 2151 1705 2190 mona-

101 2226 245 2279 chos
315 2225 461 2280 beati
505 2224 782 2281 Benedicti
831 2242 932 2297 pro
983 2227 1148 2282 rebus
1195 2227 1421 2296 perditis
1460 2225 1646 2296 jurare
1681 2225 1706 2259 '

103 2315 393 2386 compulit,
435 2315 632 2385 quibus
670 2331 884 2372 cessum
937 2316 1119 2371 fuerat
1162 2318 1232 2372 ab
1268 2317 1521 2373 omnibus
1558 2326 1705 2373 retro

103 2406 448 2476 principibus
490 2408 810 2477 cunctisque
853 2409 1097 2478 augustis
1128 2407 1369 2474 Gallicis,
1391 2424 1705 2464 sacramen-

113 2506 226 2548 tum
266 2509 365 2563 per
411 2509 470 2549 se
522 2495 654 2549 nulli
701 2496 904 2551 homini
951 2498 1185 2552 dandum
1221 2498 1326 2552 nisi
1363 2513 1459 2568 per
1492 2499 1702 2554 scario-

105 2601 212 2639 nes
245 2596 313 2648 ⁸;
351 2599 412 2638 se
441 2593 619 2638 autem
650 2585 702 2639 in
735 2586 1042 2656 hujusmodi
1078 2587 1297 2658 negotio
1321 2589 1703 2657 sapientiorem

105 2691 176 2729 ac
202 2676 468 2745 potiorem
500 2675 528 2716 δ
555 2678 846 2732 ostendens
867 2678 1154 2747 prioribus.

185 2767 278 2821 79-
320 2765 582 2822 Defuncto
623 2777 803 2823 autem
831 2768 1140 2834 Lamberto,
1171 2770 1280 2825 lilio
1315 2769 1578 2826 Guidonis
1619 2785 1706 2826 se-

105 2858 286 2912 nioris
310 2899 324 2920 ,
377 2858 486 2912 tilio
526 2875 624 2913 suo
660 2858 957 2928 Spoletium
995 2861 1241 2932 reliquit;
1276 2879 1381 2931 quo
1410 2863 1580 2917 etiam
1605 2863 1703 2918 de-

103 2949 768 3019 cedente,-Guidojunior
797 2951 1092 3021 Spoletium
1119 2963 1174 3008 et
1206 2955 1550 3010 Camerinum
1581 2971 1702 3010 sus-

107 3040 319 3106 cipiens
357 3079 372 3102 ,
424 3055 550 3094 cum
610 3027 897 3096 Saracenis
949 3043 1003 3096 iu
1061 3044 1280 3113 Sepino
1311 3045 1705 3100 castrametatis

99 3145 303 3198 pacem
344 3130 492 3196 fecit,
524 3131 802 3187 obsidibus
825 3133 964 3187 datis
989 3143 1043 3188 et
1067 3136 1342 3204 acceptis;
1368 3135 1520 3204 cujus
1538 3137 1703 3191 etiam

112 3232 360 3291 tempore
388 3221 696 3291 supradicta
725 3222 994 3288 coeuobia,
1033 3225 1194 3279 urbes
1212 3235 1274 3279 et
1301 3226 1494 3295 oppida
1520 3229 1699 3281 omnia

1802 2055 1904 2101 est.

1872 2137 1960 2190 8|.
1997 2136 2103 2192 Per
2131 2138 2271 2192 idem
2309 2147 2522 2208 tempus
2549 2137 2724 2194 Graeci
2758 2139 3025 2194 navaliter
3055 2154 3086 2193 a
3123 2140 3389 2196 Constan-

1806 2228 2080 2299 tinopolim
2121 2233 2187 2286 ad
2225 2229 2453 2302 Regium
2491 2231 2734 2288 tellurem
2773 2233 3147 2298 adventantes,
3195 2249 3261 2288 ex
3305 2233 3387 2288 di-

1803 2335 1960 2375 verso
1987 2329 2043 2375 et
2059 2320 2395 2377 Hismaclita:
2423 2321 2691 2378 abAfrica
2722 2332 2776 2377 et
2800 2322 2982 2378 Sicilia
3009 2335 3384 2395 properantes,

1803 2409 2020 2480 utrique
2076 2409 2407 2479 juncxerunt
2473 2425 2531 2466 se
2595 2412 2739 2467 inter
2798 2411 3134 2478 Messanam,
3195 2415 3386 2468 urbem

1803 2497 2032 2565 Sicilize,
2082 2507 2138 2554 et
2180 2499 2447 2570 Regium;
2506 2509 2560 2554 et
2610 2499 2957 2570 conﬂigcntes
2999 2501 3042 2532 ³⁸
3094 2516 3387 2571 parumper

1805 2596 2008 2652 mutuo,
2035 2589 2162 2642 victi
2190 2598 2317 2642 sunt
2340 2588 2539 2654 Graeci,
2587 2598 2846 2660 tantoque
2875 2599 3020 2644 metu
3054 2591 3224 2644 territi
3261 2601 3388 2645 sunt

1804 2676 1998 2746 reliqui
2029 2677 2217 2731 Achivi
2257 2678 2349 2747 qui
2390 2688 2789 2743 remanserunt,
2830 2688 2890 2734 ut
2927 2689 3034 2733 tam
3083 2680 3184 2734 viri
3221 2695 3386 2750 quam

1807 2770 2041 2826 fcemina:
2067 2779 2124 2826 et
2141 2770 2372 2840 parvuli,
2400 2770 2606 2827 relictis
2635 2771 2912 2842 utriusque
2931 2772 3240 2827 civitatibus
3262 2788 3386 2827 cum

1803 2862 2074 2926 omnibus,
2089 2861 2387 2916 subsidium
2408 2862 2582 2933 adepti
2607 2870 2752 2923 sunt,
2772 2864 2984 2917 n‘emiue
2997 2863 3325 2919 contrahens
3340 2863 3383 2894 "

1805 2954 1963 3010 bella.
1993 2955 2093 3010 Set
2116 2964 2175 3009 ut
2205 2954 2328 3008 talia
2356 2953 2664 3024 permiserit
2685 2955 2863 3008 divina
2905 2955 3133 3024 mquitas
3171 2953 3244 3008 illi
3273 2951 3389 3008 bel-
3491 2961 3494 2964 ’

1805 3045 1963 3099 luinae
1986 3045 2133 3115 genti
2157 3045 2218 3109 ¹⁸,
2238 3055 2458 3100 econtra
2489 3045 2720 3099 narrabo
2741 3045 2976 3101 brevius.
2990 3044 3179 3100 Achivi
3205 3053 3389 3099 autem

1806 3146 1865 3191 ut
1887 3136 2215 3191 babitudinis
2247 3135 2453 3191 similes
2489 3144 2638 3202 sunt,
2664 3137 2736 3189 ita
2773 3137 2956 3190 animo
2993 3135 3232 3206 :equales
3263 3143 3391 3190 sunt

1805 3225 2012 3291 bestiis,
2056 3225 2320 3280 vocabulo
2368 3225 2686 3290 Christiani,
2717 3234 2801 3279 set
2839 3226 3080 3281 moribus
3121 3227 3389 3280 tristiores

101 3325 145 3363 .a
174 3310 466 3364 Saracenis
489 3320 644 3380 capta
673 3319 728 3366 et
767 3323 958 3367 extista
989 3323 1133 3367 sunt.
1168 3292 1389 3385 Regiam
1415 3316 1484 3369 ad
1515 3317 1700 3373 urbem
1731 3292 1775 3353 (ἶ
1805 3315 2088 3387 Agarenis.
2131 3315 2216 3370 Hii
2256 3315 2510 3371 videlicet
2553 3325 2612 3372 et
2660 3329 2760 3385 per
2801 3331 2864 3370 se
2918 3315 3154 3370 fidelium
3198 3330 3390 3370 omnes

109 3401 442 3472 legationem
481 3401 736 3472 dirigens,
784 3414 973 3458 contra
1018 3402 1107 3473 jus
1149 3403 1371 3471 faciens,
1416 3408 1703 3476 pecuniam

109 3493 348 3561 accepit.
380 3492 743 3562 Quamobrem
786 3511 816 3549 a
852 3495 1011 3550 Cario
1053 3497 1220 3552 tercio
1247 3509 1480 3568 augusto
1516 3511 1707 3568 captus

103 3593 217 3648 est,
269 3593 327 3638 et
375 3583 476 3638 nisi
523 3583 706 3653 fugam
756 3585 1095 3654 arripuisset,
1139 3587 1314 3654 capite
1359 3586 1704 3656 plecteretur.

106 3673 295 3729 tinum
319 3675 520 3744 quippe
550 3675 692 3730 illius
715 3692 880 3731 narro
897 3677 1106 3731 factum
1124 3679 1262 3732 haut
1288 3680 1309 3705 ⁷
1355 3679 1706 3746 indissimile,

105 3764 260 3835 quod
293 3765 346 3818 in
377 3763 652 3819 Gariliano
689 3773 899 3835 gestum
933 3775 1019 3821 est
1039 3766 1210 3837 (885).
1241 3767 1482 3836 Denique
1521 3783 1647 3822 cum
1675 3784 1708 3823 a

109 3861 358 3930 Seponto
387 3859 528 3913 idem
558 3859 666 3914 dux
703 3859 954 3915 Alenolfo
982 3862 1279 3916 comitante
1317 3861 1552 3931 Capuam
1588 3877 1711 3932 per-

109 3959 292 4020 geret,
325 3951 377 4004 in
415 3950 540 4005 loco
569 3951 660 4021 qui
706 3949 870 4006 Calidi
901 3953 1098 4008 dicitur
1125 3953 1389 4007 Arranem
1424 3953 1712 4009 Hismaeli-

113 4049 256 4104 tam,
300 4039 572 4092 tirannum
613 4041 1076 4107 crudelissimum,
1107 4058 1229 4096 cum
1275 4043 1533 4097 trecentis
1573 4059 1711 4114 pene

111 4129 446 4197 sequacibus
496 4130 608 4185 suis
647 4133 878 4200 peremit
927 4133 1096 4203 (887).
1144 4134 1489 4204 Cognoscens
1527 4144 1708 4190 autem

110 4218 294 4273 Guido
325 4217 544 4274 Carlnm
589 4231 875 4290 augustum
907 4225 1232 4280 seminecem
1257 4225 1465 4294 jacere,
1505 4225 1712 4296 cupidi-

113 4318 234 4363 tate
269 4311 530 4380 regnandi
578 4312 818 4367 devictus
853 4314 1217 4383 deccptusque
1250 4330 1280 4368 a
1321 4316 1714 4371 contribulihus

109 4400 255 4464 suis,
280 4400 592 4470 relinquens
622 4400 1059 4473 Beneventanam
1096 4406 1428 4475 provinciam
1457 4407 1561 4460 sibi
1588 4407 1715 4462 sub-

111 4499 300 4545 actam
340 4492 364 4522 ⁸
409 4500 468 4546 et
545 4490 922 4561 Spolitentium
991 4493 1268 4558 ducatum,
1314 4495 1447 4549 abiit
1486 4494 1712 4550 Galliam

119 4591 472 4650 regnaturus.
503 4581 793 4638 Beneventi
829 4583 1049 4652 quidem
1083 4583 1239 4638 tellus
1269 4601 1297 4637 a
1334 4585 1538 4640 Graecis
1567 4586 1714 4656 capi-

117 4682 232 4737 tur,
261 4673 560 4743 Spoletium
595 4675 935 4745 depraedatur
956 4676 1029 4731 ab
1058 4676 1343 4747 Agareuis,
1376 4677 1492 4747 ipse
1528 4687 1708 4732 autem

119 4774 310 4819 manet
350 4765 560 4820 invisus
601 4773 658 4819 ct
691 4765 985 4821 inauditus.
1033 4765 1167 4822 Cum
1209 4782 1338 4822 vero
1383 4767 1626 4837 paruerit
1659 4775 1715 4824 et

121 4858 348 4912 auditus
385 4856 575 4922 fuerit,
605 4857 736 4927 quid
771 4857 1014 4935 dixerit”
1046 4858 1131 4913 vel
1185 4858 1312 4930 quid
1349 4857 1540 4928 egerit,
1575 4860 1716 4915 scire

120 4949 434 5005 volentibus
459 4964 557 5018 per
581 4949 827 5004 ordinem
860 4951 1113 5005 narrabo.

198 5039 290 5093 80.
339 5037 523 5109 (888.)
572 5035 782 5093 Interea
837 5034 1008 5092 Aione
1061 5037 1282 5094 obsesso
1325 5039 1468 5096 infra
1519 5037 1714 5100 urbem

117 5131 394 5186 ﬂarim-a
454 5129 656 5186 Graecis
698 5139 866 5199 atque
916 5131 1175 5186 auxilium
1227 5132 1628 5206 exﬁagitantem
1679 5150 1713 5190 a

123 5221 301 5276 Gallis
338 5231 399 5277 et
443 5221 578 5287 suis,
616 5219 904 5277 Atenolfus
937 5219 1173 5280 titubans
1208 5224 1487 5283 Athanasii
1517 5228 1714 5296 minas,

1738 4639 1791 4698 Β

1806 3407 2156 3476 ρττεόοικιιη,
2195 3415 2251 3460 et
2287 3405 2578 3461 Saracenis
2611 3406 2899 3469 emebant,
2936 3413 2992 3459 et
3025 3418 3092 3457 ex
3131 3404 3215 3458 his
3253 3403 3391 3458 alios

1806 3499 2026 3553 venales
2053 3498 2243 3553 oceani
2273 3497 2431 3552 litora
2461 3496 2781 3561 farciebant,
2805 3495 2940 3550 alios
2975 3509 3104 3549 vero
3135 3495 3188 3548 in
3219 3493 3392 3548 famu-

1805 3589 1887 3644 los
1927 3597 1984 3644 et
2033 3587 2262 3642 famulas
2291 3586 2334 3624 ¹⁹
2371 3586 2739 3641 reservabant.
2783 3584 2932 3638 Talia
2971 3593 3034 3638 et
3064 3583 3148 3639 his
3191 3581 3391 3637 similia

1807 3677 2441 3744 animadvertensDeus,
2472 3676 2692 3732 tradidit
2720 3675 2840 3730 illos
2874 3675 2927 3730 in
2957 3673 3306 3744 opprobrium
3333 3681 3392 3728 et

1809 3771 1862 3826 in
1895 3769 2327 3834 devorationem,
2355 3776 2414 3822 ut
2451 3777 2694 3839 pereant,
2731 3777 2786 3822 et
2816 3767 3114 3836 recogiteut
3145 3773 3201 3819 et
3233 3763 3394 3820 intel-

1809 3860 1978 3932 ligant
2011 3859 2141 3928 quia
2190 3858 2248 3913 in
2302 3857 2557 3929 operibus
2607 3858 2719 3913 suis
2755 3857 2889 3912 diris
2954 3855 3122 3910 Deum
3166 3855 3392 3929 jaculati

1811 3962 1956 4008 sunt.
2007 3951 2141 4006 Acta
2194 3961 2322 4006 sunt
2366 3952 2480 4006 haue
2521 3951 2574 4004 in
2621 3958 2742 4006 arto
2789 3949 2964 4018 spatio
3014 3947 3204 4011 maris,
3247 3945 3393 4017 quod

1810 4043 2017 4099 dirimit
2052 4042 2286 4115 Regium
2317 4041 2362 4073 ³⁸
2391 4057 2422 4096 a
2474 4041 2680 4106 Sicilia,
2733 4041 2824 4110 qui
2869 4041 3017 4096 locus
3057 4039 3187 4093 olim
3237 4038 3394 4094 tellus

1811 4143 1952 4200 erat,
1983 4142 2066 4189 set
2109 4133 2372 4192 moderno
2395 4140 2639 4202 tempore
2671 4147 2700 4185 a
2726 4130 2887 4186 Phari
2911 4131 2956 4162 ³⁸
2979 4145 3200 4200 aequore
3230 4144 3394 4183 occu-
3422 4135 3427 4138 '

1812 4235 1970 4297 palus
1998 4234 2100 4280 est.
2123 4222 2254 4280 Haec
2275 4225 2459 4292 itaque
2479 4231 2629 4293 gesta
2659 4229 2785 4278 sunt
2807 4236 2952 4276 anno
2981 4220 3193 4276 Domini
3223 4218 3325 4274 888
3344 4216 3392 4250 ³⁸

1815 4332 2002 4372 mense
2023 4313 2300 4370 Octobris.

1882 4409 1973 4464 82.
2015 4408 2128 4464 Hoc
2159 4409 2322 4463 etiam
2363 4421 2509 4462 anno
2544 4413 2824 4461 revertens
2857 4404 3032 4461 Guido
3056 4404 3126 4459 ad
3159 4402 3390 4470 Italiam,

1815 4513 1923 4569 quo
1940 4498 2251 4568 principare
2273 4498 2427 4566 cupit
2449 4505 2533 4551 set
2567 4497 2810 4567 cptinere
2854 4493 3116 4564 nequivit,
3156 4494 3207 4548 in
3238 4491 3392 4548 Italia

1808 4587 1966 4656 juxta
2001 4588 2276 4644 civitatem
2315 4587 2631 4642 Brecianam
2669 4601 2792 4641 cum
2828 4585 3154 4657 Berengario
3182 4594 3238 4639 et
3275 4585 3394 4653 ipso

1816 4681 1952 4737 duce
1975 4679 2307 4744 conflixit";
2334 4679 2388 4733 in
2417 4693 2525 4748 quo
2558 4678 2811 4734 nimirum
2833 4676 3086 4733 condicto
3111 4676 3394 4745 utriusque

1816 4771 1986 4844 partis
2012 4772 2164 4827 acies
2180 4768 2476 4826 crudeliter
2500 4784 2638 4825 caesa
2662 4775 2766 4823 est.
2793 4766 2979 4837 Spolia
3012 4776 3190 4823 autem
3227 4780 3398 4822 caeso-

1815 4878 1936 4917 rum
1960 4876 1997 4915 a
2026 4859 2352 4931 Berengario
2380 4857 2668 4915 recollecta
2701 4864 2846 4910 sunt.
2879 4855 3030 4912 Pacti
3060 4864 3185 4912 sunt
3214 4862 3398 4910 tamen

1818 4953 1886 5007 ad
1911 4951 2138 5006 invicem
2170 4962 2339 5018 usque
2365 4947 2420 5001 in
2449 4947 2778 5019 epyphania,
2804 4945 2896 5014 qui
2922 4946 3266 5002 celebrantur
3291 4943 3342 4979 "
3367 4944 3403 5000 8

1822 5040 1968 5096 Ydus
1986 5039 2227 5094 Januarii
2249 5037 2417 5111 (889).
2443 5035 2580 5094 Cum
2611 5045 2792 5094 autem
2823 5044 3055 5106 uterque
3083 5049 3141 5091 se
3163 5033 3410 5105 junxerit

1820 5129 1888 5184 ad
1909 5136 2122 5200 pactum
2152 5129 2237 5184 vel
2263 5128 2330 5183 ad
2353 5126 2688 5193 bellandum,
2716 5124 2861 5192 quod
2895 5123 3156 5198 deinceps
3176 5122 3412 5196 θεθτίηι.

1816 5219 2071 5292 pnesenti
2095 5219 2353 5292 opusculo
2374 5218 2635 5277 inseram.

125 5314 338 5387 legatos
367 5329 500 5372 suos
533 5313 600 5368 ad
631 5312 1048 5374 Constantinum
1082 5317 1369 5384 patricium
1407 5320 1714 5383 destinavit,

1406 5406 1638 5464 VARUE
1672 5396 2078 5464 LECTIONES.

208 5497 227 5527 ³
267 5494 552 5551 occulatur
585 5511 627 5548 ι’.
751 5495 776 5526 ⁸
809 5491 888 5544 ita
921 5492 979 5547 2.
1007 5492 1107 5547 3.:
1144 5512 1161 5548 :
1195 5515 1211 5550 :
1251 5505 1448 5553 nutans
1477 5515 1527 5553 c.
1635 5498 1656 5531 ³
1707 5494 1796 5552 bis
1847 5489 2004 5561 bonis
2043 5505 2094 5542 ι.
2149 5487 2287 5561 quod
2310 5490 2579 5561 correxi;
2610 5507 2657 5561 η.
2717 5497 2877 5561 εειρζςι
2920 5500 3056 5561 ϐαρ.
3081 5485 3174 5546 ⁸15.
3265 5481 3424 5561 ne?

1144 5512 1161 5548 ἶ
1195 5515 1211 5550 ἓ
1251 5505 1448 5553 nutans
1477 5515 1527 5553 ε.

145 5549 440 5638 ρυεπιίες
537 5563 580 5638 f
612 5561 893 5638 ‘reuictum
927 5578 1014 5638 c.__
1073 5563 1096 5594 °
1118 5549 1456 5638 jure—et";
1478 5549 1666 5638 autc.
1707 5549 1733 5552 ﬁ
1802 5561 1826 5595 ³
1867 5559 2092 5638 subacta
2135 5549 2184 5614 ε’.
2302 5554 2465 5638 ierit
2489 5549 2792 5638 f.'_dixerit
2824 5552 2887 5638 If:
2953 5549 3064 5638 "ﬂ
3113 5549 3342 5636 utuertit
3369 5553 3422 5606 l.

129 5621 455 5706 adv-eruta.
536 5632 575 5665 "
611 5631 1015 5706 hujusscemodi
1046 5647 1096 5706 c._
1118 5621 1138 5632 ⁷
1169 5621 1299 5694 “is,
1325 5621 1547 5695 facta],
1578 5621 1768 5694 nimus
1808 5649 1860 5706 ς.
1891 5699 1909 5706 _
1932 5629 1978 5660 ⁸³
2027 5638 2121 5706 aut
2178 5647 2225 5683 ο.
2252 5624 2347 5706 ﬂ“
2376 5625 2762 5706 daul‘erius‘c.
2802 5681 2807 5685 .
2842 5621 2888 5654 "
2949 5623 3176 5670 "sum"

129 5705 186 5737 ³⁸
227 5703 620 5772 confringentes
649 5695 696 5758 οῗ
777 5709 824 5740 ³⁷
866 5704 1218 5759 constrahens
1261 5726 1310 5756 ε.
1385 5710 1430 5744 *α
1464 5708 1636 5744 ινα-τοῖα
1689 5723 1716 5740 ο
1816 5697 2095 5732 ηδ’-Μία
2129 5716 2156 5732 ι·
2251 5697 2299 5729 ⁸⁸
2317 5707 2546 5732 ’⁴²⁰““““
2580 5701 2606 5734 Α
2667 5695 2709 5718 ¹”
