3926 5628
493 412 502 418 _
535 331 642 389 787

1842 334 2175 393 STEPHANI
2213 335 2412 393 PAPzE
2454 337 2495 391 ν
3677 351 3764 408 m

499 447 502 450 ’
531 453 794 512 praestare
835 445 1034 501 valeas.
1065 446 1181 514 Quo
1219 448 1383 519 igitur
1422 458 1579 519 pacto
1600 465 1628 504 a
1661 450 1770 505 Deo
1801 451 2024 522 largitus
2053 464 2112 503 es
2140 449 2188 508 A
2215 455 2476 524 prophetis
2504 459 2629 512 meis
2669 460 2826 513 nolite
2866 461 3158 532 mulignari
3193 461 3364 533 (Ρωιρ
3393 467 3526 533 crv).
3555 467 3670 522 llzec
3709 473 3764 525 de

535 535 691 590 nobis
719 539 947 592 terrenis
988 540 1146 594 rebus
1171 555 1425 610 praeesse,
1446 542 1518 596 ita
1541 543 1711 597 etiam
1727 558 1824 598 nos
1845 557 1943 613 per
1965 542 2111 612 prin-

534 627 706 695 cipem
756 626 973 682 Petrum
1032 631 1402 700 spiritualibus
1457 633 1618 688 rebus
1665 633 1806 689 Deus
1854 633 2109 705 prtefeeit.

532 716 751 785 Accipe,
781 733 961 786 qureso
991 728 1060 783 te,
1110 721 1338 792 benigna
1388 722 1566 778 fronte
1627 740 1750 795 quae
1793 734 2108 794 sequuntur.

533 807 728 862 Datum
765 821 849 866 est
873 812 967 866 tibi
991 827 1205 879 curare,
1237 823 1296 868 ut
1326 824 1674 886 tyrannorum
1706 818 2036 888 impietatem
2061 827 2116 874 et

532 900 801 958 feritatem
844 904 1020 974 gladio
1049 908 1302 976 potentia:
1336 911 1616 976 concidas,
1639 919 1698 966 ut
1717 911 1980 980 justitiam
2010 913 2112 968 mi-

533 990 736 1045 nistres
764 994 993 1049 subditis
1024 997 1150 1062 tuis,
1183 1009 1241 1053 ut
1269 999 1412 1071 leges
1439 1003 1662 1069 condas,
1691 1014 1748 1058 ut
1767 1012 1922 1071 terra
1956 1007 2118 1060 mari-

535 1095 640 1150 que
690 1083 952 1141 militares
989 1088 1178 1156 copias
1219 1091 1492 1159 disponas.
1548 1093 1675 1148 Haec
1717 1104 1800 1149 est
1849 1096 2115 1166 praecipua

536 1189 664 1228 cura
699 1179 951 1246 potentia:
979 1189 1032 1234 et
1073 1183 1405 1253 principatus
1453 1187 1549 1240 tui.
1599 1187 1791 1260 Gregis
1828 1205 1957 1244 cura
1988 1205 2119 1246 vero

538 1267 696 1322 nobis
721 1271 1006 1326 commissa
1038 1285 1121 1328 est
1152 1284 1300 1330 tanto
1330 1281 1674 1347 praestantior
1722 1290 1985 1350 quantum
2031 1282 2114 1336 di-

525 1361 682 1412 'stant
707 1375 736 1412 a
769 1361 908 1420 ctelo
931 1378 992 1416 ea
1016 1381 1137 1434 quae
1165 1365 1216 1420 in
1251 1368 1411 1422 terris
1453 1379 1600 1424 sunt.
1646 1372 1782 1425 Audi
1833 1371 2117 1428 Dominum

536 1448 802 1503 dicentem
831 1450 991 1506 Petro
1017 1469 1038 1507 τ
1067 1453 1142 1507 Tu
1180 1472 1234 1509 es
1269 1455 1479 1520 Petrus,
1503 1469 1550 1512 et
1579 1476 1733 1530 super
1756 1461 1892 1514 hanc
1919 1472 2119 1530 petram

537 1539 810 1608 aediﬁcabo
841 1539 1130 1596 Ecclesium
1160 1561 1351 1609 meam,
1377 1557 1424 1600 et
1445 1559 1608 1617 porta!
1629 1548 1900 1617 iuferinon
1921 1567 2120 1621 pra'sa-

536 1625 716 1682 lebunt
748 1631 998 1685 adversus
1024 1650 1139 1686 eam
1166 1633 1381 1704 (Matth.
1407 1636 1585 1705 xvnn).
1615 1636 1687 1692 De
1707 1648 1971 1708 potestate
1992 1655 2120 1696 vero

537 1726 592 1773 et
620 1719 850 1790 imperio
885 1731 979 1776 tuo
1012 1724 1140 1792 quid
1169 1725 1291 1779 ait?‘
1307 1725 1487 1781 Nolite
1513 1727 1693 1782 timere
1729 1729 1848 1795 illos
1868 1730 1958 1801 qui
1982 1732 2118 1784 occi-

537 1807 669 1862 dunt
724 1826 930 1880 corpus,
975 1813 1384 1875 anirnam,vero
1450 1835 1552 1872 non
1611 1829 1825 1888 possunt
1885 1791 2198 1876 occidereB

539 1897 758 1969 (Matth.
793 1902 868 1970 κ).
899 1901 964 1956 Et
993 1903 1184 1958 iterum
1213 1907 1281 1961 de
1310 1908 1610 1964 ministerio
1646 1911 1810 1966 nobis.
1829 1914 2120 1969 commisso

543 1990 658 2044 ait:
692 1991 804 2046 Tibi
841 1994 976 2048 dabo
1007 1995 1172 2051 claves
1201 2001 1346 2069 regni
1385 2001 1626 2056 caelorum
1659 2003 1872 2073 (Matt/1.
1899 2006 2033 2077 XVI),
2065 2016 2120 2062 et

540 2096 661 2150 qua:
686 2093 1000 2152 sequuntur.
1039 2087 1147 2143 Oro
1172 2089 1353 2159 itaque
1377 2093 1631 2161 pietatem
1665 2103 1830 2156 tuam.
1866 2104 1925 2150 ut
1957 2097 2122 2150 inlue-

543 2187 666 2227 reas
718 2174 951 2231 decretis
998 2179 1302 2250 principum
1367 2185 1770 2253 apostolorum,
1816 2196 1874 2241 ut
1924 2203 2120 2244 nomen

543 2278 731 2319 eorum
782 2267 1016 2324 honores
1075 2280 1129 2324 et
1168 2273 1506 2342 dignitatem.
1559 2276 1827 2332 institutio
1876 2280 2019 2334 enim
2070 2290 2124 2336 et

543 2357 906 2412 sacerdotium
934 2362 1173 2416 omnium
1203 2379 1323 2434 qua!
1358 2365 1409 2418 in
1438 2366 1567 2421 orbe
1603 2378 1728 2422 sunt
1758 2368 2120 2426 Eeclcsiarum

541 2463 572 2501 a
604 2448 846 2520 principe
874 2450 1035 2507 Petro
1063 2463 1239 2509 ortum
1261 2458 1487 2526 accepit,
1513 2474 1610 2528 per
1634 2475 1794 2530 quem
1822 2463 1985 2518 etiam
2027 2480 2125 2519 nos

543 2537 908 2596 sincerissima
934 2554 988 2596 et
1015 2545 1305 2613 purissima
1333 2549 1579 2605 doctrina
1608 2567 1888 2609 monemus
1935 2569 2127 2611 omnes

541 2637 598 2685 et
631 2631 900 2689 docemus.
946 2635 1190 2707 Regnum
1237 2654 1366 2696 vero
1420 2650 1567 2696 tuum
1619 2660 1725 2699 non
1779 2646 2134 2703 minimarum.

543 2738 724 2778 rerum
782 2738 1103 2798 argumento
1164 2731 1230 2786 ad
1285 2749 1348 2788 ea
1401 2750 1521 2804 qute
1569 2739 1940 2806 praestantiora
2001 2750 2125 2795 sunt

546 2816 838 2870 scrutanda
872 2831 928 2870 se
957 2819 1162 2890 erigat,
1182 2823 1273 2876 sed
1303 2824 1697 2880 animadvertat
1740 2843 1844 2897 qua
1892 2830 2126 2884 auctori-

545 2916 656 2962 tate
682 2909 795 2964 haec
827 2910 1005 2967 facere
1033 2916 1359 2986 aggreditur.
1385 2919 1476 2974 ille
1501 2921 1716 2990 quidem
1747 2921 1837 2990 qui
1865 2923 2126 2979 adversus

547 3000 944 3058 sanctissimum
991 3005 1249 3063 Marinum
1296 3025 1479 3065 sacras
1507 3027 1665 3066 aures
1700 3021 1820 3068 tuas
1843 3023 2125 3070 contume-

546 3086 637 3142 liis
662 3091 969 3157 maculavit,
1012 3097 1272 3154 adversus
1316 3100 1600 3156 Dominum
1648 3112 1890 3159 nostrum
1943 3105 2122 3159 Iesum

547 3177 849 3247 Christum,
883 3183 1128 3254 qui:nutu
1151 3202 1249 3242 suo
1273 3189 1580 3246 universum
1609 3193 1794 3246 orbem
1823 3194 1981 3262 regit.
2010 3194 2124 3249 bla-

549 3273 822 3341 sphemias
843 3273 1054 3332 effutire
1079 3279 1265 3346 procul
1294 3280 1458 3336 dubio
1504 3297 1608 3337 non
1659 3283 1940 3338 dubitavit.
1970 3284 2121 3351 Quis,

546 3363 791 3434 inquam,
826 3366 915 3422 ille
954 3367 1054 3423 fuit
1107 3371 1200 3440 qui
1255 3374 1516 3429 adversus
1561 3375 1962 3431 immaculatum
2008 3378 2125 3448 ejus

547 3469 802 3527 sponsum
835 3468 890 3514 et
918 3462 1274 3528 sacerdotem,
1314 3473 1369 3518 et
1415 3464 1675 3520 adversus
1729 3474 1956 3521 matrem
2007 3482 2127 3521 om-

545 3549 694 3603 nium
743 3549 1104 3607 Ecelesiarum
1140 3553 1262 3609 talia
1291 3555 1475 3612 dicere
1512 3564 1596 3611 est
1622 3556 1824 3610 ausus?
1850 3556 2126 3627 Decipitur

545 3641 790 3710 profecto
813 3643 1121 3714 quicunque
1142 3655 1294 3714 putat
1331 3647 1472 3718 quod
1505 3647 1798 3718 discipulus
1838 3649 1908 3703 sit
1959 3663 2134 3719 supra

546 3732 887 3802 magistrum,
912 3742 1184 3791 et'servus
1215 3751 1382 3807 supra
1407 3737 1681 3794 dominum
1718 3755 1872 3794 suum
1904 3739 2119 3808 (Matth.

545 3827 684 3897 XIX).
710 3828 1152 3900 Obstupescimus
1183 3848 1336 3899 sane,
1364 3831 1492 3888 dum
1525 3850 1688 3904 quam
1733 3835 2033 3904 perfectam
2071 3845 2125 3892 et

544 3917 868 3972 illustratam
909 3920 1251 3989 prudentiam
1283 3923 1558 3977 seductam
1594 3924 1868 3987 videmus,
1901 3933 1963 3979 ut
1994 3925 2126 3981 talia

544 4014 733 4060 contra
763 4016 1011 4063 sanctum
1043 4008 1190 4064 illum
1216 4012 1392 4066 virum
1415 4013 1749 4084 cogitaverit.
1774 4013 1961 4081 Qualis
1977 4016 2124 4070 enim

544 4095 634 4151 ille
677 4095 858 4163 fuerit,
893 4098 1015 4153 licet
1059 4113 1157 4154 nos
1204 4099 1418 4155 silentio
1464 4111 1876 4171 praetereamus,
1917 4104 2126 4175 lapides

541 4186 633 4241 isti
683 4186 997 4244 clamabunt
1027 4187 1240 4243 :Multa
1279 4191 1412 4259 ﬁant
1461 4191 1601 4246 labia
1647 4192 1829 4248 dolosa
1877 4212 1997 4266 quae
2047 4195 2124 4250 lo-

532 4286 774 4344 .quuntur
818 4277 1065 4334 adversus
1116 4278 1283 4334 Deum
1337 4281 1664 4352 iniquitatem
1691 4325 1705 4348 ,
1751 4284 1828 4339 cel
1877 4286 2124 4341 adversus

534 4366 740 4434 justum
770 4367 788 4436 (
801 4365 942 4422 Psal.
962 4367 1112 4440 xxx).
1131 4368 1187 4424 Si
1215 4371 1332 4425 ovis
1351 4370 1444 4426 Dei
1468 4373 1654 4427 existis
1681 4374 1842 4445 (quod
1863 4376 2002 4430 votis
2029 4377 2127 4431 ha-

2217 546 2470 601 omnibus
2499 549 2872 605 sacerdotibus
2899 551 3038 625 dicta
3075 561 3218 608 sunt.
3269 555 3378 610 Deo
3427 565 3482 612 te
3529 560 3761 627 aequalem

2218 633 2373 701 facis,
2405 638 2495 706 qui
2533 636 2646 706 ejus
2673 641 2890 711 angelos
2933 642 3174 709 judicare
3217 647 3404 702 audes.
3453 648 3594 702 Dicit
3644 653 3764 706 enim

2216 718 2516 797 propheta:
2559 729 2724 784 Labia
2753 732 3038 788 sacerdotis
3079 734 3355 806 loquentur
3392 737 3688 807 judicium,
3727 751 3767 792 et

2217 815 2378 886 legem
2401 821 2670 888 exquirent
2695 822 2759 875 de
2779 839 2867 876 ore
2885 823 2998 892 ejus
3026 836 3045 874 .°
3067 824 3278 894 angelus
3301 827 3440 880 enim
3476 838 3552 880 est
3586 828 3772 881 Domini

2223 911 2586 980 omnipotentis
2637 911 2656 979 (
2679 911 2872 967 Malae.
2915 913 3008 985 ιι).
3077 914 3354 982 Quomodo
3395 917 3664 985 jndicabis
3701 933 3774 970 sa-

2218 997 2465 1059 cerdotes
2490 1000 2582 1068 qui
2607 1000 2774 1055 solius
2802 1001 2894 1056 Dei
2919 1005 3199 1058 sententia:
3220 1007 3604 1075 subjiciuntur,
3629 1016 3680 1060 et
3696 1007 3770 1074 qui

2218 1087 2316 1141 soli
2360 1087 2670 1145 facultatem
2702 1091 2902 1147 habent
2931 1093 3128 1164 ligandi
3154 1105 3317 1165 atque
3346 1096 3634 1150 solvendi?
3662 1096 3776 1150 Vide

2219 1181 2288 1233 ad
2311 1181 2580 1250 quodnam
2603 1182 2927 1250 profundum
2963 1193 3013 1240 te
3057 1187 3388 1256 prtecipitcm
3427 1188 3646 1242 dedisti.
3684 1188 3773 1242 Au-

2218 1269 2311 1325 dio
2333 1271 2391 1324 in
2419 1281 2489 1336 te,
2517 1273 3047 1343 magnificentissime
3071 1277 3382 1346 imperator,
3403 1279 3617 1334 laudari
3646 1295 3774 1333 man-

2219 1359 2577 1423 suetudinem,
2612 1370 2666 1417 et
2703 1364 3016 1432 patientiam
3047 1363 3147 1421 Job
3180 1383 3195 1419 :
3241 1376 3585 1438 quapropter
3614 1368 3774 1421 mirari

2221 1449 2350 1503 satis
2377 1465 2482 1504 non
2513 1467 2731 1520 possum
2764 1453 3034 1522 quomodo
3074 1454 3147 1508 ita
3199 1456 3429 1524 turpiter
3479 1455 3660 1526 lapsus
3693 1458 3775 1512 sis.

2222 1540 2496 1610 Scripsisti
2525 1543 2674 1598 illum
2724 1560 2828 1599 non
2876 1559 2993 1600 esse
3035 1546 3365 1616 episcopum.
3417 1546 3696 1620 Quomodo
3731 1547 3776 1602 id

2222 1632 2401 1688 nosti?
2435 1631 2492 1686 Si
2515 1647 2642 1688 vero
2667 1634 2718 1687 id
2751 1634 2988 1703 ignoras,
3015 1636 3284 1704 quomodo
3331 1635 3405 1689 ita
3456 1652 3695 1707 pneceps
3731 1637 3780 1691 in

2221 1736 2345 1776 eum
2369 1723 2692 1777 sententiam
2728 1723 2934 1778 tulisti?
2980 1723 3170 1789 Magna
3211 1724 3430 1792 quidem
3462 1734 3548 1780 est
3585 1726 3775 1794 pontiﬁ-

2223 1826 2344 1867 cum
2378 1813 2638 1882 potentia.
2671 1811 2783 1867 Non
2810 1821 2860 1866 te
2896 1813 3065 1869 latent
3110 1830 3196 1869 res
3238 1815 3382 1870 beati
3432 1817 3782 1881 Ambrosii,et

2223 1906 2350 1974 quid
2379 1907 2493 1975 ipse
2515 1905 2703 1961 fecerit
2728 1907 2986 1962 adversus
3005 1905 3364 1962 Theodosium
3395 1909 3780 1978 imperatorem.

2223 1995 2542 2066 Quicunque
2571 1997 2755 2051 dicunt
2781 1996 3049 2052 Marinum
3083 1997 3249 2053 fuisse
3280 2009 3438 2054 antea
3489 2001 3782 2072 episcopum

2224 2105 2284 2144 ac
2312 2089 2536 2160 proinde
2559 2105 2662 2144 non
2690 2091 2931 2160 potuisse
2971 2091 3036 2145 ad
3082 2091 3242 2145 aliam
3275 2093 3461 2148 sedem
3496 2091 3779 2158 transferri,

2181 2235 2190 2244 __
2222 2179 2512 2234 ostendant
2537 2179 2609 2233 illi
2637 2180 2686 2234 id
2711 2190 2916 2250 aperte.
2949 2180 3330 2244 Scito,dilecte
3353 2185 3571 2238 etomni
3601 2185 3781 2239 honore

2224 2270 2384 2337 digne
2438 2271 2753 2340 imperator,
2806 2273 2949 2342 quod
2997 2271 3252 2341 objicitur
3299 2273 3367 2328 de
3414 2288 3646 2339 canone,
3673 2290 3784 2330 cum

2224 2369 2401 2414 tamen
2433 2361 2484 2415 id
2511 2377 2782 2432 nunquam
2811 2361 2973 2416 fuerit
3003 2375 3020 2416 :
3052 2363 3340 2418 multitudo
3372 2372 3560 2419 tamen
3589 2373 3780 2418 sancto-

2223 2468 2342 2506 rum
2367 2453 2590 2508 Patrum
2615 2463 2669 2508 et
2700 2453 2911 2509 illarum
2942 2455 3237 2510 auctoritas
3265 2465 3315 2510 et
3334 2456 3600 2526 judicium
3629 2457 3784 2526 potuit

2225 2544 2371 2598 illum
2397 2545 2729 2600 constituere
2753 2546 2804 2600 in
2833 2547 3012 2615 primo
3033 2547 3220 2618 gradu.
3273 2547 3338 2602 Et
3386 2548 3572 2602 divina
3615 2549 3782 2618 prori-

2225 2635 2401 2689 dcutia
2429 2651 2770 2706 praenoscens
2797 2635 3052 2691 Ecclesia:
3081 2636 3174 2691 Dei
3211 2638 3526 2702 utilitatem,
3570 2638 3620 2692 in
3669 2640 3792 2692 sede

2225 2726 2485 2797 principis
2516 2727 2880 2798 apostolorum
2932 2726 3077 2782 Petri
3128 2728 3274 2782 illum
3318 2729 3623 2784 collocavit.
3660 2729 3779 2796 Quid

2225 2834 2354 2874 vero
2381 2833 2604 2888 magnus
2633 2818 2717 2873 ille
2758 2817 3050 2889 Gregorius
3093 2827 3456 2889 cognomento
3489 2819 3781 2889 theologus?

2225 2923 2403 2962 nonne
2429 2908 2700 2964 Nazianzo
2740 2907 3036 2962 translatus
3074 2917 3176 2972 est,
3201 2919 3255 2962 et
3282 2907 3532 2964 Meletius
3583 2909 3790 2963 Sebaste

2225 3000 2592 3065 Antiochiam,
2617 3008 2673 3054 et
2704 2999 2989 3055 Dositheus
3018 2998 3260 3055 Seleucia
3303 3000 3537 3054 Tarsum
3581 3000 3780 3063 Cilicia,

2229 3097 2282 3144 et
2312 3089 2669 3145 Reverentius
2697 3089 3110 3160 Archiphtenice
3135 3090 3336 3161 Tyrum
3355 3131 3370 3155 ,
3404 3089 3641 3146 Joannes
3667 3090 3784 3146 Gor-

2231 3181 2368 3235 dolia
2396 3180 2816 3245 Proeonnesnm,
2835 3180 3148 3236 Theodorus
3167 3182 3404 3250 Apamea
3425 3180 3786 3252 Selymbriam.

2224 3269 2531 3326 Alexander
2592 3271 2926 3341 Cappadocia
2990 3270 3356 3341 Hierapolim?
3410 3280 3469 3326 et
3517 3271 3664 3325 multi
3707 3270 3780 3324 alii

2225 3364 2448 3420 diversis
2475 3363 2529 3419 in
2573 3363 2705 3419 lucis
2753 3363 2996 3418 translati
3040 3373 3166 3418 sunt
3208 3379 3239 3418 e
3295 3364 3411 3419 suis
3466 3364 3679 3418 sedibus
3726 3363 3779 3416 ad

2223 3453 2463 3511 alienas?
2515 3455 2666 3510 Dicat
2706 3455 2964 3511 celsitudo
3013 3463 3105 3510 tua
3153 3457 3349 3524 quibus
3403 3456 3783 3511 accusatoribus

2224 3557 2281 3601 et
2326 3546 2518 3615 quibus
2569 3546 2795 3600 testibus
2847 3544 3235 3599 afﬁrmantibus
3285 3544 3505 3598 beatum
3545 3544 3781 3598 Harinum

2227 3639 2416 3694 fecisse
2438 3653 2558 3709 quae
2581 3646 2634 3693 tu
2659 3638 2818 3702 dicis,
2844 3636 2989 3691 illum
3019 3635 3430 3713 condemuasti?
3456 3636 3542 3690 An
3571 3637 3784 3705 ignoras,

2226 3729 2280 3784 in
2311 3729 2482 3800 prima
2516 3727 2724 3782 Nicsena
2756 3727 2959 3797 synodo
2980 3725 3121 3794 quod
3150 3725 3340 3778 beatus
3371 3725 3636 3779 Silvester
3667 3738 3789 3794 papa

2224 3821 2639 3894 proclamaverit
2676 3835 2771 3890 per
2810 3819 3031 3890 legatos,
3077 3824 3338 3888 praesente
3383 3817 3585 3871 ibidem
3622 3827 3790 3871 samto

2225 3912 2617 3969 Constantino:
2654 3909 2722 3965 Ut
2757 3909 2926 3978 prima
2973 3908 3128 3963 sedes
3174 3922 3204 3960 a
3250 3907 3471 3960 nemine
3512 3905 3788 3974 judieetur.

2226 4003 2363 4071 Quid
2389 4001 2609 4073 deliquit
2627 4010 2808 4055 sancta
2831 3999 3200 4065 Romanorum
3228 3997 3498 4061 Ecclesia,
3525 4008 3585 4051 ut
3611 3997 3780 4051 adver-

2226 4113 2319 4153 sus
2348 4111 2469 4162 eam
2494 4095 2730 4165 linguam
2757 4101 2901 4148 tuam
2923 4093 3138 4148 vibrare
3168 4099 3222 4147 et
3247 4092 3526 4148 concitare
3555 4091 3786 4147 seductor

2226 4189 2328 4244 iste
2370 4187 2684 4242 induxerit?
2727 4183 2884 4245 Num.
2925 4181 3094 4261 juxta,
3142 4183 3422 4254 antiquum
3466 4199 3692 4248 morem,
3729 4182 3788 4237 de

2227 4280 2431 4353 synodo
2457 4277 2918 4347 Constantinopoli
2958 4277 3202 4332 habenda
3234 4278 3303 4332 ad
3351 4286 3410 4332 te
3449 4277 3664 4331 litteras
3693 4291 3790 4330 non

2227 4371 2410 4428 dedit?
2466 4370 2599 4425 Num
2647 4384 2746 4439 pro
2789 4368 2976 4423 eadem
3014 4367 3218 4438 synodo
3245 4379 3431 4422 curam
3462 4382 3570 4420 non
3608 4361 3790 4437 gessit?

539 4455 777 4528 bemus),
811 4474 876 4514 ne
913 4460 1328 4532 transgrediaris
1346 4461 1543 4518 limites
1568 4465 1872 4534 principum
1913 4475 2123 4537 aposto-
2150 4497 2206 4557 Β
2227 4462 2357 4518 Peto
2392 4477 2421 4515 a
2455 4471 2507 4557 te
2529 4456 2547 4514 ἐ
2584 4459 2806 4557 cuinam
2831 4457 3094 4557 scriberet
3119 4459 3484 4557 Romanorum
3539 4455 3792 4557 ilcclesia?

537 4548 734 4603 lorum.
768 4549 884 4614 Dic,
919 4567 1106 4621 quaeso
1127 4560 1177 4607 te
1204 4571 1226 4605 :7
1248 4552 1368 4622 quis
1392 4563 1445 4608 te
1472 4553 1710 4620 seduxit,
1730 4565 1788 4610 ut
1815 4558 2120 4625 pontiﬁcem

541 4641 938 4696 mcumenicnm
965 4643 1172 4698 comico
1197 4658 1347 4698 more
1392 4645 1781 4701 scommatibus
1823 4646 2122 4704 lacesseres

539 4739 596 4784 et
626 4745 834 4785 sacram
866 4731 1230 4788 Romanorum
1259 4733 1552 4790 Ecclesiam
1599 4736 1900 4792 maledictis
1941 4737 2120 4794 inces-

541 4836 714 4886 sercs,
741 4821 826 4876 cui
859 4837 982 4876 cum
1009 4823 1155 4877 omni
1181 4825 1530 4880 veneratione
1575 4825 1822 4882 subditus
1869 4842 1990 4884 esse
2030 4829 2121 4885 de-

538 4911 672 4968 bes?
713 4913 796 4968 An
844 4915 1062 4984 ignoras
1112 4915 1253 4984 quod
1297 4918 1412 4972 haec
1465 4919 1704 4972 omnium
1753 4918 2117 4976 Eeclesiarum

539 5004 795 5075 princeps
824 5006 1045 5061 existit?
1071 5008 1202 5074 Quis
1235 5016 1284 5063 te
1311 5009 1625 5079 pontificum
1644 5009 1880 5079 jndicem
1915 5016 2118 5070 consti-

541 5093 646 5146 tuit
667 5108 892 5163 quorum
923 5097 1094 5153 sacris
1123 5097 1384 5155 doctrinis
1413 5100 1570 5170 dirigi
1599 5101 1782 5167 debes,
1801 5112 1855 5158 et
1877 5119 1904 5158 ι
1925 5106 2120 5175 quibus

540 5196 733 5251 preces
793 5201 894 5254 pro
937 5195 987 5240 te
1031 5189 1142 5244 Deo
1187 5188 1519 5244 oderantur?
1565 5189 1685 5246 Scis
1730 5207 1942 5249 sacrum
1991 5196 2119 5251 illud

541 5275 800 5346 elogium,
829 5280 972 5346 quod
998 5279 1074 5333 ait
1098 5299 1110 5335 :
1143 5279 1322 5335 Nolite
1339 5290 1550 5352 tangere
1571 5282 1790 5337 christos
1816 5300 1976 5350 meos,
1993 5298 2040 5341 et
2063 5288 2118 5340 in

544 5431 752 5486 riorum
793 5430 1028 5500 ejusdem
1079 5434 1253 5491 Photii
1300 5437 1354 5491 in
1391 5438 1622 5491 obscuro
1671 5446 1769 5492 est.
1823 5437 1954 5493 Nam
2000 5455 2121 5494 cum

547 5501 752 5578 scirent
775 5501 1026 5578 omnibus
1051 5504 1156 5559 illis
1203 5509 1565 5578 monumentis
1611 5523 1730 5578 quae
1771 5523 1867 5576 pro
1919 5507 2123 5574 lauatio

551 5569 810 5618 adversus
862 5569 1107 5612 phniislm
1159 5585 1308 5606 “nos...
1345 5576 1377 5592 ἰ
1426 5579 1458 5592 -·
1581 5579 1611 5590 -ο

1159 5585 1274 5606 “nol
1285 5591 1308 5604 Λ

2226 4553 2365 4609 laico
2392 4552 2598 4608 scilicet
2618 4549 2810 4604 Photio
2829 4550 2854 4602 .9
2897 4548 2952 4603 Si
2981 4547 3123 4602 enim
3153 4545 3381 4602 haberes
3408 4545 3790 4606 Patriarclmn,

2225 4644 2559 4715 frequentius
2608 4649 2788 4695 nostra
2842 4639 3080 4694 Ecclesia
3126 4637 3272 4692 illum
3304 4637 3506 4692 litteris
3537 4639 3788 4693 visitaret.

2227 4737 2333 4794 Sed
2367 4737 2451 4792 hci
2491 4735 2642 4802 mihi,
2675 4733 2815 4802 quod
2846 4733 2945 4786 ista
2986 4731 3217 4802 gloriosa
3245 4738 3300 4786 et
3327 4745 3356 4783 a
3396 4729 3510 4784 Deo
3539 4729 3788 4786 custodita

2224 4831 2416 4886 civitas
2444 4825 2937 4895 Constantinopolis
2955 4824 3188 4894 pastoris
3214 4823 3410 4878 solatio
3453 4832 3540 4877 est
3588 4823 3791 4884 orbata,

2224 4929 2279 4976 et
2302 4919 2414 4974 sola
2445 4918 2588 4988 regia
2620 4927 2707 4970 tua
2740 4914 2975 4985 potentia
3010 4913 3355 4968 illustratur:
3387 4920 3466 4975 et,
3514 4913 3618 4966 nisi
3654 4925 3795 4964 amor

2224 5027 2330 5084 quo
2358 5021 2409 5064 te
2431 5008 2810 5080 prosequimur
2826 5004 3152 5061 cohibuisset
3176 5011 3235 5058 ut
3257 5003 3526 5060 ferremus
3551 5002 3790 5074 injuriatu

2226 5113 2423 5159 nostra:
2448 5101 2702 5157 Ecclesiae
2725 5097 2948 5162 illatam,
2987 5097 3160 5151 coacti
3207 5093 3502 5150 fuissemus
3545 5096 3798 5150 adversus

2223 5195 2691 5266 praevaricatorem
2736 5189 3005 5252 Photium,
3055 5187 3145 5256 qui
3197 5197 3388 5242 contra
3437 5201 3540 5243 nos
3589 5187 3789 5256 impura

2224 5285 2460 5342 evomuit
2484 5282 2670 5345 verba,
2703 5278 2980 5351 graviores
3001 5291 3188 5346 ptenas
3213 5275 3456 5348 inﬂigere
3475 5291 3640 5346 quam
3667 5287 3796 5345 pra:-

2228 5439 2489 5511 lgnalinm
2514 5443 2568 5490 et
2608 5433 2859 5489 Photium
2907 5438 3176 5482 transacta
3229 5435 3388 5480 erant
3435 5427 3654 5482 silentio
3705 5427 3796 5482 ub-

2228 5510 2427 5548 rimI-J"
2489 5522 2498 5523 '
