3926 5552
505 357 609 415 795

1790 357 2130 421 sternam
2169 355 2369 432 mea:
2416 355 2456 410 ν

3646 366 3744 424 ιω

495 471 704 528 illibate
731 470 799 526 ab
824 470 1109 539 omnibus,
1150 470 1243 543 qui
1270 470 1580 529 Christiano
1606 468 1826 527 nomine
1848 486 2075 537 censen:
2101 474 2153 543 Α
2177 477 2351 527 stram
2388 466 2570 525 Jesum
2606 466 2879 527 Christum
2926 480 3130 528 tentare
3168 488 3275 529 non
3318 473 3599 531 dubitavit.
3651 477 3753 535 Nec

496 573 607 629 tur,
646 564 746 620 sub
774 561 1087 620 defensione
1111 570 1312 620 sanctae
1336 561 1486 619 sedis
1513 560 1820 633 apostolica:
1842 561 2076 617 habean-

494 665 584 712 tur
605 663 662 711 et
680 656 1069 720 observentur,
1096 654 1164 708 ad
1206 652 1420 707 laudem
1466 651 1559 707 Dei
1588 652 1994 722 omnipotentis,
2021 658 2080 708 et

492 745 641 803 sedis
662 743 969 816 apostolica:
1017 744 1400 809 reverentiam,
1429 751 1487 797 et
1528 742 1774 798 stabilem
1801 742 1963 797 etiam
1995 742 2076 819 vi-

491 849 699 906 gorem,
729 842 785 889 et
812 841 1013 889 statum
1040 833 1498 903 augmentaudum
1525 830 1865 904 profuturum
1893 831 2072 888 eccle-

487 926 602 983 site.
637 923 693 980 Si
722 925 846 994 quis
879 932 1096 989 autem,
1129 924 1272 993 quod
1317 938 1422 977 non
1466 931 1736 993 optamus.
1785 920 2074 976 temerario

488 1030 622 1072 ausu
662 1022 853 1070 contra
884 1014 991 1070 hoc
1033 1022 1234 1069 nostrae
1279 1013 1622 1069 auctoritatis
1667 1020 1724 1067 et
1765 1011 2074 1082 apostolica:

487 1104 919 1162 conﬁrmationis
941 1103 1277 1176 privilegium
1304 1104 1392 1174 pie
1416 1119 1446 1155 a
1472 1102 1628 1157 nobis
1662 1115 1978 1156 concessum
2005 1100 2072 1154 iri

485 1211 756 1268 agereque
813 1197 1260 1267 praasumpserit,
1308 1203 1365 1249 et
1407 1195 1461 1248 in
1509 1203 1620 1249 toto
1666 1192 1751 1247 vel
1802 1206 1868 1247 ex
1918 1202 2074 1262 parte

487 1290 788 1361 transgredi
840 1299 1069 1346 conatus
1116 1288 1320 1353 fuerit,
1365 1295 1422 1342 et
1447 1300 1662 1341 omnem
1712 1284 2072 1340 reverentiam

486 1375 686 1433 sanctae
714 1378 856 1434 sedis
884 1377 1192 1447 apostolicae
1219 1392 1327 1430 non
1351 1374 1757 1438 observaverit,
1786 1373 1926 1427 sciat
1948 1387 2007 1427 se
2037 1386 2068 1426 a

485 1467 598 1522 Deo
629 1465 789 1521 Patre
818 1466 1206 1536 omnipotente,
1236 1472 1291 1521 et
1333 1463 1504 1527 Filio,
1536 1470 1592 1517 et
1630 1470 1818 1517 sancto
1865 1461 2071 1532 Spiritu

483 1558 1034 1622 excommunicatum,
1068 1565 1126 1611 et
1153 1555 1255 1611 nisi
1308 1554 1619 1623 resipiscat,
1651 1561 1912 1624 perpetuo
1936 1568 2067 1607 ana-

486 1647 727 1702 themate
757 1647 1197 1702 condemnatum.
1226 1644 1329 1712 Qui
1355 1659 1486 1700 vero
1514 1654 1697 1699 custos
1721 1655 1778 1699 et
1813 1645 2072 1699 observa-

484 1745 572 1792 tor
593 1737 882 1808 exstiterit,
909 1747 966 1791 et
986 1734 1428 1802 benedictionem
1455 1742 1510 1789 et
1549 1734 1780 1805 gratiam
1809 1748 1843 1788 a
1880 1734 1990 1789 Deo
2016 1740 2071 1788 et

482 1827 713 1899 Domino
736 1836 923 1883 nostro
955 1827 1215 1897 consequi
1241 1835 1531 1880 mereatur.

556 1917 828 1988 Scriptum
863 1933 960 1989 per
1002 1933 1218 1973 manum
1266 1916 1513 1988 Gregorii
1555 1915 1825 1972 scriniarii
1866 1925 2067 1973 sancta

481 2005 742 2062 Romana:
771 2006 1021 2062 Ecclesia:
1048 2008 1100 2063 iu
1139 2023 1321 2063 mense
1346 2006 1507 2073 Maio,
1531 2007 1824 2063 indictione
1852 2008 2061 2078 quinta.

483 2094 691 2151 Valete.
726 2098 917 2152 Datum
942 2113 1000 2153 ιιι
1036 2096 1259 2153 Kalend.
1290 2097 1437 2152 Junii
1482 2113 1579 2168 per
1624 2112 1842 2153 manum
1873 2097 2071 2154 Leonis

483 2186 749 2243 sacellarii
798 2196 999 2243 sancta:
1030 2188 1174 2244 sedis
1229 2187 1568 2259 apostolicae,
1612 2187 1808 2260 imper.
1853 2187 2070 2247 domino

482 2280 728 2350 piissimo
770 2280 1014 2350 principe
1059 2280 1254 2336 Carolo
1300 2280 1542 2351 Augusto
1588 2291 1846 2335 coronato
1878 2294 2073 2350 magno

485 2372 680 2441 imper.
725 2387 867 2427 anno
914 2382 1090 2438 sexto,
1132 2381 1188 2428 et
1235 2380 1356 2443 post
1402 2370 1741 2427 consulatum
1782 2371 1900 2443 ejus
1929 2389 2073 2430 anno

485 2470 660 2539 sexto,
695 2464 987 2521 indictione
1014 2465 1223 2535 quinta.

1238 2558 1327 2613 ιν.

740 2662 998 2703 Εριετοιλ
1036 2664 1103 2703 ΑΒ
1142 2662 1423 2703 EPISCOPOS
1460 2660 1812 2703 OIIENTALES.

1099 2746 1270 2818 (Anno
1307 2748 1455 2816 888.)

486 2837 630 2911 Ipsis
664 2854 759 2911 pro
789 2838 1119 2911 ordinatione
1145 2837 1395 2910 Stephani
1433 2835 1747 2911 patriarcha:
1779 2831 2078 2911 Constanti-

556 2904 847 2980 nOpolitani
901 2904 1337 2978 dispensationem
1383 2904 1701 2980 petentibus,
1751 2921 1811 2959 eo
1859 2904 1995 2980 quod
2044 2920 2079 2957 a

559 2976 751 3034 l’liott'o
807 2976 1060 3032 diaconus
1105 2976 1391 3033 ordinatus
1430 2978 1610 3046 [utsset
1641 3015 1658 3041 ,
1711 2976 1978 3045 respondet
2029 2983 2077 3027 et

558 3049 858 3103 ulteriorem
893 3049 1315 3118 informationem
1354 3049 1500 3116 petit.

562 3142 875 3198 Srsrmtvus
911 3142 1194 3210 episcopus
1216 3180 1229 3206 ,
1254 3154 1441 3195 servus
1465 3153 1744 3193 servorum
1789 3136 1913 3205 Dei,
1952 3137 2075 3192 uni.

488 3237 665 3295 versis
693 3235 958 3306 episcopis
982 3242 1037 3288 et
1063 3233 1283 3303 reliquis
1313 3232 1543 3296 clericis,
1574 3241 1678 3286 etc.

561 3350 836 3408 Catholica
871 3347 1072 3404 Christi
1115 3358 1169 3403 et
1215 3347 1311 3423 Dei
1358 3346 1525 3401 nostri
1569 3343 1812 3400 Ecclesia
1858 3342 2078 3399 fundata

490 3458 655 3514 super
691 3440 901 3495 lirmam
944 3448 1175 3508 petram,
1218 3436 1444 3509 apostoli
1474 3435 1724 3492 videlicet
1768 3434 1913 3489 Petri
1947 3448 2079 3489 con-

490 3534 800 3597 fessionem,
848 3530 972 3585 licct
1008 3529 1255 3600 plurimis
1286 3528 1693 3598 tempestatibus
1735 3535 1792 3580 et
1832 3524 2083 3580 lluctibus

492 3627 742 3696 agitetur,
787 3622 1132 3676 nihilominus
1175 3621 1534 3675 continuatur
1575 3629 1631 3675 et
1675 3627 1923 3690 augetur.
1972 3616 2083 3671 Nec

497 3717 693 3771 mirum
721 3717 764 3768 si
796 3713 1012 3768 humani
1057 3713 1272 3781 generis
1316 3712 1489 3767 hostis
1538 3713 1782 3766 tnembra
1831 3709 2086 3764 Ecclesiae

499 3813 706 3863 lentare
746 3806 1089 3878 aggreditur,
1127 3805 1217 3874 qui
1256 3816 1415 3875 caput
1454 3804 1625 3875 ipsum
1669 3790 1950 3858 Dominum
1986 3816 2086 3855 no-

572 3912 599 3940 ι
632 3898 800 3967 llujus
839 3897 1080 3967 epistola:
1116 3908 1368 3950 contenta
1396 3910 1703 3967 recensens
1750 3892 2084 3967 Flodoardus

498 3971 536 4028 ι.
566 3966 793 4030 tv,llist.
812 3966 1147 4029 llliemeusis,
1178 3969 1276 4019 ista
1301 3966 1490 4019 scribit
1519 3982 1532 4017 :
1560 3983 1578 4014 ι
1611 3966 1918 4032 Stephanus
1947 3979 2082 4033 papa

500 4045 568 4097 ad
591 4038 881 4105 Fulconem
907 4035 1265 4089 lthetnensem
1287 4035 1749 4105 archiepiscopum
1777 4034 1969 4089 scribit
1987 4049 2086 4102 pro

501 4107 799 4167 Teutbolto
838 4104 1159 4175 Lingonensi
1209 4108 1495 4174 episcopo,
1550 4104 1860 4174 signiticans
1907 4105 1975 4157 ad
2026 4118 2085 4158 se

500 4182 662 4252 hujus
695 4178 1060 4252 Lllthttett5ls_
1085 4175 1336 4229 Ecclesia:
1384 4176 1779 4252 querimoniam
1810 4175 2085 4252 pervenis-

501 4245 591 4318 se;
608 4253 749 4319 quod
777 4245 1011 4319 (ineunte
1044 4245 1193 4300 lsaac
1215 4254 1289 4315 to)
1314 4245 1589 4314 episcopo,
1613 4246 1916 4319 inconsulto
1939 4249 2084 4298 clero

501 4316 799 4393 et’populo,
831 4316 1104 4393 Egilonem
1137 4321 1208 4386 ιο)
1235 4320 1522 4385 quemdam
1552 4317 1894 4393 omnaclmur
1916 4327 2084 4384 nuper

502 4397 568 4448 de
582 4384 783 4446 saeculo
807 4384 1107 4441 venientem
1133 4384 1513 4456 mepiscopum
1537 4385 1858 4439 Aurelianus
1876 4384 2085 4454 Lugdu-

500 4464 686 4521 nensis
721 4459 1081 4519 ordinaverit.
1120 4457 1307 4526 eisque
1337 4460 1386 4509 vi
1429 4456 1573 4511 illata
1603 4466 1959 4525 praeposuerit
1989 4472 2083 4508 no-

504 4534 757 4593 leuttbus,
772 4545 878 4597 quo
894 4531 1071 4583 divina
1089 4539 1370 4582 vocatione
1385 4528 1662 4581 hominum
1679 4527 2080 4596 excedente(c),
2132 4572 2145 4577 μ

504 4618 576 4658 ne
604 4604 657 4656 in
712 4603 940 4668 idipsum
972 4600 1335 4659 incurrerent,
1368 4597 1624 4668 concordi
1661 4608 1786 4649 voto
1813 4598 1991 4650 clerus
2024 4607 2085 4668 et

501 4676 733 4744 populus
763 4665 1119 4744 Teutboldum
1167 4670 1337 4744 ipsius
1380 4667 1637 4744 Ecclesia;
1671 4668 1958 4722 diaconum
1986 4665 2082 4720 eli-

503 4739 714 4814 gentes,
768 4741 983 4814 abipso
1019 4740 1409 4814 papasibimet
1457 4739 1508 4814 i_n
1544 4740 1858 4814 episcopum
1885 4751 2081 4814 conse-

502 4806 645 4869 crari
668 4806 926 4881 petierint
958 4827 971 4861 :
999 4806 1103 4862 sed
1122 4808 1210 4862 ille
1240 4806 1665 4881 uniuscujusmte
1691 4806 2082 4881 Alscclesizepri-

502 4878 759 4953 vilegiiuu
786 4881 1161 4953 inconcussttm
1177 4892 1395 4953 scrvare
1418 4880 1626 4953 voletis,
1650 4878 1702 4930 id
1726 4892 1889 4953 agege
1913 4878 2082 4953 distu-

509 4946 659 5017 lerti,
690 4964 922 5018 eumque
952 4946 1174 5018 praefato
1203 4947 1498 5002 Aureliano
1518 4946 1794 5001 direxerit.
1825 4946 2082 5001 Scriberis

505 5026 575 5077 ad
602 5038 751 5084 eum,
776 5017 906 5074 utsi
934 5017 1061 5074 cieri
1086 5018 1376 5087 populique
1402 5027 1524 5071 vota
1547 5017 1600 5070 iu
1631 5033 1752 5072 eum
1785 5019 2082 5074 concorda—

506 5102 650 5155 reut,
701 5100 757 5144 et
791 5091 931 5143 sacri
985 5103 1220 5143 canones
1250 5088 1323 5141 illi
1381 5104 1486 5142 non
1538 5088 1841 5153 obviarent,
1888 5101 2081 5155 manus

508 5147 649 5217 nuic'
682 5161 956 5227 imponere
985 5173 1320 5228 nequaquam
1375 5157 1657 5228 dill'erret.
1691 5147 1843 5223 Quod
1886 5158 2003 5210 lieri
2033 5147 2083 5211 si

509 5230 652 5285 ratio
677 5230 1007 5298 prohiberet,
1027 5239 1078 5298 et
1102 5230 1331 5298 idipsum
1358 5228 1461 5281 sibi
1495 5227 1815 5280 rescrllmrpl
1867 5228 2020 5258 :.......:

510 5297 694 5353 tamen
730 5298 958 5350 alterum
1001 5297 1129 5349 inihi
1175 5314 1236 5332 ιω
1259 5298 1290 5318 ιε

572 5392 644 5432 ιη.
683 5393 696 5404 .

2178 560 2342 633 igitur
2371 560 2567 617 mirum
2595 562 2640 617 si
2669 560 2918 620 Photium
2961 565 3098 621 satis
3142 579 3368 622 exosum
3415 567 3486 623 ab
3529 567 3748 625 Ecclesia

2177 649 2492 704 damnatum
2524 649 2778 718 ejecistis,
2801 653 2892 720 qui
2922 652 3254 708 salutiferam
3284 652 3503 709 Domini
3550 669 3753 711 uocem

2173 738 2249 795 ita
2278 739 2494 801 delusit.
2525 754 2621 810 per
2655 734 2829 810 quam
2854 740 3100 796 videlicet
3140 742 3507 798 venerandam
3549 758 3756 800 crucem

2172 831 2352 887 omnia
2399 831 2538 886 dona
2589 830 3273 889 socerdotalis'ministerii
3309 834 3761 904 perﬁciuntur,et

2172 921 2345 976 sancti
2376 922 2715 992 baptismatis
2740 921 3011 977 lavacrum
3040 925 3430 981 sanetitlcatur.
3468 925 3756 981 Predictus

2172 1020 2353 1082 itaque
2377 1010 2600 1066 Photius
2622 1011 2791 1067 laicus
2810 1012 2987 1078 homo,
3014 1013 3057 1067 si
3090 1013 3289 1083 regiam
3323 1014 3467 1068 viam
3498 1013 3758 1069 ambulas-

2171 1109 2253 1156 set
2299 1108 2353 1155 et
2402 1101 2636 1157 decretis
2681 1116 2990 1157 sanctorum
3028 1102 3249 1158 Patrum
3299 1103 3652 1169 inhaesisset,
3699 1104 3758 1159 ad

2175 1201 2373 1248 tantamr
2420 1193 2686 1249 insaniam
2728 1210 3003 1265 nunquam
3041 1195 3369 1251 devenisset.
3431 1195 3759 1266 Quapropter

2171 1286 2261 1356 qui
2289 1273 2488 1341 Christi
2515 1286 2891 1348 humilitatem,
2916 1288 3274 1343 venerandam
3295 1288 3511 1343 scilicet
3533 1302 3763 1355 crucem,

2172 1366 2570 1442 contemnunt,
2619 1378 2862 1449 percussi
2912 1386 3039 1433 sunt
3095 1388 3349 1449 tanquam
3406 1379 3757 1452 primogenita

2171 1464 2431 1537 [Egyptiz
2469 1476 2595 1523 tunc
2640 1467 2782 1522 enim
2826 1467 3189 1523 lsraelitarum
3230 1469 3604 1539 primogeniti,
3646 1483 3759 1525 cunt

2172 1566 2353 1611 essent
2388 1557 2618 1628 signati,
2657 1558 2854 1612 servati
2883 1566 3009 1611 sunt
3035 1573 3101 1612 ac
3129 1558 3382 1613 custoditi
3411 1557 3619 1628 (Exod.
3650 1556 3757 1627 sn).

2172 1644 2309 1716 Quid
2352 1661 2483 1702 vero
2515 1658 2634 1702 erat
2664 1647 2753 1703 ille
2793 1649 3014 1720 sanguis
3044 1649 3167 1720 agni
3198 1648 3251 1703 in
3287 1647 3479 1702 limine
3504 1647 3762 1703 Israelita-

2174 1751 2317 1803 rutn,
2353 1737 2459 1792 nisi
2493 1753 2627 1792 crux
2667 1738 2933 1808 passionis
2976 1738 3173 1794 Christi
3216 1754 3340 1809 quae
3393 1740 3449 1794 in
3504 1739 3762 1795 lrontibus

2100 1823 2413 1899 nﬁdelium
2466 1827 2839 1896 imprimitur?
2896 1827 3212 1899 Quicunque
3257 1829 3425 1899 igitur
3474 1828 3757 1884 salutarem

2175 1928 2389 1970 crucem
2421 1916 2761 1987 parvipendit
2785 1919 3093 1988 evangelico
3120 1933 3250 1973 ense
3272 1918 3631 1973 interimitur.
3666 1918 3759 1973 Sed

2172 2006 2239 2062 de
2285 2005 2480 2062 Pbotio
2531 2007 2744 2076 quidem
2801 2008 2878 2061 ita
2931 2024 3027 2063 vos
3077 2008 3368 2078 scripsistis
3413 2026 3429 2063 :
3472 2009 3597 2064 illas
3644 2024 3759 2069 vero

2172 2098 2521 2169 imperatoris
2539 2098 2755 2154 litteras
2770 2114 2896 2154 eum
2917 2099 3256 2173 legissemus,
3282 2102 3509 2155 easdem
3530 2116 3563 2154 a
3580 2101 3759 2155 vestris

2173 2188 2361 2259 procul
2389 2190 2580 2245 abesse
2616 2190 2997 2260 comperimus.
3054 2189 3132 2244 ita
3171 2191 3315 2245 enim
3348 2205 3411 2245 se
3459 2190 3756 2249 habebant:

2174 2281 2317 2349 quod
2364 2278 2586 2334 Photius
2631 2280 2870 2350 quietam
2915 2280 3081 2335 vitam
3117 2279 3297 2353 elegit.
3349 2281 3690 2352 Quapropter
3711 2283 3757 2337 in

2175 2370 2512 2425 dubitatione
2541 2386 2838 2426 versamur.
2879 2370 3100 2428 Multum
3150 2373 3294 2429 enim
3339 2374 3577 2429 interest
3616 2376 3760 2431 abre-

2116 2526 2119 2535 η
2174 2456 2457 2510 nuntiasse
2483 2465 2540 2511 et
2564 2457 2844 2527 expulsum
2871 2471 3012 2512 esse.
3054 2456 3164 2512 Nos
3202 2458 3369 2526 igitur
3407 2458 3619 2529 absque
3655 2460 3763 2515 dili-

2176 2548 2322 2618 genti
2375 2547 2725 2618 iuquisitioue
2773 2549 3145 2619 qualecunque
3203 2549 3474 2621 judicium
3531 2549 3762 2620 proferre

2177 2650 2282 2691 non
2309 2650 2616 2705 possumus.
2653 2637 2993 2708 Quapropter
3032 2653 3175 2694 nunc
3214 2639 3547 2694 sententiam
3589 2655 3764 2710 proro-

2178 2725 2423 2795 gavimus
2448 2743 2461 2779 :
2491 2735 2545 2780 et
2570 2741 2706 2795 opus
2733 2739 2815 2782 est
2839 2728 3119 2798 utriusque
3138 2729 3310 2798 partis
3337 2729 3764 2800 religiosissimos

2179 2816 2459 2888 episcopos
2507 2817 2670 2884 mitti,
2715 2827 2791 2881 ut,
2840 2833 3100 2889 perpensa
3148 2820 3293 2874 omni
3336 2820 3679 2876 dubitatione
3716 2831 3766 2876 et

2181 2911 2430 2976 veritate,
2474 2911 2746 2981 utrimque
2792 2909 3075 2967 manifesta
3116 2914 3298 2968 dicere
3336 2913 3616 2984 possimus
3635 2914 3766 2984 quod

2182 3001 2324 3056 Deus
2350 3001 2597 3056 voluerit.
2642 3000 2883 3056 Romana
2923 3003 3067 3057 enim
3101 3002 3338 3058 Ecclesia
3370 3003 3550 3057 instar
3574 3004 3766 3074 speculi

2182 3097 2240 3145 et
2299 3091 2625 3160 exemplaris
2681 3091 2902 3162 reliquis
2965 3092 3218 3147 Ecclesiis
3274 3093 3649 3147 constituitur.
3708 3093 3768 3147 Et

2107 3216 2150 3275 C
2183 3182 2542 3253 quodcunque
2568 3181 2836 3275 deﬁnierit
2864 3182 2920 3236 in
2949 3182 3333 3275 sempiternum
3372 3192 3561 3236 manet
3597 3183 3767 3237 incor-

2187 3279 2443 3340 ruptum,
2493 3278 2549 3326 ct
2599 3270 2702 3325 hac
2752 3270 2821 3326 de
2866 3285 3029 3327 causa
3066 3270 3363 3327 sententias
3414 3286 3613 3342 magna
3652 3286 3767 3328 cum

2187 3362 2530 3434 inquisitione
2559 3361 2703 3418 ferre
2725 3363 2898 3419 decet.

2951 3453 3011 3509 Ὺ.

2188 3559 2217 3589 ι
2245 3562 2314 3602 Α»
2340 3561 2616 3604 runconeu
2645 3562 2959 3602 annuens“
2985 3546 3442 3604 Αιιειιιειιιεεοιιυιι
3476 3562 3580 3604 rso
3609 3564 3768 3603 τευτ-

2567 3633 2740 3674 ιοιιιο
2775 3633 3082 3683 ιΙΜξΟΝΕΚδΙ
3117 3634 3392 3674 EPISCOPO.

2502 3706 2896 3777 Fragmentum.
2951 3737 3023 3749 -
3069 3708 3251 3778 (Anno
3302 3707 3469 3778 889.)

2265 3797 2370 3854 Nos
2397 3808 2577 3853 autem
2607 3800 2696 3868 qui
2723 3799 2960 3853 omnium
2989 3798 3353 3853 Ecclestarum
3387 3799 3443 3853 in
3484 3798 3645 3854 beato
3668 3796 3762 3853 Pe—

2184 3891 2331 3947 sulto
2352 3899 2720 3959 praesumeret.
2746 3889 3024 3960 Simulque
3052 3899 3110 3946 et
3154 3890 3458 3946 Oirannum
3482 3892 3566 3960 (ά)
3599 3890 3769 3946 Seno—

2187 3963 2498 4032 gallicnsem
2526 3961 2836 4029 episcopum
2861 3977 2891 4013 a
2922 3976 3021 4014 suo
3042 3960 3211 4032 latere
3236 3961 3504 4032 direxerit
3536 3977 3753 4017 exsecu-

2190 4029 2385 4102 iorem.
2411 4033 2581 4096 Quem
2605 4032 2878 4102 etleludens
2902 4031 3323 4102 Aurelianusatl
3364 4029 3760 4102 Pingonensem

2177 4101 2509 4172 praerniserit
2536 4099 2744 4163 urbem,
2775 4101 3043 4168 pollicitus
3071 4116 3130 4155 se
3158 4100 3421 4172 citissime
3447 4099 3761 4157 subsecutu—

2189 4170 2331 4227 rum.
2380 4174 2499 4237 Quo
2528 4185 2651 4225 cum
2676 4171 2766 4223 ditt
2798 4180 3229 4240 exspectaretur,
3273 4185 3376 4226 nec
3400 4170 3523 4240 ipse
3541 4175 3762 4226 advene-

2182 4243 2280 4307 rit,
2326 4256 2427 4299 ucc
2476 4255 2643 4295 mora:
2671 4255 2782 4294 sum
2836 4255 3056 4295 causam
3092 4242 3452 4311 itutotescere,
3506 4241 3589 4296 vel
3622 4256 3763 4311 papa

2189 4306 2512 4367 remandare
2562 4311 2890 4379 przeviderit.
2940 4311 3058 4378 Quo
3097 4306 3244 4365 circa
3280 4311 3485 4365 iterato
3521 4306 3762 4366 clerus'et

2187 4384 2415 4453 populus
2439 4397 2559 4435 cum
2596 4383 2814 4453 tl_ecreto
2845 4382 3267 4453 tttatmotnnium
3295 4381 3557 4453 roborato
3586 4381 3766 4453 prtels-

2190 4449 2300 4507 tum
2341 4453 2570 4506 electum
2615 4449 2838 4505 Routam
2888 4452 3194 4506 remiserint
3216 4451 3419 4505 obnixe
3455 4449 3675 4506 sibimet
3705 4452 3763 4505 il-

2189 4524 2296 4578 lum
2320 4523 2902 4592 consecrari‘petcntes
2934 4539 2946 4575 :
2984 4525 3217 4592 SBaneC
3247 4530 3379 4575 tunc
3408 4522 3461 4575 id
3492 4537 3657 4592 agere
3680 4538 3762 4575 ac-

2188 4595 2455 4665 quieverit
2470 4591 2673 4665 volens
2688 4662 2694 4665 μ
2709 4590 3051 4665 Lugdunensi
3075 4590 3332 4665 Ecclesia:
3368 4590 3631 4665 collatum
3659 4592 3762 4661 pri-

2189 4662 2440 4734 vileg‘ium
2469 4662 2851 4717 immutilatum
2873 4662 3171 4734 consistere
3195 4680 3208 4715 :
3235 4662 3471 4734 ideoque
3492 4662 3611 4733 jam
3632 4666 3763 4716 dicto

2188 4732 2482 4790 Auriliauo
2540 4734 2734 4787 iterato
2782 4732 3086 4788 rescribeus
3130 4732 3509 4799 mandaverit,
3558 4742 3618 4785 ut
3649 4735 3762 4802 quis

2190 4805 2443 4860 concordi
2494 4818 2623 4856 vnto
2655 4803 2835 4857 clerus
2865 4813 2920 4858 et
2948 4801 3175 4873 populus
3211 4803 3325 4870 jam
3351 4802 3564 4856 dictum
3591 4801 3762 4856 diaco-

2188 4891 2311 4931 nem
2341 4873 2784 4945 expetebat,__aut
2811 4874 2986 4944 ipsum
3012 4881 3385 4945 consecraret,
3420 4882 3519 4926 aut
3561 4874 3686 4942 quid
3710 4873 3758 4925 in

2186 4962 2254 5002 eo
2302 4942 2723 5016 reprehensihile
2763 4942 3055 5016 iudicaret,
3105 4942 3411 5016 rescribere
3450 4952 3757 5016 maturaret.

2190 5016 2296 5072 Sed
2334 5014 2382 5070 is
2410 5015 2576 5085 priori
2610 5014 2997 5085 inobedicntitn
3035 5014 3463 5085 contumaciam
3486 5014 3756 5085 atljiciens,

2190 5102 2297 5142 non
2327 5083 2499 5141 solum
2535 5083 2775 5137 oblatqu
2818 5097 3303 5154 consecrare,‘seu
3332 5083 3469 5154 quid
3496 5083 3563 5138 in
3596 5098 3659 5138 eo
3685 5098 3758 5137 re-

2191 5155 2554 5227 prehensibile
2577 5155 2848 5227 jutlicuret
2876 5155 2996 5227 sibi
3029 5152 3330 5208 rescribere
3352 5152 3758 5226 contempserit,
