3926 5386
126 315 226 371 797

1082 329 1465 395 Εριδτοιιε,
1503 331 1890 390 ΒΙΡΙΑΟΜΑΤΑ
1935 339 2022 395 ΕΤ
2060 343 2465 405 PIIIVILEGM.

3291 363 3394 420 798

123 442 209 488 tro
233 434 603 503 apostolorum
630 437 873 508 principe
894 454 1078 517 curam
1106 444 1459 511 suscepimus,
1485 442 1717 497 scientes

1836 467 1877 504 an
1904 452 2127 523 figuram
2156 461 2495 529 septuaginta
2521 462 2906 532 discipulorum
2934 467 3132 536 scripta
3163 484 3269 523 non
3301 473 3399 526 du.

121 524 271 578 inter
310 525 598 596 episcopos
638 543 744 583 non
790 529 977 585 haberi
1022 545 1145 585 eum
1176 532 1267 601 qui
1300 546 1473 600 neque
1513 546 1542 585 a
1573 530 1716 586 clero

122 616 331 671 electus
373 632 552 687 neque
597 632 627 672 a
664 619 861 689 populo
888 628 974 675 est
1004 622 1271 691 expetitus
1302 639 1313 675 :
1348 636 1489 691 saepe
1513 620 1715 675 dictum

122 705 490 761 Teutboldum
524 709 881 765 venerabilem
921 711 1203 767 diaconum
1242 714 1487 783 ipsorum'
1516 712 1718 767 lamen-

122 795 390 869 tabilibus
443 798 696 867 precibus
756 798 997 854 inclinati
1056 799 1409 871 Lingonensis
1461 800 1717 855 Ecclesiae

122 886 446 957 episcopum
473 890 943 957 consecravimus,
981 893 1244 963 condigna
1282 894 1548 949 sententia
1579 909 1717 964 prae-

121 978 525 1035 varicatoribus
574 982 740 1046 illata,
786 983 912 1038 licet
963 994 1017 1039 et
1058 985 1177 1039 aliis
1217 985 1717 1056 praevaricatoribus

121 1067 327 1124 fuerint
358 1071 626 1140 impediti.
656 1071 996 1143 Quapropter
1021 1084 1125 1129 tua:
1156 1075 1482 1146 injungimus
1513 1074 1715 1129 sancti-

122 1160 358 1224 moniae,
397 1170 459 1216 ut
488 1162 574 1216 his
613 1164 813 1218 nostris
849 1166 1159 1234 apostolicis
1205 1165 1399 1220 litteris
1428 1164 1714 1235 perceptis,

120 1253 427 1322 postposita
457 1254 733 1321 dilatione,
761 1258 826 1310 ad
843 1255 1235 1329 Lingonensem
1273 1258 1501 1312 accedas
1530 1256 1715 1312 Eccle-

122 1347 293 1410 siam,
344 1354 402 1400 ct
440 1346 687 1402 eumdem
728 1347 1084 1403 Teutboldum
1137 1364 1167 1402 a
1210 1347 1364 1402 nobis
1402 1348 1717 1403 solemniter

125 1447 510 1493 consecratum
550 1439 862 1509 episcopum
903 1440 1097 1495 exinde
1128 1439 1410 1503 revestias,
1442 1438 1717 1493 omnibus-

121 1539 229 1597 que
260 1528 685 1598 archiepiscopis
710 1539 767 1584 et
789 1530 1055 1599 episcopis
1081 1530 1406 1593 innotescas,
1433 1544 1531 1598 pro
1557 1536 1719 1581 tanue

122 1619 489 1702 contiimacize
525 1618 725 1675 ultione
760 1635 859 1674 nos
884 1619 1119 1688 ejusdem
1149 1620 1402 1677 Ecclesia:
1433 1619 1717 1688 specialem

123 1708 549 1771 sollicitudinem
579 1712 914 1782 suscepisse,
940 1727 1039 1782 pro
1082 1713 1214 1767 tanti
1252 1713 1449 1767 laboris
1479 1727 1721 1767 macera-

1818 543 2071 603 bitamus.
2103 550 2149 604 E
2172 553 2370 622 quibus
2404 556 2585 625 viginti
2618 566 2827 612 tantum
2858 558 2909 614 in
2938 560 3175 615 Ecclesia
3206 574 3395 618 sancta

1818 635 2060 693 Romana
2084 642 2372 708 habentur,
2388 648 2481 701 sed
2506 662 2615 716 quo
2635 648 2878 715 neglectu
2897 650 3100 721 reliqua
3123 649 3393 708 defuerint

1818 726 2129 799 ambiguum
2158 740 2238 787 est
2275 750 2289 786 :
2328 734 2660 792 arbitrantur
2695 737 2841 793 enim
2872 738 3088 808 plurimi
3119 755 3183 794 ea
3213 740 3408 797 Antio-

1816 818 1995 876 cheno
2014 821 2217 878 inserta
2249 827 2497 882 concilio.

2535 939 2670 994 VIII.

2068 1040 2139 1079 ΑΒ
2173 1041 2384 1084 ΡΑυιυι
2429 1044 2799 1087 ιιιλεεκτιιηυι
2845 1046 3160 1089 εριεεοριςιι.

2170 1136 2568 1208 Fragmentum.
2594 1174 2667 1183 —
2695 1143 2866 1212 (Anno
2897 1146 3042 1215 889.)

1890 1245 1919 1288 δ
1950 1247 2080 1304 Loci
2123 1251 2292 1305 nostri
2337 1252 2699 1309 consideratio
2728 1272 2825 1310 nos
2856 1256 3134 1321 admonet,
3171 1258 3399 1315 rationis

1821 1340 2163 1401 auctoritate.
2216 1357 2336 1411 qum
2364 1359 2390 1395 a
2420 1345 2905 1413 przedecessoribus
2956 1348 3158 1402 nostris
3195 1348 3400 1403 utiliter

1819 1428 2000 1484 decisa
2048 1429 2250 1486 fuerint
2303 1434 2580 1497 rohorare,
2629 1446 2684 1488 et
2713 1451 2833 1504 qua:
2862 1452 2889 1488 a
2923 1436 3230 1491 temerariis
3262 1453 3399 1508 prm-

1822 1529 2035 1591 sumpta
2106 1521 2311 1577 fuerint
2364 1524 2416 1577 in
2470 1533 2721 1594 promptu
2780 1526 3130 1583 nihilominus
3188 1528 3394 1584 ulcisci.

1821 1609 1992 1664 Reum
2018 1611 2216 1681 quippe
2253 1622 2376 1666 ante
2411 1623 2759 1683 conspectum
2788 1615 2952 1669 divini
2980 1616 3184 1672 Judicis
3217 1634 3275 1673 se
3298 1634 3402 1673 uo-

1822 1702 1963 1755 verit
2006 1717 2147 1767 esse,
2194 1703 2283 1770 qui
2335 1704 2523 1758 nititur
2574 1705 2777 1759 utiliter
2818 1705 2965 1761 finita
3002 1710 3306 1766 rescindere
3334 1726 3400 1766 ac

123 1801 273 1856 tione
319 1808 375 1857 et
424 1804 793 1871 oppressionis
837 1803 998 1858 mam
1047 1805 1395 1860 revelatione,
1447 1800 1715 1873 Quidquid
1745 1787 1793 1847 B
1822 1793 2072 1847 roborata
2117 1794 2357 1864 quolibet
2395 1812 2526 1850 ausu
2558 1796 2780 1852 violare.
2814 1799 3177 1856 Ecclesiastici
3204 1802 3400 1872 quippe

123 1900 308 1946 autem
338 1892 485 1947 idem
519 1894 846 1949 venerabilis
881 1895 1168 1967 episcopus
1206 1878 1534 1951 Teutboldus
1566 1894 1718 1949 vobis

121 1996 190 2036 ex
219 1992 406 2037 nostra
437 1992 596 2053 parte
643 1985 907 2050 retulerit,
946 1988 1149 2043 credite
1177 1997 1231 2043 et
1264 1987 1475 2043 effectui
1508 1986 1717 2042 manci-

121 2087 258 2143 pare
281 2073 428 2129 nullo
460 2075 620 2129 modo
648 2076 902 2147 ambigite
929 2096 941 2130 :
966 2085 1150 2147 utpote
1178 2086 1323 2132 tuam
1354 2079 1714 2133 reverentiam

121 2164 270 2219 circa
298 2181 399 2220 nos
425 2165 675 2221 devotam
709 2168 1006 2223 consistere
1031 2171 1323 2225 credimus.

400 2346 401 2349 γ
869 2279 958 2334 vl.

304 2404 374 2444 ιο
398 2402 425 2430 ⁸
462 2405 823 2446 ιευτιιειιτωί
847 2406 1194 2447 κοῦυκτικωι
1225 2406 1537 2449 ειιιεεορυκ.

493 2501 890 2574 Fragmentum.
916 2534 983 2545 -—
1008 2506 1180 2575 (Anno
1208 2503 1359 2575 889.)

191 2621 221 2661 ι
259 2618 594 2676 Consuluisti
645 2620 710 2674 de
756 2620 1049 2675 infantibus
1078 2620 1170 2689 qui
1200 2619 1252 2673 in
1278 2634 1384 2673 uno
1423 2617 1564 2674 lecto
1592 2617 1717 2673 dor-

127 2713 362 2767 mientes
386 2727 511 2765 cum
558 2712 877 2781 parentibus
908 2712 1106 2767 mortui
1142 2711 1505 2782 reperiuntur,
1534 2720 1713 2766 utrum

123 2799 271 2856 ferro
301 2800 590 2863 candente,
625 2811 716 2854 aut
745 2817 884 2871 aqua
923 2801 1186 2867 fervente,
1214 2818 1308 2858 seu
1339 2802 1446 2857 alio
1475 2803 1717 2873 quolibet

124 2893 379 2947 examine
408 2900 666 2962 parentes
695 2908 750 2946 se
774 2894 1064 2964 purificare
1100 2893 1335 2948 debeant
1364 2908 1459 2948 eos
1488 2909 1592 2949 non
1622 2910 1715 2963 op-

124 2986 421 3055 pressisse.
467 2984 715 3041 Monendi
756 2994 882 3040 sunt
912 3000 1145 3055 namque
1173 2993 1226 3040 et
1256 2986 1590 3056 protestandi
1623 3001 1716 3054 pa-

126 3089 337 3143 rentes,
385 3094 459 3133 ne
503 3087 610 3131 tam
666 3078 895 3133 tenellos
943 3092 1127 3133 secum
1155 3078 1207 3132 in
1233 3094 1341 3133 uno
1371 3076 1511 3133 lecto
1547 3078 1712 3134 collo-

129 3182 291 3225 cent:
326 3185 397 3224 ne
440 3169 767 3240 negligentia
806 3169 1046 3239 qualibet
1076 3170 1423 3238 proveniente
1451 3168 1712 3224 sull‘ocen-

132 3270 238 3325 tur,
264 3260 357 3314 vel
388 3261 790 3330 Opprimantur,
831 3260 971 3315 unde
1020 3261 1119 3330 ipsi
1160 3260 1435 3315 homicidii
1470 3260 1546 3314 rei
1576 3260 1719 3313 inve-

128 3352 353 3405 niantur
377 3361 429 3403 ε.
463 3348 596 3404 Nam
627 3349 757 3404 ferri
796 3351 1096 3411 candentis,
1130 3351 1216 3406 vel
1253 3365 1407 3421 aqua:
1455 3350 1717 3405 ferventis

130 3441 535 3497 examinatione
581 3440 979 3495 confessionem
1018 3441 1330 3511 extorqueri
1378 3457 1407 3494 a
1456 3440 1719 3510 quolibet,

129 3533 267 3599 sacri
306 3546 415 3585 non
447 3542 670 3585 censent
698 3547 969 3597 canones;
997 3532 1216 3602 etquod
1261 3539 1573 3586 sanctorum
1609 3529 1717 3583 Pa-

132 3635 272 3685 trum
329 3624 658 3680 documento
708 3626 977 3678 sancitum
1026 3640 1131 3678 non
1181 3635 1286 3687 est,
1342 3622 1716 3693 superstitiosa

132 3714 519 3768 adinventionc
571 3729 677 3767 non
730 3722 813 3767 est
874 3714 1337 3783 prazsumendum.
1408 3710 1717 3781 Spoutanea

131 3805 277 3865 enim
334 3803 700 3864 confessione,
731 3803 815 3856 vel
844 3804 1061 3878 testium
1112 3803 1497 3873 approbatione
1546 3801 1719 3873 publi-

130 3906 254 3951 cata
301 3895 524 3959 delicta,
568 3895 755 3949 habito
804 3911 916 3965 prae
950 3896 1124 3951 oculis
1164 3896 1256 3951 Dei
1309 3897 1522 3959 timore,
1572 3910 1719 3949 com-

130 3987 324 4049 missa,
356 3996 484 4040 sunt
516 3985 766 4056 regimini
797 3994 985 4040 nostro
1006 3985 1290 4053 judicare;
1331 3986 1539 4042 occulta
1568 4000 1715 4049 vero,

128 4086 185 4131 et
210 4076 497 4147 incognita
541 4075 618 4129 illi
667 4084 793 4130 sunt
837 4077 1213 4147 relinquenda,
1253 4077 1343 4147 qui
1389 4076 1535 4131 solus
1570 4078 1721 4131 navit

129 4167 298 4222 corda
350 4164 585 4219 filiorum
627 4165 929 4219 hominum.
962 4165 1024 4220 Hi
1054 4174 1233 4220 autem
1278 4166 1375 4236 qui
1400 4167 1715 4236 probantur,

128 4257 217 4312 vel
245 4255 581 4311 confitentur
609 4256 703 4309 tali
747 4266 896 4312 reatu
925 4272 984 4311 se
1013 4257 1225 4323 noxios,
1254 4266 1342 4312 tua
1373 4273 1467 4313 eos
1491 4258 1721 4327 castiget

128 4346 437 4402 moderatio
467 4360 483 4399 :
519 4345 647 4415 quia
677 4346 739 4415 si,
748 4346 862 4411 ille,
896 4346 989 4416 qui
1011 4357 1328 4415 conceptum
1352 4347 1404 4401 in
1431 4357 1585 4403 utero
1624 4363 1721 4418 per

128 4437 389 4491 abortum
419 4433 706 4496 deleverit,
741 4435 1011 4490 homicida
1042 4444 1163 4490 est;
1194 4447 1394 4506 quanto
1424 4437 1713 4508 magisqni

129 4530 296 4583 unius
339 4526 528 4581 saltem
557 4526 662 4580 diei
698 4527 980 4595 puerulum
1029 4529 1346 4598 peremerit,
1389 4529 1718 4584 homicidam

132 4632 193 4674 se
218 4632 345 4673 esse
371 4631 641 4672 excusare
664 4618 948 4687 nequibit?

882 4749 994 4804 VII.

131 4880 204 4920 an
243 4878 588 4921 Lunnomuu
617 4858 1009 4935 [LUITBERTUII]
1043 4874 1388 4916 uocunrmun
1419 4876 1738 4919 sptscorun.

484 4976 887 5047 Fragmentum.
920 5003 988 5013 -—-
1024 4972 1197 5043 (Anno
1234 4971 1382 5043 889.)

496 5088 675 5161 [Apud
706 5088 943 5151 Ivonem,
966 5085 1051 5149 IV,
1071 5101 1190 5154 cap.
1218 5082 1368 5156 259.]

211 5204 527 5261 Summus
567 5202 883 5258 Lurrnosto
920 5198 1231 5268 Moguntino
1276 5200 1550 5273 episcopo.

214 5314 387 5352 Γῆν-³·-
408 5315 423 5327 ⁹
486 5315 508 5322 “

1748 4487 1798 4547 D

865 5308 937 5338 'I::
988 5307 1291 5348 melimnnin
1325 5308 1607 5356 Alhanoeii
1671 5307 1737 5346 ’⁷η

1824 1884 2023 1953 vigoris
2078 1885 2213 1938 ordo
2265 1884 2653 1951 confunditur,
2715 1888 2759 1940 si
2818 1896 2910 1941 aut
2960 1898 3159 1945 temere
3210 1890 3397 1944 illicita

1821 1981 2241 2041 praesumanlur,
2294 1984 2388 2028 aut
2432 1990 2537 2029 non
2581 1991 2834 2031 concessa
2872 1977 3088 2045 impune
3128 1986 3397 2035 tenentur.

1818 2061 2053 2117 Proinde
2105 2064 2150 2117 si
2205 2064 2542 2135 negligenter
2592 2081 2655 2121 ea
2709 2081 2831 2135 qua:
2884 2066 3024 2119 male
3072 2075 3400 2138 usurpantur

1817 2155 2154 2221 omittimus,
2196 2171 2450 2211 excessus
2493 2156 2635 2211 viam
2680 2155 2865 2227 procul
2913 2157 3077 2213 dubio
3113 2157 3232 2213 aliis
3271 2171 3401 2228 ape-

1818 2260 2007 2300 I'ImIIS.

2557 2315 2659 2409 IX'.

1975 2441 2043 2483 AD
2084 2443 2334 2484 ιιοηλαωι
2376 2443 2829 2484 ΛΚΕΠΙΕΡΙδῦΟΡυΜ
2869 2441 3245 2485 ΚΑῩΕΝΝΑΤΕΙ.

2158 2539 2552 2611 Fragmentum.
2586 2571 2658 2582 —-
2696 2542 2869 2609 (Anno
2910 2542 3060 2612 889.)

2016 2648 2193 2722 [Apud
2224 2648 2585 2705 GratianmnI
2618 2648 2772 2703 Decr.
2804 2664 2958 2715 LXIII,
2992 2664 3043 2705 c.
3083 2646 3199 2719 η]

1893 2763 2207 2821 Srsrmuus
2227 2763 2508 2833 episcopus
2533 2776 2722 2817 servus
2743 2762 3020 2817 servorum
3045 2760 3406 2828 Dei,l{oumo

1818 2854 2227 2924 archiepiscopo
2263 2851 2583 2907 Ravennati.

1890 2945 2055 3000 Nosse
2087 2956 2232 2999 tuam
2275 2944 2666 2999 fraternitatem
2696 2943 2946 2999 volumus
2969 2943 3037 2998 ad
3064 2952 3279 2999 nostras
3303 2956 3402 2996 au-

1821 3052 1907 3090 rcs
1958 3036 2071 3089 fore
2112 3042 2426 3104 perventum
2476 3033 2790 3089 lmolensem
2837 3036 3147 3104 episcopum
3193 3034 3261 3088 ab
3302 3032 3405 3089 hac

1741 3136 1791 3200 ρ
1820 3125 1938 3179 luce
1974 3125 2251 3194 migrasse,
2286 3124 2337 3177 in
2363 3124 2518 3194 cujus
2561 3124 2893 3180 successoris
2920 3124 3182 3179 electione
3218 3123 3402 3194 populi

1822 3218 2136 3272 divisionem
2187 3217 2500 3286 provenisse
2538 3216 2858 3271 audivimus.
2900 3216 3051 3283 Quod
3100 3216 3223 3285 quia
3260 3228 3405 3285 saepe

1820 3308 2133 3379 contingere
2162 3307 2299 3362 solet
2328 3307 2717 3376 (quaerentibus
2739 3305 2965 3376 singulis
2990 3320 3109 3374 qua:
3128 3319 3223 3359 sua
3254 3312 3405 3367 sunt,

1822 3412 1925 3453 non
1952 3412 2069 3467 quae
2096 3396 2221 3452 .lesu
2251 3395 2474 3466 Christi)
2503 3410 2607 3451 non
2642 3396 2776 3450 adeo
2812 3395 3090 3449 miramur.
3120 3394 3406 3449 Verumtaa-

1821 3506 1942 3545 men
1974 3490 2026 3545 in
2050 3490 2154 3544 hoc
2183 3497 2327 3543 tuam
2365 3488 2653 3557 plurimum
2684 3494 2895 3557 oportet
2921 3485 3163 3541 adhiberi
3200 3482 3415 3538 sollici-L

1824 3581 2079 3643 tudinem,
2110 3590 2168 3633 ut
2197 3590 2491 3634 convocato
2515 3579 2682 3645 clero,
2705 3588 2761 3635 et
2782 3578 3010 3650 populo,
3040 3577 3163 3631 talis
3193 3576 3266 3631 ibi
3300 3575 3404 3631 eli-

1820 3678 1979 3741 gatur
2002 3685 2099 3739 per
2124 3669 2216 3724 Dei
2248 3669 2698 3733 misericordiam,
2747 3669 2832 3724 cui
2881 3668 3022 3723 sacri
3050 3682 3157 3723 non
3186 3665 3406 3722 obvient

1821 3777 2073 3818 canones.
2121 3761 2471 3818 Sacerdotum
2523 3763 2720 3832 quippe
2754 3768 2838 3816 est
2877 3760 3105 3816 electio:
3140 3766 3196 3813 et
3225 3756 3412 3814 fidelis

1820 3858 1998 3929 populi
2039 3872 2334 3912 consensus
2362 3857 2697 3911 adhidendus
2725 3866 2830 3920 est,
2859 3855 2981 3925 quia
3027 3851 3298 3908 docendus
3323 3856 3415 3906 est

1822 3947 2065 4018 populus,
2102 3962 2205 4000 non
2230 3946 2553 4015 sequendus.

2573 4051 2663 4120 x4

1964 4174 2031 4213 AD
2067 4171 2359 4211 οοκιΝιεωί
2396 4170 2750 4209 ΠΑΥΕΝΝΑΤΕΜ
2793 4165 3261 4207 ARCHIEPISCOPUX.

2178 4246 2574 4315 Fragmentum.
2602 4276 2673 4285 —
2699 4245 2872 4314 (Anno
2902 4242 3052 4312 890.)

1825 4346 2095 4417 Signiﬁcat
2144 4362 2196 4399 se
2237 4360 2574 4417 consecrasse
2617 4341 2938 4417 Βιαςεηιὶηἱε
2985 4341 3315 4417 episcopum;
3348 4353 3410 4393 ut

1895 4409 2057 4470 nihilo
2084 4427 2257 4468 tamen
2296 4413 2420 4466 velle
2457 4429 2511 4465 se
2544 4411 2661 4481 juri
2702 4409 3113 4463 Ravennatensr’s
3142 4417 3411 4477 metropo-

1898 4486 2050 4539 litani
2078 4486 2298 4554 ofﬁcere.

1893 4582 2207 4637 Srernanus
2263 4580 2573 4649 episcOpus,
2616 4591 2804 4631 servus
2844 4576 3266 4641 servorumIDei,
3292 4590 3415 4631 rev.

1826 4673 2167 4732 sanctissimo
2196 4671 2455 4725 confratri
2487 4678 2671 4724 nostro
2699 4668 2963 4724 Domalco
3000 4666 3409 4736 archiepiscopo

1830 4766 1888 4822 S.
1924 4766 2122 4819 Raven.
2154 4762 2424 4817 Ecclesiae.

1903 4857 2094 4912 Divina
2122 4854 2396 4923 majestas,
2428 4849 2696 4925 pastorale
2733 4851 3092 4906 ministerium
3124 4848 3303 4903 nobis.
3329 4886 3343 4900 .
3363 4885 3377 4900 .
3399 4883 3416 4900 .

1830 4947 2238 5005 sollicitudinem
2256 4956 2524 5015 gerentes,
2538 4956 2665 4996 cura
2680 4942 2944 5013 pervigili,
2962 4951 3207 4998 nostrum
3216 4944 3433 5010 aposto-

1836 5041 1997 5096 licum
2023 5039 2330 5107 impendere
2355 5033 2706 5105 suffragium;
2734 5034 2936 5088 idcirco
2957 5034 3200 5089 omnium
3233 5033 3473 5095 sancth

1840 5132 1935 5188 Dei
1987 5129 2242 5190 Ecclesiae
2287 5127 2528 5186 fidelium
2578 5135 2841 5191 agnoscat
2884 5128 3098 5187 notitia.
3150 5122 3277 5189 quia
3315 5132 3437 5173 cum

1841 5218 2131 5280 Ravcnuas
2175 5215 2443 5288 Ecclesia,
2492 5226 2593 5288 per
2632 5209 2846 5267 obitum
2895 5213 3124 5272 Romani
3171 5206 3442 5276 quondam

1845 5310 2238 5354 ῆνηιιςρηῖορηηὶ
2261 5308 2508 5354 cinaedo-ﬂ
2540 5300 2803 5338 ν¹¹¹⁵¹⁶⁰ἶκι
2828 5308 3038 5344 “LI-Inh-
3089 5304 3209 5340 9:”“
3233 5305 3448 5332 “‘“m
