3926 5490
478 5116 503 5127 α.-

492 373 617 431 799

1759 350 2153 475 summust
2178 380 2383 448 mea:
2424 393 2463 447 v

3614 391 3714 447 800

492 485 843 555 consisteret,
877 480 1428 562 repente,‘et'sancta
1460 500 1769 556 Placentina
1799 503 2056 568 Ecclesia,
2089 503 2136 566 Α
2166 505 2519 574 apostolicum
2553 504 2849 561 subsidium
2882 504 2982 561 visi
3018 504 3219 563 fuimus
3254 505 3540 574 impartiri,
3567 505 3720 562 itaut

494 574 638 631 illius
656 577 1018 650 suﬁ‘raganea,
1037 601 1066 638 a
1091 600 1192 640 suo
1219 598 1434 656 pastore
1463 592 1730 659 quondam
1759 591 1926 648 Paulo
1950 594 2063 664 epi-

492 680 659 738 scopo
695 673 905 729 exstitit
944 677 1230 734 denudata.
1266 681 1600 754 Quapropter
1640 687 1866 743 diversis
1895 687 2062 744 Italici

494 757 647 826 regni
691 759 1080 823 ﬂuctuantibus
1098 771 1368 838 procellis,
1398 774 1521 847 quia
1542 788 1639 845 per
1662 778 1902 832 eamdem
1934 794 2061 833 san-

496 852 639 899 ctam
701 848 1067 910 Ravennatem
1124 858 1419 915 Ecclesiam
1473 866 1691 933 preprio
1756 867 2064 922 destitutam

494 944 732 1003 pastore,
783 940 897 1010 ipsa
938 956 1122 1002 sancta
1163 949 1470 1007 Placentina
1498 954 1737 1011 Ecclesia
1765 958 1830 1011 de
1852 966 2067 1028 pastore

496 1028 1048 1117 Pfopl’iod'fémedium
1086 1044 1445 1111 recuperandi
1476 1047 1698 1102 minime
1719 1049 1940 1117 adipisci
1978 1064 2069 1103 va—

496 1113 673 1184 lebat;
704 1122 770 1174 ad
797 1127 1143 1194 apostolicam
1175 1133 1379 1200 sedem,
1408 1146 1776 1209 nostrumque
1808 1113 2066 1209 apostoli-

496 1230 650 1293 cum,
683 1228 866 1288 utpote
892 1224 957 1275 ad
987 1234 1144 1296 caput
1186 1229 1425 1284 omnium
1459 1230 1839 1296 Ecclesiarum,
1868 1243 1923 1289 et
1952 1250 2067 1290 nta-

492 1312 669 1371 trem,
713 1307 978 1381 refugium
1015 1314 1112 1368 visi
1143 1325 1285 1369 sunt.
1315 1355 1329 1370 .
1356 1358 1369 1373 .
1399 1359 1409 1371 .
1440 1358 1453 1371 .
1480 1358 1493 1373 .
1521 1357 1536 1372 .
1569 1319 1759 1376 fecisse
1785 1321 2071 1381 offerentes

497 1395 652 1452 nobis
681 1401 953 1470 proprium
986 1403 1235 1471 electum,
1267 1406 1592 1465 Bernardum
1622 1416 1857 1482 nomine,
1888 1416 2073 1475 diaco-

500 1498 659 1543 natus
696 1490 869 1547 olllcio
908 1503 1169 1563 utentem,
1211 1510 1265 1553 ct
1304 1498 1657 1572 ‘suggerentes
1687 1524 1790 1564 una
1820 1526 1942 1565 cum
1972 1512 2069 1569 de-

499 1589 648 1635 creto
676 1582 742 1637 ab
771 1584 849 1639 eis
879 1585 930 1642 in
955 1603 1076 1643 cum
1109 1590 1268 1657 facto,
1320 1594 1463 1650 hunc
1487 1613 1517 1652 a
1546 1600 1700 1655 nobis
1743 1601 1846 1657 sibi
1884 1617 2076 1659 cense-

486 1673 640 1728 ~crari
683 1676 1001 1747 antistitem,
1044 1698 1112 1735 ne
1158 1684 1270 1755 ipsa
1321 1684 1558 1745 Ecclesia
1590 1690 1689 1751 ditt
1716 1692 1832 1749 sine
1858 1703 2073 1764 pastore

496 1765 905 1855 anniliilaretur,
951 1781 1005 1827 et
1049 1774 1327 1847 eligentes,
1373 1789 1535 1849 atque
1563 1790 1807 1852 petentes
1828 1785 2069 1855 aeephali

499 1865 553 1911 et
591 1861 888 1930 vagabundi
923 1864 1263 1931 incederent.
1310 1869 1417 1928 Nos
1464 1883 1667 1940 autem,
1713 1885 1773 1931 ut
1814 1877 2069 1944 diximus,

501 1964 622 2004 cum
670 1956 918 2023 proprius
967 1961 1412 2031 metropolitauus
1453 1966 1684 2033 deesset.
1728 1972 1865 2029 satis
1889 1973 1957 2028 ab
1992 1975 2073 2030 eis

496 2043 696 2119 rogati,
743 2048 1055 2119 prmdictum
1100 2053 1429 2113 Bcrnardum
1459 2059 1511 2114 in
1544 2062 1729 2117 eadem
1760 2062 2073 2123 Placentina

503 2132 743 2221 Ecclesia
783 2139 1124 2206 pnevidimus
1154 2140 1477 2203 consecrare
1513 2150 1849 2221 episcopum,
1886 2153 2076 2210 dantes

494 2214 587 2279 illi
637 2227 688 2280 in
742 2229 1007 2288 mandatis
1034 2224 1206 2304 atque
1248 2236 1499 2305 jubentes
1545 2214 1842 2312 expresse,
1902 2254 1962 2299 ut
2021 2246 2073 2304 in

502 2319 647 2373 omni
696 2321 1026 2392 subjectione
1069 2336 1123 2380 et
1167 2327 1423 2385 ﬁdelitate
1470 2347 1528 2387 se
1574 2335 1674 2388 sub
1713 2332 1834 2401 jure
1874 2344 2074 2391 sancta:

506 2406 832 2497 Ravennatis
863 2413 1120 2473 Ecclesiae
1146 2419 1478 2483 observaret.
1521 2424 1658 2492 quia.
1678 2425 1756 2482 sic
1784 2427 1938 2483 nobis
1962 2427 2076 2497 pla-

504 2499 615 2552 cuit
634 2494 661 2564 ;”
698 2498 769 2554 ita
806 2496 1039 2567 scilicet,
1092 2515 1150 2561 ut
1182 2523 1394 2581 omnem
1422 2511 1803 2580 obedientiam,
1836 2494 2081 2571 omnem-

507 2605 613 2659 que
658 2592 998 2681 devotionem
1034 2606 1194 2666 atque
1230 2604 1671 2659 consuetudinem
1696 2615 1749 2660 et
1778 2622 1955 2671 usum,
1985 2625 2079 2662 au-

507 2676 810 2743 tecesseres
839 2688 1028 2745 fecisse
1071 2690 1387 2760 preliantur,
1438 2701 1491 2749 et
1539 2695 1650 2766 ipse
1687 2695 1877 2754 devote
1910 2700 2079 2753 adim-

498 2774 657 2843 plere
688 2787 912 2849 satagat
955 2780 1012 2835 in
1050 2790 1238 2837 sancta
1285 2782 1599 2841 Ravennate
1625 2786 1885 2843 Ecclesia.
1928 2788 2081 2845 Unde

507 2865 752 2922 volumus
777 2877 829 2922 et
857 2884 887 2922 a
916 2873 1163 2939 praesenti
1190 2882 1378 2929 octava
1404 2874 1695 2931 indictione
1715 2877 2075 2942 decernimus,

501 2957 758 3019 eutndem
810 2970 1051 3017 sanetam
1104 2964 1468 3021 Ravennatem
1527 2967 1820 3024 Ecclesiam
1878 2971 2079 3025 nullam

504 3047 769 3120 deinceps
820 3067 921 3120 pro
968 3054 1157 3108 eadem
1203 3070 1234 3110 a
1283 3058 1439 3112 nobis
1491 3060 1899 3117 consecratione
1954 3076 2082 3116 con-

510 3153 666 3243 cessa
692 3179 707 3194 .
732 3178 748 3195 .
775 3178 792 3196 .
817 3184 829 3196 .
855 3145 1094 3213 perpeti;
1142 3147 1237 3201 scd
1261 3163 1293 3203 a
1322 3149 1496 3215 nobis,
1528 3152 1839 3222 nostrisque
1870 3169 2082 3209 succes—
2109 3166 2157 3243 α

508 3234 730 3289 soribus
771 3237 1113 3306 pontiﬁcibus
1157 3238 1249 3293 sit.
1279 3276 1293 3291 .
1321 3278 1334 3293 .
1363 3279 1379 3293 .
1407 3279 1421 3295 .
1449 3241 1808 3308 omnimodis;
1845 3244 2084 3313 quinimo

505 3323 702 3389 eadem
744 3326 997 3395 praedicta
1033 3338 1219 3383 sancta
1264 3328 1573 3387 Placentina
1617 3332 1857 3388 Ecclesia
1894 3335 1945 3388 in
1976 3335 2085 3404 jus,

506 3424 570 3469 et
593 3418 1074 3485 consecrationem,
1099 3429 1261 3490 atque
1285 3421 1517 3477 debitam
1537 3423 1922 3489 obedientiam,
1945 3425 2088 3495 ejus-

502 3505 639 3562 dem
664 3521 807 3577 saepe
834 3508 989 3563 dictae
1014 3519 1217 3567 sanetae
1237 3511 1568 3568 Ravennatis
1591 3512 1866 3575 Ecclesiae.
1905 3529 2091 3583 quem-

510 3596 803 3655 admodum
838 3599 1137 3669 antiquitus
1169 3598 1339 3657 fuisse
1376 3601 1653 3667 recolitur,
1683 3602 1935 3659 omnibus
1963 3618 2091 3659 cou-

510 3691 674 3747 sistat
729 3694 1101 3764 temporibus:
1150 3695 1391 3751 volentes
1436 3695 1853 3767 uniuscujusque
1895 3698 1983 3768 jus
2039 3704 2092 3752 et

512 3781 859 3851 privilegium
902 3783 1158 3838 Ecclesia:
1199 3784 1578 3841 indiminutum
1622 3786 1829 3851 haberi,
1869 3794 1927 3840 et
1954 3786 2091 3841 irre-

506 3868 858 3939 Iragabiliter
892 3872 1168 3929 custodiri.
1210 3873 1410 3943 Seript.
1445 3889 1544 3944 per
1572 3890 1789 3929 manum
1818 3875 2093 3932 Benedicti

525 3960 730 4017 Notarii
787 3969 842 4016 et
902 3962 1169 4016 scriniarii
1231 3972 1434 4018 sancta:
1482 3963 1627 4018 sedis
1684 3964 1988 4033 apostolicae
2041 3964 2092 4020 iu

522 4066 709 4106 mense
735 4051 948 4117 Martio,
980 4052 1459 4121 indictionesupra
1487 4054 1688 4123 scripta
1716 4063 1928 4110 octava.
1955 4053 2096 4109 Bene

522 4144 863 4221 valete.,.Dat.
891 4154 1068 4200 octav.
1101 4144 1219 4203 Kal.
1249 4144 1440 4217 April.,
1470 4160 1566 4217 per
1590 4162 1807 4205 manum
1820 4146 2094 4205 Zacharim

521 4234 618 4291 Dei
686 4235 885 4305 pietate
947 4235 1239 4306 primicerii
1310 4245 1512 4309 sanctae
1576 4238 1725 4293 sedis
1787 4235 2096 4307 apostolicae

520 4342 687 4399 ﬂauo,
746 4327 856 4397 Deo
877 4326 1132 4398 propitio,
1168 4326 1516 4398 pontiﬁcatus
1567 4328 1778 4384 Domini
1832 4325 2095 4396 Stephani

519 4418 718 4474 summi
760 4417 1029 4486 pontilieis
1056 4425 1113 4473 et
1137 4417 1458 4474 universalis
1494 4433 1669 4489 papae,
1710 4433 1807 4489 pro
1844 4416 2098 4473 sacratis-

526 4506 662 4561 sima
707 4507 848 4562 beati
882 4507 1028 4563 Petri
1084 4507 1308 4578 apostoli
1362 4508 1528 4575 sede;
1556 4508 1760 4578 quinto,
1790 4507 1901 4562 Ind.
1933 4507 1968 4564 8
2014 4522 2099 4563 su-
2125 4530 2176 4591 Ι)

520 4596 851 4669 proscripta.

534 4714 547 4725 .
1268 4670 1364 4726 XI.

729 4755 818 4814 ’.ω
856 4776 1067 4817 ςιειιωι
1105 4774 1176 4817 er
1210 4775 1450 4815 repeton
1488 4775 1877 4816 PLACENTINUI.

519 4915 532 4930 ,
562 4922 568 4929 ι
597 4921 601 4925 ,
692 4878 695 4885 ’
887 4849 1282 4919 Fragmentum.
1310 4881 1381 4891 --
1408 4849 1579 4920 (Anno
1597 4849 1748 4918 890.)

514 4922 633 5007 :Dut
664 4942 767 4997 illis
786 4941 1083 5012 pontiﬁcem
1095 4937 2105 5012 Berna‘lfdumtcommemlatsubmissio-

886 5005 1000 5063 nem
1027 5007 1420 5080 metropolitano
1437 5005 1746 5061 Ravennati.

522 5174 525 5177 η
606 5120 920 5183 ὅτενιιλμυε.
941 5120 1222 5190 episcopus
1259 5133 1451 5174 servus
1490 5132 1767 5173 servorum
1793 5116 1906 5182 Dei,
1933 5115 2106 5171 omni-

536 5208 633 5248 n..-
1447 5207 1478 5222 "
1507 5222 1563 5244 --ει
1617 5205 1783 5252 olom-
1812 5213 1867 5259 et
1892 5203 2105 5260 oonltlo.

2164 593 2496 649 Bernardum
2539 595 2844 660 diaconum,
2891 605 3159 667 pastorem
3195 602 3458 659 vestrum,
3501 610 3595 664 per
3630 609 3723 648 no-

2166 692 2333 753 stram
2372 686 2837 740 consecrationem
2879 686 3285 741 iustitueremus
3312 692 3418 739 :et
3444 683 3721 739 identide-

2165 769 2300 826 litati
2351 773 2590 828 omnium
2639 783 2872 829 vestrum
2921 773 3245 845 iniungimus
3281 782 3340 828 et
3385 773 3724 841 decernentes

2167 864 2461 930 sancimus,
2489 873 2546 920 ut
2582 874 2692 920 tant
2736 866 2850 936 ipse
2896 866 3201 941 Bernardus
3239 880 3514 936 quamque
3549 880 3727 921 omnes

2168 956 2482 1011 deeessores
2511 956 2592 1011 sui
2624 957 2676 1012 in
2706 966 3022 1027 perpetuum
3061 957 3163 1012 sub
3196 956 3535 1011 Ravennatis
3556 953 3727 1009 Eccle—

2169 1047 2261 1102 sia:
2289 1046 2600 1118 pontificatu
2625 1047 2832 1117 plenam
2862 1047 3263 1103 observantiam
3292 1054 3571 1115 totamque
3605 1043 3729 1098 ﬁde-

2170 1124 2376 1195 litatem
2429 1140 2659 1195 viriliter
2703 1140 2994 1205 custodiat,
3036 1149 3091 1195 et
3140 1154 3291 1195 more
3332 1145 3727 1195 antecesserunt

2169 1230 2307 1299 ejus,
2345 1228 2722 1286 devotissimus
2764 1240 2871 1285 tam
2916 1230 3048 1295 ipse,
3079 1243 3243 1299 quam
3289 1239 3639 1283 successores
3656 1224 3729 1279 sui

2170 1324 2423 1388 existant,
2457 1324 2791 1379 observando
2839 1322 2891 1375 in
2934 1321 3182 1376 omnibus
3210 1319 3459 1387 omnium
3498 1316 3732 1372 obedien-

2175 1414 2325 1483 tiam,
2370 1428 2692 1482 omnemque
2721 1411 3164 1465 consuetudinem
3192 1416 3398 1465 sancite
3424 1406 3734 1460 Ravennatis

2172 1506 2450 1571 Ecclesiae,
2481 1505 2701 1572 suisque
2744 1500 3181 1570 archiepiscopis,
3212 1498 3423 1568 absque
3448 1496 3599 1552 omni
3625 1509 3733 1548 coe-

2176 1595 2516 1660 tradictione,
2563 1592 2646 1647 vel
2676 1591 2944 1655 molestia,
2975 1600 3134 1662 prout
3161 1585 3620 1657 irrefragabiliter
3641 1582 3733 1653 pol-

2175 1684 2355 1740 licitus
2402 1691 2503 1738 est.
2551 1681 2684 1757 Nam
2729 1681 2782 1735 si
2802 1681 2944 1749 ipse,
2993 1677 3075 1735 vel
3109 1676 3303 1747 aliquis
3332 1676 3594 1731 decessor
3616 1672 3735 1740 ejus.

2176 1785 2271 1830 aut
2297 1776 2491 1846 aliquis
2519 1785 2778 1838 vestrum,
2810 1783 2921 1828 tam
2940 1773 3006 1826 de
3029 1769 3352 1827 sacerdotali
3377 1768 3576 1822 ordine
3595 1782 3737 1837 quam

2176 1869 2242 1924 de
2283 1862 2454 1922 laicali
2484 1876 2649 1930 coetu,
2691 1872 3049 1934 contemptor,
3076 1861 3161 1917 vel
3190 1869 3579 1930 transgressor-
3597 1871 3738 1925 appa-

2175 1957 2343 2012 ruerit
2369 1971 2465 2026 per
2488 1953 2930 2014 inobedientiam,
2960 1951 3213 2007 sacerdos
3236 1950 3330 2027 qui
3360 1947 3661 2010 exstiterit,
3682 1961 3739 2003 ex

2180 2046 2273 2102 Dei
2316 2045 2725 2116 omnipotentis,
2768 2052 3185 2112 sanctorumque
3211 2040 3589 2111 apostolorum
3613 2037 3738 2091 Petri

2174 2135 2423 2198 etPauli,
2469 2124 2523 2190 et
2573 2144 2757 2189 nostra
2805 2132 3100 2202 apostolica
3147 2130 3501 2199 auctoritate,
3550 2134 3742 2187 maneat

2176 2240 2468 2296 suspensus
2496 2241 2525 2279 a
2553 2214 2770 2295 proprio
2810 2222 3130 2288 ministerio,
3162 2234 3452 2292 quousque
3478 2216 3740 2272 solutionis

2178 2315 2408 2388 gratiam
2436 2329 2465 2369 a
2501 2313 2815 2369 Ravennate
2844 2312 3249 2380 archiepisc0po
3276 2305 3607 2379 perceperit.
3633 2304 3738 2357 Lai-

2180 2424 2279 2465 eus
2301 2421 2451 2473 vero,
2476 2404 2953 2483 quieontra‘dictor
2973 2400 3300 2473 apparuerit,
3330 2412 3364 2451 a
3388 2396 3522 2451 vino
3539 2399 3596 2449 et
3611 2402 3741 2448 cocto

2179 2512 2473 2569 suspensus
2498 2496 2716 2560 existat,
2744 2508 3025 2564 quousque
3060 2491 3130 2546 ad
3167 2488 3444 2561 praedicta:
3484 2484 3743 2541 solutionis

2179 2591 2406 2664 gratiam
2450 2586 2777 2661 pervenerit.
2829 2585 3050 2654 Insuper
3077 2589 3264 2638 noscat
3298 2594 3363 2636 se
3391 2585 3586 2633 nostro
3608 2574 3761 2628 [ate--

2184 2684 2401 2742 rauensi
2432 2681 2634 2753 palatio
2659 2681 2895 2753 quinque
2922 2678 3088 2733 libras
3111 2674 3229 2730 auri
3258 2671 3438 2729 obrizi
3469 2684 3593 2725 esse
3616 2682 3741 2722 como

2181 2755 2482 2847 positurum
2508 2811 2524 2837 ,
2578 2780 2635 2827 et
2682 2768 3039 2824 anatltematis
3083 2762 3293 2820 vinculo
3344 2760 3655 2821 innodatus,
3698 2757 3745 2813 iu

2182 2877 2352 2918 tcvum
2386 2867 2714 2933 permaneat.
2743 2856 2889 2913 lianc
2919 2865 3159 2912 nostram
3185 2850 3477 2922 epistolam
3507 2848 3593 2902 vel
3615 2848 3743 2902 testi-

2189 2954 2494 3009 ticationcm
2539 2957 2780 3007 sanctam
2832 2947 3199 3003 Ravennatem
3236 2940 3545 2997 Ecclesiam
3574 2938 3746 2995 habere

2189 3040 2549 3098 decernimus.

2336 3128 2343 3133 ~
2913 3102 3023 3158 XII.

2275 3216 2529 3258 EPISTOLA
2568 3214 2636 3255 AD
2671 3210 2947 3255 EPISCOPOS
2984 3207 3276 3249 PROVINCIJE
3316 3202 3679 3246 οοιοκιεῐςεις.

2788 3286 2960 3359 (Anno
3010 3281 3160 3350 soon

2260 3381 2321 3455 [Α
2330 3382 2434 3454 pud
2456 3378 2824 3453 Lappenberg,
2849 3375 2910 3515 ιῖ)
2905 3370 3289 3515 am7b7t17rgjisches
3319 3366 3749 3430 Urkundenbndt,

2261 3561 2576 3618 Suspensus
2598 3560 2905 3631 episcopus,
2934 3569 3121 3612 servus
3152 3566 3439 3607 servorum
3481 3548 3598 3613 Dei,
3626 3560 3748 3599 rere-

2191 3652 2500 3707 rentissimo
2552 3659 2606 3705 et
2659 3646 2996 3704 sanctissimo
3052 3641 3311 3699 confratri
3363 3647 3556 3693 nostro
3605 3635 3750 3689 Ηειι-

2194 3756 2369 3796 nmao
2404 3781 2419 3806 ,
2468 3736 2874 3812 Agrippinensis
2919 3732 3158 3789 Colonia:
3202 3728 3754 3812 archiepiscopo,seu

2194 3810 2589 3886 venerabilibus
2627 3827 2907 3881 Fameosr
2945 3819 3271 3893 Tungrensi,
3313 3817 3597 3873 Omnium
3638 3810 3756 3868 της

2186 3920 2437 3988 jcctensi,
2483 3918 2798 3973 κνοω-ἐωίο
2848 3909 3442 3982 Mimigernafardensi,
3497 3906 3756 3961 Dnuocost

2194 4009 2592 4073 Mimidoncnsi,
2621 4009 2896 4063 Eettuano
2918 3999 3355 4072 Osnabruggcnsi
3383 3997 3753 4068 episcoliis.....

2196 4106 2270 4161 De
2316 4110 2517 4158 caetero
2566 4098 2873 4153 Bremeusis
2920 4092 3173 4149 Ecclesiae
3231 4089 3420 4145 sedent
3473 4084 3761 4158 Agrippina

2195 4189 2431 4251 Coloniae
2457 4188 2754 4257 snlijectam
2778 4187 2831 4240 in
2860 4181 3242 4240 ecclesiasticae
3279 4177 3584 4247 disciplina:
3601 4172 3759 4229 oliicio

2197 4284 2367 4342 fuisse
2417 4280 2733 4351 scripsistis,
2782 4276 2937 4345 cujus
2994 4275 3129 4329 lines
3192 4270 3448 4327 barbaris
3499 4267 3759 4337 contiguas

2198 4376 2447 4450 gentibus
2469 4370 2836 4444 signiﬁcastis.
2877 4367 3049 4435 Quam
3084 4364 3155 4420 ob
3186 4372 3299 4418 rem
3325 4355 3582 4417 Guntarii
3610 4372 3763 4450 quon:

2201 4447 2321 4525 dam
2362 4462 2794 4522 benevolentiam
2826 4477 2855 4516 a
2903 4460 3030 4514 sede
3077 4454 3372 4526 apostolica
3415 4467 3577 4507 usum
3629 4447 3760 4520 pallii

2206 4558 2522 4633 promereri,
2561 4564 2619 4611 ut
2662 4553 2887 4609 verbum
2924 4550 3019 4606 Dei
3050 4546 3365 4603 honoratius
3404 4543 3695 4613 prmdicare
3714 4548 3762 4593 et

2207 4668 2306 4710 suo
2346 4649 2753 4719 archiepiseOpo
2800 4657 3008 4715 parere,
3047 4655 3140 4695 vos
3188 4637 3503 4706 scripsisse,
3548 4634 3765 4703 legentes

2211 4743 2448 4803 risimus,
2479 4737 2659 4793 mirati
2702 4733 3044 4806 prudentiam
3086 4738 3325 4786 vestram
3364 4725 3644 4786 arbitrari,
3670 4738 3762 4775 non

2210 4835 2277 4893 ad
2321 4829 2608 4889 ministerii
2636 4821 3128 4889 sacratissimi,sed
3153 4820 3222 4876 ad
3242 4817 3527 4874 saecularis
3563 4814 3766 4899 dignita-

2213 4929 2281 4983 tis
2310 4908 2774 4981 bonorilieenliam
2828 4918 2975 4990 pallii
3021 4930 3176 4971 usum
3208 4927 3308 4984 pro
3354 4911 3514 4964 libilu
3554 4904 3765 4963 cuilibet

2212 5019 2399 5075 tribui.
2446 5015 2664 5070 Scilicet
2711 5013 2755 5068 si
2805 5009 3082 5081 provincia
3128 5015 3182 5062 et
3214 5001 3567 5073 suﬂ'raganei,
3594 4998 3766 5069 quibus

2211 5107 2414 5178 praesit,
2443 5104 2615 5168 deest,
2645 5100 2875 5171 qualiter
2895 5113 3050 5153 usum
3084 5095 3230 5166 pallii
3259 5093 3586 5167 promeruit,
3615 5087 3767 5143 ambi-

2212 5212 2372 5264 guum
2404 5194 2650 5250 habetur.
2697 5193 3080 5247 Verumtamen
3108 5195 3174 5241 ut
3214 5184 3502 5241 auferatur
3534 5180 3767 5249 ambigui

2423 5284 2426 5293 ι
2504 5292 2511 5296 -
2866 5274 3405 5334 τροιίιικιοιίιιιιεωιι.
3438 5284 3767 5334 vitam”
