3926 5728
135 342 236 417 soi

128 434 133 438 ’
188 430 197 435 ’
868 445 1007 501 xm.

574 579 641 616 Αῐὶ
670 572 1079 633 ιτεκτοιδοιεωι
1105 572 1300 610 REGE”.

137 657 244 728 [Ex
282 657 534 724 Willielm
558 645 963 728 AWattenhach,
995 649 1381 728 Bgitr'aige‘zur
1428 643 1725 699 Geschichte

122 715 159 731 ει
416 718 421 724 ’
530 726 625 778 dcr
646 721 1006 778 Christilicheu
1036 715 1273 787 Kirt‘he-l

212 835 538 892 Srerussus
574 836 853 904 episcopus
882 846 1072 887 servus
1099 843 1374 885 servorum
1410 826 1523 885 Dei,
1552 826 1729 881 Zma-

135 941 391 981 τοῖοι.εο
422 925 532 995 regi
566 925 899 980 Sclavorum.

204 1035 436 1102 Quinte
464 1035 581 1091 zelo
611 1034 731 1088 ﬁdei
766 1039 1077 1088 sanctorum
1102 1027 1469 1100 apostolorum
1500 1025 1723 1096 principi

125 1125 305 1181 Petro
334 1126 587 1187 videlicet
624 1124 769 1195 regni
807 1121 1045 1178 cmlestis
1068 1119 1353 1187 elavigero,
1383 1118 1531 1171 muni
1566 1118 1727 1170 dero-

139 1213 293 1270 tione
320 1212 611 1277 devovisti,
641 1212 862 1278 ejusque
893 1208 1151 1279 vicarium
1186 1222 1299 1279 prie
1326 1207 1534 1261 cunctis
1570 1204 1727 1274 hujus

127 1303 423 1373 ,ﬁuctivagi
455 1302 637 1358 smculi
680 1299 1014 1370 principibus
1050 1295 1400 1369 principalem
1439 1304 1724 1364 patronum

136 1394 380 1465 elegisti,
413 1392 638 1462 ejusque
673 1402 723 1446 te
748 1406 868 1445 cum
900 1388 1218 1459 primatibus
1244 1402 1308 1441 ac
1338 1386 1542 1455 reliquo
1572 1395 1727 1441 terra:

138 1483 341 1554 populo
380 1482 595 1537 tuitioni
632 1481 829 1552 pariter
863 1478 1179 1533 commisisti
1209 1496 1222 1530 :
1251 1476 1527 1539 continuis,
1550 1476 1725 1547 preci-

134 1571 245 1627 bus
290 1573 461 1625 Deum
506 1554 769 1625 bonorum
815 1568 1056 1622 onmium
1083 1566 1391 1637 largitorem
1418 1579 1723 1642 exoramus,

128 1668 200 1721 sit
235 1660 405 1729 ipsius
443 1658 708 1713 muniaris
750 1655 1006 1727 sull'ragio
1030 1697 1048 1721 ,
1107 1656 1159 1711 in
1188 1657 1360 1726 cujus
1399 1672 1560 1710 manu
1603 1662 1728 1709 sunt

134 1751 321 1804 omnia
350 1751 480 1820 jura
512 1764 796 1820 regnorum
828 1758 1098 1817 quatenus
1121 1746 1241 1815 ejus
1266 1747 1495 1802 vallatus
1526 1747 1725 1804 auxilio

130 1849 194 1907 et
224 1840 716 1896 interventionibus
757 1839 1118 1910 apostolorum
1164 1840 1466 1912 principum
1500 1838 1643 1894 Petri
1672 1848 1727 1893 et

130 1928 291 1999 Pauli
322 1938 378 1983 et
416 1944 449 1984 a
491 1929 771 1984 diabolicis
816 1927 1076 1982 muniaris
1120 1927 1348 1993 insidiis,
1381 1936 1437 1982 et
1460 1927 1723 1997 corporali

139 2019 407 2086 sospitate
428 2018 651 2081 laeteris,
667 2028 726 2072 ut
745 2018 922 2072 anima
947 2026 1001 2085 et
1020 2033 1246 2089 corpore
1267 2026 1413 2075 tutus
1432 2019 1501 2071 ab
1522 2027 1725 2073 :eterno

127 2107 316 2177 judice
346 2110 505 2163 bonis
551 2110 806 2179 operibus
834 2109 1140 2173 decoratus,
1180 2120 1436 2180 perpetua
1468 2108 1725 2166 felicitate

139 2197 383 2251 doneris.
429 2196 538 2250 Nos
582 2198 743 2250 etiam
776 2197 867 2267 qui
901 2196 1016 2263 ejus
1041 2196 1393 2252 vicariatione
1431 2195 1721 2268 fungimur,

139 2288 380 2342 debitam
419 2272 833 2342 sollicitudinem
874 2303 974 2357 pro
1014 2296 1066 2342 te
1103 2296 1373 2358 gerentes,
1406 2288 1457 2341 in
1486 2304 1724 2359 quocun-

138 2395 247 2451 que
266 2379 579 2450 indigneris
620 2380 854 2448 negotio,
883 2378 937 2432 in
967 2378 1194 2453 hisqua:
1229 2377 1293 2431 ad
1322 2378 1545 2433 salutem
1579 2388 1722 2432 tuam

134 2472 449 2546 pertinent,
481 2468 589 2526 Deo
620 2469 931 2532 auxiliante,
977 2476 1334 2539 protectorem
1383 2467 1622 2522 invenies
1667 2468 1721 2522 in

141 2560 414 2615 omnibus.
460 2560 630 2627 Quem
681 2559 750 2612 ob
798 2557 920 2611 ﬁdei
965 2557 1278 2628 dignitatem
1317 2571 1437 2609 eum
1476 2552 1724 2611 omnibus

146 2652 254 2706 tuis
284 2651 568 2716 ﬁdelibus,
614 2648 755 2704 nulla
786 2656 1052 2707 terrarum
1098 2646 1393 2702 obsistente
1440 2644 1723 2716 interc-api;

142 2744 289 2808 dine,
326 2740 699 2810 spiritualibus
728 2738 869 2793 ulnis
910 2738 1061 2808 quasi
1098 2745 1417 2806 pnescutcm
1450 2736 1723 2806 amplecti-

144 2849 266 2887 mur
290 2848 478 2887 amore
511 2840 570 2885 ut
601 2829 934 2900 spiritualem
965 2829 1153 2881 tilium.
1188 2824 1355 2897 Igitur
1381 2810 1504 2895 quia
1534 2826 1721 2879 ortho-

145 2924 298 2977 doxa:
329 2922 452 2977 ﬁdei
476 2922 728 2977 anhelare
755 2930 809 2975 te
837 2920 1013 2976 studio
1041 2919 1360 2976 audivimus.
1387 2927 1441 2973 et
1469 2925 1618 2972 certo
1648 2918 1724 2971 iu-

146 3013 295 3067 dicio
317 3026 383 3067 ex
430 3011 534 3067 hoc
578 3011 938 3082 agnoscimus,
978 3008 1118 3079 quod
1165 3008 1231 3062 ad
1274 2999 1507 3062 matrem
1554 3014 1721 3070 tuam,

145 3111 391 3157 sanctam
439 3102 687 3157 videlicet
730 3101 1029 3156 Romanam
1088 3097 1406 3161 Ecclesiam,
1446 3111 1723 3151 recurrere

140 3192 380 3254 voluisﬁ,
412 3205 531 3261 qua!
559 3200 718 3260 caput
741 3198 828 3244 est
851 3189 1091 3243 omnium
1136 3186 1499 3242 Ecclesiarum
1525 3185 1724 3241 eollato

145 3286 244 3341 sibi
279 3285 564 3355 privilegio
594 3285 646 3338 in
685 3283 844 3337 beato
870 3282 1032 3336 Petro
1066 3279 1307 3351 principe
1335 3278 1723 3349 apostolorum,

140 3380 227 3434 cui
259 3393 390 3433 suas
416 3392 545 3432 oves
590 3391 751 3430 verus
785 3383 973 3444 pastor
996 3373 1269 3428 commisit
1297 3372 1529 3426 dicens:
1563 3369 1643 3423 Tu
1673 3386 1727 3424 es

146 3470 341 3525 Petrus
371 3479 420 3522 et
451 3485 606 3537 super
632 3469 767 3522 hanc
800 3476 999 3536 petram
1040 3462 1310 3531 a'di/icabo
1338 3460 1651 3527 Ecclesium,
1680 3467 1728 3513 et

140 3571 315 3631 portae
350 3560 510 3630 inferi
543 3576 646 3613 non
681 3556 1028 3628 prtrvalebimt
1060 3554 1308 3608 adversus
1348 3568 1502 3616 eam;
1540 3558 1730 3620 portas

136 3651 329 3715 inferi,
372 3666 467 3705 ora
497 3650 865 3704 orthodoxam
903 3644 1061 3700 ﬁdem
1107 3640 1598 3714 blasphemantium
1637 3655 1730 3709 ap-

138 3740 385 3811 pellans;
433 3742 552 3810 quae
600 3746 819 3793 auctore
864 3736 1082 3792 Christo
1126 3747 1314 3788 omnes
1357 3733 1596 3787 hzereses
1638 3731 1734 3785 de-

140 3831 380 3894 struxit,
410 3838 465 3883 et
497 3828 810 3883 vacillantes
837 3841 1026 3881 omnes
1066 3825 1119 3878 in
1162 3823 1265 3877 ﬁde
1294 3822 1545 3877 solidavit
1569 3819 1732 3876 Crea-

132 3919 290 3976 toris
316 3919 403 3974 sui
427 3920 632 3974 munita
661 3918 880 3978 auxilio,
903 3917 1117 3971 dicente
1145 3913 1372 3968 Domino
1399 3919 1585 3966 nostro
1604 3909 1730 3966 Jesu

134 4011 373 4066 Christo
400 4027 415 4065 :
444 4010 648 4075 Simon,
675 4025 788 4063 ecce
810 4006 1035 4062 Satanas
1058 4005 1250 4076 expetit
1272 4020 1359 4058 vos
1395 4011 1451 4056 ut
1481 4002 1731 4056 cribraret

140 4107 284 4161 sicut
325 4105 578 4158 triticum.
628 4101 742 4172 Ego
786 4110 959 4155 autem
1004 4099 1178 4168 rogari
1210 4112 1303 4166 pro
1344 4106 1398 4149 te
1438 4111 1503 4149 ne
1523 4093 1731 4162 deﬁciat

141 4194 282 4262 ﬁdes
313 4202 425 4256 tua,
450 4201 499 4247 et
530 4202 586 4246 tu
625 4189 910 4260 aliquando
945 4201 1221 4241 convenas
1258 4184 1513 4253 conﬁrma
1541 4183 1732 4252 fratres

132 4295 289 4336 'trtos.
337 4279 491 4347 Quis,
525 4293 675 4350 rogo,
721 4278 822 4332 nisi
856 4276 1131 4344 insipiens,
1193 4274 1246 4328 in
1278 4281 1488 4328 tantum
1536 4272 1733 4326 audeat

136 4370 502 4440 blasphemiae
531 4370 809 4425 baratrum
837 4365 1006 4435 mergi
1035 4372 1093 4417 ut
1115 4362 1260 4417 Petri
1289 4362 1447 4416 ﬁdem
1475 4358 1732 4415 infamet?

138 4474 250 4529 pro
283 4472 397 4528 quo
429 4455 665 4512 Verbum
713 4454 808 4508 Dei
857 4454 912 4508 in
956 4452 1165 4506 duobus
1216 4449 1726 4511 naturis'existens,

138 4552 296 4622 quod
341 4559 536 4606 natura
577 4548 724 4604 servi
760 4555 939 4601 autem
986 4554 1182 4601 natura
1222 4541 1451 4598 contulit
1495 4540 1727 4595 deitatis.
1780 4578 1785 4583 ρ

145 4643 325 4697 Tuam
372 4641 715 4696 devotionem
764 4636 1163 4707 amplectimur,
1208 4632 1476 4688 volentem
1520 4628 1731 4693 discere

145 4741 227 4796 ut,
262 4729 604 4800 prudentiam
659 4736 802 4782 tuam
832 4726 991 4797 digna
1021 4723 1327 4779 attollamus
1366 4720 1522 4775 laude
1544 4760 1560 4785 ,
1612 4734 1732 4789 qute

147 4836 255 4875 non
299 4817 426 4873 alibi
472 4816 687 4889 vagari,
730 4815 822 4877 sed
863 4814 1029 4884 ipsam
1063 4828 1180 4881 quze
1207 4818 1369 4880 caput
1397 4818 1478 4864 est
1526 4809 1732 4867 studuit

147 4897 457 4970 consulere,
485 4923 515 4961 a
540 4922 650 4977 qua
682 4905 844 4959 etiam
892 4918 1078 4959 omnes
1107 4895 1360 4957 Ecclesiae
1386 4896 1732 4969 sumpserunt

145 4998 456 5055 exordium.
510 4995 892 5050 Verumtamen
948 4991 1354 5048 fundamentum
1398 4989 1521 5044 ﬁdei
1568 5002 1730 5058 super

148 5091 294 5162 quod
318 5103 478 5144 suam
510 5086 766 5143 Christus
793 5082 1068 5140 constituit
1099 5080 1395 5141 Ecclesiam
1429 5078 1572 5135 istud
1602 5082 1684 5132 est
1709 5091 1727 5132 :

149 5184 287 5238 Tres
311 5189 459 5237 certe
498 5190 751 5249 personae
792 5173 1165 5237 subsistentes,
1192 5171 1390 5239 Patris,
1420 5179 1476 5226 et
1502 5168 1645 5233 Filii,
1677 5177 1732 5224 et

142 5273 383 5345 Spiritus
406 5270 587 5329 sancti
615 5274 890 5320 eoasterna:
913 5265 1017 5325 sibi
1055 5275 1184 5326 sunt
1220 5272 1286 5319 et
1323 5261 1642 5332 coaequales,
1668 5263 1732 5314 ‘et

149 5367 372 5420 istarum
397 5363 559 5419 trium
588 5370 931 5427 personarum
954 5373 1060 5414 una
1082 5363 1172 5413 est
1191 5352 1365 5408 deitas
1385 5360 1600 5416 natura,
1624 5364 1727 5405 uua

148 5452 441 5509 substantia
466 5491 482 5516 ,
527 5462 642 5503 una
686 5443 941 5507 divinitas,
974 5464 1082 5504 una
1122 5442 1401 5511 maiestas.
1449 5441 1505 5495 ln
1536 5437 1730 5509 quibus

142 5541 384 5611 personis
409 5535 674 5594 discretio
700 5540 778 5586 est
818 5546 914 5584 non
953 5532 1250 5594 confusio,
1300 5529 1575 5586 distinctio
1621 5540 1726 5580 non

132 5622 426 5699 separatio.
471 5621 876 5681 Distinctionem
907 5621 1055 5694 dico,
1089 5620 1220 5694 quia
1263 5620 1364 5674 alia
1394 5629 1475 5674 est
1500 5629 1724 5689 persona

494 5714 619 5728 non"
686 5710 763 5728 .I'-
801 5710 958 5728 L‘_'---
1186 5710 1280 5728 _.!.
1335 5710 1376 5728 ἢ
1416 5719 1455 5728 ι.

1097 328 1481 407 EPISTOLE,
1523 323 1912 383 DlPLOMATA
1949 324 2033 378 ΕΤ
2073 320 2475 378 Ριιιτιιιῑειρι.

1548 424 1553 431 ”
1751 447 1796 497 Λ
1828 434 2003 496 nullo,
2052 434 2217 487 Filius
2244 449 2272 486 a
2305 432 2462 485 Patre
2483 472 2497 494 ,
2537 430 2770 500 Spiritus
2798 431 3115 503 sanctusab
3146 441 3392 505 utroque,

3287 320 3394 376 802

1824 523 1983 575 unius
2007 519 2243 587 ejusdem
2276 518 2586 575 substantim
2616 512 2776 588 "cujus
2803 516 2966 573 Pater
3002 526 3056 574 et
3097 519 3265 575 Filius
3291 514 3394 575 est;

1818 608 1892 664 Et
1940 612 2051 666 lucc
2091 621 2273 665 sancta
2325 610 2580 673 Trinitas,
2615 623 2771 675 unus,
2802 617 2861 663 et
2903 624 3081 671 verus,
3122 609 3263 665 Deus
3292 620 3396 675 est,

1823 714 1941 769 qum
1986 715 2085 755 nec
2124 700 2279 754 initio
2322 699 2530 769 incipit,
2562 696 2654 753 aut
2692 697 2796 754 ﬁne
2825 698 3112 763 clauditur,
3150 714 3249 755 nec
3278 700 3399 755 loco

1820 788 2315 858 'compreheuditur,
2348 804 2447 842 nec
2486 800 2724 857 tempore
2753 788 3012 841 variatur.
3060 785 3223 842 Pater
3253 789 3398 843 enim

1822 878 1970 932 'solus
1997 869 2062 931 dc
2096 877 2206 930 alio
2242 892 2346 932 non
2374 885 2474 941 est,
2508 887 2562 931 ct
2594 878 2711 930 idco
2740 876 2884 931 solus
2912 876 3185 947 ingenitus
3213 878 3396 948 appel-’

1821 968 1984 1033 latur,
2014 968 2179 1023 Filius
2219 978 2398 1022 autem
2430 953 2496 1022 de
2537 960 2697 1021 Patre
2740 969 3099 1045 sempiternus
3142 968 3309 1024 Filius
3342 962 3401 1028 ei

1824 1061 1946 1115 ideo
1971 1059 2185 1130 genitus
2214 1058 2428 1121 dicitur,
2457 1058 2690 1126 Spiritus
2733 1072 2863 1112 vero
2892 1070 3111 1114 sanctus
3141 1059 3313 1115 Patris
3344 1069 3401 1115 et

1823 1150 1945 1207 Filii
1973 1162 2055 1207 est
2080 1150 2315 1221 Spiritus
2344 1151 2460 1205 sine
2490 1151 2599 1205 ullo
2630 1150 2928 1215 intervallo,
2965 1152 3063 1206 ubi
3093 1151 3236 1205 nulla
3265 1163 3401 1207 tem-

1822 1256 1953 1312 pora
1980 1256 2205 1313 quaeque
2234 1241 2433 1296 habent
2459 1240 2611 1311 prius
2650 1241 2734 1296 vel
2784 1243 3071 1311 posterius,
3101 1252 3226 1297 sunt
3253 1243 3405 1314 cogi~

1826 1334 1988 1388 tanda
2022 1347 2037 1387 :
2069 1342 2121 1388 et
2150 1333 2271 1388 ideo
2300 1348 2400 1387 nec
2437 1333 2726 1402 ingenitus,
2758 1348 2854 1387 nec
2885 1334 3121 1403 genitus,
3151 1333 3246 1387 sed
3277 1349 3400 1404 pro-

1826 1422 2024 1477 cedens
2053 1421 2266 1493 dicitur.
2304 1435 2413 1476 nec.
2430 1421 2535 1474 duo
2560 1430 2741 1490 patres
2779 1437 2876 1476 nec
2907 1418 3013 1476 duo
3045 1421 3136 1476 ﬁlii
3173 1418 3402 1478 credan4

1830 1522 1936 1567 tur.
1984 1512 2138 1580 Quod
2168 1510 2289 1566 Filii
2320 1513 2388 1567 sit
2419 1511 2653 1582 Spiritus
2679 1515 2975 1582 apostolus,
3009 1525 3061 1571 et
3092 1516 3142 1570 iu
3172 1532 3402 1588 evange-

1824 1604 1951 1659 lista
1980 1612 2242 1658 testatur:
2261 1602 2317 1657 Si
2343 1603 2458 1673 quis
2484 1603 2739 1673 Spiritum
2770 1603 2963 1660 Christi
2992 1625 3092 1662 non
3121 1609 3295 1675 habet,
3325 1598 3402 1663 hic

1828 1698 2040 1748 nonest
2066 1696 2216 1766 ejus;
2264 1707 2319 1749 et
2341 1686 2544 1750 Paulus
2577 1696 2850 1765 apostolus
2884 1700 3025 1767 quod
3056 1699 3229 1755 Patris
3256 1701 3405 1756 Filii—

1756 1794 1802 1852 Β
1830 1796 1934 1858 q‘ue
1971 1788 2042 1843 sit
2087 1788 2320 1857 Spiritus
2352 1797 2577 1844 testatur
2614 1809 2628 1844 :
2673 1788 2779 1845 Vos
2821 1802 2991 1844 autem
3035 1809 3136 1845 non
3186 1793 3305 1844 estis
3348 1792 3404 1845 in

1828 1898 2003 1944 carne,
2031 1882 2124 1935 sed
2151 1884 2206 1935 in
2239 1880 2483 1952 Spiritu;
2530 1884 2575 1937 si
2601 1894 2771 1939 tamen
2812 1870 3036 1953 Spiritus
3081 1882 3177 1938 Dei
3207 1885 3405 1939 habitat

1826 1972 1880 2027 in
1908 1973 2066 2027 vobis.
2096 1971 2165 2027 Et
2192 1974 2384 2029 iterum
2413 1984 2473 2029 ut
2492 1972 2668 2029 Patris
2693 1977 2765 2029 sit
2794 1973 3044 2045 Spiritus,
3076 1974 3403 2035 lucidissime

1825 2067 2105 2139 distinguit
2126 2067 2311 2123 dicens
2340 2085 2355 2123 :
2386 2065 2541 2133 Quod
2564 2068 2609 2121 si
2635 2066 2862 2137 Spiritus
2891 2068 3004 2139 ejus
3030 2066 3120 2138 qui
3144 2066 3407 2141 suscitavit

1824 2156 2003 2210 Jesum
2032 2175 2063 2210 a
2086 2158 2306 2212 mortuis
2329 2148 2529 2212 habitat
2564 2158 2617 2211 in
2646 2157 2810 2220 vobis,
2841 2157 3111 2225 viri/ienuit
3137 2164 3183 2211 et
3214 2167 3409 2211 morta-

1824 2246 1897 2301 lia
1927 2264 2145 2318 corpora
2174 2259 2364 2301 vestra.
2409 2246 2481 2302 Ut
2527 2262 2658 2303 vero
2702 2247 2825 2301 Filii
2863 2247 2933 2301 sit
2979 2245 3231 2316 Spiritus,
3263 2247 3405 2309 idem

1823 2335 2020 2391 Paulus
2050 2346 2278 2392 testatur
2310 2355 2322 2391 :
2357 2335 2617 2402 Quoniam
2650 2346 2821 2390 autem
2852 2337 2971 2390 estis
2995 2336 3094 2404 ﬁlii
3124 2334 3238 2401 Dei,
3265 2338 3406 2391 misit

1827 2428 1965 2481 Deus
1996 2427 2253 2499 Spiritum
2298 2424 2430 2482 Filii
2469 2429 2551 2482 sui
2594 2429 2646 2482 in
2676 2427 2835 2481 corda
2871 2436 3066 2492 nostra,
3095 2426 3403 2481 clamantem

1824 2516 1998 2581 Abba,
2028 2526 2201 2587 pater.
2235 2517 2306 2573 Ut
2328 2533 2358 2571 a
2385 2516 2546 2572 Patre
2573 2517 2825 2587 procedat
2850 2517 2963 2586 ipsa
2992 2514 3209 2571 Veritas
3233 2516 3360 2571 dicit
3387 2532 3401 2571 :

1828 2605 2055 2670 Spiritus
2083 2607 2174 2676 qui
2201 2624 2230 2660 a
2269 2604 2430 2660 Putre
2458 2608 2716 2676 procedit,
2751 2604 2839 2660 ille
2863 2622 2944 2660 me
2971 2605 3299 2674 clariﬁcavit.
3332 2605 3405 2661 Ut

1828 2709 1855 2747 a
1888 2693 2021 2750 Filio
2050 2696 2305 2765 procedat
2330 2696 2517 2751 eadem
2535 2696 2750 2751 Veritas
2776 2705 3042 2750 testatur:
3076 2695 3177 2750 Ille
3200 2711 3278 2750 me
3299 2697 3405 2750 claé

1826 2778 2071 2854 riﬁcabit,
2097 2788 2219 2854 quia
2244 2785 2309 2840 de
2336 2802 2447 2842 meo
2469 2788 2704 2857 accipiet.
2737 2786 2892 2842 Absit
2915 2788 3056 2841 enim
3088 2796 3146 2841 ut
3170 2786 3404 2856 Spiritus

1827 2887 2049 2933 sanctus
2083 2878 2333 2933 credatur
2368 2878 2437 2955 de
2472 2876 2631 2933 Patre
2667 2878 2961 2943 i'n'Filinin,
2992 2887 3048 2933 et
3077 2877 3143 2933 de
3174 2877 3308 2933 Filio
3337 2878 3404 2934 ad

1826 2966 2265 3021 sanctiﬁcandam
2299 2958 2601 3023 creaturam
2626 2968 2777 3036 quasi
2795 2962 3125 3036 quibusdam
3152 2960 3407 3039 gradibus

1826 3052 2140 3126 procedere,
2173 3057 2266 3112 sed
2301 3058 2752 3129 quemadmodum
2798 3059 2862 3113 de
2901 3056 3094 3123 Patre,
3132 3059 3212 3113 ita
3256 3059 3407 3114 etde

1752 3131 1797 3195 (ἶ
1828 3144 1963 3200 Filio
1990 3143 2149 3200 simul
2177 3147 2436 3215 procedit.
2476 3146 2610 3215 Quis
2649 3148 2793 3202 enim
2820 3148 3050 3217 negabit
3086 3162 3208 3202 esse
3236 3147 3407 3219 Spiri-‘

1829 3245 1939 3290 tum
1964 3244 2206 3291 sanctum
2227 3238 2430 3291 vitam?
2457 3244 2512 3292 et
2531 3238 2617 3293 cui
2642 3238 2750 3292 vita
2772 3236 2952 3303 Pater,
2982 3238 3089 3292 vita
3115 3238 3186 3293 sit
3204 3236 3404 3303 Filius;

1829 3326 1968 3381 sicut
2011 3325 2173 3380 Pater
2199 3327 2364 3381 vitam
2413 3328 2573 3384 habet
2619 3328 2673 3382 in
2722 3328 3028 3398 semetipso,
3060 3328 3140 3383 sic
3182 3327 3328 3382 dedit
3353 3329 3408 3383 et

1828 3414 1965 3469 Filio
2008 3415 2179 3470 vitam
2244 3416 2489 3472 habitare
2535 3417 2590 3470 in
2650 3416 2965 3485 semetipso.
3030 3416 3156 3472 ﬂare
3198 3417 3409 3472 tibide

1830 3491 2012 3559 multis
2039 3519 2208 3574 pauca
2242 3505 2440 3560 dixisse
2467 3503 2749 3570 sulliciant,
2778 3521 2901 3574 qua:
2926 3506 3210 3575 teabsque
3240 3506 3410 3559 ambi‘

1829 3597 2034 3668 guitate
2059 3597 2239 3667 lingua
2265 3598 2510 3652 conﬁteri
2536 3606 2590 3653 et
2614 3596 3023 3667 ‘cordebportet
3046 3598 3291 3663 credere,
3315 3599 3411 3653 sed

1828 3704 1936 3743 non
1963 3688 2106 3745 ultra
2133 3690 2277 3745 vires
2304 3690 2636 3745 examinare.
2668 3689 2803 3756 Quia
2833 3689 2962 3745 solis
2989 3689 3233 3761 corporei
3259 3690 3410 3746 radio

1829 3778 2110 3835 oculorum
2138 3780 2442 3835 retunditur
2470 3781 2714 3845 intuitus,
2737 3787 2938 3849 quanto
2965 3781 3139 3851 magis
3167 3778 3412 3835 inetl‘ahii

1832 3868 1900 3923 lis
1941 3868 2156 3924 deitatis
2184 3869 2432 3925 claritate
2462 3879 2676 3925 terrena
2712 3883 2867 3925 mens
2897 3870 3224 3925 retunditur.
3259 3868 3413 3925 lianc

1832 3962 1991 4017 ﬁdem
2019 3978 2049 4017 a
2080 3963 2309 4018 Domino
2337 3964 2389 4017 in
2421 3962 2693 4034 apostolos
2740 3971 2797 4019 et
2844 3961 3103 4034 apostolis
3132 3960 3412 4016 fundatam

1827 4063 2017 4111 sancta
2041 4056 2304 4111 catholica
2341 4069 2395 4111 et
2424 4056 2721 4126 apostolica
2758 4054 2999 4111 Romana
3036 4062 3186 4109 tenet
3221 4053 3411 4110 Eccle-

1829 4147 1911 4203 sia
1938 4164 1957 4201 τ
1991 4162 2151 4216 quam
2184 4156 2239 4201 tu
2272 4156 2331 4201 ut
2362 4147 2589 4201 ﬁrmiter
2631 4154 2815 4200 teneas
2853 4160 3133 4199 monemus
3161 4184 3177 4209 ,
3220 4158 3416 4199 exora-

1830 4252 1953 4294 mus
1983 4246 2037 4293 et
2060 4239 2435 4293 testilicamus.
2467 4237 2523 4291 la
2552 4252 2658 4306 qua
2688 4244 2742 4290 et
2772 4235 3115 4307 Wiehingum
3140 4248 3412 4289 veneran-

1832 4329 1958 4383 dum
1986 4329 2295 4399 episcOpum
2342 4337 2398 4382 et
2441 4326 2816 4381 cbarissimum
2864 4324 3196 4379 confratrem
3244 4321 3415 4377 eccle-

1833 4420 2051 4474 siastica
2081 4418 2325 4473 doctrina
2351 4417 2618 4471 eruditum
2651 4415 2948 4485 reperimus
2976 4455 2990 4478 ,
3036 4421 3096 4468 et
3138 4412 3258 4468 ideo
3287 4412 3408 4467 eum

1838 4510 1991 4565 vobis
2012 4509 2077 4563 ad
2108 4508 2397 4579 regendam
2424 4507 2527 4562 sibi
2554 4506 2895 4560 commissam
2926 4520 2954 4558 a
2987 4505 3095 4560 Deo
3114 4501 3407 4559 Ecclesiatr.

1839 4601 2167 4666 remisimus,
2217 4598 2341 4668 quia
2390 4594 2763 4652 ﬁdelissimum
2807 4610 2931 4649 eum
2984 4593 3098 4658 tibi,
3139 4601 3195 4646 et
3234 4607 3330 4663 pro
3363 4592 3415 4647 te

1839 4692 1971 4750 Satis
1998 4690 2287 4746 sollicitum
2324 4687 2379 4743 in
2407 4686 2656 4744 omnibus
2683 4686 3020 4755 agnovimus.
3053 4683 3225 4750 Quem
3253 4682 3422 4737 veluti

1834 4781 2172 4855 spiritu-atem
2219 4765 2469 4852 patrem,
2521 4787 2574 4835 et
2603 4778 2883 4848 proprium
2932 4785 3209 4848 pastorem
3256 4769 3418 4843 digno

1832 4877 2046 4932 honore
2074 4883 2132 4930 et
2158 4873 2337 4930 debita
2383 4868 2684 4933 reverentia
2718 4868 2931 4924 sincera
2962 4875 3142 4925 mente
3171 4864 3420 4934 recipite,

1832 4977 2015 5023 tenete
2039 4973 2096 5020 et
2140 4961 2564 5035 amplectimini,
2593 4958 2715 5028 quia
2752 4959 2805 5012 in
2833 4974 2903 5016 eo
2930 4955 3227 5014 exhibitum
3258 4950 3426 5037 hono-

1830 5074 1950 5117 rem
1978 5059 2199 5115 Christo
2226 5056 2558 5127 conferatis,
2576 5053 2689 5123 ipso
2711 5051 2957 5110 dicente:
2984 5050 3087 5118 Qui
3112 5061 3201 5101 t'os
3230 5045 3429 5111 recipit,

1828 5170 1918 5209 me
1941 5151 2141 5221 recipit.
2165 5149 2236 5204 Et
2259 5151 2354 5218 qui
2384 5174 2494 5225 ,ηε
2522 5144 2712 5212 recipit,
2733 5142 2912 5231 recipit
2935 5159 3044 5199 eum
3069 5137 3154 5212 qui
3176 5138 3254 5190 me
3273 5135 3432 5223 misit.

1833 5244 1956 5317 Ipse
1986 5247 2169 5315 itaque
2193 5244 2489 5320 omni“m
2529 5227 2994 5301 ecclesiastieorum
3026 5227 3356 5301 negotiorum
3385 5234 3443 5280 ei.

1836 5339 2136 5395 ofﬁciorum
2166 5336 2383 5395 habent
2434 5345 2664 5413 curam,
2701 5337 2753 5381 et
2776 5325 2871 5382 Dei
2908 5332 3284 5413 timorem
3322 5333 3448 5371 ocu-

1836 5427 1907 5485 lis
1950 5427 2155 5484 habens
2203 5424 2423 5495 dispen
2437 5409 2546 5503 5:6;
2584 5417 2783 5482 eadem,
2811 5419 2935 5486 quia
2959 5426 3010 5473 ct
3045 5409 3254 5503 prouhis
3281 5414 3332 5459 et
3357 5419 3455 5503 pro

1837 5519 2121 5577 animabus
2149 5495 2485 5591 commisgi
2547 5509 2645 5574 sibi
2686 5507 2860 5578 populi
2899 5511 3006 5581 ipse
3034 5499 3334 5591 redditurus
3362 5495 3463 5547 erit

1836 5612 2084 5667 districto
2108 5605 2278 5680 judici
2306 5623 2387 5672 ra
2400 5584 2668 5685 ίξοηοιιι.
2696 5598 2774 5655 De
2797 5600 2999 5670 jejunio
3041 5599 3218 5685 itaque
3262 5584 3401 5685 scias
3436 5598 3467 5636 a

2232 5699 2276 5728 ιη
2403 5671 2443 5681 “
2461 5671 2510 5685 ’⁷
2541 5707 2573 5728 ι-
2608 5696 2722 5728 τηεμ.
2749 5692 2973 5728 “nminn
2994 5691 3049 5728 τη
3078 5671 3359 5728 Evangelia
3384 5685 3475 5728 at)-

2000 5719 2201 5728 m—‘_--n
