3926 5398
523 476 628 538 803

1829 470 2164 527 STEPHANI
2204 470 2403 526 pars:
2446 426 2503 524 v-

3680 483 3775 539 εθι

516 585 827 659 probatum.
856 580 1065 654 Moyses
1092 543 1324 660 namque
1355 590 1414 637 ut
1440 581 1613 652 legem
1643 549 1937 650 acciperet,
1969 596 2105 651 quae,
2133 589 2175 644 Α
2208 594 2338 635 vero
2372 594 2473 652 pro
2502 582 2897 639 contemnenda
2922 580 3201 642 catholica
3231 586 3337 644 ﬁde
3367 590 3462 659 qui
3492 590 3703 660 indixit,
3728 597 3776 650 ia

515 656 771 746 draginta
800 673 991 730 diebus
1027 682 1084 728 et
1103 656 1360 728 noctibus
1382 671 1667 742 jejnnavit.
1700 670 1846 726 Elias
1869 672 1961 742 qui
1999 686 2112 727 cm-

517 765 640 822 ium
665 764 871 827 orando
898 763 1133 829 clausit,
1177 771 1237 818 ut
1284 777 1391 817 non
1426 750 1659 834 plueret
1685 776 1856 817 annos
1904 771 2014 818 tres
2055 769 2111 818 et

526 867 739 910 menses
763 867 881 929 sex,
903 861 959 907 et
984 866 1199 911 rursum
1224 851 1429 907 orando
1454 851 1686 923 aperuit,
1713 860 1769 906 et
1793 850 1992 907 ctelum
2017 851 2112 907 de—

518 944 602 1000 vdit
632 944 886 1014 pluviam,
917 951 973 997 et
1000 952 1143 997 terra
1176 942 1322 999 dedit
1363 940 1598 997 fructum
1645 957 1836 1007 suum,
1877 941 2111 1012 quadrae

520 1035 668 1108 ginta
694 1034 884 1089 diebus
911 1042 964 1089 et
992 1020 1240 1090 noctibus
1263 1032 1546 1105 jejunavit.
1576 1034 1781 1089 Auctor
1806 1040 1863 1088 et
1892 1032 2007 1103 ipse
2032 1032 2109 1088 le-

517 1128 607 1200 gis
636 1125 795 1182 Jesus
824 1125 1074 1182 Christus
1102 1127 1365 1183 Dominus
1393 1134 1578 1204 noster
1606 1125 1959 1196 quadraginta
1990 1124 2108 1181 die-

524 1222 625 1277 bus
650 1228 706 1275 et
732 1221 980 1276 noctibus
1003 1218 1284 1289 jejunavit.
1337 1218 1393 1275 Si
1419 1218 1543 1290 quis
1569 1233 1700 1274 vero
1728 1216 1991 1286 jejunium
2024 1231 2108 1273 re-

518 1311 732 1383 probat,
776 1311 1029 1380 reprobat
1070 1319 1125 1365 et
1170 1310 1496 1377 orationem,
1529 1317 1586 1365 et
1622 1308 1961 1379 blasphemet
1989 1321 2109 1365 esse

524 1400 723 1457 malum
752 1400 1024 1456 daemones
1066 1400 1212 1471 ejici,
1244 1400 1456 1456 dicente
1498 1400 1726 1455 Domino
1759 1417 1774 1454 :
1808 1397 1923 1453 Hoc
1946 1414 2107 1470 genus

525 1506 630 1543 non
664 1488 873 1558 rjicitur
914 1488 1017 1544 nisi
1053 1490 1109 1544 in
1151 1489 1388 1543 oratione
1424 1499 1469 1543 et
1508 1488 1737 1560 jejunio.
1773 1486 2106 1556 Praeceptum

518 1580 724 1650 quippe
752 1588 837 1635 est
862 1578 1129 1649 jejunare,
1163 1580 1257 1636 sed
1301 1580 1498 1651 quibus
1542 1579 1733 1636 diebus
1770 1578 1840 1635 sit
1860 1577 2111 1650 jejunae-

516 1669 672 1735 dum,
698 1669 959 1740 quibusve
1003 1669 1404 1740 prandendum,
1437 1680 1707 1749 praecepto
1760 1668 1975 1725 Domini
2023 1665 2107 1723 vel

518 1759 887 1835 apostolorum
919 1776 1025 1816 non
1050 1770 1135 1815 est
1162 1760 1446 1816 diﬁinitum
1493 1762 1814 1827 assertione,
1845 1761 1938 1816 sed
1965 1759 2108 1838 anti-

2204 677 2370 738 caput
2414 669 2735 727 redundabit
2778 670 2916 742 ejus.
2961 673 3043 729 Tu
3088 685 3268 753 augem
3314 686 3373 733 et
3414 681 3640 750 populus
3666 694 3776 741 tuus

2208 760 2381 816 sancti
2412 760 2647 832 Spiritus
2680 760 2885 832 judicio
2911 765 3066 822 eritis
3091 766 3319 835 innoxii,
3349 770 3398 824 si
3424 759 3776 829 tamen'liden

2208 867 2370 927 quam
2399 852 2643 909 Romana
2688 856 2947 926 praedicat
2974 857 3217 914 Ecclesia
3245 860 3540 916 tenueritis
3569 849 3780 919 inviola.

2200 941 2406 998 'biliter.
2441 942 2630 1000 Divina
2684 955 2866 1001 autem
2916 945 3089 1003 emcia
3130 956 3193 1003 et
3236 962 3398 1005 sacra
3445 950 3698 1021 mysteria
3722 967 3779 1008 ac

2210 1034 2496 1090 missarum
2525 1034 2784 1091 solemnia
2811 1052 2933 1108 qua:
2959 1037 3100 1094 idem
3137 1037 3447 1117 liethodius
3476 1037 3778 1098 Sclavorum

2206 1121 2388 1195 lingua
2429 1124 2706 1182 celebrare
2737 1128 3097 1199 pmsumpsit,
3124 1129 3270 1199 quod
3296 1145 3366 1185 ne
3390 1130 3627 1186 ulterius
3649 1130 3779 1188 {aee-

2209 1224 2294 1271 ret
2330 1229 2494 1285 supra
2538 1216 2966 1273 sacratissimum
3009 1217 3159 1274 beati
3203 1219 3354 1276 Petri
3400 1234 3609 1290 corpus
3644 1221 3778 1290 jura-

2208 1314 2394 1360 mento
2414 1304 2749 1373 ﬁrmaverat,
2776 1308 2859 1363 sui
2886 1307 3105 1379 perjurii
3136 1319 3346 1366 reatum
3370 1312 3780 1383 perhorrescen-

2208 1402 2293 1452 tes
2322 1396 2469 1452 nullo
2496 1398 2655 1454 modo
2676 1398 2928 1470 deinceps
2953 1414 2984 1454 a
3015 1394 3257 1471 quolibet
3281 1412 3671 1474 praesumitur.
3700 1403 3779 1459 Dei

2206 1503 2443 1560 namque
2487 1498 2781 1561 nostraque
2825 1491 3122 1563 apostolica
3166 1494 3504 1548 auctoritate
3538 1494 3642 1549 sub
3669 1508 3782 1549 ana-

2210 1577 2464 1635 thematis
2486 1580 2699 1636 vinculo
2726 1581 3120 1650 interdicimus,
3143 1591 3372 1653 excepto
3396 1584 3550 1654 quod
3579 1582 3648 1639 ad
3670 1584 3783 1639 sita-

2206 1669 2365 1740 plicis
2390 1669 2571 1742 populi
2611 1679 2674 1727 et
2718 1686 2827 1727 non
2856 1670 3204 1743 intelligentis
3226 1673 3654 1730 adiﬁcationem
3674 1674 3781 1729 atti-

2208 1760 2322 1828 net,
2353 1761 2398 1817 si
2426 1761 2744 1833 Evangelii,
2778 1762 2867 1819 vel
2893 1763 3144 1834 apostoli,
3179 1764 3451 1834 expositio
3477 1764 3553 1820 ab
3577 1763 3779 1819 eruditis

518 1865 626 1920 qua
656 1848 875 1905 Patrum
922 1851 1313 1931 consuetudine
1359 1860 1509 1907 tenet
1553 1842 1837 1923 Ecclesia,
1882 1849 2007 1920 quia
2052 1857 2109 1904 et
2204 1844 2397 1908 eadem
2433 1852 2611 1923 lingua
2652 1853 3034 1919 annuntietur,
3069 1863 3130 1910 et
3164 1853 3428 1925 largimur
3454 1860 3512 1908 et
3550 1852 3777 1908 exhorta-

516 1943 762 2014 priorum
806 1942 1047 1997 instituta
1096 1952 1151 1998 et
1198 1932 1530 1998 consuetudo
1570 1940 1833 2012 majorum
1865 1956 1963 2012 pro
1990 1940 2106 2010 lege
2132 1930 2181 1992 B
2208 1961 2350 2012 mur,
2379 1936 2435 2001 et
2463 1954 2524 2000 ιιι
2560 1935 3005 2016 frequentissime
3034 1945 3130 2000 ﬁat
3160 1954 3485 2011 monemus,
3516 1952 3583 1999 ut
3622 1945 3774 1999 οωιιίσ

521 2033 751 2086 tenenda
797 2038 941 2086 sunt.
991 2029 1196 2099 Quarta
1240 2030 1376 2086 feria
1414 2029 1769 2101 jejunandum
1821 2038 1942 2096 est,
1979 2029 2104 2101 quia

522 2112 889 2194 considerato
912 2121 1202 2192 Evangelio
1233 2131 1428 2192 quarta
1468 2119 1692 2177 Sabbati
1719 2119 1889 2176 δυόωί
1924 2118 2105 2175 consi-

520 2211 655 2266 lium
682 2212 939 2279 itrierunt,
964 2221 1022 2267 ut
1047 2209 1231 2268 Jesum
1261 2211 1383 2267 dolo
1418 2221 1664 2267 tenerent
1696 2218 1750 2266 et
1773 2198 2104 2267 occiderent;

521 2288 688 2359 Sexta
712 2312 893 2358 autem
918 2302 1140 2359 Sabbati
1167 2313 1313 2361 recte
1330 2302 1535 2377 jejunio
1556 2304 1861 2375 deputatur,
1887 2310 2108 2383 propter

520 2396 818 2454 Dominicze
864 2396 1133 2468 passionis
1187 2396 1568 2451 reverentiam.
1620 2394 1857 2453 Sabbato
1891 2409 2107 2466 quoque

521 2490 876 2546 nihilominus
932 2488 1283 2560 jejunandum
1338 2498 1422 2545 est
1480 2498 1697 2560 propter
1745 2487 2105 2544 renovandam

521 2579 840 2637 memoriam
868 2581 945 2637 rei
975 2587 1177 2651 gestae,
1224 2578 1352 2651 quia
1397 2579 1647 2651 discipuli
1694 2577 1979 2634 Dominum
2008 2577 2107 2634 bu-

520 2687 683 2749 mane
719 2671 1080 2743 intelligentes
1125 2686 1190 2728 eo
1233 2671 1322 2727 die
1352 2670 1406 2727 in
1443 2670 1695 2741 sepulcro
1737 2669 2105 2741 quiescentem

520 2766 824 2824 doluerunt.
869 2764 1122 2832 Quintam
1172 2779 1301 2820 vero
1348 2761 1538 2819 feriam
1585 2762 1805 2834 quidam
1854 2760 2104 2818 arbitrati

519 2867 646 2916 sunt
691 2870 814 2914 esse
862 2856 1179 2931 dissolutam
1227 2856 1355 2926 quia
1400 2869 1466 2911 eo
1501 2853 1589 2910 die
1634 2851 2003 2911 reconciliatio
2033 2851 2107 2908 sit

519 2949 920 3021 paenitentiam,
947 2956 1002 3003 et
1028 2964 1094 3004 eo
1124 2947 1211 3003 die
1234 2956 1483 3003 sanctum
1530 2946 1766 3007 chrisma
1794 2942 2102 3008 coniicitur,

518 3049 577 3096 et
602 3055 668 3096 eo
695 3040 783 3097 die
812 3039 1140 3108 Redemptor
1182 3053 1305 3094 eum
1348 3037 1626 3113 discipulis
1652 3035 1908 3100 coenavit,
1941 3042 1999 3088 et
2026 3033 2106 3093 eis

516 3137 922 3187 sacramentum
954 3129 1037 3184 sui
1066 3130 1309 3200 corporis
1360 3138 1416 3183 et
1462 3128 1743 3200 sanguinis
1770 3125 2008 3189 tradidit,
2040 3137 2106 3180 eo

523 3223 613 3279 die
639 3221 943 3278 videntibus
966 3220 1244 3291 discipulis
1270 3222 1339 3277 ad
1367 3221 1536 3278 castos
1560 3220 1824 3277 ascendit.
1864 3219 2106 3277 Domini-

517 3327 621 3368 cus
647 3319 795 3367 certe
821 3310 936 3367 dies
961 3318 1181 3386 propter
1222 3310 1638 3367 resurrectionis
1664 3308 1889 3381 gloriam
1915 3318 1972 3363 et
2012 3306 2107 3363 ad-

521 3411 742 3458 ventum
773 3402 948 3458 sancti
974 3400 1209 3473 Spiritus
1235 3400 1436 3469 laetitiae
1464 3408 1814 3471 consecratus
1836 3407 1940 3455 est.
1963 3397 2108 3455 Duos

522 3494 616 3563 qui
645 3501 966 3560 remanent,
1006 3492 1226 3565 proprio
1275 3474 1700 3563 uniuscujusque
1744 3489 2108 3562 relinquamus

523 3584 781 3651 arbitrio;
831 3584 886 3639 in
915 3584 1112 3656 quibus
1151 3583 1204 3640 id
1234 3584 1629 3640 observandum
1659 3595 1877 3648 censeo,
1912 3588 1972 3636 ut
2014 3579 2109 3652 qui

527 3676 820 3732 manducat
837 3691 942 3731 non
969 3676 1384 3733 manducantem
1415 3691 1520 3733 non
1546 3684 1787 3748 spernat,
1812 3682 1868 3730 et
1887 3673 1980 3746 qui
2002 3688 2108 3729 non

524 3767 813 3824 tnanducat
860 3767 1276 3825 manducantem
1307 3783 1414 3824 non
1451 3767 1698 3840 judicet,
1744 3775 1805 3821 ut
1850 3763 2111 3837 quidquid

526 3857 757 3929 agimus,
799 3857 852 3911 in
902 3857 1073 3927 gloria
1108 3856 1202 3913 Dei
1246 3855 1532 3913 faciamus.
1581 3855 1853 3928 Jejunium
1903 3854 2111 3911 scilicet

526 3949 673 4020 quod
697 3948 942 4021 Quatuor
969 3949 1296 4019 Temporum
1322 3949 1542 4016 dicitur,
1570 3950 1776 4021 antiqui
1804 3949 1993 4005 Patres
2021 3963 2111 4007 ce—

526 4036 846 4094 lebrandum
869 4053 974 4093 non
993 4035 1197 4095 frustra
1217 4048 1534 4104 sanxerunt,
1559 4038 1773 4095 dicente
1792 4037 2105 4095 Psalmista:

526 4129 843 4190 Benedicam
888 4127 1171 4201 Dominum
1209 4130 1265 4182 in
1304 4131 1447 4184 omni
1486 4140 1714 4200 tempore
1739 4170 1757 4197 ,
1792 4139 1851 4186 ut
1886 4129 2111 4202 singulis

528 4218 831 4289 quibusque
876 4217 1210 4287 temporibus
1253 4219 1380 4274 anui
1412 4220 1761 4277 ltumiliemus
1787 4221 2024 4276 animam
2056 4220 2109 4277 in

520 4309 750 4381 jejunio.
785 4308 955 4365 Primi
985 4309 1166 4380 itaque
1206 4311 1408 4368 mensis
1444 4311 1707 4382 jejunium
1754 4315 2018 4373 Dominus
2052 4315 2110 4385 in

528 4400 737 4465 Exodo,
765 4399 970 4471 quarti,
1006 4399 1221 4470 septimi
1260 4410 1317 4457 et
1347 4402 1537 4467 decimi
1571 4403 1834 4475 jejunium
1882 4419 1979 4477 per
2004 4405 2110 4461 Za-

527 4489 776 4545 chariam
813 4489 1128 4560 prophetam
1164 4489 1430 4547 celebrari
1472 4494 1748 4565 pmcepit,
1779 4496 1932 4567 utqui
1961 4497 2110 4553 omni

531 4588 775 4651 tempore
794 4579 861 4635 de
881 4579 1250 4635 misericordia
1273 4581 1608 4639 conﬁdamus
1630 4585 1960 4655 paenitendo.
1988 4586 2113 4643 Haec

532 4668 631 4726 tibi
656 4670 723 4724 de
744 4668 950 4741 jejunio
975 4683 1146 4739 pauca
1172 4668 1372 4726 dixisse
1397 4672 1684 4743 sulliciant,
1722 4677 1970 4746 quamvis
1993 4677 2111 4748 plu—

516 4759 670 4831 ,rima
699 4759 804 4830 diei
832 4769 1055 4830 possent
1097 4756 1213 4827 ejus
1241 4762 1506 4830 mysterii,
1532 4778 1651 4833 quae
1678 4780 1820 4821 nunc
1842 4781 2113 4836 exponere

530 4865 642 4906 non
656 4858 741 4906 est
757 4850 1030 4921 temporis.
1048 4849 1164 4907 lloc
1182 4859 1359 4908 tamen
1374 4852 1634 4923 jejunium
1652 4855 1761 4913 Deo
1775 4873 1883 4927 pra:
1901 4849 2113 4916 caeteris

533 4941 870 5014 acceptabile
888 4940 1095 4998 credito
1118 4960 1132 4997 :
1155 4944 1387 5000 dissolve
1408 4945 1775 5017 colligationes
1795 4948 2109 5019 impietatis,

526 5033 687 5095 solve
730 5031 1021 5090 fasciwlos
1067 5034 1441 5104 deprimentis,
1473 5036 1683 5093 dimitte
1722 5053 1816 5094 eos
1844 5040 1936 5110 qui
1983 5055 2112 5096 con—

1785 5144 1891 5152 ﬂ...‘
1965 5129 2006 5148 Λ
2098 5129 2113 5146 1

2206 2037 2389 2107 lingua
2434 2036 2621 2093 laudet
2647 2037 2845 2104 Deum,
2874 2045 2930 2093 et
2964 2037 3288 2093 conﬁteatur
3313 2037 3387 2092 ei.
3435 2035 3775 2091 Centum

2203 2137 2389 2185 autem
2420 2136 2475 2184 et
2502 2127 2910 2194 inobcdientes,
2936 2123 3281 2183 contentioni
3321 2134 3380 2182 et
3420 2125 3680 2182 seandalo
3708 2126 3774 2180 in-

2207 2220 2483 2284 sistentes,
2514 2226 2635 2290 post
2672 2218 2903 2291 primam
2939 2227 2995 2276 et
3034 2219 3331 2276 secundam
3366 2203 3773 2273 admonitionem

2209 2310 2253 2366 si
2282 2324 2341 2366 se
2372 2309 2595 2365 minime
2621 2309 2976 2375 correxerint,
3008 2310 3161 2380 quasi
3191 2309 3533 2364 zizaniorum
3564 2307 3773 2362 semina-

2209 2410 2355 2458 tores
2381 2401 2450 2457 ab
2477 2401 2730 2458 Ecrlesiae
2762 2403 2968 2474 gremio
2995 2403 3154 2474 abjici
3183 2402 3487 2467 sancimus;
3510 2408 3574 2455 et
3597 2414 3663 2454 ne
3684 2412 3770 2453 una

2202 2494 2325 2550 ovis
2358 2494 2603 2550 morbida
2650 2503 2819 2550 totum
2856 2507 3076 2565 gregem
3100 2494 3464 2558 contaminet,
3491 2500 3674 2547 nostro
3705 2490 3772 2543 vi-

2208 2602 2339 2658 gore
2377 2586 2639 2644 refrenari
2681 2596 2739 2643 et
2785 2602 2818 2641 a
2860 2587 3059 2643 vestris
3102 2586 3302 2642 ﬁnibus
3345 2584 3541 2656 procul
3584 2581 3769 2641 excluti

2204 2694 2570 2754 pret-cupimus.
2931 2746 3068 2803 xw.

2452 2874 2520 2914 AD
2556 2874 2796 2915 AIELI-Ul
2836 2873 3169 2914 UCETIBNSEI
3206 2871 3527 2915 εωεωινυιιη

2823 2967 2996 3039 (Auno
3035 2967 3184 3039 891.)

2348 3080 2529 3154 [Apud
2553 3080 2619 3137 D.
2646 3079 2958 3205 Ilouque‘t)?n
2969 3077 3182 3223 nisi:th
3219 3079 3313 3135 des
3340 3079 3647 3143 historians,

2131 3276 2178 3341 ο
2210 3263 2453 3322 Dederat
2478 3261 2778 3345 Girbertnut
2810 3262 3221 3345 Nemausensem
3244 3263 3549 3345 episcopum
3584 3274 3770 3315 εεωιιο

2524 3335 2849 3389 utunicatttm
2884 3332 2955 3386 iri
2979 3373 2996 3400 ,
3033 3332 3140 3388 nisi
3180 3332 3475 3406 resipiscat.

2277 3449 2593 3506 Summus
2622 3447 2931 3520 episcopus,
2959 3460 3149 3503 servus
3177 3460 3461 3503 servorum
3493 3445 3616 3511 Dei,
3644 3457 3774 3500 reve-

2207 3541 2524 3600 rentissimo
2550 3549 2606 3597 et
2634 3538 2977 3603 sanctissimo
2999 3538 3210 3593 Austro
3232 3536 3518 3608 episcopo.

2276 3630 2434 3688 Scias
2466 3630 2593 3701 quia
2629 3645 2699 3685 ea
2742 3645 2867 3701 qua:
2907 3628 3177 3685 mandasti
3204 3628 3537 3694 audivimus,
3581 3636 3637 3682 et
3680 3635 3777 3683 sta-

2211 3721 2432 3788 tuimus,
2454 3730 2615 3792 prout
2638 3720 2953 3793 suggessisti
2975 3731 3036 3777 et
3061 3718 3281 3792 petisti;
3306 3728 3366 3774 et
3391 3718 3653 3789 epistolas
3667 3731 3780 3774 ecce

2207 3811 2525 3883 scripsimus
2573 3819 2686 3865 tam
2732 3809 3141 3880 archiepiscopo
3186 3808 3479 3865 Teudardo
3524 3824 3686 3885 quam
3730 3815 3781 3862 et

2206 3901 2395 3963 comiti
2445 3900 2717 3959 Richardo
2742 3940 2759 3967 ,
2804 3909 2866 3955 et
2920 3899 3223 3956 vicecomiti
3289 3898 3436 3957 illius
3497 3898 3775 3955 Alberico:

2208 3992 2535 4051 mandamus
2583 3990 2900 4046 intimantes
2947 3987 3260 4045 Girbertum
3308 3988 3629 4059 episcopum
3676 3985 3779 4043 fore

2205 4080 2765 4148 «communicatum,
2814 4081 2919 4136 nisi
2957 4080 3249 4153 resipuerit
3292 4089 3349 4135 et
3398 4080 3473 4136 ab
3516 4079 3779 4144 inv-asinus

2208 4173 2441 4233 abbatia:
2460 4182 2662 4251 nostra:
2683 4187 2742 4231 se
2769 4172 3135 4240 subtraxerit;
3166 4180 3241 4239 et,
3273 4179 3330 4227 ut
3356 4171 3454 4228 tibi
3483 4186 3608 4227 eam
3640 4170 3779 4225 liceat

2210 4265 2477 4323 securiter
2515 4266 2752 4321 retinere
2788 4264 2891 4320 sub
2925 4271 3109 4323 nostra
3141 4261 3463 4319 defensione
3496 4262 3567 4317 ad
3610 4275 3778 4331 regen-

2212 4359 2339 4416 dum
2373 4367 2431 4415 et
2448 4356 2785 4421 salvandum,
2824 4364 2880 4412 et
2906 4370 3085 4415 annue
3112 4355 3329 4415 solitum
3366 4369 3600 4410 censum
3637 4352 3778 4418 beato

2211 4447 2376 4505 Petro
2409 4445 2652 4519 apostolo
2694 4446 3056 4517 diligendum.
3105 4444 3184 4501 Tu
3229 4459 3359 4500 vero
3403 4453 3529 4499 esto
3582 4454 3778 4512 semper

2213 4539 2474 4597 sollicitus
2503 4538 2570 4595 de
2596 4546 2781 4595 nostra
2805 4536 3064 4595 ﬁdelitate
3078 4551 3188 4607 qua
3206 4550 3310 4595 nos
3330 4534 3510 4607 magis
3535 4542 3591 4590 te
3613 4533 3777 4589 fovere

2140 4625 2190 4686 D
2212 4629 2270 4686 in
2303 4629 2514 4687 cunctis
2538 4627 2808 4694 volumus,
2837 4634 2896 4682 et
2917 4638 2981 4685 ut
3004 4627 3180 4698 ipsum
3208 4640 3435 4689 censum
3460 4625 3691 4697 dirigere
3720 4635 3778 4678 ne

2212 4719 2617 4792 praetermittas.
2648 4717 2914 4790 Optamus
2937 4726 2991 4773 te
3016 4717 3071 4771 in
3096 4714 3319 4773 Christo
3342 4716 3549 4773 valere.

2946 4847 3061 4903 XV.

2420 4957 2488 4997 AD
2524 4956 2830 4999 ακιπιιτυι
2856 4952 3251 5027 εειλυεῑκεειιτ
3268 4953 3584 4996 ενιεεονυι.

2836 5051 3009 5125 (Αωιο
3028 5051 3175 5125 89L)

2570 5168 2601 5174 —
2670 5166 2706 5176 σε
2896 5174 2904 5178 .
2995 5164 3033 5180 n

3232 5165 3261 5190 "
3273 5181 3321 5194 “
3354 5166 3651 5218 “da-hu.
