3926 5576
1073 378 1454 446 EPISTOLE,
1494 376 1887 434 DIPLOMATA
1929 378 2013 432 ET
2059 377 2461 433 I’ItIVILEGlA.

3316 385 3420 441 806

140 507 313 563 scopo
342 491 417 546 ad
434 491 725 562 regendum
742 501 902 559 atque
923 488 1320 543 adsalvandum
1339 503 1596 544 concessa
1620 496 1724 549 est,
1759 490 1799 546 Δ
1834 489 2132 554 reperimus
2157 529 2171 552 ,
2231 502 2509 544 monentes
2559 487 2875 559 religionem
2921 497 3067 544 tuam
3103 531 3118 556 ,
3172 501 3230 548 ut
3277 508 3420 548 circa

147 584 329 638 facere
353 582 574 636 minime
590 578 807 635 diﬂ‘eras
827 579 1081 634 nonnulla
1097 579 1455 640 incmnmoda,
1472 578 1731 648 pluraque

145 672 379 726 adversa
407 710 422 735 ,
470 670 760 740 apostolica
796 677 1060 739 praecepta
1114 669 1301 722 audire
1335 678 1630 737 postpunas
1677 674 1734 719 et

144 759 409 830 epistolas
455 775 608 828 teque
661 758 980 828 apostolicas
1035 759 1326 818 observare
1381 770 1615 811 recuses.
1656 754 1732 808 De

145 867 257 920 quo
307 851 444 905 satis
492 859 545 903 te
592 849 841 919 redargui
885 857 1232 922 oportuerat;
1281 848 1375 902 sed
1428 846 1734 918 apostolica:

141 941 502 1010 benignitatis
533 941 584 993 in
621 949 670 994 te
711 939 816 992 huc
856 933 1027 1006 usque
1065 947 1377 1007 exspectata
1430 948 1514 991 est
1551 938 1738 992 mode-

139 1032 304 1084 ratio.
340 1030 681 1100 Quapropter
709 1038 762 1082 te
790 1045 1075 1084 monemus
1121 1039 1198 1084 et.
1225 1028 1515 1097 apostolica
1553 1038 1736 1081 aucto-

137 1123 312 1175 ritate
345 1121 688 1190 pnecipimus
727 1129 806 1185 nt,
853 1121 920 1173 ad
967 1128 1200 1173 mentem
1252 1119 1485 1180 rediens,
1537 1118 1735 1172 nullam

137 1213 254 1266 vim
282 1212 591 1282 nullamque
613 1214 1013 1284 oppressionem
1037 1213 1089 1266 in
1111 1213 1362 1266 omnibus
1387 1213 1548 1266 rebus
1572 1211 1738 1280 ipsius

135 1307 382 1360 abbatite
402 1308 782 1376 qnoquomodo
806 1305 996 1372 facias,
1028 1317 1119 1362 aut
1147 1306 1364 1362 facienti
1393 1307 1734 1361 consentias:

145 1398 278 1466 quin
298 1397 460 1452 liceat
485 1399 657 1453 eidem
681 1399 889 1454 Ameliu
904 1400 1200 1454 venerabili
1225 1399 1477 1469 episcopo
1497 1399 1734 1467 quietem

145 1487 380 1552 habere,
430 1497 487 1542 et
539 1504 761 1544 censum
791 1490 951 1544 beato
1000 1489 1161 1544 Petro
1215 1490 1460 1559 apostolo
1508 1490 1738 1560 dirigere

141 1579 527 1649 seem-iterque
554 1582 726 1650 ipsum
752 1580 925 1634 locum
952 1596 1158 1650 regere.
1180 1581 1355 1648 Quod,
1379 1580 1424 1634 si
1452 1579 1741 1634 temerario

143 1683 284 1723 ausu
317 1669 372 1722 in
400 1670 590 1724 eadem
619 1673 918 1742 pertinacia
943 1676 1330 1744 permanseris,
1354 1674 1496 1729 scias
1527 1683 1577 1728 te
1621 1689 1740 1728 esse

141 1763 702 1827 excommunicatum,
721 1765 914 1830 donec,
931 1765 1156 1820 Romam
1181 1767 1535 1821 venienscum
1550 1766 1738 1820 eodem

139 1849 363 1906 Amelio
382 1853 658 1923 episcopo,
676 1869 859 1909 coram
887 1873 971 1911 me
995 1859 1212 1911 noveris
1235 1864 1286 1911 te
1314 1856 1737 1922 satisfacturum,
1773 1838 1815 1894 Β

143 1941 407 2008 quoniam
483 1951 685 1998 tantam
757 1947 1116 2002 temeritatem
1180 1947 1488 2003 nullomodo
1552 1949 1708 2003 diinit

136 2038 350 2086 demtis.

872 2103 1011 2159 XVI.

472 2228 540 2268 AD
579 2229 916 2271 WALDRRTUI
956 2231 1331 2271 PATRIARCIIAI
1370 2230 1420 2272 ⁸.

515 2323 914 2398 Fragmentum.
940 2359 1008 2368 —-
1043 2331 1215 2398 (Anno
1238 2330 1386 2402 89L)

215 2458 488 2513 Miramur
533 2460 876 2528 prudentiam
908 2470 1144 2514 vestram
1199 2459 1450 2516 Cumensi
1489 2461 1742 2516 Ecclesia:

150 2553 432 2624 denegare
478 2562 779 2623 pastorem,
826 2569 949 2608 cum
984 2563 1036 2608 te
1067 2555 1232 2608 etiam
1265 2555 1331 2608 ad
1364 2555 1465 2609 hoc
1485 2569 1743 2623 provoca-

143 2654 268 2699 tum
298 2647 522 2698 noveris
554 2644 847 2714 apostolica
877 2645 1276 2700 exhortatione.
1311 2645 1462 2701 Nunc
1490 2661 1616 2700 vero
1647 2646 1743 2700 ite—

141 2747 272 2792 rato
291 2736 391 2790 tibi
419 2737 733 2802 scribimus,
784 2737 1030 2792 nolentes
1069 2739 1296 2808 alicujus
1342 2737 1599 2794 Ecclesiae
1626 2738 1740 2806 pri-

147 2827 413 2899 vilegium
445 2827 766 2898 infringere,
799 2829 928 2884 licet
966 2830 1260 2899 apostolica
1299 2831 1652 2899 praerogativa
1674 2829 1742 2885 de

139 2917 392 2987 qualibet
413 2917 656 2973 Ecclesia
693 2918 951 2973 clericum
977 2921 1252 2985 ordinare,
1280 2930 1390 2974 etc.

408 3175 479 3217 ΔΙ)
515 3176 836 3216 ROTBEBTUM
873 3179 1152 3218 κετεκεειι
1189 3180 1497 3220 ΕΡΙΞΕΟΙὋΜ.

771 3275 948 3346 (Anno
984 3275 1134 3348 891.)

149 3404 451 3478 Respondet
479 3407 818 3478 quat-ctione
857 3407 928 3460 ad
970 3407 1179 3461 ordines
1221 3387 1596 3462 ecclesiasticos
1624 3425 1749 3478 pro-

217 3475 514 3534 movendus
552 3477 620 3532 sit
656 3475 875 3532 clericus
924 3478 1007 3532 cui
1050 3477 1245 3547 digitus
1283 3479 1544 3533 abscissus
1579 3475 1677 3533 est.

219 3625 549 3684 Summus
571 3627 875 3700 episcopus,
899 3645 1087 3686 servus
1128 3645 1404 3687 servorum
1455 3631 1570 3698 Dei,
1619 3632 1750 3687 Rot-

147 3732 330 3774 usuro
363 3718 592 3775 Metensi
627 3723 898 3791 episcopo.

219 3806 253 3847 δ
291 3805 462 3862 Lator
489 3809 833 3877 praesentium
873 3809 1150 3877 Flavinus,
1185 3811 1391 3868 scilicet
1427 3813 1654 3869 clericus
1681 3815 1745 3870 ad

144 3907 403 3954 sanctam
460 3891 642 3952 sedem
696 3899 1046 3968 apostolicam
1100 3902 1324 3958 veniens
1375 3903 1565 3957 detulit
1614 3920 1644 3958 a
1697 3912 1748 3960 te

147 3988 312 4043 nobis
359 3988 625 4042 directam
673 3989 954 4059 epistolam
989 4031 1004 4056 ,
1050 4007 1156 4061 qua
1199 3991 1456 4062 indagare
1496 3993 1744 4049 studuisti

145 4091 278 4131 eum
303 4092 334 4130 a
359 4074 688 4133 Normannis
714 4079 1018 4149 nuperrime
1047 4091 1259 4150 captum
1292 4081 1524 4136 sinistra:
1554 4097 1744 4138 manus

147 4165 383 4235 digitum
429 4167 628 4222 habere
675 4167 994 4232 abscissum,
1037 4171 1316 4225 sciscitans
1359 4172 1405 4226 si
1447 4172 1515 4226 ob
1549 4173 1653 4227 hoc
1678 4171 1746 4227 ad

143 4254 583 4310 ecclesiasticum
631 4257 874 4312 ordinem
910 4259 1112 4314 valeret
1157 4263 1482 4330 promoveri,
1517 4279 1584 4316 an
1615 4278 1742 4318 non.

148 4345 311 4411 Quod
353 4355 411 4401 et
450 4362 550 4401 nos
601 4349 951 4419 reperientes,
1002 4349 1130 4420 quia
1173 4350 1391 4406 solertia
1438 4361 1527 4406 tua
1571 4353 1745 4422 magis

144 4449 322 4506 super
349 4438 454 4493 hoc
479 4439 708 4495 sollicita
740 4457 771 4495 a
815 4442 941 4497 sede
979 4444 1270 4514 apostolica
1299 4446 1512 4500 edoceri
1542 4445 1746 4517 ﬂagitat

1837 578 1984 632 illum
2037 581 2107 635 ita
2156 592 2398 651 peragat,
2455 592 2720 651 quatenus
2763 592 2822 637 ut
2859 585 3164 639 mercedem
3216 600 3316 654 pro
3354 601 3420 641 eo

1836 684 2080 739 magnam
2141 671 2380 726 incurrat
2427 682 2480 725 et
2521 673 2843 728 desiderium
2914 673 3055 728 illius
3086 715 3102 740 ,
3161 677 3420 732 canonica

1835 761 2154 816 auctoritate
2179 762 2228 816 ci
2263 764 2314 816 in
2344 763 2464 818 aliis
2506 780 2611 818 non
2645 765 2917 830 obviante,
2956 766 3064 821 Deo
3110 767 3419 837 adjuvante,

1834 851 2095 921 perficiat.

2535 925 2718 983 XVIII.

2096 1052 2164 1093 AD
2201 1053 2534 1094 ειςειιειιτυιί
2570 1055 2806 1096 εοιιδιοιε
2847 1058 3160 1099 εριεεοιιιςιι.

2187 1149 2582 1221 Fragmentum.
2596 1153 2670 1193 ’-
2691 1154 2864 1224 (Anno
2914 1157 3066 1226 891.)

1909 1313 1931 1341 ε
1959 1301 2090 1370 Quia
2119 1312 2168 1358 te
2194 1305 2345 1374 quasi
2366 1306 2657 1362 obnoxium
2677 1306 2906 1374 iudicas,
2942 1326 3005 1365 eo
3032 1313 3172 1381 quod
3199 1329 3227 1366 a
3257 1315 3421 1369 Sara-

1837 1393 1985 1448 cenis
2006 1403 2195 1464 captus
2221 1395 2464 1452 homines
2485 1397 2820 1454 interfecisse
2842 1401 3037 1456 videris
3053 1441 3069 1466 ,
3099 1402 3234 1456 bene
3259 1398 3420 1457 facis.

1841 1485 1945 1540 Sed
1971 1487 2223 1555 quoniam
2255 1504 2359 1542 non
2390 1475 2494 1542 tua
2518 1500 2709 1559 sponte
2738 1493 2786 1545 id
2828 1491 3016 1547 fecisse
3049 1496 3421 1565 cognosceris,

1841 1578 1961 1632 inde
1987 1581 2247 1634 canonice
2270 1581 2415 1634 nullo
2445 1581 2898 1653 mudojndicaris.

2559 1731 2700 1788 XIX.

2123 1860 2189 1896 AD
2230 1860 2437 1899 LEONEI
2475 1861 2801 1902 SCIANENSEI
2839 1863 3154 1906 EPISCOPUI.

2168 1976 2194 2015 ἀ
2224 1974 2621 2047 Fragmentum.
2645 2010 2716 2020 —
2738 1981 2912 2052 (Anno
2935 1981 3085 2051 891.)

2342 2107 2518 2182 [Apud
2557 2111 2725 2167 Mansi
2771 2113 2924 2188 ibid]

1915 2247 1990 2303 De
2038 2249 2322 2305 manifesta
2369 2262 2425 2307 et
2477 2243 2602 2308 nota
2648 2255 2894 2326 pluribus
2948 2271 3111 2312 causa
3160 2273 3263 2312 non
3298 2269 3426 2314 sunt

1843 2341 2118 2408 quasrendi
2173 2351 2360 2408 testes,
2389 2344 2532 2398 ut'S.
2586 2347 2909 2404 Ambrosius
2939 2349 2992 2402 in
3035 2348 3332 2419 Epistolam
3361 2350 3428 2405 ad

1843 2427 2152 2485 Corinthios
2202 2433 2351 2496 dicit,
2385 2434 2451 2487 de
2482 2433 2842 2492 fornicatione
2892 2438 3217 2492 sententiam
3262 2454 3432 2510 expo-

1844 2535 1978 2574 nens
1996 2521 2258 2592 Apostoli.
2296 2543 2315 2575 ι
2350 2523 2577 2590 Judicis,
2607 2527 2853 2597 inquam,
2877 2543 2982 2582 non
3011 2538 3097 2583 est
3125 2529 3242 2582 sine
3263 2545 3427 2584 accu-

1843 2619 2025 2663 satore
2050 2612 2338 2680 damnare;
2372 2615 2498 2684 quia
2530 2615 2791 2671 Dominus
2825 2615 3039 2680 Judam,
3073 2632 3196 2672 cum
3240 2615 3430 2672 fuisset

1848 2703 1954 2768 fur,
1983 2706 2107 2774 quia
2141 2723 2246 2760 non
2297 2719 2606 2773 accusatus,
2657 2709 2880 2764 minime
2928 2709 3143 2778 abjecit.
3199 2708 3430 2784 Cognito

1845 2805 2024 2850 autem
2051 2812 2213 2867 Opere
2241 2800 2366 2864 isto,
2390 2801 2694 2872 pellendum
2721 2802 2867 2856 illum
2895 2802 2961 2858 de
2993 2811 3137 2858 coetu
3174 2802 3428 2858 fraterni-

1845 2887 1974 2942 tatis
2015 2890 2244 2945 censuit.
2281 2890 2483 2947 Omnes
2511 2894 2655 2948 euim
2689 2895 2896 2949 crimen
2939 2893 3056 2962 ejus
3084 2894 3333 2950 sciebant
3375 2903 3432 2948 et

1845 2991 1950 3030 non
2001 2979 2318 3058 arguebant.
2355 2981 2573 3039 Publice
2609 2983 2752 3039 enim
2797 2999 3088 3039 novercam
3117 2998 3272 3038 suam
3310 2982 3431 3038 loco

1847 3068 2028 3122 uxoris
2055 3070 2306 3126 habebat.
2339 3072 2396 3127 In
2433 3090 2539 3145 qua
2579 3090 2639 3130 re
2674 3090 2850 3145 neque
2881 3077 3110 3131 testibus
3134 3090 3271 3144 opus
3291 3083 3429 3138 erat,

1772 3185 1818 3248 ε
1852 3172 2024 3248 neque
2055 3162 2510 3241 tergiversatione
2555 3166 2738 3237 aliqua
2764 3175 2980 3238 poterat
3009 3167 3112 3238 tegi
3143 3166 3369 3221 crimen.
3407 3182 3426 3215 ι

1852 3246 1919 3302 Et
1951 3250 2111 3319 paulo
2158 3261 2278 3322 post
2309 3269 2324 3308 :
2355 3256 2550 3312 Absens
2586 3258 2745 3328 faeie,
2797 3276 3024 3330 prwsens
3051 3267 3224 3312 autent
3247 3267 3432 3311 aucto.-

1852 3340 2005 3393 ritate
2046 3341 2277 3412 Spiritus
2327 3347 2417 3415 qui
2445 3363 2702 3418 nusquam
2745 3349 2908 3414 abest,
2941 3348 3058 3418 jam
3089 3346 3331 3418 judicavi
3374 3355 3430 3400 ut

1849 3445 2075 3498 pra'sens
2116 3448 2254 3498 eum,
2284 3435 2376 3504 qui
2419 3436 2518 3490 hoc
2570 3437 2806 3504 admisit,
2843 3437 2985 3493 tradi
3025 3435 3244 3492 Satana:
3270 3434 3431 3489 inino

1850 3523 2058 3577 teritum
2090 3527 2284 3579 carnis.

2577 3595 2696 3653 XX.

2115 3723 2185 3762 an
2224 3725 2431 3766 ιεοιιειι
2472 3727 2817 3767 τιιελιιειιεειι
2854 3713 3181 3784 ειξιεοοιιυιίζ

2207 3819 2603 3893 Fragmentum.
2636 3853 2700 3862 -—
2729 3824 2901 3894 (Anno
2924 3822 3074 3893 891.)

1922 3979 1994 4033 De
2018 3979 2246 4034 crimine
2285 3979 2386 4034 sibi
2417 3979 2566 4033 illato
2599 3979 2863 4034 diaconus
2884 3985 3017 4032 tuus
3043 3976 3334 4032 verissime
3355 3973 3436 4032 fa-

1850 4069 2063 4131 tebatur
2087 4083 2146 4124 se
2173 4083 2295 4124 esse
2333 4068 2647 4123 immunem.
2693 4067 3077 4122 Verumtamen
3111 4065 3158 4122 si
3195 4066 3434 4136 suspicio

1846 4177 2008 4232 super
2029 4161 2295 4216 viaculum
2319 4159 2385 4232 [f.
2401 4158 2698 4234 piaculum]
2729 4160 2978 4224 habetur,
3011 4169 3066 4233 et
3090 4167 3434 4213 accusatores

1848 4254 2025 4309 idonei
2075 4252 2418 4322 reperiuntur
2460 4261 2515 4307 et
2556 4261 2721 4306 testes
2765 4251 2954 4321 quales
3003 4250 3146 4304 sacri
3191 4264 3431 4305 canones

1847 4347 2121 4412 sanciunt,
2173 4361 2298 4401 cum
2344 4343 2508 4399 fuerit
2545 4342 2802 4412 legitimis
2830 4343 3055 4396 testibus
3083 4339 3430 4412 approbatus,

1851 4417 2110 4496 canonica
2163 4438 2435 4496 sententia
2484 4435 2729 4490 feriatur.
2767 4445 2790 4473 ⁸
2820 4435 2973 4501 Quod
3019 4434 3065 4489 si
3104 4447 3204 4488 nec
3243 4443 3434 4504 sponte

146 4542 408 4582 normam
452 4526 676 4597 iustitia:
727 4546 939 4603 semper
977 4534 1128 4603 sequi
1168 4544 1464 4612 IexOptans,
1508 4539 1741 4591 studium
1768 4533 1822 4594 D
1852 4532 2158 4596 confitetur,
2193 4544 2368 4599 neque
2397 4526 2624 4598 legitimi
2665 4534 3011 4580 accusatores
3035 4524 3118 4580 vel
3148 4529 3310 4580 testes
3347 4540 3437 4581 rev

149 4626 264 4674 tua
316 4621 622 4678 sanctitatis
670 4625 862 4680 merito
914 4625 1278 4684 collaudatnus
1310 4668 1325 4692 ,
1384 4629 1744 4683 reverentiam

146 4718 307 4765 tuam
353 4712 498 4766 scire
533 4714 774 4769 volentes
797 4715 1068 4784 quoniam,
1096 4719 1140 4772 si
1169 4720 1240 4772 ita
1271 4729 1354 4774 est
1378 4718 1519 4788 quod
1555 4736 1582 4772 a
1611 4718 1746 4774 Nor-

145 4804 378 4858 mannis
407 4803 628 4873 digitum
669 4807 841 4876 ipsum
873 4809 1064 4864 habeat
1089 4811 1407 4875 abscissum,
1437 4811 1502 4865 ad
1524 4828 1744 4882 proms-

144 4894 421 4959 vendum,
467 4896 510 4949 si
552 4897 685 4951 alias
735 4897 928 4969 dignus
956 4899 1138 4967 luerit,
1167 4901 1375 4972 nihilei
1415 4903 1647 4967 nocebit,
1681 4918 1746 4958 eo

146 4983 304 5054 quod
332 4983 463 5053 quid
491 4985 554 5038 de
579 4988 662 5041 his
704 4987 796 5058 qui
825 5003 856 5042 a
881 4988 1134 5056 dominis,
1174 4989 1256 5046 vel
1295 4991 1536 5060 medicis,
1571 4994 1685 5048 sive
1715 5010 1742 5047 a

144 5075 388 5146 paganis
421 5115 437 5141 ,
495 5093 597 5130 non
653 5087 847 5148 sponte
900 5078 1008 5133 tale
1060 5081 1187 5151 quid
1230 5081 1507 5150 patiuntur
1538 5125 1553 5152 ,
1603 5086 1746 5142 sacri

145 5175 429 5222 censeant
478 5182 708 5223 canones
741 5209 758 5232 ,
813 5168 1150 5225 dilectionem
1205 5177 1349 5224 tuam
1405 5172 1575 5231 latere
1639 5191 1746 5232 non

144 5266 458 5328 credimus,
489 5279 644 5333 quam
669 5262 720 5317 ei
743 5262 961 5316 obviare
983 5261 1198 5328 debere,
1219 5261 1265 5315 si
1293 5249 1371 5316 ita.
1393 5280 1498 5334 est,
1528 5248 1747 5329 minime

441 5419 668 5476 'n'amnn
695 5417 852 5474 affert
881 5418 1000 5481 I30.
1033 5436 1116 5481 ep.
1139 5419 1233 5474 86.

719 5501 730 5512 -
783 5490 850 5532 ss
892 5505 1012 5564 mn.
1041 5490 1218 5545 Lator.

1849 4623 1986 4696 perti
2030 4621 2248 4684 fuerint,
2280 4629 2336 4676 et
2378 4618 2522 4674 mala
2565 4618 2705 4671 fama
2733 4615 3056 4682 crebrescit,
3089 4633 3193 4672 non
3219 4617 3433 4687 publico

1851 4715 2120 4774 examine,
2173 4713 2266 4766 sod
2317 4725 2498 4765 coram
2531 4717 2585 4764 te
2629 4717 2685 4763 et
2735 4720 2920 4761 coram
2967 4708 3433 4765 reverendissiniis

1851 4807 2187 4882 presbyteris
2214 4816 2270 4862 et
2289 4805 2534 4860 diaconis
2562 4809 2772 4859 secreto
2795 4799 3108 4870 iuramento
3137 4818 3196 4857 se
3217 4813 3434 4872 purget,

1851 4911 1908 4959 et
1955 4911 2008 4956 tu
2056 4901 2312 4969 deinceps
2359 4897 2488 4952 boni
2531 4892 2824 4952 testimonii
2872 4908 3002 4950 eum
3051 4892 3346 4958 annuntia,
3382 4905 3440 4954 et

1853 5009 2156 5067 compesce,
2207 5002 2263 5050 et
2301 5005 2586 5046 commone
2626 4984 2882 5042 Ecclesiae
2925 4996 3029 5042 tuae
3063 4989 3225 5052 ﬁlios,
3260 4999 3330 5040 ne
3355 5002 3445 5043 sa.

1853 5088 2128 5144 cerdotcm
2175 5085 2269 5140 Dei
2300 5081 2530 5138 ulterius
2571 5077 2833 5135 infamare
2857 5086 3214 5144 presumant,
3248 5076 3450 5136 time“.

1858 5187 1937 5232 tes
1956 5177 2101 5250 quod
2132 5175 2305 5232 Citam
2335 5171 2657 5229 maledictus
2692 5175 2794 5227 est,
2824 5171 2976 5234 quod
3007 5173 3181 5244 patris
3209 5171 3454 5227 verenda

1854 5272 2064 5328 derisit.

1861 5429 2062 5488 Notam
2120 5445 2250 5484 vero
2300 5423 2532 5478 Romani
2597 5412 2820 5474 canonis
2881 5415 3050 5490 timus
3116 5421 3462 5477 correctores

1859 5485 1998 5556 hanc
2025 5485 2602 5576 epistolam‘integram
2630 5493 2846 5570 exstare
2881 5485 3208 5545 ιη’ροιιηοιο
