3926 5748
91 295 199 351 809

1027 290 1408 360 EPISTOLE,
1448 291 1845 352 DIPLOMATA
1883 295 1972 351 ET
2003 294 2415 356 PRIVILEGIA.

3255 306 3360 366 810

90 419 145 465 ct
185 407 516 477 adjutorium
574 406 845 478 prtedietae
918 406 1061 465 sedis
1108 416 1306 463 nostrae
1368 407 1421 462 in
1469 408 1675 465 honore
1702 412 1751 473 Α
1781 410 1993 468 sideant
2021 412 2260 470 decimas
2299 412 2539 484 praedicti
2570 407 2826 485 episcopii
2858 423 3045 471 contra
3076 413 3166 486 jus
3192 435 3362 477 cane-

91 504 270 558 saueti
332 502 479 558 Petri
514 502 743 572 apostoli
797 502 1060 557 dedicata:
1101 501 1405 572 episcopus,
1460 502 1677 557 nomine

87 594 398 657 Goswinus,
448 593 698 663 praebuit,
732 594 804 647 ita
835 602 894 647 ut
940 607 1257 648 mucronem
1287 596 1355 648 ab
1383 608 1448 648 eo
1476 594 1677 649 violen-

90 699 173 742 ter
206 689 325 757 ipse
378 687 722 758 diseingeret.
756 686 890 741 Cum
946 695 1123 740 autem
1163 701 1352 741 rursus
1385 701 1451 741 ex
1488 687 1676 744 eadem

84 780 358 845 custodia,
409 779 520 835 Deo
547 779 775 843 volente,
810 793 907 849 per
947 778 1276 849 adjutorium
1306 779 1401 836 ﬁlii
1427 781 1543 853 ejus
1584 782 1680 836 bo.

85 871 332 941 monytni
360 869 621 926 Ludovici
643 884 764 925 cum
787 870 996 927 honore
1021 871 1090 926 ad
1118 887 1342 943 regnum
1361 882 1674 939 remeasset,

85 961 384 1030 pnedictus
441 962 750 1032 episcopus,
803 976 915 1017 sum
966 962 1206 1033 perﬁdiae
1254 972 1308 1018 et
1344 963 1680 1019 inﬁdelitatis

85 1056 367 1120 conscius,
405 1055 474 1110 ad
528 1054 836 1110 ctenobium
866 1054 1137 1112 Vuldense
1183 1056 1530 1127 confugiens,
1565 1072 1679 1112 mo-

84 1148 364 1202 nasticum
392 1148 639 1203 habitum
666 1149 977 1218 assumpsit,
999 1157 1054 1205 et
1074 1150 1242 1205 semel
1269 1150 1322 1205 in
1346 1165 1489 1206 anno
1510 1151 1679 1206 latens

84 1252 169 1294 ter
193 1242 372 1311 ipsius
401 1241 746 1313 episcopatus
770 1241 947 1298 locum
973 1242 1207 1300 invisere
1226 1243 1453 1300 solebat.
1480 1244 1679 1316 Sicque

82 1335 413 1404 episcopalis
444 1350 575 1390 cura
621 1335 738 1390 sine
768 1336 1000 1406 praesule
1048 1344 1103 1391 et
1134 1347 1346 1393 rectore
1373 1353 1436 1394 ea
1478 1348 1679 1410 tempe-

81 1436 229 1481 state
260 1426 594 1483 remanebat.
618 1427 839 1484 lnterim
871 1444 901 1483 a
925 1428 1107 1485 multis
1131 1430 1421 1498 invaditur,
1451 1432 1677 1503 rapitur,

80 1521 421 1592 dispergitur
440 1532 495 1577 et
523 1522 837 1594 dissipatur,
870 1523 1064 1591 donec,
1095 1532 1219 1594 post
1246 1525 1516 1581 mitissimi
1544 1540 1680 1596 pras-

78 1613 179 1667 fati
238 1613 499 1670 Ludovici
549 1614 811 1686 principis
866 1629 1147 1672 excessum
1176 1657 1192 1682 ,
1232 1631 1354 1672 cum
1399 1616 1575 1671 valida
1625 1624 1682 1671 et

79 1704 392 1774 periculosa
420 1721 572 1778 rego.
599 1707 922 1778 disceptatio
948 1709 1092 1765 inter
1125 1716 1236 1764 tres
1266 1710 1404 1765 ﬁlios
1432 1709 1679 1765 immine-

1781 503 1984 569 nicum,
2026 512 2079 560 et
2123 507 2265 575 quod
2317 506 2548 575 primum
2614 505 2664 560 in
2718 505 3069 562 fumlamento
3121 509 3361 579 ejusdem

1781 595 2037 653 Ecclesia:
2081 613 2112 652 a
2158 595 2383 667 pra-fato
2426 613 2622 670 magno
2667 598 2880 664 Carolo,
2938 600 3271 672 coepiscopis
3309 612 3365 659 et

1782 686 2048 742 canonico
2127 688 2345 742 decreto
2418 697 2534 742 erat
2612 697 2907 755 statutum,
2985 699 3044 743 ut
3121 704 3368 749 maneret

1783 787 2006 844 ratum,
2080 780 2181 834 hoc
2250 780 2387 834 miro
2453 791 2508 834 et
2575 780 2879 836 detestabili
2940 785 3139 850 modo,
3193 787 3366 857 quali-

1784 877 1865 924 ter
1911 885 1941 924 a
1990 868 2424 939 Magontiacense
2463 869 2685 924 alterius
2717 871 2966 927 dioecesis
2993 875 3221 943 praesule
3250 877 3366 932 fore

1783 968 1948 1030 queat
1997 960 2232 1026 irritum,
2268 962 2595 1030 ignoramus.
2648 961 2798 1018 Unde
2836 980 2903 1018 an
2938 965 3040 1020 hoc
3069 969 3209 1037 quod
3239 984 3368 1022 con-

1784 1052 2013 1106 trarium
2039 1052 2314 1106 canonica:
2352 1053 2657 1107 auctoritati
2684 1055 2916 1121 videtur,
2955 1072 3021 1111 an
3059 1058 3186 1112 illud
3224 1063 3367 1131 quod

1782 1143 2105 1213 regulariter
2134 1157 2201 1197 ex
2239 1143 2462 1199 decimis
2504 1146 2652 1216 prius
2696 1156 2954 1201 statutum
3004 1158 3107 1215 est,
3159 1161 3371 1206 restau—

1783 1235 1951 1290 rando
1996 1234 2302 1300 roboretur,
2323 1250 2417 1290 vos
2441 1234 2696 1305 judicate.
2732 1238 2947 1293 domine
2980 1238 3141 1296 Pater
3170 1222 3372 1297 beatis-

1784 1324 1939 1380 sime.
1976 1324 2185 1379 Interea
2218 1325 2510 1395 supradicti
2556 1337 2917 1396 accusatores,
2968 1331 3057 1400 qui
3108 1346 3212 1398 me,
3262 1349 3371 1388 non

1788 1426 1963 1472 tamen
2014 1416 2067 1471 in
2117 1417 2436 1485 praesentia,
2464 1417 2531 1473 de
2562 1418 2875 1475 inﬁdelitate
2912 1422 3050 1491 regis
3080 1436 3367 1477 accusave-

1783 1514 1930 1572 runt,
1961 1517 2267 1563 asserentes
2293 1523 2380 1564 me
2410 1509 2515 1564 hoc
2536 1509 2671 1565 velle
2694 1511 2968 1567 destruere
2991 1514 3133 1584 quod
3162 1515 3375 1584 priores

1784 1598 2013 1670 Augusti
2042 1598 2125 1654 vel
2156 1613 2311 1670 reges
2334 1610 2651 1665 sanxerunt,
2686 1602 2755 1669 ad
2784 1603 3046 1658 rationein
3072 1620 3158 1660 me
3189 1606 3373 1662 venire

1788 1690 2185 1762 compulerunt,
2209 1691 2338 1746 dum
2364 1707 2549 1748 coram
2572 1692 2802 1750 Arnulfo
2826 1694 3070 1767 principe
3092 1708 3147 1753 et
3168 1699 3376 1769 episco-

84 1806 196 1862 ret,
246 1807 301 1852 et
340 1798 431 1853 uni
477 1814 545 1854 ex
600 1799 718 1866 bis,
769 1799 978 1856 scilicet
1025 1799 1141 1869 ejus
1188 1801 1483 1872 tequivoco,
1517 1798 1679 1871 hujus

1789 1783 1871 1856 pis
1917 1798 2136 1851 novem,
2175 1800 2406 1857 quorum
2457 1785 2571 1842 luce
2609 1794 2736 1841 sunt
2784 1789 3020 1855 nomina,
3072 1789 3378 1847 Williberto

79 1888 285 1944 divisio
315 1890 368 1945 in
391 1899 595 1947 sortem
624 1890 866 1959 cederet,
887 1893 1110 1963 quidam
1156 1893 1273 1964 ejus
1300 1892 1473 1950 ﬁdelis
1493 1909 1679 1950 comes

81 1980 409 2048 ditissimus,
439 1981 624 2039 Cobbo
658 1993 1021 2054 nuncupatus,
1069 1984 1136 2039 de
1180 1984 1441 2056 praedicto
1471 1984 1679 2055 episco-

80 2082 216 2142 pato
251 2072 512 2143 quidquid
559 2073 731 2130 voluit
758 2090 922 2147 agere
969 2075 1216 2146 adeptus,
1252 2089 1511 2146 germano
1539 2075 1677 2144 ejus,

80 2162 308 2218 nomine
358 2162 576 2231 Werin,
605 2164 660 2219 in
697 2164 1030 2221 monasterio
1056 2164 1356 2221 Huxiliensi
1387 2176 1516 2222 tune
1550 2176 1680 2222 tem-

80 2256 238 2326 poris
281 2255 501 2322 abbate,
549 2266 600 2313 et
633 2273 820 2314 sorore
856 2257 975 2329 ejus
1002 2259 1056 2314 in
1092 2258 1389 2328 puellarum
1430 2260 1679 2315 coenobio

80 2345 477 2403 llcrivordensi
509 2348 785 2405 abbatissa
830 2350 1171 2421 degentibus,
1218 2359 1482 2424 quantum
1511 2352 1682 2408 voluit

79 2438 150 2493 de
179 2437 414 2519 decimis
461 2455 582 2511 quae
627 2442 694 2495 ad
744 2442 991 2497 eumdem
1048 2443 1414 2515 episcopatum
1445 2446 1680 2514 pertine-

78 2530 235 2595 bant,
283 2532 426 2586 tradi
483 2532 609 2587 fecit
649 2533 715 2586 ad
758 2534 949 2588 eadem
997 2536 1325 2590 monasteria
1376 2536 1429 2590 in
1457 2536 1681 2592 alterius

76 2623 344 2692 parocbia
373 2623 706 2695 alteriusque
732 2626 951 2681 dioecesi
981 2627 1271 2681 constituta
1293 2667 1307 2693 ,
1332 2636 1529 2697 praeter
1550 2643 1680 2698 syn-

77 2716 249 2769 odum
306 2725 361 2771 et
410 2718 798 2773 conscientiam
843 2718 1240 2788 episcOporum.
1288 2720 1423 2774 Cum
1466 2719 1680 2774 interim

76 2812 391 2867 Gnthertus
442 2815 729 2885 episcopus
757 2816 824 2869 de
852 2823 1011 2885 gente
1040 2813 1312 2871 Sueonum
1347 2816 1363 2887 (
1395 2831 1502 2886 quo
1537 2817 1681 2872 ordi-

76 2917 251 2961 natus
301 2908 443 2977 erat)
496 2907 880 2978 persecutione
901 2908 1112 2979 ejectus
1158 2919 1325 2975 esset,
1357 2910 1679 2963 necessitate

76 2997 399 3067 compulsus
427 2998 747 3069 praedictum
800 3000 1111 3056 Cobbonem
1166 3000 1317 3065 adiit,
1363 3015 1471 3069 quo
1517 3000 1681 3070 impc-

77 3097 289 3151 trante,
330 3098 386 3142 et
420 3104 547 3161 rege
594 3089 959 3154 concedente,
1001 3090 1240 3161 suscepit
1285 3090 1681 3159 gratulabunde

76 3178 341 3234 eumdem
394 3181 805 3251 episcopatum,
857 3182 1101 3246 decimis,
1153 3182 1295 3237 unde
1343 3182 1679 3238 solummodo

78 3272 421 3326 constitutus
445 3281 550 3337 est,
591 3272 826 3327 maxima
849 3287 915 3327 ex
963 3282 1117 3342 parte
1146 3283 1455 3339 vacuatum,
1509 3289 1681 3344 eoque

76 3361 309 3416 favente
343 3371 396 3418 et
431 3364 662 3418 timente
709 3379 778 3419 ne
826 3364 966 3419 forte
1010 3365 1084 3431 ei,
1117 3365 1184 3419 ad
1212 3367 1356 3436 quod
1400 3366 1683 3421 ordinatus

76 3469 194 3507 non
229 3463 374 3521 erat,
404 3454 732 3518 auferretur,
779 3470 878 3510 suo
921 3464 1162 3525 tempore
1193 3458 1309 3512 siue
1350 3457 1531 3527 aliqua
1560 3472 1684 3510 con-

76 3545 423 3601 tradictione
463 3546 540 3601 ita
584 3547 903 3617 permansit.
959 3546 1267 3618 Egilbertus
1317 3562 1447 3603 vero
1480 3547 1682 3617 praede-

71 3653 281 3694 cessor
310 3640 737 3709 etcoepiscOpus
769 3648 953 3695 noster
979 3639 1169 3695 crebro
1199 3655 1295 3710 pro
1330 3640 1446 3710 ipso
1469 3641 1681 3707 negotio

73 3731 455 3787 Guntbarium
483 3740 540 3786 et
563 3731 926 3787 Willibertum
974 3732 1409 3802 archiepiscopus
1436 3731 1684 3802 interpel-

70 3825 245 3887 lavit,
277 3830 332 3876 et
360 3824 528 3879 variis
557 3825 1025 3895 occupationibus,
1063 3824 1263 3895 quibus
1293 3833 1479 3880 sancta
1510 3837 1684 3893 Syno-

71 3918 186 3971 dus
217 3932 316 3986 per
343 3916 501 3986 longa
531 3925 804 3971 transacta
828 3926 1072 3985 tempora
1099 3933 1203 3971 non
1231 3926 1310 3972 est
1337 3927 1684 3988 congregata,

67 4009 457 4077 obstantibus,
504 4024 669 4063 causa
720 4010 990 4064 ﬁueteuus
1034 4024 1139 4063 non
1186 4019 1265 4063 est
1305 4009 1681 4064 determinata.

65 4101 157 4155 At.
180 4116 314 4154 vero
339 4116 463 4154 cum
496 4100 626 4154 mihi
670 4100 887 4169 indigno
918 4098 1156 4167 ejusdem
1189 4101 1527 4169 episc0patus
1557 4115 1685 4155 cura

66 4190 285 4243 fuisset
341 4189 604 4259 injuncta,
654 4198 710 4244 et
754 4190 894 4245 inter
941 4190 1123 4244 varias
1150 4188 1524 4258 negligentias,
1552 4205 1687 4259 quas

64 4280 412 4352 perlongum
442 4290 528 4334 est
556 4279 868 4344 enucleare,
919 4279 1103 4349 plures
1142 4280 1402 4334 ecclesias
1440 4281 1687 4336 inconse-

65 4383 298 4437 cratas,
353 4372 668 4443 aliquantas
717 4375 878 4428 etiam
914 4372 1218 4428 homicidiis
1263 4375 1586 4443 perpetratis
1610 4374 1690 4429 in-

62 4466 283 4530 fectas,
322 4464 598 4535 variisque
653 4464 926 4533 spurcitiis
961 4472 1014 4518 et
1052 4463 1271 4534 ﬂagitiis
1315 4465 1532 4518 minime
1562 4480 1688 4535 pur-

63 4566 249 4628 gatas
272 4556 621 4625 reperissem,
678 4556 732 4610 in
768 4557 964 4627 quibus
1000 4556 1379 4624 przedictorum
1423 4567 1690 4612 monaste-

64 4650 300 4704 riorutn
327 4646 600 4720 subjugati
634 4649 700 4703 de
759 4648 913 4717 plaga
964 4645 1293 4702 Occidentali
1346 4648 1691 4705 advenientes

62 4738 398 4810 presbyteri
434 4738 627 4809 ignOti,
660 4737 725 4791 de
761 4752 991 4806 quorum
1022 4738 1428 4793 consecratione
1467 4740 1690 4812 ambigi-

60 4845 241 4894 mus,
293 4828 466 4883 cilicia
515 4828 815 4893 celebrant,
863 4843 929 4881 ne
966 4829 1037 4884 ibi
1086 4831 1270 4885 divina
1321 4834 1576 4902 mysteria
1623 4832 1691 4887 ab

60 4920 231 4991 ipsis
269 4920 678 4976 celebrarentur
710 4919 1003 4974 inhibendo
1039 4921 1332 4985 interdixi,
1382 4924 1551 4979 donec
1576 4940 1689 4989 vos,

60 5010 437 5067 vcserabiles
460 5010 649 5067 Patres
672 5020 731 5067 et
758 5011 1048 5081 magistros
1077 5029 1240 5083 super
1281 5014 1381 5067 hac
1416 5031 1474 5071 re
1499 5030 1695 5074 consu-

58 5106 287 5161 lcrcm.
323 5103 489 5172 Quam
528 5108 596 5161 ob
639 5118 871 5160 causam
913 5104 1055 5159 illico
1091 5106 1330 5175 praBdicti
1362 5111 1613 5167 monachi
1636 5101 1694 5165 et

60 5197 291 5271 puclla:
321 5197 385 5251 ad
408 5213 560 5255 aures
586 5194 865 5269 principis
894 5196 1100 5251 Arnulﬁ
1132 5200 1527 5259 accusationem
1563 5218 1695 5260 con-

62 5304 177 5346 tra
219 5291 468 5348 canonica
504 5292 720 5348 sancita
776 5287 1107 5352 detulerunt.
1140 5291 1446 5352 dcfcrcnles
1490 5313 1693 5372 prlece-

60 5394 276 5458 ptum,
306 5391 359 5436 ut
383 5387 548 5451 aiunt,
595 5402 625 5440 a
664 5378 956 5435 Ludovico
986 5397 1107 5452 rege
1142 5395 1193 5439 et
1224 5384 1449 5446 Rabano
1477 5393 1697 5462 Magon-

1720 4507 1767 4565 Ι)

1783 1876 2090 1947 Agrippina:
2135 1876 2372 1933 Colonia-:-
2426 1878 2866 1949 archiepiscopo,
2912 1881 3025 1937 Arn
3078 1881 3380 1940 Wircibur-

1781 1984 1963 2041 gense,
1994 1970 2275 2026 Odilbaldo
2309 1970 2624 2037 Treeteuse,
2655 1972 2903 2044 Drogonc
2945 1973 3241 2043 Mindensc,
3270 1975 3380 2032 Go-

1783 2062 2017 2119 dethanc
2056 2060 2335 2132 Spirense,
2383 2062 2660 2118 Wicberto
2690 2063 3213 2132 llildensummense,
3260 2064 3382 2122 Wi-

1783 2158 1939 2211 herto
1962 2155 2256 2221 Ferdense,
2288 2156 2479 2211 Evulfo
2502 2156 3033 2223 llolmorsteddense,
3054 2157 3250 2214 Bisone
3273 2158 3382 2215 Pa-

1785 2248 2210 2313 tharburnense,
2251 2263 2471 2304 causam
2520 2249 2896 2320 hujuscemodi
2933 2253 3132 2323 negotii
3176 2254 3232 2309 in
3272 2268 3387 2310 me-

1785 2338 1875 2392 dio
1916 2338 2241 2407 proferrem,
2293 2341 2508 2396 obnixis
2551 2343 2803 2412 precibus
2853 2344 2905 2398 in
2954 2359 3140 2401 amore
3186 2348 3384 2404 summi

1784 2432 2021 2502 pastoris
2058 2441 2113 2486 et
2136 2433 2407 2502 pontiﬁcis
2432 2432 2558 2489 Jesu
2585 2434 2786 2489 Christi
2831 2434 2983 2505 cujus
3025 2438 3211 2493 vicarii
3258 2456 3379 2497 esse

1786 2522 2100 2587 creduntur,
2150 2533 2204 2578 et
2247 2525 2304 2579 S.
2347 2524 2491 2581 Petri
2522 2527 2749 2596 apostoli
2780 2530 3133 2601 omniumque
3164 2543 3383 2589 sancto-

1786 2628 1903 2666 rum
1964 2612 2171 2668 honore
2221 2614 2486 2683 postulavi
2541 2623 2599 2668 ut
2647 2618 2943 2673 secundum
2987 2623 3381 2693 conscriptum,

1785 2706 1928 2774 quod
1961 2721 2141 2760 coram
2165 2706 2243 2760 cis
2269 2707 2371 2777 legi
2404 2706 2507 2762 feci
2533 2716 2587 2762 et
2608 2710 2941 2779 quodpenes
2970 2727 3067 2767 nos
3094 2713 3378 2782 habemus,

1785 2797 2001 2868 etjusta
2029 2798 2230 2867 judicia
2259 2809 2312 2854 et
2339 2801 2597 2855 canonica
2628 2795 2780 2864 scita,
2814 2812 2960 2859 recte
2990 2806 3054 2859 de
3079 2804 3184 2860 hoc
3211 2822 3378 2876 nego—

1788 2892 1861 2945 tio
1886 2892 2257 2962 respondendo
2277 2893 2651 2973 decernerent.
2668 2894 2739 2948 At
2763 2896 2858 2958 illi,
2879 2898 3110 2953 scientes
3130 2898 3384 2954 volunta-

1788 2993 1892 3039 tem
1944 2986 2199 3055 principis
2237 2995 2291 3040 ct
2323 2988 2678 3057 quorumdam
2722 2990 3003 3055 comitum,
3046 3000 3101 3045 et
3144 3008 3211 3047 ne
3258 3008 3380 3045 eum

1787 3076 2121 3132 offenderent
2159 3079 2476 3143 renitentes,
2512 3080 2585 3133 nil
2618 3081 2682 3135 de
2720 3098 2881 3136 causa
2913 3082 3119 3152 prolata
3159 3100 3380 3154 respon-

1709 3141 1756 3204 C
1787 3170 1913 3223 dere
1959 3180 2445 3239 prazsnumscrunt,
2484 3173 2575 3225 sed
2624 3173 2837 3241 penitus
2877 3190 3000 3228 eum
3033 3177 3383 3246 responsione

1786 3262 2045 3315 canonica
2072 3262 2123 3316 in
2160 3278 2345 3317 amore
2388 3262 2481 3317 Dei
2512 3265 2676 3334 petita
2714 3266 2925 3335 justitia
2949 3268 3079 3322 mihi
3118 3270 3379 3340 denegata

1784 3361 1886 3407 est.
1923 3352 2120 3423 Sicque
2153 3356 2420 3409 adut-udo
2453 3358 2713 3426 principi,
2745 3358 2931 3428 jussus
2976 3374 3093 3413 sum
3137 3362 3204 3415 ab
3242 3376 3305 3415 eo
3336 3362 3384 3417 si

1785 3445 1903 3515 ejus
1931 3449 2157 3517 gratiam
2205 3449 2393 3503 Vt'Helll
2431 3449 2631 3503 habere
2666 3452 2972 3521 propitiam,
3018 3452 3241 3523 ejusque
3284 3471 3381 3523 po-

1789 3539 1970 3592 testati
1995 3554 2098 3593 non
2136 3540 2487 3603 contrairem,
2513 3548 2569 3593 ut
2591 3540 2706 3595 haec
2739 3542 2789 3595 in
2822 3542 3046 3596 decimis
3072 3552 3126 3596 et
3159 3542 3381 3613 reliquis

1788 3628 2161 3697 hujuscemodi
2196 3633 2429 3704 negotiis
2453 3634 2755 3704 querulosis
2801 3636 2980 3690 omnia
3009 3637 3385 3706 permitterem

1789 3721 1906 3776 fore
1961 3724 2103 3778 sicut
2150 3725 2349 3792 inveni,
2408 3743 2643 3797 meaque
2692 3729 2966 3798 compulsa
3019 3730 3383 3801 interpellatio

1789 3824 1997 3871 cassata
2028 3828 2127 3871 est.
2172 3818 2279 3873 Sed
2320 3835 2387 3874 ne
2414 3820 2519 3875 hoc
2548 3821 2836 3890 impetrare
2871 3823 3040 3891 quivi,
3076 3833 3134 3877 ut
3161 3840 3386 3880 accusa-

1792 3915 1937 3961 tores
1964 3909 2016 3962 in
2047 3910 2332 3980 praesentia
2361 3913 2750 3967 exhiberentur
2776 3921 2830 3968 et
2857 3929 3018 3969 causa
3062 3924 3209 3970 recte
3255 3931 3385 3972 exa-

1790 4000 2108 4055 minaretur.
2142 4003 2207 4056 Et
2236 4013 2419 4074 patres
2454 4005 2846 4076 benignissimi,
2896 4006 2997 4060 nisi
3027 4022 3187 4076 super
3225 4008 3386 4079 hujus

1793 4092 2173 4146 controversiae
2210 4094 2561 4161 qnzerimonia
2585 4095 2863 4149 dexteram
2887 4093 3113 4163 justitia)
3140 4100 3385 4169 porriga-

1795 4182 1882 4246 tis,
1929 4198 2026 4238 nec
2068 4184 2369 4254 episcopale
2422 4185 2778 4239 ministerium
2836 4186 2901 4239 ad
2956 4184 3385 4241 Christianitatis

1793 4276 2191 4329 observantiam
2225 4256 2441 4345 quimus
2471 4292 2726 4334 exercere
2747 4318 2761 4340 ,
2795 4294 2892 4333 nec
2924 4278 3157 4333 claustra
3202 4296 3392 4333 mona-

1794 4368 1967 4432 sterii,
2007 4385 2126 4438 quae
2158 4386 2257 4424 nec
2296 4370 2473 4439 aliqua
2520 4371 2697 4425 inveni
2750 4380 2970 4440 propter
3013 4372 3292 4441 penuriam
3334 4384 3388 4428 et

1797 4461 2125 4515 decimarum
2173 4462 2611 4525 abstractionem,
2664 4463 2972 4525 emendare,
3030 4479 3148 4533 qua:
3192 4480 3390 4532 nuper-

1798 4554 1933 4607 rime
1962 4551 2225 4623 cwpimus
2256 4563 2589 4621 construere,
2623 4569 2796 4623 neque
2827 4555 3031 4611 clerum
3062 4559 3126 4612 ad
3158 4559 3250 4611 Dei
3273 4575 3389 4613 ser-

1797 4643 1986 4698 vitium
2027 4658 2251 4713 pascere
2281 4646 2577 4701 valebimus
2606 4654 2660 4700 et
2685 4646 2901 4710 vestire,
2949 4650 3042 4703 sed
3088 4651 3386 4720 cogendum

1798 4736 1961 4790 variis
2001 4736 2256 4791 :erumnis
2287 4736 2521 4809 dispergi
2551 4737 2850 4794 delebimus
2879 4755 2984 4795 non
3014 4756 3169 4812 posse
3202 4756 3390 4794 rursus

1798 4828 2136 4900 congregari.
2165 4826 2325 4892 Ecce,
2348 4827 2542 4888 Patres
2565 4829 2788 4903 egregii,
2815 4838 2893 4884 tot
2917 4836 3075 4888 annis
3107 4832 3394 4887 transactis

1799 4926 2040 4988 tempore
2078 4919 2544 4991 praedecessorum
2579 4935 2818 4979 meorum
2869 4925 3107 4993 praefatae
3156 4921 3399 4976 ecclesia:

1799 5012 2188 5070 inconsecrata:
2223 5013 2488 5069 hactenus
2526 5020 2865 5093 permanenl,
2910 5027 2967 5072 et
3006 5027 3190 5073 contra
3220 5014 3406 5067 volun-

1802 5110 1965 5156 tatem
1990 5114 2257 5167 nostram,
2285 5101 2406 5171 quia
2429 5110 2761 5172 prohibetur
2790 5101 2842 5154 in
2871 5110 3173 5163 cauouibus
3192 5102 3410 5173 jubentc

1766 5192 1912 5263 ,lege
1948 5195 2156 5261 divina,
2210 5195 2506 5253 miSSarum
2569 5198 2738 5258 olliela
2792 5192 2927 5251 inihi
2970 5202 3306 5256 celebrantur
3348 5195 3415 5247 ab

1800 5286 1885 5341 his
1929 5288 1998 5343 de
2053 5302 2284 5361 quorum
2338 5282 2701 5352 ordinatione
2751 5282 3049 5347 dubitatur.
3100 5288 3327 5345 llecimae
3388 5298 3420 5335 a

1809 5378 1962 5431 nobis
1992 5384 2273 5442 tolluntur,
2305 5376 2576 5446 parvitus
2620 5382 2799 5437 nostra
2843 5390 2963 5433 non
3010 5377 3343 5438 mediocriter
3369 5372 3422 5424 in

1809 5474 2064 5532 omnibus
2094 5488 2215 5546 qua:
2262 5472 2415 5539 digna
2451 5488 2607 5537 sunt,
2634 5466 3017 5528 emendatione
3049 5466 3426 5528 contemnitur,

1810 5566 1931 5634 quia
1967 5569 2042 5625 ibi
2074 5582 2243 5625 unum
2272 5564 2583 5631 foraminis
2622 5566 2824 5625 aditum
2872 5563 3125 5624 inimicus
3172 5554 3435 5619 invenerit

1808 5658 2044 5717 intrandi
2077 5658 2356 5717 offendens
2389 5657 2457 5711 atl
2495 5665 2704 5724 caulas
2729 5655 2908 5710 ovium
2942 5661 3124 5717 hostes
3145 5647 3435 5712 exhibebit.

60 5479 338 5529 “accuse
380 5478 592 5532 {qm-ius
624 5469 905 5546 pontiﬁce
957 5474 1205 5549 diurcesis
1259 5486 1545 5550 statutum,
1599 5479 1700 5538 sed

54 5580 205 5620 ιιωι
262 5569 411 5619 certis
463 5559 961 5622 testiﬁcationibus
1030 5565 1151 5620 lidci
1204 5576 1692 5636 accommodatum,

48 5655 231 5724 quin
278 5652 627 5712 fraudulenter
683 5650 906 5705 dicitur
963 5653 1028 5705 ab
1075 5655 1203 5725 ipsis
1252 5659 1464 5730 ﬁctum,
1506 5678 1564 5723 ut
1593 5663 1697 5735 ipsi
