4026 6296
1150 218 1177 241 l

610 262 714 333 811

613 468 874 539 altaribus
894 468 948 523 in
964 466 1275 538 pavimento
1296 460 1554 535 prostrati
1573 459 1871 533 patrocinia
1896 466 2207 514 sanctorum

612 563 987 635 imploramus,
1018 566 1076 613 ut
1104 556 1295 612 salutis
1336 562 1393 610 et
1417 552 1723 610 sanctitatis
1761 559 1957 609 vestrae
1982 563 2206 623 pr05pe-

612 652 748 708 ritas
794 648 1088 723 proteletur
1149 653 1205 701 et
1266 644 1321 699 in
1380 652 1643 700 aeternum
1701 642 1870 713 gloria
1920 649 1975 697 et
2035 655 2204 696 cornu

614 752 850 800 vestrum
876 738 1148 804 dilatetur,
1172 735 1400 809 pedibus
1421 735 1640 809 pietatis
1663 743 1858 790 vestrae
1878 740 2058 788 mente
2078 746 2204 804 pro-

610 832 799 900 voluti,
822 832 1054 904 petimus
1078 838 1138 885 ut
1160 842 1324 899 super
1347 829 1448 885 hac
1470 842 1530 884 re
1557 826 1686 897 quid
1714 826 1871 882 nobis
1896 823 2202 882 faciendum

608 928 681 986 sit
705 925 995 991 censeatis,
1023 931 1116 979 aut
1150 930 1333 978 utrum
1361 921 1461 977 sub
1492 920 1878 976 taciturnitatis
1904 918 2047 976 nodo
2083 917 2199 975 cal-

607 1035 736 1077 care
759 1026 816 1076 et
842 1016 1057 1074 silentio
1104 1015 1221 1072 haec
1262 1014 1391 1070 talia
1434 1022 1653 1086 propter
1689 1012 1944 1068 scandala
1980 1011 2200 1067 vitanda

604 1125 854 1187 premere
875 1109 1186 1173 debeamus,
1214 1105 1300 1161 vel
1322 1119 1475 1176 spem
1498 1103 1850 1175 recuperandi
1880 1117 1947 1158 ex
1975 1101 2200 1157 decimis

605 1201 921 1265 habeamus,
951 1197 1353 1270 sequendumve
1379 1194 1534 1250 nobis
1559 1194 1652 1260 sit,
1675 1201 1734 1249 ut
1758 1195 1823 1249 de
1842 1194 1946 1248 hac
1967 1202 2198 1249 censura

605 1291 763 1349 nobis
784 1289 1050 1363 justitiam
1090 1287 1206 1343 fieri
1232 1285 1614 1352 reclamemus,
1648 1286 1702 1339 in
1723 1283 2009 1356 propatulo
2039 1284 2197 1341 nobis

603 1384 893 1444 enucleare
916 1391 1243 1453 certumque
1272 1380 1451 1435 facere
1476 1378 1725 1450 dignetur
1757 1376 2072 1434 beatissima
2100 1393 2196 1451 pa-

604 1478 832 1536 ternitas
858 1482 1060 1540 vestra,
1093 1489 1256 1547 quam
1279 1484 1603 1529 conservare
1629 1469 1877 1543 dignetur
1906 1468 2197 1527 incfl‘abilis

600 1569 775 1643 pietas
800 1566 1147 1638 sempiterna.

1299 1705 1490 1763 XXVI.

992 1859 1276 1900 RESPONSIO
1324 1858 1588 1899 STEPHANI
1627 1857 1775 1899 ΡΔΡΕ
1784 1883 1797 1897 .

670 2004 986 2061 ετειιιιλκυις
1010 2012 1216 2060 sancta:
1241 2001 1546 2074 apostolicae
1567 2010 1623 2059 et
1642 2000 1967 2058 universalis
1986 2000 2190 2057 Roma.-

597 2115 680 2155 ηαξ
702 2098 954 2154 Ecclesiae
977 2097 1284 2169 episcopus,
1300 2096 1581 2153 Εοιωιηο
1597 2094 1896 2153 venerabili
1917 2093 2190 2152 Osnabur-

596 2190 776 2264 gensis
804 2189 1060 2260 Ecclesia:
1090 2187 1345 2258 episcopo
1377 2187 1431 2242 in
1466 2188 1695 2242 Domino
1715 2186 1968 2243 salutem.

664 2307 935 2362 Bonorum
962 2319 1188 2377 operum
1214 2310 1268 2357 et
1286 2300 1649 2374 spiritualium
1678 2300 1981 2356 studiorum
2012 2298 2183 2356 Deum

593 2407 871 2454 auctorem
895 2411 1018 2453 esse
1043 2410 1150 2451 non
1174 2394 1394 2449 dubium
1421 2399 1520 2447 est.
1556 2390 1707 2447 Unde
1728 2390 1897 2446 lactari
1927 2405 2013 2445 me
2043 2389 2188 2446 fece-

592 2498 718 2546 runt
742 2488 1023 2561 scripturae
1051 2496 1155 2542 tuac
1196 2500 1261 2542 ex
1301 2485 1443 2539 bono
1473 2482 1652 2539 studio
1684 2490 1739 2538 et
1763 2498 1830 2536 ex
1876 2480 2188 2552 integritate

592 2581 716 2638 fidei
744 2588 799 2637 ct
818 2578 1120 2637 devotionis
1168 2585 1290 2642 tuae,
1324 2574 1417 2631 sed
1442 2588 1509 2629 ex
1539 2573 1829 2628 afflictione
1862 2581 1950 2627 tua
1996 2588 2186 2643 magna

590 2694 655 2734 ex
688 2684 839 2747 parte
876 2673 1106 2740 tristari,
1131 2686 1295 2743 super
1314 2684 1423 2741 quo
1460 2676 1513 2722 tu
1545 2676 1877 2738 conquestus
1907 2682 1967 2721 es
1992 2676 2045 2721 et
2070 2681 2187 2722 cre-

586 2770 739 2827 brior
775 2769 843 2824 ad
879 2782 976 2823 nos
1013 2780 1194 2821 sermo
1220 2761 1639 2820 commeantium
1670 2759 1908 2830 perlatus
1934 2767 2036 2814 est.
2069 2757 2184 2813 Non

587 2863 826 2934 oportuit
855 2861 1071 2933 quidem
1099 2860 1167 2914 ab
1189 2857 1294 2912 illis
1335 2855 1531 2928 quibus
1578 2853 1870 2909 sustentari
1901 2860 1954 2906 et
1978 2852 2185 2922 portari

588 2967 751 3026 atque
786 2949 1042 3008 honorari
1091 2947 1349 3014 debuisti,
1384 2954 1553 3002 totae
1584 2953 1760 2998 tantas
1786 2985 1800 3009 ,
1838 2943 2098 2998 innocens
2127 2951 2185 2997 ut

586 3050 880 3112 credimus,
905 3046 1279 3118 oppressiones
1308 3042 1538 3114 perpeti.
1566 3040 1831 3094 Mandasti
1863 3039 2004 3093 enim
2031 3038 2184 3093 nobis

1939 243 2280 329 STEPHANI
2314 244 2519 327 pars;
2552 243 2601 302 v

615 380 722 435 tius
759 370 1188 433 Christianitatis
1229 375 1390 441 caput
1420 367 1759 433 invocamus,
1796 376 1851 423 et
1880 363 1971 436 qui
2024 378 2208 419 coram
2236 365 2294 428 Α

3004 352 3217 414 XXVII.

2523 458 2866 559 patuit-26w!
2904 482 3005 559 tuto
3041 482 3293 525 ECCLESIA
3331 458 3687 526 matrima.

2880 548 3103 656 "(Anno
3133 582 3286 657 89f.)

2380 696 2557 773 [Apud
2582 695 2790 770 Campi,
2818 695 2961 753 Hist.
2992 695 3050 753 di
3076 694 3253 764 Pium,
3279 702 3414 755 tom.
3446 695 3490 766 I,
3521 711 3649 771 pag.
3676 695 3841 772 4η]

2379 819 2695 881 δτερωκυε
2723 820 3029 892 episcopus,
3061 832 3251 875 servus
3277 830 3567 876 servorum
3596 819 3721 886 Dei,
3752 833 3905 878 reve-

2302 914 2616 971 rentissimo
2646 922 2702 970 et
2725 912 3070 970 sanctissimo
3093 911 3391 970 Beatum
3417 912 3680 986 episcopo
3704 924 3908 971 sancta

2303 1004 2629 1063 Placentina:
2663 1003 2938 1071 Ecclesiae,
2968 1012 3023 1061 et
3057 1019 3157 1076 per
3202 1014 3256 1062 te
3298 1005 3354 1062 in
3383 1005 3576 1062 eodem
3606 1005 3903 1063 venerabili

2302 1097 2578 1170 episcopio
2609 1097 2662 1153 in
2701 1104 3050 1170 perpetuum.

2373 1188 2433 1249 Si
2463 1191 2911 1247 eonsacerdotum
2938 1188 3279 1262 fratrumque
3303 1198 3617 1248 nostrorum
3643 1192 3756 1264 piis
3777 1208 3901 1266 snp-

2300 1283 2680 1357 plicationibus
2724 1283 3069 1356 impertimur
3094 1288 3400 1350 assensum,
3446 1292 3504 1341 et
3545 1283 3722 1340 Deum
3752 1287 3903 1342 nobis

2297 1377 2592 1449 propitium
2620 1375 2869 1441 facimus,
2900 1383 2978 1444 et,
3010 1376 3129 1448 ipso
3156 1375 3394 1444 favente,
3426 1390 3521 1433 eos
3550 1386 3749 1434 contra
3792 1378 3903 1434 dia-

2298 1469 2407 1526 boli
2449 1468 2704 1537 insidias,
2752 1483 2820 1525 ne
2867 1484 2997 1539 grex
3043 1468 3359 1527 Dominicus
3399 1468 3656 1538 lazdatur,
3706 1471 3901 1527 sollicio

2298 1564 2468 1620 tiores
2493 1563 2801 1632 reddimus;
2853 1563 2984 1635 quia
3015 1570 3194 1620 status
3232 1571 3290 1620 et
3332 1562 3511 1621 honor
3534 1562 3899 1621 Ecclesiarum

2296 1657 2416 1721 Dei.
2448 1657 2644 1728 quibus
2666 1658 2767 1730 ipsi
2797 1655 3057 1713 divinitus
3094 1670 3330 1728 praesse
3355 1655 3633 1723 videntur,
3661 1672 3899 1714 commu-

2223 1754 2275 1821 B
2303 1749 2389 1807 nis
2416 1751 2655 1806 omnium
2682 1748 2959 1822 profectus
2986 1757 3090 1816 est,
3114 1757 3170 1805 et
3199 1749 3505 1806 communis
3536 1750 3729 1820 utique
3758 1749 3895 1806 salus

2299 1850 2356 1898 et
2383 1842 2574 1916 gloria.
2609 1843 2677 1899 Et
2705 1844 2847 1923 ideo,
2894 1844 3021 1915 quia
3059 1843 3311 1914 specialis
3338 1851 3432 1899 tua
3476 1843 3704 1901 devotio
3732 1846 3787 1901 in
3816 1845 3892 1901 his

2297 1947 2420 2004 qua:
2447 1932 2542 1990 Dei
2587 1942 2715 1990 sunt
2754 1934 2967 1990 hatrens
3009 1948 3041 1987 a
3083 1932 3239 1989 nobis
3269 1933 3489 2005 expetit,
3542 1944 3606 1991 ut
3654 1943 3890 1991 sanctam

2297 2023 2665 2083 Placentinam
2694 2024 2994 2083 Ecclesiam
3022 2024 3123 2082 sub
3171 2034 3356 2082 nostra
3385 2028 3693 2099 apostolica
3724 2030 3889 2085 susei-

2293 2135 2547 2191 peremus
2578 2119 2825 2187 tuitione,
2877 2128 3041 2192 atque
3071 2130 3262 2176 nostro
3306 2121 3594 2195 privilegio
3624 2123 3889 2179 stabilire-

2294 2227 2454 2279 mus;
2495 2209 2735 2267 inclinati
2769 2210 2898 2268 Deo
2947 2210 3120 2284 dignis
3170 2211 3526 2283 petitionibus
3565 2229 3597 2269 a
3642 2217 3883 2288 praesenti

2294 2317 2437 2358 nona
2463 2301 2756 2358 indictione
2786 2302 2840 2357 in
2867 2303 3056 2359 eadem
3082 2310 3271 2359 sancta
3312 2300 3631 2362 Placentina
3658 2305 3884 2363 Ecclesia

2294 2392 2714 2461 confirmamus,
2761 2408 2827 2452 ac
2867 2394 3174 2451 stabilimus
3220 2397 3406 2453 omnia
3450 2397 3760 2471 privilegia,
3799 2414 3881 2454 seu

2292 2485 2505 2542 debitas
2550 2486 2929 2551 exhibitiones,
2968 2496 3023 2543 et
3066 2490 3511 2547 consecrationes
3541 2492 3883 2549 monasterio-

2292 2595 2413 2635 rum
2442 2579 2682 2635 omnium
2734 2589 2845 2635 tam
2896 2580 3136 2635 virorum
3170 2598 3331 2652 quam
3380 2583 3728 2655 puellarum,
3774 2601 3880 2655 qua:

2292 2673 2583 2729 constituta
2603 2672 2656 2729 in
2680 2674 2923 2746 ejusdem
2950 2674 3208 2732 Ecclesia:
3222 2674 3478 2747 parochia
3503 2693 3634 2734 esse
3662 2694 3879 2735 noscun-

2293 2774 2410 2832 tur;
2435 2781 2527 2822 seu
2549 2776 2815 2838 prmcepta
2844 2775 2898 2822 et
2930 2767 3288 2825 instrumenta
3313 2769 3727 2837 chartarum,et
3742 2771 3873 2841 jura,

2292 2858 2408 2912 sive
2436 2858 2755 2915 traditiones
2790 2874 2926 2930 quas
2954 2876 2985 2915 a
3021 2850 3399 2917 decessor-ibus
3429 2862 3641 2919 nostris
3677 2864 3875 2933 pontii-

2290 2948 2463 3014 cibus,
2496 2947 2581 3004 vel
2621 2965 2651 3004 a
2696 2948 3175 3014 Christianissimis
3223 2952 3670 3023 imperatoribus,
3718 2970 3807 3011 seu
3845 2970 3873 3010 ι

2278 3042 2530 3112 regibus,
2558 3041 2645 3097 vel
2673 3043 2890 3115 reginis,
2918 3053 3011 3098 aut
3031 3058 3061 3099 a
3091 3044 3377 3101 catholicis
3400 3046 3720 3103 hominibus
3739 3046 3875 3119 quid-

586 3140 927 3196 sanetitatcm
951 3148 1095 3191 tuam
1118 3152 1147 3190 a
1174 3132 1505 3191 Godcsealco
1530 3146 1680 3187 nova:
1705 3129 1946 3186 Corbcizc
1972 3130 2173 3184 abbate
2204 3124 2250 3188 C
2282 3132 2412 3203 quid
2443 3133 2558 3202 ipsa
2591 3130 2831 3190 Ecclesia
2868 3135 3014 3206 juste
3062 3137 3357 3207 promereri
3414 3138 3617 3208 potuit,
3664 3140 3874 3209 paciﬁca

585 3242 637 3290 et
670 3231 1043 3288 llervordense
1077 3226 1351 3285 abbatissa
1383 3226 1731 3296 ipsorumque
1755 3221 2059 3277 fautoribus
2088 3236 2180 3275 vae

586 3328 680 3383 riis
715 3321 1116 3380 calamitatibus
1162 3318 1348 3376 vexari
1400 3324 1455 3372 et
1511 3313 1785 3379 dilaniari,
1832 3320 1887 3366 et
1936 3313 2075 3383 apud
2119 3311 2181 3366 fl-

583 3416 714 3473 Iium
739 3424 982 3470 nostrum
1010 3408 1294 3466 Arnulfum
1342 3405 1551 3463 crebris
1600 3403 2036 3459 accusationibus
2063 3403 2181 3474 plus

582 3525 738 3580 aequo
766 3504 1035 3571 infamari,
1067 3501 1365 3558 Eeclesiam
1401 3506 1548 3553 tuam
1574 3496 1686 3553 suis
1715 3494 1935 3552 dotibus
1963 3503 2016 3550 et
2048 3495 2177 3550 tide-

584 3601 715 3656 lium
739 3595 1099 3654 oblationibus
1120 3590 1431 3663 exspoliari.
1472 3589 1618 3653 Inde,
1647 3586 1836 3654 frater,
1862 3585 1969 3642 noli
1994 3586 2178 3641 mirari

584 3692 629 3748 si
662 3700 711 3745 te
740 3690 1041 3744 membrum
1066 3683 1300 3740 malivoli
1339 3691 1394 3737 et
1423 3681 1575 3751 impii
1606 3685 2021 3750 persequuntur,
2053 3691 2179 3732 cum

584 3783 759 3853 ipsum
787 3779 1061 3834 Christum
1086 3783 1248 3845 caput
1286 3781 1529 3828 nostrum
1557 3772 1664 3825 sint
1684 3768 1953 3841 persecuti
1980 3808 1994 3834 ,
2038 3767 2178 3821 sicut

584 3871 700 3942 ipsa
730 3869 943 3925 Veritas
968 3867 1044 3920 ait
1072 3883 1083 3918 :
1113 3863 1172 3920 Si
1201 3871 1405 3935 patrem
1442 3860 1672 3931 familias
1701 3858 1988 3913 Beelzebud
2026 3874 2177 3912 voca-

583 3969 791 4027 verunt,
822 3968 1016 4031 quanto
1047 3955 1214 4025 magis
1242 3954 1549 4008 domesticos
1582 3952 1695 4022 ejus
1724 3950 1936 4021 (Matth.
1968 3965 2022 4016 χ,
2054 3947 2172 4020 23).

583 4053 703 4110 Noli
730 4051 957 4107 multum
985 4048 1194 4113 vexari,
1247 4046 1354 4101 noli
1388 4044 1617 4110 turbari,
1663 4042 1756 4099 sed
1785 4042 2093 4098 confortare
2123 4043 2177 4098 in

582 4145 814 4203 Domino
837 4152 892 4198 et
918 4142 970 4197 in
1002 4140 1242 4213 potentia
1265 4138 1482 4194 virtutis
1504 4137 1638 4209 ejus.
1670 4134 1777 4192 Nos
1798 4151 1927 4192 vero
1954 4138 2021 4193 ad
2051 4153 2179 4210 sup-

580 4239 912 4313 plementum
952 4235 1150 4289 fratres
1194 4242 1251 4287 et
1278 4230 1624 4300 coepiscopos
1679 4238 1897 4284 nostros
1948 4229 2178 4301 amplius

581 4345 742 4403 quam
768 4324 1156 4398 quinquaginta
1188 4322 1519 4388 vocavimus,
1548 4335 1671 4375 cum
1697 4319 1893 4390 quibus
1917 4319 2177 4389 regulari-

580 4429 668 4477 ter
692 4417 974 4475 tractando
1000 4415 1357 4479 decrevimus,
1386 4427 1503 4483 quae
1525 4420 1579 4466 et
1604 4409 1782 4481 qualia
1803 4410 1897 4466 tibi
1918 4418 1973 4465 et
1998 4419 2173 4466 tecum

2280 3223 2405 3294 jure
2427 3223 2719 3294 possideat,
2768 3224 2841 3279 ita
2872 3234 2966 3291 ut,
3013 3226 3213 3282 nullius
3260 3226 3531 3297 impulsu,
3584 3228 3873 3302 nullinsque

2284 3312 2519 3371 infausta
2557 3316 2814 3383 audacia,
2867 3315 3061 3372 nullius
3116 3318 3280 3372 etiam
3329 3318 3541 3385 favore,
3568 3319 3661 3374 vel
3692 3320 3870 3392 gratia,

2283 3407 2511 3477 quilibet
2542 3417 2822 3481 tyrannus,
2859 3423 3061 3477 eomes,
3086 3408 3278 3479 judex,
3308 3410 3392 3466 vel
3435 3411 3737 3483 cujuslibet
3781 3412 3871 3467 rci-

2282 3499 2510 3571 publicae
2535 3510 2777 3567 exactor,
2807 3510 2995 3556 contra
3021 3502 3115 3572 jus
3142 3500 3243 3557 sibi
3291 3502 3597 3572 antiquitus
3628 3503 3871 3559 traditum

2283 3600 2340 3647 et
2370 3592 2634 3648 hactenus
2662 3601 3065 3659 conservatum,
3094 3607 3213 3648 eam
3242 3592 3537 3650 molestare
3566 3602 3868 3664 praesumat,

2283 3694 2375 3739 aut
2427 3684 2799 3756 prarjudicium
2844 3684 3077 3752 inferat,
3114 3685 3197 3741 vel
3235 3687 3355 3742 sine
3398 3695 3596 3743 nostro
3638 3686 3870 3743 consultu

2281 3776 2662 3846 qnoquomodo
2691 3775 3052 3833 dehonestare
3079 3785 3371 3847 pertentet.
3402 3777 3472 3834 Et
3516 3776 3565 3834 si
3612 3776 3867 3843 fortassis,

2281 3868 2425 3938 quod
2467 3868 2682 3938 penitus
2710 3867 3065 3923 abborremus
3092 3910 3106 3933 ,
3136 3867 3390 3940 quislibet
3435 3870 3870 3925 consecrationcs

2281 3959 2762 4024 monasteriorum,
2788 3959 2875 4013 vel
2902 3959 3288 4015 monacharum
3319 3961 3373 4015 in
3414 3959 3667 4029 ejusdem
3697 3962 3869 4017 Eccle-

2281 4050 2376 4104 sia:
2402 4049 2661 4120 parochia
2688 4051 3099 4106 consistentiutn
3128 4051 3197 4105 ad
3227 4051 3455 4107 alteram
3483 4053 3677 4108 sedem
3710 4062 3869 4109 trans-

2278 4139 2424 4196 ferre
2459 4140 2718 4207 voluerit;
2763 4141 2846 4196 vel
2882 4142 2925 4196 si
2968 4141 3235 4208 fortassis,
3279 4143 3423 4213 quod
3471 4145 3655 4212 absit,
3686 4162 3719 4200 a
3762 4144 3865 4217 qui-

2275 4232 2505 4288 busdam
2554 4231 2709 4302 quasi
2766 4230 3074 4303 potentibus
3127 4233 3309 4289 saeculi
3374 4232 3605 4291 decima:
3656 4236 3868 4292 minime

2281 4322 2561 4378 tradantur
2602 4339 2616 4376 :
2671 4322 2749 4389 bi,
2808 4322 2911 4378 nisi
2961 4323 3290 4395 resipuerint
3336 4324 3649 4391 admoniti,
3708 4328 3865 4382 donec

2278 4416 2538 4471 canonice
2574 4415 2757 4470 omnia
2799 4417 3121 4482 etnendent,
3170 4416 3240 4472 ab
3289 4415 3552 4473 Ecclesia:
3598 4416 3865 4473 liminibus

579 4510 912 4583 litigantibus
957 4520 1213 4576 responsa
1261 4502 1614 4567 remittamus,
1649 4501 1771 4571 quia
1817 4515 1923 4573 u/na
1954 4501 2172 4555 eadem-

2286 4509 2587 4565 ccnsuimus
2616 4524 2735 4565 esse
2763 4507 3038 4580 pellendos
3067 4526 3083 4563 :
3109 4510 3400 4580 quominus
3430 4520 3488 4567 et
3514 4510 3700 4566 honor
3725 4509 3861 4568 debi-

579 4617 685 4674 que
713 4601 799 4657 die
828 4598 1042 4654 illorum
1073 4597 1286 4651 litteras
1314 4608 1478 4664 super
1513 4592 1703 4647 iisdem
1750 4591 1982 4662 negotiis
2010 4590 2169 4646 simul

579 4710 704 4750 cum
730 4693 836 4748 tuis
867 4688 1223 4760 suscepimus.
1256 4686 1348 4742 llis
1375 4686 1519 4741 enim
1543 4683 1783 4755 epistolis
1830 4684 1885 4738 in
1931 4683 2167 4739 omnium

579 4787 853 4849 audientia
875 4782 1162 4859 praelectis,
1191 4779 1413 4848 multas,
1439 4788 1496 4834 ut
1527 4777 1688 4844 nosti,
1721 4776 2088 4848 querimonias
2116 4786 2171 4832 et

577 4882 957 4957 oppressiones
982 4890 1145 4947 super
1170 4873 1380 4928 illorum
1405 4871 1710 4928 temeritate
1741 4879 1831 4924 tua
1859 4869 2171 4925 continebat

578 4978 633 5032 in
664 4990 742 5039 se,
790 4972 885 5029 sed
910 4978 966 5026 et
1010 4966 1220 5023 illorum
1252 4979 1357 5019 non
1391 4964 1567 5019 minor
1607 4970 1727 5017 erat
1758 4961 2078 5017 lamentatio
2104 4960 2170 5016 de

577 5082 651 5124 te.
685 5067 1025 5137 QuaprOpter
1055 5058 1423 5115 necessarium
1455 5070 1574 5111 esse
1603 5055 1854 5110 duximus
1884 5061 1963 5119 ut,
1992 5067 2170 5108 remo-

582 5168 649 5218 tis
695 5156 1260 5234 tergiversationibus,
1310 5152 1557 5209 veritatis
1606 5151 2015 5207 elucubratione
2069 5148 2166 5203 ad-

580 5255 892 5312 miniculum
925 5252 1020 5306 tibi
1051 5268 1080 5304 a
1121 5249 1275 5304 nobis
1306 5246 1649 5319 impendatur
1674 5256 1836 5314 atque
1859 5243 1926 5298 ab
1954 5249 2171 5313 aposto-

578 5352 683 5406 lica
713 5347 840 5404 sede
868 5344 1211 5415 suffragetur,
1249 5356 1315 5397 ne
1348 5342 1403 5396 in
1441 5341 1605 5395 totius
1650 5338 1906 5393 Ecclesia:
1945 5342 2161 5408 pertur-

574 5443 853 5501 bationem
916 5438 1031 5492 haec
1084 5434 1366 5505 impudens
1406 5430 1667 5503 procedat
1707 5428 1956 5494 intentio,
2004 5434 2060 5482 et
2100 5440 2167 5482 ea

575 5550 697 5606 quae
728 5549 757 5587 a
789 5529 994 5588 sanctis
1020 5525 1509 5598 praedecessoribus
1534 5523 1735 5579 nostris
1755 5521 1953 5576 dudum
1983 5518 2167 5590 prohi-

574 5628 686 5685 bita
728 5625 962 5689 fuerant,
988 5622 1162 5677 denuo
1192 5621 1534 5675 reviviscaut.
1568 5615 1765 5673 Abbati
1798 5630 1929 5670 vero
1957 5614 2165 5670 litteras

577 5719 687 5775 suis
738 5713 1120 5787 respondentes
1150 5709 1454 5766 remisimus
1493 5709 1547 5765 in
1588 5708 1705 5765 haec
1743 5706 1929 5762 verba.
1970 5746 1984 5759 .
2030 5745 2041 5759 .
2087 5746 2098 5759 .
2147 5745 2161 5760 .

2274 4610 2384 4667 tus,
2415 4608 2468 4656 et
2517 4602 2671 4672 vigor
2697 4600 3099 4658 ecclesiasticus
3124 4602 3196 4669 ei,
3236 4602 3379 4658 sicut
3416 4602 3707 4669 condecet,
3737 4618 3860 4673 pra-

2273 4696 2498 4761 beatur,
2541 4705 2597 4750 et
2657 4696 2956 4751 cauouicus
3012 4695 3145 4751 ordo
3207 4694 3449 4752 illibatus
3514 4696 3625 4751 hac
3690 4706 3861 4752 nostra

2272 4788 2564 4860 apostolica
2594 4790 2952 4860 praeceptione
2994 4790 3046 4844 in
3091 4796 3414 4861 perpetuum
3463 4800 3857 4846 conserveiur:

2270 4879 2405 4935 Etsi
2456 4879 2586 4950 quid
2636 4878 2998 4934 inordinatum
3052 4879 3106 4934 in
3157 4878 3415 4951 praedicta
3462 4878 3713 4936 Ecclesia
3755 4891 3859 4935 esse

2272 4972 2635 5043 dignoscetur,
2665 4986 2695 5026 a
2738 4980 2828 5027 tua
2859 4973 3200 5043 providentia
3235 4982 3291 5030 et
3320 4971 3694 5029 sollicitudine
3722 4972 3858 5030 ordi-

2270 5074 2432 5120 netur
2460 5072 2644 5119 nostra
2686 5064 2999 5134 plenissima
3040 5064 3369 5121 auctoritate
3414 5077 3695 5137 suscepta,
3734 5079 3858 5137 qno-

2269 5158 2413 5212 niam
2436 5156 2537 5211 hoc
2560 5170 2718 5211 nosse
2746 5157 3116 5228 unusquisque
3131 5158 3350 5228 poterit.
3381 5156 3538 5225 Quod
3570 5158 3617 5214 si
3646 5157 3858 5230 posthac

2267 5246 2566 5320 postposita
2618 5247 2840 5303 Patrum
2902 5249 3087 5320 regula
3115 5290 3130 5314 ,
3194 5248 3554 5321 neglectaque
3612 5247 3856 5321 praesenti

2268 5338 2680 5405 interdictione,
2712 5346 2901 5394 contra
2935 5339 3038 5395 hoc
3061 5349 3306 5396 nostrum
3338 5338 3655 5410 pontificale
3677 5339 3855 5396 decre-

2268 5440 2379 5486 tum
2407 5433 2697 5505 peregerit,
2741 5434 2955 5488 noverit
3003 5449 3062 5491 se
3101 5435 3405 5491 districtius
3452 5434 3851 5491 vindicandum.

2267 5522 2369 5593 Qui
2407 5532 2533 5581 vero
2575 5535 2756 5581 custos
2801 5536 2855 5581 et
2883 5527 3201 5582 observator
3236 5526 3394 5597 hujus
3428 5526 3603 5582 nostri
3648 5536 3852 5599 aposto-

2264 5617 2351 5673 lici
2380 5618 2647 5691 privilegii
2680 5617 2845 5674 fuerit
2869 5659 2883 5683 ,
2916 5618 3310 5675 benedictionis
3346 5619 3583 5691 gratiam
3616 5627 3677 5675 et
3704 5617 3853 5673 misc-

2227 5703 2240 5712 ’
2264 5711 2551 5769 ricordiam
2583 5726 2615 5769 a
2656 5710 2885 5769 Domino
2930 5720 3120 5769 nostro
3163 5709 3289 5768 Iesu
3338 5709 3561 5767 Christo
3601 5706 3850 5780 etmseqni
