3926 5724
170 299 285 364 813

1137 294 1518 363 EPISTOLE,
1559 292 1954 352 DlPLOMATA
1988 293 2083 353 ET
2119 291 2530 352 PRIVILEGIA.

3348 299 3456 361 8M

170 426 468 475 mereatur.
507 412 567 474 Si
609 417 733 489 quis
762 422 966 481 autem,
1000 415 1145 485 quod
1187 415 1349 480 absit,
1380 427 1637 484 magnus,
1665 410 1748 466 vel
1778 412 1830 473 Λ
1854 418 2018 482 petua
2060 410 2389 483 perfruatur.
2435 411 2710 469 (laterum
2756 424 2886 475 vero
2940 414 3047 474 hoc
3090 413 3458 481 deﬂuerent“

171 524 374 581 parvus
402 508 565 565 borno
588 509 729 565 banc
754 516 997 563 nostram
1037 506 1388 577 apostolicam
1416 505 1759 561 sanctionem

170 603 226 658 in
255 612 449 669 totum,
477 603 591 659 sive
617 603 670 656 in
700 610 855 673 parte
889 600 1096 657 violare
1126 598 1449 665 tentaverit,
1486 607 1543 655 et
1569 613 1675 653 non
1705 598 1765 655 in

167 697 427 752 omnibus
465 695 820 759 custodierit,
854 694 991 752 sciat
1036 707 1094 748 se
1139 692 1501 749 anatltematis
1545 689 1763 746 vinculo

169 788 567 854 innodattdum,
595 794 653 842 et
689 802 718 841 a
751 802 917 858 regno
950 785 1046 840 Dei
1089 784 1431 841 alienandum
1453 824 1468 849 ,
1515 781 1620 845 nisi
1669 795 1759 835 re-

168 879 380 949 spnerit
407 886 465 935 et
490 878 702 949 plenam
731 876 1155 937 satisfactionem
1183 874 1494 947 przebuerit,
1522 887 1759 930 exuren—

169 973 322 1029 dum.

238 1063 523 1134 Scriptum
570 1078 667 1134 per
725 1078 946 1119 manum
998 1060 1273 1117 Anastasii
1328 1059 1524 1116 notarii
1584 1058 1762 1129 regio-

165 1156 307 1212 mrii
335 1165 394 1211 et
438 1154 708 1213 scriniarii
759 1154 818 1211 S.
867 1155 932 1210 Β.
973 1154 1062 1220 Ε.,
1108 1154 1164 1209 in
1196 1168 1380 1209 mense
1425 1151 1757 1215 Februario,

162 1248 468 1311 indictione
496 1250 658 1319 supra
685 1248 886 1318 scripta
919 1262 1080 1305 nona.
1104 1244 1249 1309 Bene
1274 1244 1470 1299 valete.

233 1340 373 1397 Data
404 1358 459 1397 tv
488 1340 605 1399 Kal.
636 1341 858 1397 Martias
890 1355 985 1414 per
1014 1355 1234 1394 manum
1265 1337 1541 1393 Zachariae
1565 1336 1759 1408 primi-

157 1432 295 1488 cerii
343 1440 549 1489 sanctae
605 1432 749 1488 sedis
808 1431 1145 1504 apostolicae;
1211 1430 1509 1499 imperante
1559 1428 1761 1493 domno

158 1523 414 1593 piissimo
438 1524 683 1596 Augusto
714 1523 891 1580 Vuido
917 1540 947 1578 a
975 1523 1087 1579 Deo
1114 1531 1375 1579 coronato
1399 1536 1597 1592 magno
1620 1561 1634 1586 ,
1661 1534 1759 1589 pas

112 1606 121 1687 ξ
157 1614 320 1671 cilieo
360 1610 711 1685 imperatore,
749 1629 892 1671 anno
922 1615 1119 1687 primo,
1153 1622 1208 1669 et
1241 1620 1364 1684 post
1388 1627 1532 1668 anno
1559 1611 1755 1682 primo,

158 1702 464 1764 indictione
487 1720 651 1762 nona.

839 1776 1071 1835 XXVIII.

392 1884 740 1927 PRIVILEGIUI
764 1884 960 1928 κυοῦσι
993 1886 1185 1927 ΑΒΒΔΤΙ
1215 1884 1533 1926 CONCESSUM.

787 1963 960 2035 (Anno
1002 1963 1151 2034 89L)

348 2053 527 2126 [Apud
549 2055 786 2121 Dronltc,
815 2055 935 2112 cod.
964 2055 1191 2127 Diplom.
1220 2053 1407 2122 Fuld.,
1428 2055 1582 2128 292.]

160 2198 167 2203 -
235 2166 555 2225 Srernutcs
586 2211 600 2233 ,
646 2183 836 2224 servus
886 2184 1166 2224 servorum
1228 2168 1487 2235 Domini,
1554 2169 1761 2226 "uocet

158 2257 419 2329 religioso
456 2259 638 2315 abbati
671 2260 992 2316 venerabilis
1028 2262 1345 2316 monasterii
1387 2261 1599 2316 Domini
1647 2260 1764 2316 Sal-

154 2349 390 2415 vatoris,
419 2359 473 2405 et
498 2365 594 2422 per
622 2365 748 2405 eum
791 2350 842 2404 in
888 2351 1077 2407 eodem
1114 2350 1409 2408 venerabili
1439 2353 1764 2409 monasterio

155 2442 676 2515 successoribusque
706 2444 819 2499 suis
856 2443 1143 2500 abbatibus
1180 2445 1235 2500 in
1268 2454 1607 2516 perpetuum.

232 2529 517 2588 Summam
559 2543 810 2606 gerentes
839 2534 1252 2591 sollicitudinem
1275 2536 1516 2593 omnium
1542 2551 1764 2591 venera—

155 2616 645 2693 bilium'locorum,
680 2636 942 2698 quantum
969 2643 1039 2684 ex
1074 2628 1258 2686 divino
1293 2627 1559 2697 adiutorio
1591 2620 1763 2698 possi-

157 2715 346 2773 bilitas
371 2717 554 2786 datur,
577 2718 643 2775 de
665 2733 853 2775 eorum
881 2719 1173 2777 stabilitate
1192 2730 1438 2793 satagere
1463 2722 1760 2777 studemus.

159 2806 279 2862 Hoc
306 2824 542 2879 namque
571 2809 749 2865 studio
781 2820 837 2867 et
861 2811 1041 2867 divina
1072 2811 1317 2882 placatur
1358 2812 1663 2878 clementia,
1708 2820 1766 2868 et

158 2896 283 2954 laus
308 2899 571 2957 Ecclesiae
588 2900 789 2958 Christi
823 2911 1164 2973 procuratur.
1200 2902 1332 2959 Nam
1362 2904 1554 2975 potiori
1586 2912 1640 2960 et
1666 2918 1765 2962 nos

158 2990 367 3063 ﬁducia.
406 3006 506 3061 pro
547 2994 882 3063 impetranda
932 2995 1087 3050 venia
1142 2994 1459 3051 delictorum
1503 3004 1763 3051 :eternam

152 3083 418 3154 pietatem
446 3088 710 3142 audemus
740 3086 1047 3157 implorare.
1100 3088 1164 3143 Et
1195 3090 1315 3144 ideo
1338 3089 1636 3143 reverentia
1667 3098 1761 3143 tua

154 3177 457 3247 postulavit
483 3195 516 3233 a
547 3180 702 3235 nobis
737 3189 1005 3251 quatenus
1051 3182 1164 3251 iam
1213 3182 1412 3236 dictum
1456 3182 1766 3238 venerabile

160 3267 560 3325 monasterium
588 3269 797 3325 Domini
845 3270 1163 3335 Salvatoris,
1201 3286 1231 3325 a
1263 3278 1448 3326 sancto
1489 3271 1769 3327 Bonifacio

160 3359 578 3430 archiepiscopo
598 3369 971 3419 constructum
1001 3362 1055 3416 in
1092 3361 1213 3417 loco
1236 3361 1328 3432 qui
1357 3371 1579 3417 vocatur
1603 3363 1771 3418 Boco-

164 3455 257 3510 nia
279 3472 411 3527 erga
440 3472 614 3528 ripam
637 3457 874 3514 ﬂuminis
893 3456 1082 3525 Fuld'a,
1100 3458 1364 3532 privilegii
1390 3460 1535 3515 sedis
1556 3467 1772 3530 aposto-

164 3546 286 3604 licae
317 3549 618 3604 munimine
645 3549 951 3616 decoretur,
973 3559 1033 3606 ut
1055 3554 1154 3608 sub
1168 3553 1543 3623 iurisdictione
1572 3562 1772 3610 sancta:

166 3650 396 3707 nostrae,
419 3642 505 3697 cui
527 3642 637 3699 Deo
661 3651 879 3699 auctore
902 3643 1261 3709 deservimus,
1291 3644 1549 3699 Ecclesiae
1572 3643 1773 3700 consti-

166 3740 346 3787 tutum
372 3732 571 3789 nullius
601 3733 827 3791 ulterius
869 3734 1124 3790 Ecclesiae
1151 3735 1619 3806 iurisdictionibus
1650 3738 1775 3793 sub-

164 3821 439 3879 mittatur.
495 3825 571 3880 De
600 3840 704 3897 qua
728 3840 789 3881 re
814 3825 915 3897 piis
950 3826 1230 3885 desideriis
1262 3827 1368 3883 tuis
1394 3825 1641 3883 faventes
1670 3826 1775 3883 hac

166 3925 359 3971 nostra
419 3917 714 3988 apostolica
777 3919 1099 3975 auctoritate
1154 3918 1207 3974 id
1258 3919 1400 3990 quod
1467 3916 1776 3992 exposcitur

165 4005 399 4083 eii'ectui
439 4009 810 4081 mancipamus
846 4050 862 4077 ,
913 4011 1207 4067 secundum
1254 4011 1518 4084 privilegii
1580 4012 1773 4067 seriem

167 4099 319 4171 quod
346 4100 418 4155 ab
445 4108 788 4156 antecessore
829 4109 1015 4156 nostro
1058 4101 1233 4156 beatae
1263 4104 1538 4158 memoria
1560 4101 1777 4158 Marino

167 4191 337 4260 huius
370 4190 528 4245 alma:
554 4191 700 4247 sedis
738 4191 966 4262 praesule
1006 4192 1135 4248 inibi
1174 4193 1560 4265 perpetualiter
1606 4202 1778 4248 statu-

170 4291 287 4336 tum
338 4280 496 4337 nobis
540 4282 829 4344 ostendére
870 4283 1131 4353 sategisti.
1186 4283 1252 4336 Et
1283 4283 1402 4337 ideo
1431 4298 1646 4338 omnem
1676 4298 1773 4338 cu-

164 4372 393 4442 juslibet
434 4372 692 4428 Ecclesiae
736 4375 1071 4447 sacerdotem
1120 4375 1171 4429 in
1209 4374 1437 4445 prrcfato
1479 4374 1775 4431 venerabili

1864 504 2284 569 secernituusut
2306 504 2560 577 congruis
2585 505 2921 576 temporibus
2956 514 3156 565 nostrae
3194 506 3458 568 sollicita.

1863 595 1971 652 dini
2007 596 2389 653 ecclesiasticae
2418 598 2717 664 intimetur,
2770 598 3002 669 qualiter
3042 600 3233 673 religio
3270 615 3456 665 maluo

1862 688 1995 743 stica
2024 688 2255 761 regulari
2287 690 2472 746 habitu
2507 691 2778 764 dirigatur
2815 694 3217 766 concordiaque
3260 709 3457 752 convc-

1860 780 2030 835 nienti
2080 780 2450 837 ecclesiastico
2505 784 2693 853 studio.
2740 785 3081 856 mncipetur
3104 826 3120 852 ,
3172 801 3244 842 ne
3290 787 3455 855 forte,

1860 872 2004 942 quod
2051 873 2235 939 absit,
2292 875 2394 930 sub
2447 875 2607 946 huius
2650 876 2916 949 privilegii
2965 878 3191 934 obtentu
3243 880 3459 940 animus

1862 978 2191 1037 gressusque
2233 968 2571 1024 rectitudinis
2600 979 2795 1025 vestra:
2819 985 2851 1026 a
2878 985 3068 1026 norma
3096 970 3321 1040 iustitia
3362 972 3463 1028 ali-

1860 1071 1971 1128 quo
1990 1058 2148 1113 modo
2175 1068 2572 1131 rotet-queatur,
2590 1068 2645 1115 et
2659 1076 2835 1132 neque
2846 1062 2982 1133 regi,
3010 1064 3185 1132 neque
3205 1062 3460 1134 episeopo

1859 1151 2097 1217 cuilibet,
2127 1151 2211 1207 vel
2234 1152 2439 1218 comiti,
2462 1151 2547 1208 vel
2567 1151 2659 1207 alii
2672 1167 3188 1225 magnreparvatque
3212 1168 3461 1225 persona:

1860 1241 2065 1299 licitum
2089 1245 2162 1300 sit
2187 1244 2482 1315 quamlibet
2513 1245 2625 1301 vim
2654 1244 2878 1312 inferre,
2912 1246 3029 1302 sive
3071 1247 3307 1319 aliquam
3331 1263 3463 1303 cou-

1860 1338 2180 1392 troversiam
2223 1336 2407 1397 facere.
2449 1338 2506 1393 in
2550 1337 2714 1394 rebus
2754 1380 2768 1403 ,
2811 1337 2900 1394 vel
2935 1337 3156 1397 familiis
3214 1341 3460 1412 ejusdem

1857 1446 2000 1503 saepe
2011 1432 2139 1487 dicti
2154 1431 2476 1495 venerabilis
2487 1434 2820 1493 monasterii.
2839 1432 3461 1508 Statuemesapostolica

1858 1539 2087 1581 censura
2106 1526 2451 1581 decernimus
2469 1540 2567 1597 per
2586 1526 2748 1597 huius
2769 1526 2973 1583 decreti
2996 1528 3167 1591 nostri
3184 1528 3459 1601 paginam,

1859 1628 1919 1674 ut
1965 1619 2272 1690 quicunque
2301 1612 2602 1688 cuiuslibet
2642 1618 2898 1678 Ecclesiae
2941 1620 3173 1678 antistes
3210 1622 3297 1678 vel
3326 1636 3462 1693 qua-

1864 1724 2076 1781 cunque
2120 1710 2343 1781 praedita
2390 1725 2621 1781 persona
2669 1710 2972 1783 dignitate,
3010 1712 3149 1768 hanc
3192 1712 3461 1786 privilegii

1789 1773 1837 1837 Β
1869 1773 2039 1859 ηοειῆ
2092 1773 2507 1869 auctoritatem,
2561 1773 2756 1873 quamv
2784 1803 3143 1875 praerogativa
3193 1773 3461 1875 principis

1870 1897 2234 1969 apostolorum
2270 1897 2569 1964 ﬁrmamus,
2601 1904 2873 1953 temerare
2908 1897 3329 1969 praesumpserit,
3362 1911 3462 1955 nec

1867 1989 1975 2045 cito
1998 1988 2301 2058 resipiscat,
2331 1989 2625 2044 anathema
2647 1989 2737 2054 sit,
2768 1997 2824 2045 et
2843 1978 2981 2044 iram
3004 1987 3100 2043 Dei
3122 1982 3461 2044 incurrens'a

1867 2085 2013 2133 ctetu
2065 2078 2308 2132 omnium
2355 2087 2665 2133 sanctorum
2702 2078 2942 2134 extorris
2987 2076 3228 2142 existat,
3279 2084 3333 2133 et
3377 2076 3463 2133 ni-

1868 2166 2159 2224 hilominus
2180 2167 2388 2239 praal'ati
2417 2169 2731 2226 monasterii
2753 2170 2987 2241 dignitas
3014 2162 3048 2224 a
3072 2167 3231 2226 nobis
3257 2169 3461 2225 indulta

1865 2262 2255 2337 perpetualiter
2278 2262 2537 2318 inviolata
2568 2271 2918 2333 permaneat,
2950 2262 3245 2333 apostolica
3274 2270 3464 2319 aucte—

1864 2354 2027 2410 ritate
2057 2355 2326 2411 roborata.
2360 2354 2461 2423 Qui
2498 2356 2677 2410 autem
2708 2363 2894 2411 custos
2923 2354 3213 2421 exstiterit,
3246 2354 3464 2411 benedi-

1866 2445 2099 2502 ctionem
2129 2454 2183 2500 et
2205 2446 2435 2517 gratiam
2467 2461 2496 2499 a
2531 2446 2760 2501 Domino
2789 2453 3171 2515 consequatur.

1938 2534 2210 2605 Scriptum
2252 2551 2347 2607 per
2388 2551 2607 2590 manum
2647 2520 2897 2607 Gregorii
2935 2536 3208 2592 scriniarii
3256 2546 3459 2594 saucue

1865 2626 2124 2683 Romana:
2151 2628 2407 2684 Ecclesia:
2434 2629 2487 2683 in
2515 2627 2701 2684 mense
2730 2614 2892 2696 Maio,
2919 2624 3211 2686 indictione
3234 2631 3287 2686 8'.
3317 2631 3464 2687 Bene

1864 2719 2057 2775 valete.
2107 2720 2298 2775 Datum
2339 2735 2394 2775 ιγ
2435 2718 2550 2775 Kal.
2596 2719 2741 2776 Junii
2785 2736 2884 2791 per
2927 2721 3460 2800 manumr'St'ephani

1866 2813 2224 2870 sccundicerii
2265 2822 2466 2869 sanctis
2505 2814 2649 2869 sedis
2676 2794 3180 2884 apostolicae,‘anno
3209 2794 3459 2884 Beiprd-

1864 2903 2002 2974 pitio
2030 2902 2377 2975 pontiﬁcatus
2399 2903 2581 2958 domui
2614 2903 2785 2958 nostri
2817 2902 3079 2973 Stephani
3106 2896 3302 2959 summi
3328 2920 3461 2975 pon-

1864 2994 2027 3050 tiﬁcis
2054 3002 2108 3048 et
2135 2992 2456 3049 universalis
2476 3008 2627 3063 papae
2653 2994 2705 3048 in
2731 2980 3101 3051 sacratissima
3147 2995 3274 3052 sede
3318 2994 3462 3052 beati

1870 3087 2017 3144 Petri
2054 3087 2277 3159 apostoli
2327 3086 2414 3155 69,
2456 3087 2751 3143 indictione
2786 3087 2841 3143 8.

2572 3223 2765 3280 XXIX.

1982 3377 2331 3421 PRIVILEGIUII
2363 3377 2465 3419 PRO
2495 3375 2835 3418 IONASTEBIO
2862 3373 3055 3419 BANCTI
3084 3372 3355 3418 LWDGERI.

2474 3473 2495 3546 (
2520 3474 2669 3528 Anno
2694 3472 2820 3531 891.
2846 3472 2867 3545 )

2372 3584 2616 3663 [Eccard
2634 3626 2650 3652 ,
2676 3600 2802 3661 pag.
2831 3584 2961 3659 59.]

1949 3721 2264 3779 Summus
2289 3721 2598 3795 episcopus,
2628 3735 2820 3780 servus
2843 3735 3125 3780 servorum
3150 3721 3247 3779 Dei
3265 3763 3279 3789 ,
3311 3720 3467 3780 iisu-

1883 3832 1971 3874 sn.
2002 3816 2258 3891 religioso
2285 3817 2469 3874 abbati
2499 3817 2829 3875 venerabilis
2858 3817 3174 3876 monasterii
3203 3818 3262 3875 S.
3295 3817 3462 3876 Liud-

1876 3907 1990 3981 geri
2018 3915 2073 3965 et
2101 3922 2199 3980 per
2240 3916 2292 3966 te
2334 3908 2513 3967 eidem
2551 3907 2848 3968 venerabili
2890 3910 3224 3968 monasterio
3254 3911 3308 3969 in
3344 3926 3466 3984 per-

1877 4013 2121 4076 peluum.

1948 4094 2173 4161 Quoties
2200 4111 2264 4152 ea
2292 4110 2320 4151 a
2351 4093 2505 4151 nobis
2530 4092 2754 4169 concedi
2780 4093 3144 4166 postulantur,
3192 4108 3311 4166 quae
3361 4094 3467 4167 piis

1878 4194 1932 4242 et
1960 4185 2360 4242 venerabilibus
2386 4186 2888 4263 lociscongruunt,
2917 4184 3073 4239 decet
3101 4197 3202 4239 nos
3231 4182 3469 4239 libenter

1878 4280 2173 4336 concedere
2200 4287 2253 4334 et
2280 4280 2420 4334 votis
2444 4278 2818 4349 religiosorum
2846 4277 3146 4347 apostolica
3178 4277 3466 4335 sanctione

1878 4370 2079 4426 lavere.
2108 4370 2174 4424 Et
2200 4370 2321 4425 ideo
2360 4368 2687 4441 religiositas
2712 4375 2804 4425 tua
2827 4376 3017 4422 nostro
3038 4366 3309 4436 suggessit
3337 4381 3468 4436 apo-

173 4464 508 4519 monasterio
548 4465 804 4519 ditionem
835 4466 1129 4535 quamlibet
1156 4467 1376 4541 habere,
1412 4475 1506 4521 aut
1539 4468 1774 4545 auctori-_
1798 4498 1853 4563 Β
1879 4462 2129 4528 stolatui,
2159 4470 2425 4532 quatenus
2448 4461 2590 4517 idem
2624 4459 2945 4533 praedictum
2989 4459 3301 4516 venerabile
3344 4474 3465 4513 τηου

177 4564 345 4610 tatem
378 4564 575 4626 praeter
620 4560 805 4611 sedem
851 4556 1223 4626 apostolicam,
1269 4566 1323 4612 et
1369 4558 1679 4630 episcopum
1719 4561 1774 4615 in

176 4645 332 4716 cuius
386 4646 606 4702 ditecesi
657 4645 797 4701 idem
850 4647 1153 4703 venerabile
1204 4649 1591 4703 monasterium
1648 4663 1776 4703 con-

177 4743 447 4792 structum
470 4751 593 4791 esse
626 4736 978 4807 dignoscitur,
1003 4738 1087 4792 cui
1111 4737 1383 4793 licentiam
1408 4739 1775 4807 concedimus,

179 4817 392 4883 tantum
422 4843 543 4883 cum
570 4829 948 4898 opportunitas
981 4828 1331 4885 consecrandi
1362 4829 1550 4886 altaris
1591 4829 1777 4897 fuerit,

180 4920 528 4992 prohibemus
557 4921 633 4976 ita
671 4928 750 4986 ut,
782 4920 889 4975 nisi
925 4919 995 4974 ab
1038 4920 1228 4977 abbate
1270 4922 1582 4978 monasterii
1618 4920 1783 4977 fuerit

185 5014 455 5079 invitatus,
503 5030 604 5070 nec
653 5013 944 5068 missarum
964 5012 1165 5071 ibidem
1192 5012 1589 5071 solemnitatem
1632 5014 1780 5084 quis-

183 5109 327 5177 piam
368 5116 659 5178 przesumat
706 5106 1018 5161 omnimodo
1066 5107 1379 5173 celebrare,
1415 5119 1474 5166 ut
1512 5108 1777 5183 profecto,

183 5198 332 5269 iuxta
376 5200 427 5255 id
474 5200 618 5271 quod
676 5195 981 5265 subiectura
1018 5198 1327 5268 apostolicae
1367 5202 1483 5257 sedi
1527 5202 1783 5259 ﬁrmitate

190 5294 438 5365 privilegii
475 5292 755 5355 consistit,
790 5289 1107 5346 inconcusse
1148 5292 1389 5348 dotatum
1422 5302 1737 5366 permaneat
1765 5311 1777 5348 :

195 5387 319 5443 locis
340 5391 498 5445 etiam
528 5399 584 5445 et
604 5389 798 5452 rebus,
837 5393 938 5438 tam
964 5384 1047 5441 eis
1081 5402 1217 5459 quas
1251 5389 1510 5449 moderno
1542 5403 1784 5462 tempore

190 5484 328 5533 tenet
368 5480 450 5536 vel
497 5478 768 5551 possidet,
820 5488 978 5543 quam
1023 5492 1160 5547 quas
1196 5477 1398 5537 futuris
1427 5483 1784 5557 temporibus,

194 5570 244 5624 in
281 5573 392 5643 inre
446 5576 613 5646 ipsius
674 5568 1040 5634 monasterii,
1099 5572 1276 5627 divina
1324 5574 1501 5643 pietas
1553 5575 1787 5635 voluerit
1887 5577 2173 5650 praesentis
2196 5592 2263 5647 pr

196 5682 373 5719 aituero
400 5688 460 5708 ον
504 5672 518 5688 ¹

1883 4552 2180 4608 nasterium
2223 4567 2345 4607 cum
2386 4549 2638 4606 omnibus
2679 4551 2942 4607 canonice
2982 4560 3039 4607 et
3085 4549 3329 4620 legalitcr
3369 4549 3472 4605 sibi

1884 4643 2282 4716 pertinentibus
2323 4650 2379 4697 et
2419 4641 2797 4713 adiacentibus
2823 4642 3120 4713 apostolica
3146 4643 3474 4698 auctoritate

1854 4738 2262 4803 .muniremus,
2294 4733 2750 4806 quemadmodum
2787 4749 2817 4788 a
2858 4734 2965 4805 piis
3012 4733 3433 4807 imperatoribus
3455 4773 3472 4799 ,

1887 4831 2164 4888 Ludovico
2190 4830 2399 4887 scilicet
2424 4839 2483 4885 et
2512 4827 2706 4887 Carolo
2732 4836 2899 4898 atque
2939 4825 3169 4886 Arnull‘o
3214 4824 3477 4897 religiosis

1887 4926 2162 4997 quondam
2192 4921 2459 4991 Augustis
2497 4939 2596 5000 per
2634 4922 2941 4991 augustalia
2981 4934 3170 4979 eorum
3208 4925 3480 4988 praecepta

1884 5023 2155 5078 munitum
2184 5020 2629 5093 roboratumque
2664 5027 2784 5068 esse
2806 5013 3168 5087 dignoscitur.
3196 5009 3364 5078 liuius
3404 5008 3487 5064 rei

1887 5116 2062 5185 gratia
2124 5121 2270 5167 luam
2318 5113 2735 5182 suggestionem
2781 5120 3083 5180 congruam
3137 5102 3254 5163 lore
3301 5098 3490 5168 praevi-

1887 5208 2081 5267 dentes
2102 5248 2118 5274 ,
2150 5217 2333 5261 ratum
2363 5202 2650 5272 duximus
2684 5211 2838 5252 aures
2880 5215 3104 5263 nostras
3144 5196 3249 5253 tuis
3289 5205 3498 5247 accom-

1887 5304 2112 5359 modare
2152 5295 2432 5369 precibus,
2501 5298 2609 5380 qui
2649 5288 3008 5354 universalem
3053 5301 3256 5354 norma:
3294 5294 3502 5380 curam,

1888 5393 2072 5453 divina
2133 5390 2488 5458 suffragante
2530 5372 2734 5469 'gratia,
2790 5392 3101 5461 suscepisse
3157 5372 3503 5473 dignoscitur.

1890 5484 2238 5559 Quapropter
2280 5478 2339 5534 id
2386 5461 2611 5547 ipsu'm
2654 5486 2866 5530 sacrum
2916 5473 3306 5565 monasterium
3352 5461 3515 5565 huius

2266 5569 2489 5642 ivilrgii
2543 5568 2711 5640 nostri
2737 5569 3023 5631 sanctione
3045 5584 3105 5631 ut
3126 5557 3521 5642 prtulibavimus

2081 5680 2199 5698 “""‘
2264 5667 2519 5718 ’³⁸⁸⁸⁸³νηί
2545 5682 2668 5721 mn:
2697 5676 2723 5702 εδ
2749 5670 3009 5710 firment“:
3058 5673 3194 5700 ..ηοσ-
3239 5645 3525 5686 ἷηδῖηίηωβ
