  <div class='ocr_page' id='page_1' title='image "/cluster/home/n/w/nwhite01/storage/ocr_20150623/129/hvd.32044015471709/413.png"; bbox 0 0 3926 5506; ppageno 0'>
   <div class='ocr_carea' id='block_1_1' title="bbox 496 282 630 392">
    <p class='ocr_par' dir='ltr' id='par_1_1' title="bbox 496 282 630 392">
     <span class='ocr_line' id='line_1_1' title="bbox 496 282 630 392; baseline 0.015 -2"><span class='ocrx_word' id='word_1_1' title='bbox 496 282 630 392; x_wconf 70' lang='grc' dir='ltr'>8ιῦ</span> 
     </span>
    </p>
   </div>
   <div class='ocr_carea' id='block_1_2' title="bbox 1770 317 2484 381">
    <p class='ocr_par' dir='ltr' id='par_1_2' title="bbox 1770 317 2484 381">
     <span class='ocr_line' id='line_1_2' title="bbox 1770 317 2484 381; baseline -0.008 0"><span class='ocrx_word' id='word_1_2' title='bbox 1770 319 2157 381; x_wconf 77' lang='lat' dir='ltr'><strong>STHEPHANI</strong></span> <span class='ocrx_word' id='word_1_3' title='bbox 2193 318 2397 377; x_wconf 72' lang='grc' dir='ltr'>ΡΑΡᾹΞ</span> <span class='ocrx_word' id='word_1_4' title='bbox 2438 317 2484 375; x_wconf 71' lang='grc' dir='ltr'><strong>γ</strong></span> 
     </span>
    </p>
   </div>
   <div class='ocr_carea' id='block_1_3' title="bbox 3652 307 3765 381">
    <p class='ocr_par' dir='ltr' id='par_1_3' title="bbox 3652 307 3765 381">
     <span class='ocr_line' id='line_1_3' title="bbox 3652 307 3765 381; baseline -0.018 0"><span class='ocrx_word' id='word_1_5' title='bbox 3652 307 3765 381; x_wconf 80' lang='lat' dir='ltr'><strong>&#39;sts</strong></span> 
     </span>
    </p>
   </div>
   <div class='ocr_carea' id='block_1_4' title="bbox 488 432 3765 517">
    <p class='ocr_par' dir='ltr' id='par_1_4' title="bbox 488 432 3765 517">
     <span class='ocr_line' id='line_1_4' title="bbox 488 432 3765 517; baseline -0.003 -12"><span class='ocrx_word' id='word_1_6' title='bbox 488 461 644 505; x_wconf 64' lang='lat' dir='ltr'><strong>sonte</strong></span> <span class='ocrx_word' id='word_1_7' title='bbox 687 457 1008 517; x_wconf 88' lang='lat' dir='ltr'><strong>quacunque</strong></span> <span class='ocrx_word' id='word_1_8' title='bbox 1051 442 1313 516; x_wconf 88' lang='lat' dir='ltr'><strong>dignitate</strong></span> <span class='ocrx_word' id='word_1_9' title='bbox 1342 439 1584 513; x_wconf 63' lang='lat' dir='ltr'><strong>praedita:</strong></span> <span class='ocrx_word' id='word_1_10' title='bbox 1626 437 1709 496; x_wconf 84' lang='lat' dir='ltr'><strong>fas</strong></span> <span class='ocrx_word' id='word_1_11' title='bbox 1735 438 1807 493; x_wconf 91' lang='lat' dir='ltr'><strong>sit</strong></span> <span class='ocrx_word' id='word_1_12' title='bbox 1854 451 2073 508; x_wconf 92' lang='lat' dir='ltr'><strong>quoquo</strong></span> <span class='ocrx_word' id='word_1_13' title='bbox 2102 436 2156 496; x_wconf 79' lang='grc' dir='ltr'><strong>Α</strong></span> <span class='ocrx_word' id='word_1_14' title='bbox 2180 432 2590 500; x_wconf 79' lang='lat' dir='ltr'><strong>monasterium,</strong></span> <span class='ocrx_word' id='word_1_15' title='bbox 2627 433 2712 490; x_wconf 89' lang='lat' dir='ltr'><strong>cui</strong></span> <span class='ocrx_word' id='word_1_16' title='bbox 2736 449 2852 507; x_wconf 65' lang='lat' dir='ltr'><strong>ipsa</strong></span> <span class='ocrx_word' id='word_1_17' title='bbox 2884 448 3116 508; x_wconf 77' lang='lat' dir='ltr'><strong>praeesse</strong></span> <span class='ocrx_word' id='word_1_18' title='bbox 3143 435 3500 509; x_wconf 77' lang='lat' dir='ltr'><strong>dignosceris,</strong></span> <span class='ocrx_word' id='word_1_19' title='bbox 3524 435 3685 493; x_wconf 88' lang='lat' dir='ltr'><strong>situm</strong></span> <span class='ocrx_word' id='word_1_20' title='bbox 3707 439 3765 494; x_wconf 85' lang='lat' dir='ltr'><strong>in</strong></span> 
     </span>
    </p>
   </div>
   <div class='ocr_carea' id='block_1_5' title="bbox 495 528 2077 599">
    <p class='ocr_par' dir='ltr' id='par_1_5' title="bbox 495 528 2077 599">
     <span class='ocr_line' id='line_1_5' title="bbox 495 528 2077 599; baseline -0.008 -4"><span class='ocrx_word' id='word_1_21' title='bbox 495 537 816 596; x_wconf 87' lang='lat' dir='ltr'><strong>modoillud</strong></span> <span class='ocrx_word' id='word_1_22' title='bbox 845 536 1105 593; x_wconf 83' lang='lat' dir='ltr'><strong>invadere</strong></span> <span class='ocrx_word' id='word_1_23' title='bbox 1130 534 1216 590; x_wconf 97' lang='lat' dir='ltr'><strong>vel</strong></span> <span class='ocrx_word' id='word_1_24' title='bbox 1246 533 1335 589; x_wconf 89' lang='lat' dir='ltr'><strong>alii</strong></span> <span class='ocrx_word' id='word_1_25' title='bbox 1367 531 1743 597; x_wconf 86' lang='lat' dir='ltr'><strong>commodare,</strong></span> <span class='ocrx_word' id='word_1_26' title='bbox 1774 543 1876 586; x_wconf 90' lang='lat' dir='ltr'><strong>nec</strong></span> <span class='ocrx_word' id='word_1_27' title='bbox 1915 528 2077 599; x_wconf 89' lang='lat' dir='ltr'><strong>quid-</strong></span> 
     </span>
    </p>
   </div>
   <div class='ocr_carea' id='block_1_6' title="bbox 494 620 2081 701">
    <p class='ocr_par' dir='ltr' id='par_1_6' title="bbox 494 620 2081 701">
     <span class='ocr_line' id='line_1_6' title="bbox 494 620 2081 701; baseline -0.007 -17"><span class='ocrx_word' id='word_1_28' title='bbox 494 642 662 701; x_wconf 82' lang='lat' dir='ltr'><strong>quam</strong></span> <span class='ocrx_word' id='word_1_29' title='bbox 691 628 757 683; x_wconf 91' lang='lat' dir='ltr'><strong>de</strong></span> <span class='ocrx_word' id='word_1_30' title='bbox 803 625 1021 681; x_wconf 82' lang='lat' dir='ltr'><strong>famulis</strong></span> <span class='ocrx_word' id='word_1_31' title='bbox 1049 623 1132 680; x_wconf 91' lang='lat' dir='ltr'><strong>vel</strong></span> <span class='ocrx_word' id='word_1_32' title='bbox 1179 624 1384 680; x_wconf 90' lang='lat' dir='ltr'><strong>mansis</strong></span> <span class='ocrx_word' id='word_1_33' title='bbox 1422 636 1634 679; x_wconf 86' lang='lat' dir='ltr'><strong>necnon</strong></span> <span class='ocrx_word' id='word_1_34' title='bbox 1681 620 1854 679; x_wconf 81' lang='lat' dir='ltr'><strong>servis</strong></span> <span class='ocrx_word' id='word_1_35' title='bbox 1897 627 1952 675; x_wconf 91' lang='lat' dir='ltr'><strong>et</strong></span> <span class='ocrx_word' id='word_1_36' title='bbox 1991 633 2081 674; x_wconf 85' lang='lat' dir='ltr'><strong>an-</strong></span> 
     </span>
    </p>
   </div>
   <div class='ocr_carea' id='block_1_7' title="bbox 497 708 2082 787">
    <p class='ocr_par' dir='ltr' id='par_1_7' title="bbox 497 708 2082 787">
     <span class='ocr_line' id='line_1_7' title="bbox 497 708 2082 787; baseline -0.008 -11"><span class='ocrx_word' id='word_1_37' title='bbox 497 718 641 776; x_wconf 89' lang='lat' dir='ltr'><strong>cillis</strong></span> <span class='ocrx_word' id='word_1_38' title='bbox 658 759 673 784; x_wconf 91' lang='lat'><strong>,</strong></span> <span class='ocrx_word' id='word_1_39' title='bbox 704 717 816 773; x_wconf 89' lang='lat' dir='ltr'><strong>litis</strong></span> <span class='ocrx_word' id='word_1_40' title='bbox 838 725 893 772; x_wconf 89' lang='lat' dir='ltr'><strong>et</strong></span> <span class='ocrx_word' id='word_1_41' title='bbox 920 715 1137 783; x_wconf 87' lang='lat' dir='ltr'><strong>liberis,</strong></span> <span class='ocrx_word' id='word_1_42' title='bbox 1167 716 1281 772; x_wconf 84' lang='lat' dir='ltr'><strong>sive</strong></span> <span class='ocrx_word' id='word_1_43' title='bbox 1307 715 1601 787; x_wconf 85' lang='lat' dir='ltr'><strong>quidquam</strong></span> <span class='ocrx_word' id='word_1_44' title='bbox 1627 713 1695 770; x_wconf 90' lang='lat' dir='ltr'><strong>de</strong></span> <span class='ocrx_word' id='word_1_45' title='bbox 1725 712 1887 769; x_wconf 87' lang='lat' dir='ltr'><strong>rebus</strong></span> <span class='ocrx_word' id='word_1_46' title='bbox 1914 708 2082 765; x_wconf 87' lang='lat' dir='ltr'><strong>mobi-</strong></span> 
     </span>
    </p>
   </div>
   <div class='ocr_carea' id='block_1_8' title="bbox 496 803 2087 879">
    <p class='ocr_par' dir='ltr' id='par_1_8' title="bbox 496 803 2087 879">
     <span class='ocr_line' id='line_1_8' title="bbox 496 803 2087 879; baseline -0.007 -9"><span class='ocrx_word' id='word_1_47' title='bbox 496 812 642 871; x_wconf 83' lang='lat' dir='ltr'><strong>libus</strong></span> <span class='ocrx_word' id='word_1_48' title='bbox 665 809 751 866; x_wconf 90' lang='lat' dir='ltr'><strong>vel</strong></span> <span class='ocrx_word' id='word_1_49' title='bbox 776 808 1142 865; x_wconf 87' lang='lat' dir='ltr'><strong>immobilibus</strong></span> <span class='ocrx_word' id='word_1_50' title='bbox 1166 809 1339 879; x_wconf 86' lang='lat' dir='ltr'><strong>deque</strong></span> <span class='ocrx_word' id='word_1_51' title='bbox 1365 807 1525 863; x_wconf 86' lang='lat' dir='ltr'><strong>cultis</strong></span> <span class='ocrx_word' id='word_1_52' title='bbox 1548 815 1605 862; x_wconf 91' lang='lat' dir='ltr'><strong>et</strong></span> <span class='ocrx_word' id='word_1_53' title='bbox 1631 803 1854 862; x_wconf 86' lang='lat' dir='ltr'><strong>incultis</strong></span> <span class='ocrx_word' id='word_1_54' title='bbox 1877 816 2087 859; x_wconf 65' lang='lat' dir='ltr'><strong>meme:</strong></span> 
     </span>
    </p>
   </div>
   <div class='ocr_carea' id='block_1_9' title="bbox 496 897 2085 965">
    <p class='ocr_par' dir='ltr' id='par_1_9' title="bbox 496 897 2085 965">
     <span class='ocr_line' id='line_1_9' title="bbox 496 897 2085 965; baseline -0.008 -4"><span class='ocrx_word' id='word_1_55' title='bbox 496 905 604 961; x_wconf 87' lang='lat' dir='ltr'><strong>rati</strong></span> <span class='ocrx_word' id='word_1_56' title='bbox 633 902 955 959; x_wconf 86' lang='lat' dir='ltr'><strong>monasterii</strong></span> <span class='ocrx_word' id='word_1_57' title='bbox 982 900 1086 957; x_wconf 89' lang='lat' dir='ltr'><strong>sibi</strong></span> <span class='ocrx_word' id='word_1_58' title='bbox 1116 901 1390 957; x_wconf 88' lang='lat' dir='ltr'><strong>vindicare</strong></span> <span class='ocrx_word' id='word_1_59' title='bbox 1418 910 1510 956; x_wconf 91' lang='lat' dir='ltr'><strong>aut</strong></span> <span class='ocrx_word' id='word_1_60' title='bbox 1538 898 1692 955; x_wconf 86' lang='lat' dir='ltr'><strong>alteri</strong></span> <span class='ocrx_word' id='word_1_61' title='bbox 1719 897 1923 953; x_wconf 89' lang='lat' dir='ltr'><strong>donare</strong></span> <span class='ocrx_word' id='word_1_62' title='bbox 1949 908 2085 965; x_wconf 82' lang='lat' dir='ltr'><strong>prae-</strong></span> 
     </span>
    </p>
   </div>
   <div class='ocr_carea' id='block_1_10' title="bbox 499 985 2085 1062">
    <p class='ocr_par' dir='ltr' id='par_1_10' title="bbox 499 985 2085 1062">
     <span class='ocr_line' id='line_1_10' title="bbox 499 985 2085 1062; baseline -0.007 -11"><span class='ocrx_word' id='word_1_63' title='bbox 499 1005 711 1060; x_wconf 87' lang='lat' dir='ltr'><strong>sumat,</strong></span> <span class='ocrx_word' id='word_1_64' title='bbox 754 994 850 1051; x_wconf 91' lang='lat' dir='ltr'><strong>sed</strong></span> <span class='ocrx_word' id='word_1_65' title='bbox 894 1009 1017 1050; x_wconf 92' lang='lat' dir='ltr'><strong>cum</strong></span> <span class='ocrx_word' id='word_1_66' title='bbox 1062 994 1313 1049; x_wconf 86' lang='lat' dir='ltr'><strong>omnibus</strong></span> <span class='ocrx_word' id='word_1_67' title='bbox 1355 993 1520 1049; x_wconf 87' lang='lat' dir='ltr'><strong>rebus</strong></span> <span class='ocrx_word' id='word_1_68' title='bbox 1556 1000 1612 1047; x_wconf 89' lang='lat' dir='ltr'><strong>et</strong></span> <span class='ocrx_word' id='word_1_69' title='bbox 1649 985 2085 1062; x_wconf 88' lang='lat' dir='ltr'><strong>possessionibus</strong></span> 
     </span>
    </p>
   </div>
   <div class='ocr_carea' id='block_1_11' title="bbox 496 1075 2086 1154">
    <p class='ocr_par' dir='ltr' id='par_1_11' title="bbox 496 1075 2086 1154">
     <span class='ocr_line' id='line_1_11' title="bbox 496 1075 2086 1154; baseline -0.008 -12"><span class='ocrx_word' id='word_1_70' title='bbox 496 1101 568 1144; x_wconf 82' lang='lat' dir='ltr'><strong>ac</strong></span> <span class='ocrx_word' id='word_1_71' title='bbox 591 1084 954 1142; x_wconf 84' lang='lat' dir='ltr'><strong>oblationibus</strong></span> <span class='ocrx_word' id='word_1_72' title='bbox 984 1093 1041 1140; x_wconf 93' lang='lat' dir='ltr'><strong>et</strong></span> <span class='ocrx_word' id='word_1_73' title='bbox 1071 1084 1373 1140; x_wconf 86' lang='lat' dir='ltr'><strong>redditibus</strong></span> <span class='ocrx_word' id='word_1_74' title='bbox 1392 1123 1408 1151; x_wconf 97' lang='lat'><strong>,</strong></span> <span class='ocrx_word' id='word_1_75' title='bbox 1439 1096 1559 1154; x_wconf 72' lang='lat' dir='ltr'><strong>quae</strong></span> <span class='ocrx_word' id='word_1_76' title='bbox 1587 1080 1847 1138; x_wconf 87' lang='lat' dir='ltr'><strong>canonice</strong></span> <span class='ocrx_word' id='word_1_77' title='bbox 1871 1085 1929 1133; x_wconf 91' lang='lat' dir='ltr'><strong>et</strong></span> <span class='ocrx_word' id='word_1_78' title='bbox 1952 1075 2086 1147; x_wconf 86' lang='lat' dir='ltr'><strong>legi-</strong></span> 
     </span>
    </p>
   </div>
   <div class='ocr_carea' id='block_1_12' title="bbox 503 1170 2086 1248">
    <p class='ocr_par' dir='ltr' id='par_1_12' title="bbox 503 1170 2086 1248">
     <span class='ocr_line' id='line_1_12' title="bbox 503 1170 2086 1248; baseline -0.006 -15"><span class='ocrx_word' id='word_1_79' title='bbox 503 1179 640 1235; x_wconf 89' lang='lat' dir='ltr'><strong>time</strong></span> <span class='ocrx_word' id='word_1_80' title='bbox 687 1177 823 1234; x_wconf 87' lang='lat' dir='ltr'><strong>inibi</strong></span> <span class='ocrx_word' id='word_1_81' title='bbox 854 1177 977 1234; x_wconf 89' lang='lat' dir='ltr'><strong>data</strong></span> <span class='ocrx_word' id='word_1_82' title='bbox 999 1217 1015 1243; x_wconf 92' lang='lat'><strong>,</strong></span> <span class='ocrx_word' id='word_1_83' title='bbox 1047 1175 1237 1248; x_wconf 89' lang='lat' dir='ltr'><strong>largita</strong></span> <span class='ocrx_word' id='word_1_84' title='bbox 1270 1186 1397 1233; x_wconf 91' lang='lat' dir='ltr'><strong>sunt</strong></span> <span class='ocrx_word' id='word_1_85' title='bbox 1426 1183 1482 1231; x_wconf 90' lang='lat' dir='ltr'><strong>et</strong></span> <span class='ocrx_word' id='word_1_86' title='bbox 1510 1175 1708 1231; x_wconf 89' lang='lat' dir='ltr'><strong>donata</strong></span> <span class='ocrx_word' id='word_1_87' title='bbox 1740 1186 1805 1228; x_wconf 88' lang='lat' dir='ltr'><strong>ac</strong></span> <span class='ocrx_word' id='word_1_88' title='bbox 1831 1170 2086 1241; x_wconf 87' lang='lat' dir='ltr'><strong>deinceps</strong></span> 
     </span>
    </p>
   </div>
   <div class='ocr_carea' id='block_1_13' title="bbox 499 1259 2086 1339">
    <p class='ocr_par' dir='ltr' id='par_1_13' title="bbox 499 1259 2086 1339">
     <span class='ocr_line' id='line_1_13' title="bbox 499 1259 2086 1339; baseline -0.008 -12"><span class='ocrx_word' id='word_1_89' title='bbox 499 1271 874 1337; x_wconf 90' lang='lat' dir='ltr'><strong>donabuntur,</strong></span> <span class='ocrx_word' id='word_1_90' title='bbox 900 1269 1008 1339; x_wconf 87' lang='lat' dir='ltr'><strong>juri</strong></span> <span class='ocrx_word' id='word_1_91' title='bbox 1040 1284 1106 1324; x_wconf 90' lang='lat' dir='ltr'><strong>ac</strong></span> <span class='ocrx_word' id='word_1_92' title='bbox 1134 1268 1353 1323; x_wconf 83' lang='lat' dir='ltr'><strong>utilitati</strong></span> <span class='ocrx_word' id='word_1_93' title='bbox 1385 1266 1579 1324; x_wconf 89' lang='lat' dir='ltr'><strong>crebro</strong></span> <span class='ocrx_word' id='word_1_94' title='bbox 1607 1264 1740 1322; x_wconf 88' lang='lat' dir='ltr'><strong>dicti</strong></span> <span class='ocrx_word' id='word_1_95' title='bbox 1769 1259 2086 1319; x_wconf 86' lang='lat' dir='ltr'><strong>monasterii</strong></span> 
     </span>
    </p>
   </div>
   <div class='ocr_carea' id='block_1_14' title="bbox 500 1353 2090 1431">
    <p class='ocr_par' dir='ltr' id='par_1_14' title="bbox 500 1353 2090 1431">
     <span class='ocr_line' id='line_1_14' title="bbox 500 1353 2090 1431; baseline -0.006 -13"><span class='ocrx_word' id='word_1_96' title='bbox 500 1370 560 1418; x_wconf 87' lang='lat' dir='ltr'><strong>et</strong></span> <span class='ocrx_word' id='word_1_97' title='bbox 583 1362 771 1418; x_wconf 89' lang='lat' dir='ltr'><strong>usibus</strong></span> <span class='ocrx_word' id='word_1_98' title='bbox 803 1363 913 1418; x_wconf 90' lang='lat' dir='ltr'><strong>Deo</strong></span> <span class='ocrx_word' id='word_1_99' title='bbox 946 1360 1078 1416; x_wconf 90' lang='lat' dir='ltr'><strong>inibi</strong></span> <span class='ocrx_word' id='word_1_100' title='bbox 1113 1358 1494 1416; x_wconf 85' lang='lat' dir='ltr'><strong>famulantium</strong></span> <span class='ocrx_word' id='word_1_101' title='bbox 1535 1356 1852 1431; x_wconf 87' lang='lat' dir='ltr'><strong>perenniter</strong></span> <span class='ocrx_word' id='word_1_102' title='bbox 1891 1353 2090 1412; x_wconf 89' lang='lat' dir='ltr'><strong>conﬁr-</strong></span> 
     </span>
    </p>
   </div>
   <div class='ocr_carea' id='block_1_15' title="bbox 497 1451 2092 1527">
    <p class='ocr_par' dir='ltr' id='par_1_15' title="bbox 497 1451 2092 1527">
     <span class='ocr_line' id='line_1_15' title="bbox 497 1451 2092 1527; baseline -0.004 -16"><span class='ocrx_word' id='word_1_103' title='bbox 497 1469 716 1511; x_wconf 83' lang='lat' dir='ltr'><strong>mamus</strong></span> <span class='ocrx_word' id='word_1_104' title='bbox 743 1454 847 1511; x_wconf 86' lang='lat' dir='ltr'><strong>sub</strong></span> <span class='ocrx_word' id='word_1_105' title='bbox 872 1463 965 1509; x_wconf 92' lang='lat' dir='ltr'><strong>tua</strong></span> <span class='ocrx_word' id='word_1_106' title='bbox 993 1453 1201 1510; x_wconf 90' lang='lat' dir='ltr'><strong>ditione</strong></span> <span class='ocrx_word' id='word_1_107' title='bbox 1233 1455 1431 1527; x_wconf 90' lang='lat' dir='ltr'><strong>degere</strong></span> <span class='ocrx_word' id='word_1_108' title='bbox 1455 1454 1524 1510; x_wconf 88' lang='lat' dir='ltr'><strong>ad</strong></span> <span class='ocrx_word' id='word_1_109' title='bbox 1563 1451 1858 1526; x_wconf 86' lang='lat' dir='ltr'><strong>regendum</strong></span> <span class='ocrx_word' id='word_1_110' title='bbox 1900 1464 1964 1507; x_wconf 91' lang='lat' dir='ltr'><strong>ac</strong></span> <span class='ocrx_word' id='word_1_111' title='bbox 2001 1464 2092 1505; x_wconf 87' lang='lat' dir='ltr'><strong>re-</strong></span> 
     </span>
    </p>
   </div>
   <div class='ocr_carea' id='block_1_16' title="bbox 501 1540 2088 1617">
    <p class='ocr_par' dir='ltr' id='par_1_16' title="bbox 501 1540 2088 1617">
     <span class='ocr_line' id='line_1_16' title="bbox 501 1540 2088 1617; baseline -0.003 -17"><span class='ocrx_word' id='word_1_112' title='bbox 501 1545 769 1616; x_wconf 88' lang='lat' dir='ltr'><strong>gulariter</strong></span> <span class='ocrx_word' id='word_1_113' title='bbox 796 1545 1243 1617; x_wconf 89' lang='lat' dir='ltr'><strong>dispensandum.</strong></span> <span class='ocrx_word' id='word_1_114' title='bbox 1292 1546 1404 1600; x_wconf 90' lang='lat' dir='ltr'><strong>lmo</strong></span> <span class='ocrx_word' id='word_1_115' title='bbox 1446 1558 1733 1600; x_wconf 86' lang='lat' dir='ltr'><strong>censemus</strong></span> <span class='ocrx_word' id='word_1_116' title='bbox 1778 1540 1908 1597; x_wconf 90' lang='lat' dir='ltr'><strong>nulli</strong></span> <span class='ocrx_word' id='word_1_117' title='bbox 1951 1540 2088 1596; x_wconf 80' lang='lat' dir='ltr'><strong>iide-</strong></span> 
     </span>
    </p>
   </div>
   <div class='ocr_carea' id='block_1_17' title="bbox 492 1632 2086 1705">
    <p class='ocr_par' dir='ltr' id='par_1_17' title="bbox 492 1632 2086 1705">
     <span class='ocr_line' id='line_1_17' title="bbox 492 1632 2086 1705; baseline -0.003 -16"><span class='ocrx_word' id='word_1_118' title='bbox 492 1633 635 1691; x_wconf 85' lang='lat' dir='ltr'><strong>lium</strong></span> <span class='ocrx_word' id='word_1_119' title='bbox 677 1634 885 1690; x_wconf 90' lang='lat' dir='ltr'><strong>licitum</strong></span> <span class='ocrx_word' id='word_1_120' title='bbox 917 1635 1033 1690; x_wconf 88' lang='lat' dir='ltr'><strong>fore</strong></span> <span class='ocrx_word' id='word_1_121' title='bbox 1061 1635 1363 1705; x_wconf 85' lang='lat' dir='ltr'><strong>quamlibet</strong></span> <span class='ocrx_word' id='word_1_122' title='bbox 1404 1647 1568 1705; x_wconf 89' lang='lat' dir='ltr'><strong>super</strong></span> <span class='ocrx_word' id='word_1_123' title='bbox 1605 1632 1847 1704; x_wconf 89' lang='lat' dir='ltr'><strong>ejusdem</strong></span> <span class='ocrx_word' id='word_1_124' title='bbox 1898 1645 2086 1688; x_wconf 86' lang='lat' dir='ltr'><strong>mona-</strong></span> 
     </span>
    </p>
   </div>
   <div class='ocr_carea' id='block_1_18' title="bbox 500 1725 2091 1796">
    <p class='ocr_par' dir='ltr' id='par_1_18' title="bbox 500 1725 2091 1796">
     <span class='ocr_line' id='line_1_18' title="bbox 500 1725 2091 1796; baseline -0.005 -11"><span class='ocrx_word' id='word_1_125' title='bbox 500 1726 659 1785; x_wconf 83' lang='lat' dir='ltr'><strong>sterii</strong></span> <span class='ocrx_word' id='word_1_126' title='bbox 690 1726 937 1784; x_wconf 83' lang='lat' dir='ltr'><strong>homines</strong></span> <span class='ocrx_word' id='word_1_127' title='bbox 968 1727 1227 1783; x_wconf 89' lang='lat' dir='ltr'><strong>ditionem</strong></span> <span class='ocrx_word' id='word_1_128' title='bbox 1260 1727 1461 1783; x_wconf 90' lang='lat' dir='ltr'><strong>habere</strong></span> <span class='ocrx_word' id='word_1_129' title='bbox 1504 1736 1598 1781; x_wconf 89' lang='lat' dir='ltr'><strong>aut</strong></span> <span class='ocrx_word' id='word_1_130' title='bbox 1645 1726 1713 1781; x_wconf 90' lang='lat' dir='ltr'><strong>ad</strong></span> <span class='ocrx_word' id='word_1_131' title='bbox 1747 1725 1957 1796; x_wconf 89' lang='lat' dir='ltr'><strong>aliquas</strong></span> <span class='ocrx_word' id='word_1_132' title='bbox 1994 1738 2091 1778; x_wconf 80' lang='lat' dir='ltr'><strong>ex-</strong></span> 
     </span>
    </p>
   </div>
   <div class='ocr_carea' id='block_1_19' title="bbox 2180 526 3766 597">
    <p class='ocr_par' dir='ltr' id='par_1_19' title="bbox 2180 526 3766 597">
     <span class='ocr_line' id='line_1_19' title="bbox 2180 526 3766 597; baseline 0.002 -16"><span class='ocrx_word' id='word_1_133' title='bbox 2180 526 2453 581; x_wconf 88' lang='lat' dir='ltr'><strong>territorio</strong></span> <span class='ocrx_word' id='word_1_134' title='bbox 2482 526 2778 583; x_wconf 83' lang='lat' dir='ltr'><strong>dioeceseos</strong></span> <span class='ocrx_word' id='word_1_135' title='bbox 2815 542 2961 593; x_wconf 76' lang='lat' dir='ltr'><strong>suae,</strong></span> <span class='ocrx_word' id='word_1_136' title='bbox 2999 543 3126 584; x_wconf 92' lang='lat' dir='ltr'><strong>cum</strong></span> <span class='ocrx_word' id='word_1_137' title='bbox 3174 528 3426 584; x_wconf 86' lang='lat' dir='ltr'><strong>omnibus</strong></span> <span class='ocrx_word' id='word_1_138' title='bbox 3465 527 3584 583; x_wconf 87' lang='lat' dir='ltr'><strong>suis</strong></span> <span class='ocrx_word' id='word_1_139' title='bbox 3603 526 3766 597; x_wconf 76' lang='lat' dir='ltr'><strong>iustis</strong></span> 
     </span>
    </p>
   </div>
   <div class='ocr_carea' id='block_1_20' title="bbox 2178 617 3766 691">
    <p class='ocr_par' dir='ltr' id='par_1_20' title="bbox 2178 617 3766 691">
     <span class='ocr_line' id='line_1_20' title="bbox 2178 617 3766 691; baseline 0.001 -17"><span class='ocrx_word' id='word_1_140' title='bbox 2178 617 2521 689; x_wconf 87' lang='lat' dir='ltr'><strong>pertinentiis</strong></span> <span class='ocrx_word' id='word_1_141' title='bbox 2545 626 2601 674; x_wconf 92' lang='lat' dir='ltr'><strong>et</strong></span> <span class='ocrx_word' id='word_1_142' title='bbox 2629 618 2964 691; x_wconf 88' lang='lat' dir='ltr'><strong>adjacentiis,</strong></span> <span class='ocrx_word' id='word_1_143' title='bbox 3002 619 3162 691; x_wconf 91' lang='lat' dir='ltr'><strong>hujus</strong></span> <span class='ocrx_word' id='word_1_144' title='bbox 3189 620 3535 676; x_wconf 83' lang='lat' dir='ltr'><strong>auctoritatis</strong></span> <span class='ocrx_word' id='word_1_145' title='bbox 3570 630 3766 675; x_wconf 67' lang='lat' dir='ltr'><strong>nostra!</strong></span> 
     </span>
    </p>
   </div>
   <div class='ocr_carea' id='block_1_21' title="bbox 2180 708 3771 783">
    <p class='ocr_par' dir='ltr' id='par_1_21' title="bbox 2180 708 3771 783">
     <span class='ocr_line' id='line_1_21' title="bbox 2180 708 3771 783; baseline 0.003 -20"><span class='ocrx_word' id='word_1_146' title='bbox 2180 708 2462 781; x_wconf 91' lang='lat' dir='ltr'><strong>privilegio</strong></span> <span class='ocrx_word' id='word_1_147' title='bbox 2488 710 2843 767; x_wconf 90' lang='lat' dir='ltr'><strong>muniremus.</strong></span> <span class='ocrx_word' id='word_1_148' title='bbox 2886 708 3050 780; x_wconf 86' lang='lat' dir='ltr'><strong>Cujus</strong></span> <span class='ocrx_word' id='word_1_149' title='bbox 3092 711 3441 783; x_wconf 82' lang='lat' dir='ltr'><strong>postulationi</strong></span> <span class='ocrx_word' id='word_1_150' title='bbox 3482 712 3665 768; x_wconf 80' lang='lat' dir='ltr'><strong>favere</strong></span> <span class='ocrx_word' id='word_1_151' title='bbox 3687 712 3771 767; x_wconf 91' lang='lat' dir='ltr'><strong>ni-</strong></span> 
     </span>
    </p>
   </div>
   <div class='ocr_carea' id='block_1_22' title="bbox 2182 802 3767 875">
    <p class='ocr_par' dir='ltr' id='par_1_22' title="bbox 2182 802 3767 875">
     <span class='ocr_line' id='line_1_22' title="bbox 2182 802 3767 875; baseline 0.003 -19"><span class='ocrx_word' id='word_1_152' title='bbox 2182 810 2382 870; x_wconf 86' lang='lat' dir='ltr'><strong>tentes,</strong></span> <span class='ocrx_word' id='word_1_153' title='bbox 2412 804 2679 875; x_wconf 75' lang='lat' dir='ltr'><strong>prazcipue</strong></span> <span class='ocrx_word' id='word_1_154' title='bbox 2718 819 2842 859; x_wconf 90' lang='lat' dir='ltr'><strong>cum</strong></span> <span class='ocrx_word' id='word_1_155' title='bbox 2864 803 3105 860; x_wconf 91' lang='lat' dir='ltr'><strong>omnium</strong></span> <span class='ocrx_word' id='word_1_156' title='bbox 3130 804 3205 860; x_wconf 90' lang='lat' dir='ltr'><strong>sit</strong></span> <span class='ocrx_word' id='word_1_157' title='bbox 3235 802 3611 860; x_wconf 88' lang='lat' dir='ltr'><strong>Eeclesiarum</strong></span> <span class='ocrx_word' id='word_1_158' title='bbox 3640 818 3767 860; x_wconf 82' lang='lat' dir='ltr'><strong>cura</strong></span> 
     </span>
    </p>
   </div>
   <div class='ocr_carea' id='block_1_23' title="bbox 2182 894 3769 968">
    <p class='ocr_par' dir='ltr' id='par_1_23' title="bbox 2182 894 3769 968">
     <span class='ocr_line' id='line_1_23' title="bbox 2182 894 3769 968; baseline 0.002 -19"><span class='ocrx_word' id='word_1_159' title='bbox 2182 895 2340 951; x_wconf 90' lang='lat' dir='ltr'><strong>nobis</strong></span> <span class='ocrx_word' id='word_1_160' title='bbox 2376 895 2685 959; x_wconf 83' lang='lat' dir='ltr'><strong>commissa,</strong></span> <span class='ocrx_word' id='word_1_161' title='bbox 2718 894 2822 952; x_wconf 83' lang='lat' dir='ltr'><strong>hoc</strong></span> <span class='ocrx_word' id='word_1_162' title='bbox 2866 894 3223 968; x_wconf 88' lang='lat' dir='ltr'><strong>apostolicum</strong></span> <span class='ocrx_word' id='word_1_163' title='bbox 3258 905 3513 952; x_wconf 87' lang='lat' dir='ltr'><strong>nostrum</strong></span> <span class='ocrx_word' id='word_1_164' title='bbox 3555 896 3769 965; x_wconf 81' lang='lat' dir='ltr'><strong>privile-</strong></span> 
     </span>
    </p>
   </div>
   <div class='ocr_carea' id='block_1_24' title="bbox 2184 988 3768 1062">
    <p class='ocr_par' dir='ltr' id='par_1_24' title="bbox 2184 988 3768 1062">
     <span class='ocr_line' id='line_1_24' title="bbox 2184 988 3768 1062; baseline 0.001 -19"><span class='ocrx_word' id='word_1_165' title='bbox 2184 989 2328 1062; x_wconf 88' lang='lat' dir='ltr'><strong>gium</strong></span> <span class='ocrx_word' id='word_1_166' title='bbox 2359 988 2849 1059; x_wconf 80' lang='lat' dir='ltr'><strong>ﬁeridecrevimus,</strong></span> <span class='ocrx_word' id='word_1_167' title='bbox 2865 1002 2962 1061; x_wconf 91' lang='lat' dir='ltr'><strong>per</strong></span> <span class='ocrx_word' id='word_1_168' title='bbox 2982 990 3125 1061; x_wconf 90' lang='lat' dir='ltr'><strong>quod</strong></span> <span class='ocrx_word' id='word_1_169' title='bbox 3151 997 3206 1046; x_wconf 91' lang='lat' dir='ltr'><strong>et</strong></span> <span class='ocrx_word' id='word_1_170' title='bbox 3227 988 3281 1043; x_wconf 88' lang='lat' dir='ltr'><strong>id</strong></span> <span class='ocrx_word' id='word_1_171' title='bbox 3306 990 3487 1059; x_wconf 88' lang='lat' dir='ltr'><strong>ipsum</strong></span> <span class='ocrx_word' id='word_1_172' title='bbox 3506 1002 3768 1045; x_wconf 85' lang='lat' dir='ltr'><strong>veneran-</strong></span> 
     </span>
    </p>
   </div>
   <div class='ocr_carea' id='block_1_25' title="bbox 2186 1081 3767 1153">
    <p class='ocr_par' dir='ltr' id='par_1_25' title="bbox 2186 1081 3767 1153">
     <span class='ocr_line' id='line_1_25' title="bbox 2186 1081 3767 1153; baseline -0.003 -14"><span class='ocrx_word' id='word_1_173' title='bbox 2186 1082 2313 1139; x_wconf 92' lang='lat' dir='ltr'><strong>dum</strong></span> <span class='ocrx_word' id='word_1_174' title='bbox 2336 1082 2726 1139; x_wconf 89' lang='lat' dir='ltr'><strong>monasterium</strong></span> <span class='ocrx_word' id='word_1_175' title='bbox 2759 1083 3102 1149; x_wconf 89' lang='lat' dir='ltr'><strong>roboramus,</strong></span> <span class='ocrx_word' id='word_1_176' title='bbox 3131 1090 3189 1138; x_wconf 90' lang='lat' dir='ltr'><strong>et</strong></span> <span class='ocrx_word' id='word_1_177' title='bbox 3213 1081 3512 1153; x_wconf 86' lang='lat' dir='ltr'><strong>apostolica</strong></span> <span class='ocrx_word' id='word_1_178' title='bbox 3536 1082 3767 1138; x_wconf 84' lang='lat' dir='ltr'><strong>auctori-</strong></span> 
     </span>
    </p>
   </div>
   <div class='ocr_carea' id='block_1_26' title="bbox 2186 1176 3772 1234">
    <p class='ocr_par' dir='ltr' id='par_1_26' title="bbox 2186 1176 3772 1234">
     <span class='ocr_line' id='line_1_26' title="bbox 2186 1176 3772 1234; baseline -0.001 -2"><span class='ocrx_word' id='word_1_179' title='bbox 2186 1183 2299 1233; x_wconf 86' lang='lat' dir='ltr'><strong>tate</strong></span> <span class='ocrx_word' id='word_1_180' title='bbox 2333 1176 2465 1233; x_wconf 90' lang='lat' dir='ltr'><strong>inibi</strong></span> <span class='ocrx_word' id='word_1_181' title='bbox 2514 1176 2582 1233; x_wconf 93' lang='lat' dir='ltr'><strong>ad</strong></span> <span class='ocrx_word' id='word_1_182' title='bbox 2623 1178 3070 1234; x_wconf 84' lang='lat' dir='ltr'><strong>sustentationem</strong></span> <span class='ocrx_word' id='word_1_183' title='bbox 3115 1177 3436 1232; x_wconf 87' lang='lat' dir='ltr'><strong>ancillarum</strong></span> <span class='ocrx_word' id='word_1_184' title='bbox 3467 1176 3567 1232; x_wconf 86' lang='lat' dir='ltr'><strong>Dei</strong></span> <span class='ocrx_word' id='word_1_185' title='bbox 3594 1178 3772 1231; x_wconf 54' lang='lat' dir='ltr'><strong>conﬁr.</strong></span> 
     </span>
    </p>
   </div>
   <div class='ocr_carea' id='block_1_27' title="bbox 2186 1269 3770 1342">
    <p class='ocr_par' dir='ltr' id='par_1_27' title="bbox 2186 1269 3770 1342">
     <span class='ocr_line' id='line_1_27' title="bbox 2186 1269 3770 1342; baseline 0.001 -18"><span class='ocrx_word' id='word_1_186' title='bbox 2186 1283 2399 1325; x_wconf 90' lang='lat' dir='ltr'><strong>mamus</strong></span> <span class='ocrx_word' id='word_1_187' title='bbox 2420 1283 2609 1326; x_wconf 89' lang='lat' dir='ltr'><strong>omnes</strong></span> <span class='ocrx_word' id='word_1_188' title='bbox 2641 1283 2752 1335; x_wconf 87' lang='lat' dir='ltr'><strong>res,</strong></span> <span class='ocrx_word' id='word_1_189' title='bbox 2780 1284 2901 1340; x_wconf 72' lang='lat' dir='ltr'><strong>quae</strong></span> <span class='ocrx_word' id='word_1_190' title='bbox 2920 1286 2949 1325; x_wconf 92' lang='lat' dir='ltr'><strong>a</strong></span> <span class='ocrx_word' id='word_1_191' title='bbox 2970 1271 3095 1341; x_wconf 87' lang='lat' dir='ltr'><strong>jure</strong></span> <span class='ocrx_word' id='word_1_192' title='bbox 3120 1270 3366 1342; x_wconf 70' lang='lat' dir='ltr'><strong>praedicti</strong></span> <span class='ocrx_word' id='word_1_193' title='bbox 3387 1269 3639 1341; x_wconf 74' lang='lat' dir='ltr'><strong>epismpi</strong></span> <span class='ocrx_word' id='word_1_194' title='bbox 3659 1284 3770 1325; x_wconf 80' lang='lat' dir='ltr'><strong>cum</strong></span> 
     </span>
    </p>
   </div>
   <div class='ocr_carea' id='block_1_28' title="bbox 2185 1360 3770 1433">
    <p class='ocr_par' dir='ltr' id='par_1_28' title="bbox 2185 1360 3770 1433">
     <span class='ocr_line' id='line_1_28' title="bbox 2185 1360 3770 1433; baseline 0.001 -18"><span class='ocrx_word' id='word_1_195' title='bbox 2185 1360 2374 1417; x_wconf 90' lang='lat' dir='ltr'><strong>eodem</strong></span> <span class='ocrx_word' id='word_1_196' title='bbox 2424 1368 2553 1416; x_wconf 89' lang='lat' dir='ltr'><strong>sunt</strong></span> <span class='ocrx_word' id='word_1_197' title='bbox 2608 1362 2937 1417; x_wconf 87' lang='lat' dir='ltr'><strong>monasterio</strong></span> <span class='ocrx_word' id='word_1_198' title='bbox 2981 1369 3327 1417; x_wconf 65' lang='lat' dir='ltr'><strong>commutata:</strong></span> <span class='ocrx_word' id='word_1_199' title='bbox 3373 1361 3650 1433; x_wconf 88' lang='lat' dir='ltr'><strong>legaliter,</strong></span> <span class='ocrx_word' id='word_1_200' title='bbox 3696 1360 3770 1416; x_wconf 86' lang='lat' dir='ltr'><strong>vel</strong></span> 
     </span>
    </p>
   </div>
   <div class='ocr_carea' id='block_1_29' title="bbox 2186 1450 3772 1523">
    <p class='ocr_par' dir='ltr' id='par_1_29' title="bbox 2186 1450 3772 1523">
     <span class='ocr_line' id='line_1_29' title="bbox 2186 1450 3772 1523; baseline 0.002 -18"><span class='ocrx_word' id='word_1_201' title='bbox 2186 1465 2307 1523; x_wconf 68' lang='lat' dir='ltr'><strong>quae</strong></span> <span class='ocrx_word' id='word_1_202' title='bbox 2334 1466 2365 1506; x_wconf 91' lang='lat' dir='ltr'><strong>a</strong></span> <span class='ocrx_word' id='word_1_203' title='bbox 2392 1450 2637 1508; x_wconf 89' lang='lat' dir='ltr'><strong>ﬁdelibus</strong></span> <span class='ocrx_word' id='word_1_204' title='bbox 2663 1460 2719 1507; x_wconf 91' lang='lat' dir='ltr'><strong>et</strong></span> <span class='ocrx_word' id='word_1_205' title='bbox 2746 1452 2914 1509; x_wconf 91' lang='lat' dir='ltr'><strong>Deum</strong></span> <span class='ocrx_word' id='word_1_206' title='bbox 2945 1453 3262 1510; x_wconf 88' lang='lat' dir='ltr'><strong>timentibus</strong></span> <span class='ocrx_word' id='word_1_207' title='bbox 3294 1462 3425 1510; x_wconf 90' lang='lat' dir='ltr'><strong>sunt</strong></span> <span class='ocrx_word' id='word_1_208' title='bbox 3458 1454 3537 1510; x_wconf 89' lang='lat' dir='ltr'><strong>ibi</strong></span> <span class='ocrx_word' id='word_1_209' title='bbox 3576 1452 3772 1509; x_wconf 80' lang='lat' dir='ltr'><strong>collata:</strong></span> 
     </span>
    </p>
   </div>
   <div class='ocr_carea' id='block_1_30' title="bbox 2188 1540 3770 1611">
    <p class='ocr_par' dir='ltr' id='par_1_30' title="bbox 2188 1540 3770 1611">
     <span class='ocr_line' id='line_1_30' title="bbox 2188 1540 3770 1611; baseline 0.001 -16"><span class='ocrx_word' id='word_1_210' title='bbox 2188 1540 2256 1596; x_wconf 85' lang='lat' dir='ltr'><strong>ad</strong></span> <span class='ocrx_word' id='word_1_211' title='bbox 2302 1553 2460 1595; x_wconf 91' lang='lat' dir='ltr'><strong>usum</strong></span> <span class='ocrx_word' id='word_1_212' title='bbox 2492 1550 2548 1597; x_wconf 91' lang='lat' dir='ltr'><strong>et</strong></span> <span class='ocrx_word' id='word_1_213' title='bbox 2595 1540 2879 1598; x_wconf 88' lang='lat' dir='ltr'><strong>utilitatem</strong></span> <span class='ocrx_word' id='word_1_214' title='bbox 2917 1543 3232 1600; x_wconf 87' lang='lat' dir='ltr'><strong>earumdem</strong></span> <span class='ocrx_word' id='word_1_215' title='bbox 3260 1543 3770 1611; x_wconf 79' lang='lat' dir='ltr'><strong>sanctimonialium,</strong></span> 
     </span>
    </p>
   </div>
   <div class='ocr_carea' id='block_1_31' title="bbox 2189 1631 3772 1704">
    <p class='ocr_par' dir='ltr' id='par_1_31' title="bbox 2189 1631 3772 1704">
     <span class='ocr_line' id='line_1_31' title="bbox 2189 1631 3772 1704; baseline 0.002 -18"><span class='ocrx_word' id='word_1_216' title='bbox 2189 1645 2290 1687; x_wconf 88' lang='lat' dir='ltr'><strong>nec</strong></span> <span class='ocrx_word' id='word_1_217' title='bbox 2311 1645 2417 1688; x_wconf 90' lang='lat' dir='ltr'><strong>non</strong></span> <span class='ocrx_word' id='word_1_218' title='bbox 2435 1641 2491 1687; x_wconf 92' lang='lat' dir='ltr'><strong>et</strong></span> <span class='ocrx_word' id='word_1_219' title='bbox 2511 1631 2747 1688; x_wconf 89' lang='lat' dir='ltr'><strong>decimas</strong></span> <span class='ocrx_word' id='word_1_220' title='bbox 2773 1632 2949 1690; x_wconf 91' lang='lat' dir='ltr'><strong>eidem</strong></span> <span class='ocrx_word' id='word_1_221' title='bbox 2976 1632 3201 1704; x_wconf 77' lang='lat' dir='ltr'><strong>praelato</strong></span> <span class='ocrx_word' id='word_1_222' title='bbox 3218 1632 3558 1690; x_wconf 87' lang='lat' dir='ltr'><strong>monasterio</strong></span> <span class='ocrx_word' id='word_1_223' title='bbox 3582 1648 3772 1689; x_wconf 85' lang='lat' dir='ltr'><strong>annua-</strong></span> 
     </span>
    </p>
   </div>
   <div class='ocr_carea' id='block_1_32' title="bbox 2190 1721 3770 1797">
    <p class='ocr_par' dir='ltr' id='par_1_32' title="bbox 2190 1721 3770 1797">
     <span class='ocr_line' id='line_1_32' title="bbox 2190 1721 3770 1797; baseline 0.002 -21"><span class='ocrx_word' id='word_1_224' title='bbox 2190 1721 2316 1778; x_wconf 89' lang='lat' dir='ltr'><strong>liter</strong></span> <span class='ocrx_word' id='word_1_225' title='bbox 2363 1721 2596 1795; x_wconf 88' lang='lat' dir='ltr'><strong>persolvi</strong></span> <span class='ocrx_word' id='word_1_226' title='bbox 2637 1739 2942 1791; x_wconf 88' lang='lat' dir='ltr'><strong>censemus,</strong></span> <span class='ocrx_word' id='word_1_227' title='bbox 2973 1740 3092 1797; x_wconf 70' lang='lat' dir='ltr'><strong>qua:</strong></span> <span class='ocrx_word' id='word_1_228' title='bbox 3111 1725 3178 1782; x_wconf 88' lang='lat' dir='ltr'><strong>de</strong></span> <span class='ocrx_word' id='word_1_229' title='bbox 3204 1724 3428 1782; x_wconf 86' lang='lat' dir='ltr'><strong>statutis</strong></span> <span class='ocrx_word' id='word_1_230' title='bbox 3443 1724 3594 1782; x_wconf 86' lang='lat' dir='ltr'><strong>villis</strong></span> <span class='ocrx_word' id='word_1_231' title='bbox 3613 1725 3770 1781; x_wconf 86' lang='lat' dir='ltr'><strong>eidem</strong></span> 
     </span>
    </p>
   </div>
   <div class='ocr_carea' id='block_1_33' title="bbox 505 1805 3772 1888">
    <p class='ocr_par' dir='ltr' id='par_1_33' title="bbox 505 1805 3772 1888">
     <span class='ocr_line' id='line_1_33' title="bbox 505 1805 3772 1888; baseline -0.001 -16"><span class='ocrx_word' id='word_1_232' title='bbox 505 1817 753 1874; x_wconf 83' lang='lat' dir='ltr'><strong>actiones</strong></span> <span class='ocrx_word' id='word_1_233' title='bbox 776 1827 969 1873; x_wconf 90' lang='lat' dir='ltr'><strong>contra</strong></span> <span class='ocrx_word' id='word_1_234' title='bbox 998 1818 1262 1874; x_wconf 87' lang='lat' dir='ltr'><strong>rationem</strong></span> <span class='ocrx_word' id='word_1_235' title='bbox 1287 1817 1609 1888; x_wconf 90' lang='lat' dir='ltr'><strong>compellere</strong></span> <span class='ocrx_word' id='word_1_236' title='bbox 1630 1816 1714 1872; x_wconf 89' lang='lat' dir='ltr'><strong>vel</strong></span> <span class='ocrx_word' id='word_1_237' title='bbox 1734 1816 2080 1887; x_wconf 74' lang='lat' dir='ltr'><strong>distringere,</strong></span> <span class='ocrx_word' id='word_1_238' title='bbox 2115 1805 2163 1868; x_wconf 81' lang='grc' dir='ltr'><strong>Β</strong></span> <span class='ocrx_word' id='word_1_239' title='bbox 2189 1812 2304 1869; x_wconf 89' lang='lat' dir='ltr'><strong>dari</strong></span> <span class='ocrx_word' id='word_1_240' title='bbox 2339 1813 2678 1885; x_wconf 88' lang='lat' dir='ltr'><strong>persolvique</strong></span> <span class='ocrx_word' id='word_1_241' title='bbox 2702 1815 2901 1871; x_wconf 86' lang='lat' dir='ltr'><strong>debent</strong></span> <span class='ocrx_word' id='word_1_242' title='bbox 2924 1814 3210 1887; x_wconf 84' lang='lat' dir='ltr'><strong>episcopali</strong></span> <span class='ocrx_word' id='word_1_243' title='bbox 3255 1814 3418 1871; x_wconf 86' lang='lat' dir='ltr'><strong>simul</strong></span> <span class='ocrx_word' id='word_1_244' title='bbox 3456 1823 3513 1870; x_wconf 90' lang='lat' dir='ltr'><strong>et</strong></span> <span class='ocrx_word' id='word_1_245' title='bbox 3547 1814 3772 1887; x_wconf 76' lang='lat' dir='ltr'><strong>synodali</strong></span> 
     </span>
    </p>
   </div>
   <div class='ocr_carea' id='block_1_34' title="bbox 504 1906 2091 1981">
    <p class='ocr_par' dir='ltr' id='par_1_34' title="bbox 504 1906 2091 1981">
     <span class='ocr_line' id='line_1_34' title="bbox 504 1906 2091 1981; baseline -0.004 -14"><span class='ocrx_word' id='word_1_246' title='bbox 504 1910 602 1967; x_wconf 83' lang='lat' dir='ltr'><strong>sed</strong></span> <span class='ocrx_word' id='word_1_247' title='bbox 633 1910 791 1966; x_wconf 87' lang='lat' dir='ltr'><strong>sicuti</strong></span> <span class='ocrx_word' id='word_1_248' title='bbox 823 1924 853 1964; x_wconf 91' lang='lat' dir='ltr'><strong>a</strong></span> <span class='ocrx_word' id='word_1_249' title='bbox 882 1909 1123 1981; x_wconf 80' lang='lat' dir='ltr'><strong>praefatis</strong></span> <span class='ocrx_word' id='word_1_250' title='bbox 1148 1909 1568 1981; x_wconf 75' lang='lat' dir='ltr'><strong>imperatoribus</strong></span> <span class='ocrx_word' id='word_1_251' title='bbox 1596 1908 1876 1977; x_wconf 87' lang='lat' dir='ltr'><strong>Deumque</strong></span> <span class='ocrx_word' id='word_1_252' title='bbox 1903 1906 2091 1961; x_wconf 89' lang='lat' dir='ltr'><strong>timen-</strong></span> 
     </span>
    </p>
   </div>
   <div class='ocr_carea' id='block_1_35' title="bbox 504 1997 2080 2070">
    <p class='ocr_par' dir='ltr' id='par_1_35' title="bbox 504 1997 2080 2070">
     <span class='ocr_line' id='line_1_35' title="bbox 504 1997 2080 2070; baseline -0.004 -14"><span class='ocrx_word' id='word_1_253' title='bbox 504 2000 654 2056; x_wconf 80' lang='lat' dir='ltr'><strong>tibus</strong></span> <span class='ocrx_word' id='word_1_254' title='bbox 677 2014 935 2056; x_wconf 85' lang='lat' dir='ltr'><strong>conccssa</strong></span> <span class='ocrx_word' id='word_1_255' title='bbox 963 2000 1203 2055; x_wconf 75' lang='lat' dir='ltr'><strong>existunt</strong></span> <span class='ocrx_word' id='word_1_256' title='bbox 1241 2008 1404 2070; x_wconf 90' lang='lat' dir='ltr'><strong>atque</strong></span> <span class='ocrx_word' id='word_1_257' title='bbox 1440 1997 1685 2065; x_wconf 88' lang='lat' dir='ltr'><strong>ﬁrmata,</strong></span> <span class='ocrx_word' id='word_1_258' title='bbox 1720 1998 1798 2052; x_wconf 86' lang='lat' dir='ltr'><strong>ita</strong></span> <span class='ocrx_word' id='word_1_259' title='bbox 1827 2012 1925 2052; x_wconf 92' lang='lat' dir='ltr'><strong>nos</strong></span> <span class='ocrx_word' id='word_1_260' title='bbox 1956 2010 2080 2051; x_wconf 89' lang='lat' dir='ltr'><strong>cum</strong></span> 
     </span>
    </p>
   </div>
   <div class='ocr_carea' id='block_1_36' title="bbox 490 2078 2093 2162">
    <p class='ocr_par' dir='ltr' id='par_1_36' title="bbox 490 2078 2093 2162">
     <span class='ocr_line' id='line_1_36' title="bbox 490 2078 2093 2162; baseline -0.003 -15"><span class='ocrx_word' id='word_1_261' title='bbox 490 2091 645 2162; x_wconf 87' lang='lat' dir='ltr'><strong>.ipsis</strong></span> <span class='ocrx_word' id='word_1_262' title='bbox 668 2091 952 2162; x_wconf 83' lang='lat' dir='ltr'><strong>praeceptis</strong></span> <span class='ocrx_word' id='word_1_263' title='bbox 982 2089 1357 2161; x_wconf 84' lang='lat' dir='ltr'><strong>augustalibus</strong></span> <span class='ocrx_word' id='word_1_264' title='bbox 1383 2090 1565 2145; x_wconf 88' lang='lat' dir='ltr'><strong>omnia</strong></span> <span class='ocrx_word' id='word_1_265' title='bbox 1608 2097 1670 2143; x_wconf 91' lang='lat' dir='ltr'><strong>ut</strong></span> <span class='ocrx_word' id='word_1_266' title='bbox 1708 2103 1773 2143; x_wconf 89' lang='lat' dir='ltr'><strong>ea</strong></span> <span class='ocrx_word' id='word_1_267' title='bbox 1816 2078 2093 2143; x_wconf 77' lang='lat' dir='ltr'><strong>Continere</strong></span> 
     </span>
    </p>
   </div>
   <div class='ocr_carea' id='block_1_37' title="bbox 494 2176 2092 2251">
    <p class='ocr_par' dir='ltr' id='par_1_37' title="bbox 494 2176 2092 2251">
     <span class='ocr_line' id='line_1_37' title="bbox 494 2176 2092 2251; baseline 0 -18"><span class='ocrx_word' id='word_1_268' title='bbox 494 2182 763 2245; x_wconf 40' lang='lat' dir='ltr'><strong>,videntur</strong></span> <span class='ocrx_word' id='word_1_269' title='bbox 781 2182 1015 2251; x_wconf 85' lang='lat' dir='ltr'><strong>ascripta</strong></span> <span class='ocrx_word' id='word_1_270' title='bbox 1040 2180 1423 2237; x_wconf 88' lang='lat' dir='ltr'><strong>inviolabiliter</strong></span> <span class='ocrx_word' id='word_1_271' title='bbox 1434 2180 1501 2235; x_wconf 90' lang='lat' dir='ltr'><strong>ab</strong></span> <span class='ocrx_word' id='word_1_272' title='bbox 1514 2178 1765 2235; x_wconf 89' lang='lat' dir='ltr'><strong>omnibus</strong></span> <span class='ocrx_word' id='word_1_273' title='bbox 1784 2186 1984 2235; x_wconf 86' lang='lat' dir='ltr'><strong>sanctae</strong></span> <span class='ocrx_word' id='word_1_274' title='bbox 1996 2176 2092 2233; x_wconf 89' lang='lat' dir='ltr'><strong>Dei</strong></span> 
     </span>
    </p>
   </div>
   <div class='ocr_carea' id='block_1_38' title="bbox 490 2268 2093 2342">
    <p class='ocr_par' dir='ltr' id='par_1_38' title="bbox 490 2268 2093 2342">
     <span class='ocr_line' id='line_1_38' title="bbox 490 2268 2093 2342; baseline -0.002 -17"><span class='ocrx_word' id='word_1_275' title='bbox 490 2272 778 2328; x_wconf 68' lang='lat' dir='ltr'><strong>Ecclesim</strong></span> <span class='ocrx_word' id='word_1_276' title='bbox 805 2272 1056 2328; x_wconf 91' lang='lat' dir='ltr'><strong>ﬁdelibus</strong></span> <span class='ocrx_word' id='word_1_277' title='bbox 1086 2271 1383 2342; x_wconf 89' lang='lat' dir='ltr'><strong>apostolica</strong></span> <span class='ocrx_word' id='word_1_278' title='bbox 1414 2270 1737 2327; x_wconf 88' lang='lat' dir='ltr'><strong>auctoritate</strong></span> <span class='ocrx_word' id='word_1_279' title='bbox 1760 2269 1974 2323; x_wconf 90' lang='lat' dir='ltr'><strong>ﬁrmata</strong></span> <span class='ocrx_word' id='word_1_280' title='bbox 1996 2268 2093 2324; x_wconf 88' lang='lat' dir='ltr'><strong>ob-</strong></span> 
     </span>
    </p>
   </div>
   <div class='ocr_carea' id='block_1_39' title="bbox 491 2356 2093 2433">
    <p class='ocr_par' dir='ltr' id='par_1_39' title="bbox 491 2356 2093 2433">
     <span class='ocr_line' id='line_1_39' title="bbox 491 2356 2093 2433; baseline -0.003 -16"><span class='ocrx_word' id='word_1_281' title='bbox 491 2362 779 2418; x_wconf 81' lang='lat' dir='ltr'><strong>servanda</strong></span> <span class='ocrx_word' id='word_1_282' title='bbox 810 2362 1177 2433; x_wconf 63' lang='lat' dir='ltr'><strong>praecipimus,</strong></span> <span class='ocrx_word' id='word_1_283' title='bbox 1212 2369 1516 2417; x_wconf 88' lang='lat' dir='ltr'><strong>statuentes</strong></span> <span class='ocrx_word' id='word_1_284' title='bbox 1541 2358 1884 2416; x_wconf 90' lang='lat' dir='ltr'><strong>decernendo</strong></span> <span class='ocrx_word' id='word_1_285' title='bbox 1913 2365 1975 2413; x_wconf 91' lang='lat' dir='ltr'><strong>ut</strong></span> <span class='ocrx_word' id='word_1_286' title='bbox 2001 2356 2093 2429; x_wconf 92' lang='lat' dir='ltr'><strong>qui</strong></span> 
     </span>
    </p>
   </div>
   <div class='ocr_carea' id='block_1_40' title="bbox 512 2448 2094 2522">
    <p class='ocr_par' dir='ltr' id='par_1_40' title="bbox 512 2448 2094 2522">
     <span class='ocr_line' id='line_1_40' title="bbox 512 2448 2094 2522; baseline -0.003 -15"><span class='ocrx_word' id='word_1_287' title='bbox 512 2454 806 2509; x_wconf 83' lang='lat' dir='ltr'><strong>temerario</strong></span> <span class='ocrx_word' id='word_1_288' title='bbox 831 2469 990 2518; x_wconf 88' lang='lat' dir='ltr'><strong>ausu,</strong></span> <span class='ocrx_word' id='word_1_289' title='bbox 1040 2452 1184 2522; x_wconf 91' lang='lat' dir='ltr'><strong>quod</strong></span> <span class='ocrx_word' id='word_1_290' title='bbox 1214 2467 1321 2507; x_wconf 90' lang='lat' dir='ltr'><strong>non</strong></span> <span class='ocrx_word' id='word_1_291' title='bbox 1348 2461 1621 2522; x_wconf 85' lang='lat' dir='ltr'><strong>optamus,</strong></span> <span class='ocrx_word' id='word_1_292' title='bbox 1650 2458 1840 2507; x_wconf 88' lang='lat' dir='ltr'><strong>contra</strong></span> <span class='ocrx_word' id='word_1_293' title='bbox 1867 2448 1973 2504; x_wconf 88' lang='lat' dir='ltr'><strong>hoc</strong></span> <span class='ocrx_word' id='word_1_294' title='bbox 1999 2462 2094 2503; x_wconf 88' lang='lat' dir='ltr'><strong>no-</strong></span> 
     </span>
    </p>
   </div>
   <div class='ocr_carea' id='block_1_41' title="bbox 511 2542 2097 2615">
    <p class='ocr_par' dir='ltr' id='par_1_41' title="bbox 511 2542 2097 2615">
     <span class='ocr_line' id='line_1_41' title="bbox 511 2542 2097 2615; baseline -0.005 -15"><span class='ocrx_word' id='word_1_295' title='bbox 511 2553 683 2600; x_wconf 88' lang='lat' dir='ltr'><strong>strum</strong></span> <span class='ocrx_word' id='word_1_296' title='bbox 707 2544 1061 2615; x_wconf 89' lang='lat' dir='ltr'><strong>apostolicum</strong></span> <span class='ocrx_word' id='word_1_297' title='bbox 1078 2543 1420 2615; x_wconf 78' lang='lat' dir='ltr'><strong>privilegium</strong></span> <span class='ocrx_word' id='word_1_298' title='bbox 1445 2542 1526 2598; x_wconf 89' lang='lat' dir='ltr'><strong>ire</strong></span> <span class='ocrx_word' id='word_1_299' title='bbox 1537 2542 1621 2597; x_wconf 90' lang='lat' dir='ltr'><strong>vel</strong></span> <span class='ocrx_word' id='word_1_300' title='bbox 1649 2555 1809 2613; x_wconf 90' lang='lat' dir='ltr'><strong>agere</strong></span> <span class='ocrx_word' id='word_1_301' title='bbox 1835 2553 2097 2612; x_wconf 68' lang='lat' dir='ltr'><strong>praesum-</strong></span> 
     </span>
    </p>
   </div>
   <div class='ocr_carea' id='block_1_42' title="bbox 510 2634 2095 2707">
    <p class='ocr_par' dir='ltr' id='par_1_42' title="bbox 510 2634 2095 2707">
     <span class='ocr_line' id='line_1_42' title="bbox 510 2634 2095 2707; baseline -0.002 -18"><span class='ocrx_word' id='word_1_302' title='bbox 510 2637 713 2707; x_wconf 83' lang='lat' dir='ltr'><strong>pserit,</strong></span> <span class='ocrx_word' id='word_1_303' title='bbox 756 2646 812 2693; x_wconf 91' lang='lat' dir='ltr'><strong>et</strong></span> <span class='ocrx_word' id='word_1_304' title='bbox 850 2637 903 2691; x_wconf 92' lang='lat' dir='ltr'><strong>in</strong></span> <span class='ocrx_word' id='word_1_305' title='bbox 943 2644 1056 2692; x_wconf 89' lang='lat' dir='ltr'><strong>toto</strong></span> <span class='ocrx_word' id='word_1_306' title='bbox 1096 2637 1180 2705; x_wconf 85' lang='lat' dir='ltr'><strong>vel</strong></span> <span class='ocrx_word' id='word_1_307' title='bbox 1218 2652 1284 2691; x_wconf 86' lang='lat' dir='ltr'><strong>ex</strong></span> <span class='ocrx_word' id='word_1_308' title='bbox 1328 2642 1511 2707; x_wconf 89' lang='lat' dir='ltr'><strong>parte,</strong></span> <span class='ocrx_word' id='word_1_309' title='bbox 1564 2634 1706 2705; x_wconf 87' lang='lat' dir='ltr'><strong>quod</strong></span> <span class='ocrx_word' id='word_1_310' title='bbox 1756 2646 2095 2704; x_wconf 88' lang='lat' dir='ltr'><strong>nequaquam</strong></span> 
     </span>
    </p>
   </div>
   <div class='ocr_carea' id='block_1_43' title="bbox 494 2722 2097 2801">
    <p class='ocr_par' dir='ltr' id='par_1_43' title="bbox 494 2722 2097 2801">
     <span class='ocr_line' id='line_1_43' title="bbox 494 2722 2097 2801; baseline -0.002 -20"><span class='ocrx_word' id='word_1_311' title='bbox 494 2727 641 2801; x_wconf 57' lang='lat' dir='ltr'><strong>;ﬁeri</strong></span> <span class='ocrx_word' id='word_1_312' title='bbox 671 2728 1027 2801; x_wconf 82' lang='lat' dir='ltr'><strong>mandamus,</strong></span> <span class='ocrx_word' id='word_1_313' title='bbox 1060 2727 1355 2798; x_wconf 81' lang='lat' dir='ltr'><strong>infringere</strong></span> <span class='ocrx_word' id='word_1_314' title='bbox 1380 2726 1673 2784; x_wconf 88' lang='lat' dir='ltr'><strong>tentaverit</strong></span> <span class='ocrx_word' id='word_1_315' title='bbox 1700 2727 1806 2782; x_wconf 91' lang='lat' dir='ltr'><strong>hoc</strong></span> <span class='ocrx_word' id='word_1_316' title='bbox 1847 2724 1990 2795; x_wconf 92' lang='lat' dir='ltr'><strong>quod</strong></span> <span class='ocrx_word' id='word_1_317' title='bbox 2028 2722 2097 2779; x_wconf 90' lang='lat' dir='ltr'><strong>ad</strong></span> 
     </span>
    </p>
   </div>
   <div class='ocr_carea' id='block_1_44' title="bbox 517 2808 2097 2893">
    <p class='ocr_par' dir='ltr' id='par_1_44' title="bbox 517 2808 2097 2893">
     <span class='ocr_line' id='line_1_44' title="bbox 517 2808 2097 2893; baseline 0 -22"><span class='ocrx_word' id='word_1_318' title='bbox 517 2816 735 2893; x_wconf 84' lang='lat' dir='ltr'><strong>laudem</strong></span> <span class='ocrx_word' id='word_1_319' title='bbox 774 2818 877 2891; x_wconf 85' lang='lat' dir='ltr'><strong>Dei</strong></span> <span class='ocrx_word' id='word_1_320' title='bbox 922 2808 1313 2889; x_wconf 87' lang='lat' dir='ltr'><strong>omnipotentis</strong></span> <span class='ocrx_word' id='word_1_321' title='bbox 1355 2827 1412 2872; x_wconf 87' lang='lat' dir='ltr'><strong>et</strong></span> <span class='ocrx_word' id='word_1_322' title='bbox 1460 2816 1810 2872; x_wconf 85' lang='lat' dir='ltr'><strong>stabilitatem</strong></span> <span class='ocrx_word' id='word_1_323' title='bbox 1856 2816 2097 2887; x_wconf 86' lang='lat' dir='ltr'><strong>ejusdem</strong></span> 
     </span>
    </p>
   </div>
   <div class='ocr_carea' id='block_1_45' title="bbox 511 2890 2098 2981">
    <p class='ocr_par' dir='ltr' id='par_1_45' title="bbox 511 2890 2098 2981">
     <span class='ocr_line' id='line_1_45' title="bbox 511 2890 2098 2981; baseline 0.001 -17"><span class='ocrx_word' id='word_1_324' title='bbox 511 2890 841 2981; x_wconf 67' lang='lat' dir='ltr'><strong>monasterii</strong></span> <span class='ocrx_word' id='word_1_325' title='bbox 866 2890 931 2965; x_wconf 84' lang='lat' dir='ltr'><strong>ac</strong></span> <span class='ocrx_word' id='word_1_326' title='bbox 961 2911 1354 2966; x_wconf 86' lang='lat' dir='ltr'><strong>monachorum</strong></span> <span class='ocrx_word' id='word_1_327' title='bbox 1398 2910 1844 2966; x_wconf 85' lang='lat' dir='ltr'><strong>sustentationem</strong></span> <span class='ocrx_word' id='word_1_328' title='bbox 1890 2910 1959 2965; x_wconf 85' lang='lat' dir='ltr'><strong>ad</strong></span> <span class='ocrx_word' id='word_1_329' title='bbox 2003 2924 2098 2965; x_wconf 91' lang='lat' dir='ltr'><strong>no-</strong></span> 
     </span>
    </p>
   </div>
   <div class='ocr_carea' id='block_1_46' title="bbox 515 3002 2097 3075">
    <p class='ocr_par' dir='ltr' id='par_1_46' title="bbox 515 3002 2097 3075">
     <span class='ocr_line' id='line_1_46' title="bbox 515 3002 2097 3075; baseline 0.001 -17"><span class='ocrx_word' id='word_1_330' title='bbox 515 3012 646 3058; x_wconf 88' lang='lat' dir='ltr'><strong>strae</strong></span> <span class='ocrx_word' id='word_1_331' title='bbox 672 3004 951 3059; x_wconf 85' lang='lat' dir='ltr'><strong>mercedis</strong></span> <span class='ocrx_word' id='word_1_332' title='bbox 966 3015 1311 3075; x_wconf 87' lang='lat' dir='ltr'><strong>augmentum</strong></span> <span class='ocrx_word' id='word_1_333' title='bbox 1333 3004 1517 3060; x_wconf 89' lang='lat' dir='ltr'><strong>divino</strong></span> <span class='ocrx_word' id='word_1_334' title='bbox 1545 3004 1673 3059; x_wconf 88' lang='lat' dir='ltr'><strong>tacti</strong></span> <span class='ocrx_word' id='word_1_335' title='bbox 1691 3017 1877 3058; x_wconf 89' lang='lat' dir='ltr'><strong>amore</strong></span> <span class='ocrx_word' id='word_1_336' title='bbox 1899 3002 2097 3059; x_wconf 87' lang='lat' dir='ltr'><strong>statui-</strong></span> 
     </span>
    </p>
   </div>
   <div class='ocr_carea' id='block_1_47' title="bbox 513 3093 2097 3159">
    <p class='ocr_par' dir='ltr' id='par_1_47' title="bbox 513 3093 2097 3159">
     <span class='ocr_line' id='line_1_47' title="bbox 513 3093 2097 3159; baseline 0.001 -13"><span class='ocrx_word' id='word_1_337' title='bbox 513 3107 657 3157; x_wconf 85' lang='lat' dir='ltr'><strong>mus,</strong></span> <span class='ocrx_word' id='word_1_338' title='bbox 676 3093 888 3147; x_wconf 90' lang='lat' dir='ltr'><strong>noverit</strong></span> <span class='ocrx_word' id='word_1_339' title='bbox 918 3108 974 3148; x_wconf 86' lang='lat' dir='ltr'><strong>se</strong></span> <span class='ocrx_word' id='word_1_340' title='bbox 995 3093 1573 3149; x_wconf 81' lang='lat' dir='ltr'><strong>excommunicandum</strong></span> <span class='ocrx_word' id='word_1_341' title='bbox 1602 3102 1677 3159; x_wconf 92' lang='lat' dir='ltr'><strong>et,</strong></span> <span class='ocrx_word' id='word_1_342' title='bbox 1708 3093 1812 3149; x_wconf 91' lang='lat' dir='ltr'><strong>nisi</strong></span> <span class='ocrx_word' id='word_1_343' title='bbox 1837 3093 2097 3149; x_wconf 91' lang='lat' dir='ltr'><strong>obediens</strong></span> 
     </span>
    </p>
   </div>
   <div class='ocr_carea' id='block_1_48' title="bbox 514 3179 2100 3253">
    <p class='ocr_par' dir='ltr' id='par_1_48' title="bbox 514 3179 2100 3253">
     <span class='ocr_line' id='line_1_48' title="bbox 514 3179 2100 3253; baseline 0.003 -17"><span class='ocrx_word' id='word_1_344' title='bbox 514 3179 701 3248; x_wconf 82' lang='lat' dir='ltr'><strong>fuerit,</strong></span> <span class='ocrx_word' id='word_1_345' title='bbox 730 3181 1074 3237; x_wconf 81' lang='lat' dir='ltr'><strong>anathemate</strong></span> <span class='ocrx_word' id='word_1_346' title='bbox 1099 3182 1432 3250; x_wconf 76' lang='lat' dir='ltr'><strong>feriendum;</strong></span> <span class='ocrx_word' id='word_1_347' title='bbox 1462 3184 1552 3253; x_wconf 92' lang='lat' dir='ltr'><strong>qui</strong></span> <span class='ocrx_word' id='word_1_348' title='bbox 1579 3199 1708 3240; x_wconf 91' lang='lat' dir='ltr'><strong>vero</strong></span> <span class='ocrx_word' id='word_1_349' title='bbox 1731 3193 1913 3240; x_wconf 86' lang='lat' dir='ltr'><strong>custos</strong></span> <span class='ocrx_word' id='word_1_350' title='bbox 1937 3184 2100 3241; x_wconf 83' lang='lat' dir='ltr'><strong>fuerit</strong></span> 
     </span>
    </p>
   </div>
   <div class='ocr_carea' id='block_1_49' title="bbox 517 3270 2101 3343">
    <p class='ocr_par' dir='ltr' id='par_1_49' title="bbox 517 3270 2101 3343">
     <span class='ocr_line' id='line_1_49' title="bbox 517 3270 2101 3343; baseline 0.001 -18"><span class='ocrx_word' id='word_1_351' title='bbox 517 3286 584 3326; x_wconf 89' lang='lat' dir='ltr'><strong>ac</strong></span> <span class='ocrx_word' id='word_1_352' title='bbox 610 3270 952 3334; x_wconf 89' lang='lat' dir='ltr'><strong>observator,</strong></span> <span class='ocrx_word' id='word_1_353' title='bbox 985 3271 1421 3326; x_wconf 86' lang='lat' dir='ltr'><strong>benedictionem</strong></span> <span class='ocrx_word' id='word_1_354' title='bbox 1449 3286 1513 3327; x_wconf 90' lang='lat' dir='ltr'><strong>ac</strong></span> <span class='ocrx_word' id='word_1_355' title='bbox 1542 3272 1770 3340; x_wconf 83' lang='lat' dir='ltr'><strong>gratiam</strong></span> <span class='ocrx_word' id='word_1_356' title='bbox 1798 3287 2101 3343; x_wconf 81' lang='lat' dir='ltr'><strong>consequa-</strong></span> 
     </span>
    </p>
   </div>
   <div class='ocr_carea' id='block_1_50' title="bbox 514 3361 2101 3435">
    <p class='ocr_par' dir='ltr' id='par_1_50' title="bbox 514 3361 2101 3435">
     <span class='ocr_line' id='line_1_50' title="bbox 514 3361 2101 3435; baseline 0.003 -18"><span class='ocrx_word' id='word_1_357' title='bbox 514 3372 628 3418; x_wconf 85' lang='lat' dir='ltr'><strong>tur.</strong></span> <span class='ocrx_word' id='word_1_358' title='bbox 652 3361 926 3434; x_wconf 89' lang='lat' dir='ltr'><strong>Scriptum</strong></span> <span class='ocrx_word' id='word_1_359' title='bbox 956 3378 1053 3435; x_wconf 80' lang='lat' dir='ltr'><strong>pcr</strong></span> <span class='ocrx_word' id='word_1_360' title='bbox 1080 3378 1298 3419; x_wconf 90' lang='lat' dir='ltr'><strong>manum</strong></span> <span class='ocrx_word' id='word_1_361' title='bbox 1324 3362 1569 3435; x_wconf 86' lang='lat' dir='ltr'><strong>Gregorii</strong></span> <span class='ocrx_word' id='word_1_362' title='bbox 1599 3362 1868 3420; x_wconf 86' lang='lat' dir='ltr'><strong>scriniarii</strong></span> <span class='ocrx_word' id='word_1_363' title='bbox 1900 3373 2101 3421; x_wconf 77' lang='lat' dir='ltr'><strong>sancta:</strong></span> 
     </span>
    </p>
   </div>
   <div class='ocr_carea' id='block_1_51' title="bbox 518 3454 2098 3525">
    <p class='ocr_par' dir='ltr' id='par_1_51' title="bbox 518 3454 2098 3525">
     <span class='ocr_line' id='line_1_51' title="bbox 518 3454 2098 3525; baseline 0.002 -14"><span class='ocrx_word' id='word_1_364' title='bbox 518 3454 777 3512; x_wconf 62' lang='lat' dir='ltr'><strong>Romanis:</strong></span> <span class='ocrx_word' id='word_1_365' title='bbox 806 3457 1083 3524; x_wconf 70' lang='lat' dir='ltr'><strong>Ecclesim,</strong></span> <span class='ocrx_word' id='word_1_366' title='bbox 1115 3459 1170 3513; x_wconf 92' lang='lat' dir='ltr'><strong>in</strong></span> <span class='ocrx_word' id='word_1_367' title='bbox 1200 3471 1385 3514; x_wconf 89' lang='lat' dir='ltr'><strong>mense</strong></span> <span class='ocrx_word' id='word_1_368' title='bbox 1416 3457 1579 3525; x_wconf 80' lang='lat' dir='ltr'><strong>Maio,</strong></span> <span class='ocrx_word' id='word_1_369' title='bbox 1613 3458 1906 3514; x_wconf 87' lang='lat' dir='ltr'><strong>indictione</strong></span> <span class='ocrx_word' id='word_1_370' title='bbox 1935 3475 2098 3515; x_wconf 89' lang='lat' dir='ltr'><strong>nona.</strong></span> 
     </span>
    </p>
   </div>
   <div class='ocr_carea' id='block_1_52' title="bbox 589 3550 1108 3623">
    <p class='ocr_par' dir='ltr' id='par_1_52' title="bbox 589 3550 1108 3623">
     <span class='ocr_line' id='line_1_52' title="bbox 589 3550 1108 3623; baseline 0 -18"><span class='ocrx_word' id='word_1_371' title='bbox 589 3551 629 3621; x_wconf 70' lang='grc' dir='ltr'><strong>οξ·</strong></span> <span class='ocrx_word' id='word_1_372' title='bbox 657 3550 806 3606; x_wconf 87' lang='lat' dir='ltr'><strong>Bene</strong></span> <span class='ocrx_word' id='word_1_373' title='bbox 837 3550 1032 3607; x_wconf 87' lang='lat' dir='ltr'><strong>valete.</strong></span> <span class='ocrx_word' id='word_1_374' title='bbox 1068 3551 1108 3623; x_wconf 77' lang='grc' dir='ltr'><strong>-ι-</strong></span> 
     </span>
    </p>
   </div>
   <div class='ocr_carea' id='block_1_53' title="bbox 587 3640 2101 3713">
    <p class='ocr_par' dir='ltr' id='par_1_53' title="bbox 587 3640 2101 3713">
     <span class='ocr_line' id='line_1_53' title="bbox 587 3640 2101 3713; baseline 0.001 -17"><span class='ocrx_word' id='word_1_375' title='bbox 587 3642 723 3696; x_wconf 89' lang='lat' dir='ltr'><strong>Data</strong></span> <span class='ocrx_word' id='word_1_376' title='bbox 744 3658 797 3697; x_wconf 83' lang='lat' dir='ltr'><strong>iv</strong></span> <span class='ocrx_word' id='word_1_377' title='bbox 820 3641 939 3697; x_wconf 83' lang='lat' dir='ltr'><strong>Kal.</strong></span> <span class='ocrx_word' id='word_1_378' title='bbox 966 3642 1090 3698; x_wconf 83' lang='lat' dir='ltr'><strong>Julii</strong></span> <span class='ocrx_word' id='word_1_379' title='bbox 1110 3657 1205 3713; x_wconf 92' lang='lat' dir='ltr'><strong>per</strong></span> <span class='ocrx_word' id='word_1_380' title='bbox 1222 3657 1440 3698; x_wconf 89' lang='lat' dir='ltr'><strong>manum</strong></span> <span class='ocrx_word' id='word_1_381' title='bbox 1455 3640 1720 3713; x_wconf 86' lang='lat' dir='ltr'><strong>Stephani</strong></span> <span class='ocrx_word' id='word_1_382' title='bbox 1744 3642 2101 3700; x_wconf 88' lang='lat' dir='ltr'><strong>secundicerii</strong></span> 
     </span>
    </p>
   </div>
   <div class='ocr_carea' id='block_1_54' title="bbox 519 3734 2101 3808">
    <p class='ocr_par' dir='ltr' id='par_1_54' title="bbox 519 3734 2101 3808">
     <span class='ocr_line' id='line_1_54' title="bbox 519 3734 2101 3808; baseline -0.001 -19"><span class='ocrx_word' id='word_1_383' title='bbox 519 3742 720 3789; x_wconf 75' lang='lat' dir='ltr'><strong>sanctae</strong></span> <span class='ocrx_word' id='word_1_384' title='bbox 747 3734 892 3789; x_wconf 89' lang='lat' dir='ltr'><strong>sedis</strong></span> <span class='ocrx_word' id='word_1_385' title='bbox 919 3734 1257 3805; x_wconf 83' lang='lat' dir='ltr'><strong>apostolicae,</strong></span> <span class='ocrx_word' id='word_1_386' title='bbox 1287 3750 1453 3802; x_wconf 90' lang='lat' dir='ltr'><strong>anno,</strong></span> <span class='ocrx_word' id='word_1_387' title='bbox 1475 3735 1587 3791; x_wconf 90' lang='lat' dir='ltr'><strong>Deo</strong></span> <span class='ocrx_word' id='word_1_388' title='bbox 1606 3736 1859 3808; x_wconf 89' lang='lat' dir='ltr'><strong>propitio,</strong></span> <span class='ocrx_word' id='word_1_389' title='bbox 1882 3734 2101 3805; x_wconf 89' lang='lat' dir='ltr'><strong>pontiﬁ-</strong></span> 
     </span>
    </p>
   </div>
   <div class='ocr_carea' id='block_1_55' title="bbox 522 3826 2102 3898">
    <p class='ocr_par' dir='ltr' id='par_1_55' title="bbox 522 3826 2102 3898">
     <span class='ocr_line' id='line_1_55' title="bbox 522 3826 2102 3898; baseline 0 -18"><span class='ocrx_word' id='word_1_390' title='bbox 522 3835 681 3880; x_wconf 87' lang='lat' dir='ltr'><strong>catus</strong></span> <span class='ocrx_word' id='word_1_391' title='bbox 711 3826 894 3881; x_wconf 86' lang='lat' dir='ltr'><strong>domui</strong></span> <span class='ocrx_word' id='word_1_392' title='bbox 929 3827 1191 3898; x_wconf 84' lang='lat' dir='ltr'><strong>Stephani</strong></span> <span class='ocrx_word' id='word_1_393' title='bbox 1234 3828 1434 3883; x_wconf 88' lang='lat' dir='ltr'><strong>summi</strong></span> <span class='ocrx_word' id='word_1_394' title='bbox 1477 3827 1748 3897; x_wconf 88' lang='lat' dir='ltr'><strong>pontiﬁcis</strong></span> <span class='ocrx_word' id='word_1_395' title='bbox 1791 3835 1846 3881; x_wconf 90' lang='lat' dir='ltr'><strong>et</strong></span> <span class='ocrx_word' id='word_1_396' title='bbox 1886 3826 2102 3880; x_wconf 82' lang='lat' dir='ltr'><strong>univer—</strong></span> 
     </span>
    </p>
   </div>
   <div class='ocr_carea' id='block_1_56' title="bbox 518 3917 2101 3994">
    <p class='ocr_par' dir='ltr' id='par_1_56' title="bbox 518 3917 2101 3994">
     <span class='ocr_line' id='line_1_56' title="bbox 518 3917 2101 3994; baseline 0.003 -20"><span class='ocrx_word' id='word_1_397' title='bbox 518 3917 648 3974; x_wconf 83' lang='lat' dir='ltr'><strong>salis</strong></span> <span class='ocrx_word' id='word_1_398' title='bbox 675 3934 826 3990; x_wconf 72' lang='lat' dir='ltr'><strong>papte</strong></span> <span class='ocrx_word' id='word_1_399' title='bbox 854 3920 908 3975; x_wconf 90' lang='lat' dir='ltr'><strong>in</strong></span> <span class='ocrx_word' id='word_1_400' title='bbox 937 3921 1309 3977; x_wconf 85' lang='lat' dir='ltr'><strong>sacratissima</strong></span> <span class='ocrx_word' id='word_1_401' title='bbox 1338 3924 1468 3979; x_wconf 88' lang='lat' dir='ltr'><strong>sede</strong></span> <span class='ocrx_word' id='word_1_402' title='bbox 1496 3922 1642 3979; x_wconf 88' lang='lat' dir='ltr'><strong>beati</strong></span> <span class='ocrx_word' id='word_1_403' title='bbox 1681 3920 1829 3978; x_wconf 90' lang='lat' dir='ltr'><strong>Petri</strong></span> <span class='ocrx_word' id='word_1_404' title='bbox 1870 3923 2101 3994; x_wconf 87' lang='lat' dir='ltr'><strong>apostoli</strong></span> 
     </span>
    </p>
   </div>
   <div class='ocr_carea' id='block_1_57' title="bbox 519 4012 1352 4079">
    <p class='ocr_par' dir='ltr' id='par_1_57' title="bbox 519 4012 1352 4079">
     <span class='ocr_line' id='line_1_57' title="bbox 519 4012 1352 4079; baseline 0.001 -12"><span class='ocrx_word' id='word_1_405' title='bbox 519 4022 676 4068; x_wconf 82' lang='lat' dir='ltr'><strong>sexto</strong></span> <span class='ocrx_word' id='word_1_406' title='bbox 696 4053 710 4079; x_wconf 92' lang='lat'><strong>,</strong></span> <span class='ocrx_word' id='word_1_407' title='bbox 741 4012 1037 4070; x_wconf 85' lang='lat' dir='ltr'><strong>indictione</strong></span> <span class='ocrx_word' id='word_1_408' title='bbox 1066 4014 1119 4069; x_wconf 92' lang='lat'><strong>8.</strong></span> <span class='ocrx_word' id='word_1_409' title='bbox 1156 4014 1352 4070; x_wconf 86' lang='lat' dir='ltr'><strong>Amen.</strong></span> 
     </span>
    </p>
   </div>
   <div class='ocr_carea' id='block_1_58' title="bbox 1224 4172 1393 4230">
    <p class='ocr_par' dir='ltr' id='par_1_58' title="bbox 1224 4172 1393 4230">
     <span class='ocr_line' id='line_1_58' title="bbox 1224 4172 1393 4230; baseline -0.006 -2"><span class='ocrx_word' id='word_1_410' title='bbox 1224 4172 1393 4230; x_wconf 87' lang='lat' dir='ltr'><strong>XXX.</strong></span> 
     </span>
    </p>
   </div>
   <div class='ocr_carea' id='block_1_59' title="bbox 735 4302 1887 4347">
    <p class='ocr_par' dir='ltr' id='par_1_59' title="bbox 735 4302 1887 4347">
     <span class='ocr_line' id='line_1_59' title="bbox 735 4302 1887 4347; baseline 0.001 -3"><span class='ocrx_word' id='word_1_411' title='bbox 735 4302 1077 4346; x_wconf 70' lang='lat' dir='ltr'><strong>PBIVILEGIUM</strong></span> <span class='ocrx_word' id='word_1_412' title='bbox 1099 4304 1202 4345; x_wconf 68' lang='grc' dir='ltr'><strong>ιδιιο</strong></span> <span class='ocrx_word' id='word_1_413' title='bbox 1223 4303 1560 4347; x_wconf 70' lang='grc' dir='ltr'><strong>κοΝΑετειιιο</strong></span> <span class='ocrx_word' id='word_1_414' title='bbox 1582 4302 1887 4346; x_wconf 72' lang='lat' dir='ltr'><strong>HBRTIENSI.</strong></span> 
     </span>
    </p>
   </div>
   <div class='ocr_carea' id='block_1_60' title="bbox 1130 4403 1489 4476">
    <p class='ocr_par' dir='ltr' id='par_1_60' title="bbox 1130 4403 1489 4476">
     <span class='ocr_line' id='line_1_60' title="bbox 1130 4403 1489 4476; baseline 0.006 -20"><span class='ocrx_word' id='word_1_415' title='bbox 1130 4403 1304 4473; x_wconf 77' lang='lat' dir='ltr'><strong>(Auno</strong></span> <span class='ocrx_word' id='word_1_416' title='bbox 1338 4404 1489 4476; x_wconf 77' lang='grc'><strong>891.)</strong></span> 
     </span>
    </p>
   </div>
   <div class='ocr_carea' id='block_1_61' title="bbox 945 4515 1661 4595">
    <p class='ocr_par' dir='ltr' id='par_1_61' title="bbox 945 4515 1661 4595">
     <span class='ocr_line' id='line_1_61' title="bbox 945 4515 1661 4595; baseline 0.001 -23"><span class='ocrx_word' id='word_1_417' title='bbox 945 4515 1199 4589; x_wconf 87' lang='lat' dir='ltr'><strong>[Eccard,</strong></span> <span class='ocrx_word' id='word_1_418' title='bbox 1223 4519 1375 4587; x_wconf 79' lang='lat' dir='ltr'><strong>ibid.,</strong></span> <span class='ocrx_word' id='word_1_419' title='bbox 1399 4535 1519 4592; x_wconf 91' lang='lat' dir='ltr'><strong>pag.</strong></span> <span class='ocrx_word' id='word_1_420' title='bbox 1544 4518 1661 4595; x_wconf 76' lang='lat'><strong>58.]</strong></span> 
     </span>
    </p>
   </div>
   <div class='ocr_carea' id='block_1_62' title="bbox 505 4694 2102 4731">
    <p class='ocr_par' dir='ltr' id='par_1_62' title="bbox 505 4694 2102 4731">
     <span class='ocr_line' id='line_1_62' title="bbox 505 4694 2102 4731; baseline 0.001 -2"><span class='ocrx_word' id='word_1_421' title='bbox 505 4694 512 4711; x_wconf 37' lang='grc' dir='ltr'><strong>ε</strong></span> <span class='ocrx_word' id='word_1_422' title='bbox 588 4710 608 4729; x_wconf 72' lang='grc' dir='ltr'><strong>ο</strong></span> <span class='ocrx_word' id='word_1_423' title='bbox 682 4711 699 4729; x_wconf 75' lang='grc' dir='ltr'><strong>ο</strong></span> <span class='ocrx_word' id='word_1_424' title='bbox 776 4712 791 4728; x_wconf 88' lang='lat'><strong>0</strong></span> <span class='ocrx_word' id='word_1_425' title='bbox 870 4712 884 4727; x_wconf 72' lang='grc' dir='ltr'><strong><em>ο</em></strong></span> <span class='ocrx_word' id='word_1_426' title='bbox 962 4712 978 4727; x_wconf 81' lang='grc' dir='ltr'><strong><em>ο</em></strong></span> <span class='ocrx_word' id='word_1_427' title='bbox 1055 4713 1072 4729; x_wconf 85' lang='lat'><strong>0</strong></span> <span class='ocrx_word' id='word_1_428' title='bbox 1150 4713 1166 4729; x_wconf 73' lang='grc' dir='ltr'>Ο</span> <span class='ocrx_word' id='word_1_429' title='bbox 1243 4714 1260 4731; x_wconf 97' lang='lat'><strong>0</strong></span> <span class='ocrx_word' id='word_1_430' title='bbox 1338 4713 1354 4731; x_wconf 89' lang='lat'><strong>0</strong></span> <span class='ocrx_word' id='word_1_431' title='bbox 1431 4714 1447 4729; x_wconf 76' lang='grc' dir='ltr'><strong><em>ο</em></strong></span> <span class='ocrx_word' id='word_1_432' title='bbox 1526 4714 1541 4729; x_wconf 74' lang='grc' dir='ltr'><strong>ο</strong></span> <span class='ocrx_word' id='word_1_433' title='bbox 1621 4714 1635 4729; x_wconf 74' lang='grc' dir='ltr'><strong>ο</strong></span> <span class='ocrx_word' id='word_1_434' title='bbox 1714 4713 1730 4730; x_wconf 91' lang='lat'><strong>0</strong></span> <span class='ocrx_word' id='word_1_435' title='bbox 1806 4714 1822 4730; x_wconf 91' lang='lat'><strong>0</strong></span> <span class='ocrx_word' id='word_1_436' title='bbox 1901 4714 1917 4730; x_wconf 93' lang='lat'><strong>0</strong></span> <span class='ocrx_word' id='word_1_437' title='bbox 1992 4714 2008 4731; x_wconf 76' lang='grc' dir='ltr'><strong><em>ο</em></strong></span> <span class='ocrx_word' id='word_1_438' title='bbox 2084 4713 2102 4731; x_wconf 77' lang='grc' dir='ltr'><strong>ο</strong></span> 
     </span>
    </p>
   </div>
   <div class='ocr_carea' id='block_1_63' title="bbox 516 4764 2102 4835">
    <p class='ocr_par' dir='ltr' id='par_1_63' title="bbox 516 4764 2102 4835">
     <span class='ocr_line' id='line_1_63' title="bbox 516 4764 2102 4835; baseline 0.003 -16"><span class='ocrx_word' id='word_1_439' title='bbox 516 4764 659 4835; x_wconf 89' lang='lat' dir='ltr'><strong>quod</strong></span> <span class='ocrx_word' id='word_1_440' title='bbox 686 4766 1186 4822; x_wconf 89' lang='lat' dir='ltr'><strong>situmestinloco.</strong></span> <span class='ocrx_word' id='word_1_441' title='bbox 1267 4806 1282 4821; x_wconf 97' lang='lat'><strong>.</strong></span> <span class='ocrx_word' id='word_1_442' title='bbox 1358 4805 1371 4823; x_wconf 92' lang='lat'><strong>.</strong></span> <span class='ocrx_word' id='word_1_443' title='bbox 1450 4766 1626 4822; x_wconf 85' lang='lat' dir='ltr'><strong>Hersi.</strong></span> <span class='ocrx_word' id='word_1_444' title='bbox 1707 4808 1721 4823; x_wconf 96' lang='lat'><strong>.</strong></span> <span class='ocrx_word' id='word_1_445' title='bbox 1800 4808 1814 4822; x_wconf 94' lang='lat'><strong>.</strong></span> <span class='ocrx_word' id='word_1_446' title='bbox 1892 4807 1907 4823; x_wconf 97' lang='lat'><strong>.</strong></span> <span class='ocrx_word' id='word_1_447' title='bbox 1989 4807 2005 4822; x_wconf 96' lang='lat'><strong>.</strong></span> <span class='ocrx_word' id='word_1_448' title='bbox 2083 4805 2102 4823; x_wconf 90' lang='lat'><strong>.</strong></span> 
     </span>
    </p>
   </div>
   <div class='ocr_carea' id='block_1_64' title="bbox 514 4856 2097 4959">
    <p class='ocr_par' dir='ltr' id='par_1_64' title="bbox 514 4856 2097 4959">
     <span class='ocr_line' id='line_1_64' title="bbox 514 4856 2097 4959; baseline 0.003 -50"><span class='ocrx_word' id='word_1_449' title='bbox 514 4865 572 4909; x_wconf 88' lang='lat' dir='ltr'><strong>et</strong></span> <span class='ocrx_word' id='word_1_450' title='bbox 618 4870 717 4925; x_wconf 87' lang='lat' dir='ltr'><strong>per</strong></span> <span class='ocrx_word' id='word_1_451' title='bbox 768 4864 819 4911; x_wconf 91' lang='lat' dir='ltr'><strong>te</strong></span> <span class='ocrx_word' id='word_1_452' title='bbox 859 4856 912 4910; x_wconf 87' lang='lat' dir='ltr'><strong>in</strong></span> <span class='ocrx_word' id='word_1_453' title='bbox 968 4856 1157 4911; x_wconf 84' lang='lat' dir='ltr'><strong>eodem</strong></span> <span class='ocrx_word' id='word_1_454' title='bbox 1208 4871 1331 4911; x_wconf 91' lang='lat' dir='ltr'><strong>ven.</strong></span> <span class='ocrx_word' id='word_1_455' title='bbox 1386 4873 1596 4912; x_wconf 88' lang='lat' dir='ltr'><strong>monas.</strong></span> <span class='ocrx_word' id='word_1_456' title='bbox 1656 4857 1708 4959; x_wconf 58' lang='lat' dir='ltr'><strong>i9</strong></span> <span class='ocrx_word' id='word_1_457' title='bbox 1762 4867 2097 4928; x_wconf 70' lang='lat' dir='ltr'><strong>perpetuum.</strong></span> 
     </span>
    </p>
   </div>
   <div class='ocr_carea' id='block_1_65' title="bbox 518 4944 2100 5015">
    <p class='ocr_par' dir='ltr' id='par_1_65' title="bbox 518 4944 2100 5015">
     <span class='ocr_line' id='line_1_65' title="bbox 518 4944 2100 5015; baseline 0.004 -18"><span class='ocrx_word' id='word_1_458' title='bbox 518 4944 731 5011; x_wconf 82' lang='lat' dir='ltr'><strong>Quanto</strong></span> <span class='ocrx_word' id='word_1_459' title='bbox 747 4960 845 5000; x_wconf 91' lang='lat' dir='ltr'><strong>nos</strong></span> <span class='ocrx_word' id='word_1_460' title='bbox 865 4960 965 5015; x_wconf 91' lang='lat' dir='ltr'><strong>pro</strong></span> <span class='ocrx_word' id='word_1_461' title='bbox 986 4945 1196 5015; x_wconf 90' lang='lat' dir='ltr'><strong>piorum</strong></span> <span class='ocrx_word' id='word_1_462' title='bbox 1214 4954 1268 5000; x_wconf 90' lang='lat' dir='ltr'><strong>et</strong></span> <span class='ocrx_word' id='word_1_463' title='bbox 1282 4944 1926 5003; x_wconf 86' lang='lat' dir='ltr'><strong>venerabilitun&#39;iocorum</strong></span> <span class='ocrx_word' id='word_1_464' title='bbox 1954 4958 2100 5004; x_wconf 89' lang='lat' dir='ltr'><strong>statu</strong></span> 
     </span>
    </p>
   </div>
   <div class='ocr_carea' id='block_1_66' title="bbox 517 5036 2096 5104">
    <p class='ocr_par' dir='ltr' id='par_1_66' title="bbox 517 5036 2096 5104">
     <span class='ocr_line' id='line_1_66' title="bbox 517 5036 2096 5104; baseline 0.006 -18"><span class='ocrx_word' id='word_1_465' title='bbox 517 5038 917 5104; x_wconf 81' lang='lat' dir='ltr'><strong>augmentaudo</strong></span> <span class='ocrx_word' id='word_1_466' title='bbox 940 5036 1282 5092; x_wconf 88' lang='lat' dir='ltr'><strong>sollicitiores</strong></span> <span class='ocrx_word' id='word_1_467' title='bbox 1294 5037 1590 5104; x_wconf 78' lang='lat' dir='ltr'><strong>existimus,</strong></span> <span class='ocrx_word' id='word_1_468' title='bbox 1617 5047 1671 5092; x_wconf 91' lang='lat' dir='ltr'><strong>et</strong></span> <span class='ocrx_word' id='word_1_469' title='bbox 1698 5040 1762 5093; x_wconf 86' lang='lat' dir='ltr'><strong>ad</strong></span> <span class='ocrx_word' id='word_1_470' title='bbox 1785 5053 1969 5095; x_wconf 89' lang='lat' dir='ltr'><strong>eorum</strong></span> <span class='ocrx_word' id='word_1_471' title='bbox 1994 5041 2096 5095; x_wconf 90' lang='lat' dir='ltr'><strong>uti-</strong></span> 
     </span>
    </p>
   </div>
   <div class='ocr_carea' id='block_1_67' title="bbox 517 5125 2097 5206">
    <p class='ocr_par' dir='ltr' id='par_1_67' title="bbox 517 5125 2097 5206">
     <span class='ocr_line' id='line_1_67' title="bbox 517 5125 2097 5206; baseline 0.008 -29"><span class='ocrx_word' id='word_1_472' title='bbox 517 5125 701 5179; x_wconf 88' lang='lat' dir='ltr'><strong>litates</strong></span> <span class='ocrx_word' id='word_1_473' title='bbox 755 5129 1115 5196; x_wconf 87' lang='lat' dir='ltr'><strong>proﬁciendas</strong></span> <span class='ocrx_word' id='word_1_474' title='bbox 1167 5140 1425 5202; x_wconf 89' lang='lat' dir='ltr'><strong>perpetuo</strong></span> <span class='ocrx_word' id='word_1_475' title='bbox 1495 5132 1855 5202; x_wconf 84' lang='lat' dir='ltr'><strong>pastoralibus</strong></span> <span class='ocrx_word' id='word_1_476' title='bbox 1902 5135 2097 5206; x_wconf 84' lang='lat' dir='ltr'><strong>vigiliis</strong></span> 
     </span>
    </p>
   </div>
   <div class='ocr_carea' id='block_1_68' title="bbox 520 5215 2097 5297">
    <p class='ocr_par' dir='ltr' id='par_1_68' title="bbox 520 5215 2097 5297">
     <span class='ocr_line' id='line_1_68' title="bbox 520 5215 2097 5297; baseline 0.009 -28"><span class='ocrx_word' id='word_1_477' title='bbox 520 5215 841 5282; x_wconf 87' lang='lat' dir='ltr'><strong>insistimus,</strong></span> <span class='ocrx_word' id='word_1_478' title='bbox 874 5227 1026 5275; x_wconf 90' lang='lat' dir='ltr'><strong>tanta</strong></span> <span class='ocrx_word' id='word_1_479' title='bbox 1051 5222 1204 5277; x_wconf 89' lang='lat' dir='ltr'><strong>nobis</strong></span> <span class='ocrx_word' id='word_1_480' title='bbox 1238 5232 1453 5279; x_wconf 68' lang='lat' dir='ltr'><strong>aeterna:</strong></span> <span class='ocrx_word' id='word_1_481' title='bbox 1481 5226 1932 5282; x_wconf 64' lang='lat' dir='ltr'><strong>remunerationis</strong></span> <span class='ocrx_word' id='word_1_482' title='bbox 1958 5244 2097 5297; x_wconf 75' lang='lat' dir='ltr'><strong>pm:-</strong></span> 
     </span>
    </p>
   </div>
   <div class='ocr_carea' id='block_1_69' title="bbox 522 5304 2099 5376">
    <p class='ocr_par' dir='ltr' id='par_1_69' title="bbox 522 5304 2099 5376">
     <span class='ocr_line' id='line_1_69' title="bbox 522 5304 2099 5376; baseline 0.001 -16"><span class='ocrx_word' id='word_1_483' title='bbox 522 5304 631 5355; x_wconf 62' lang='lat' dir='ltr'><strong>mitl</strong></span> <span class='ocrx_word' id='word_1_484' title='bbox 681 5319 744 5354; x_wconf 78' lang='lat' dir='ltr'><strong>eo</strong></span> <span class='ocrx_word' id='word_1_485' title='bbox 799 5306 1062 5360; x_wconf 59' lang='lat' dir='ltr'><strong>leniente</strong></span> <span class='ocrx_word' id='word_1_486' title='bbox 1102 5312 1487 5376; x_wconf 80' lang='lat' dir='ltr'><strong>conquirimus.</strong></span> <span class='ocrx_word' id='word_1_487' title='bbox 1540 5314 1631 5366; x_wconf 85' lang='lat' dir='ltr'><strong>aui</strong></span> <span class='ocrx_word' id='word_1_488' title='bbox 1679 5314 1860 5365; x_wconf 77' lang='lat' dir='ltr'><strong>dixit:</strong></span> <span class='ocrx_word' id='word_1_489' title='bbox 1904 5316 2099 5364; x_wconf 71' lang='grc' dir='ltr'><strong>Βρτιιιις</strong></span> 
     </span>
    </p>
   </div>
   <div class='ocr_carea' id='block_1_70' title="bbox 2192 1905 3769 1965">
    <p class='ocr_par' dir='ltr' id='par_1_70' title="bbox 2192 1905 3769 1965">
     <span class='ocr_line' id='line_1_70' title="bbox 2192 1905 3769 1965; baseline -0.001 -3"><span class='ocrx_word' id='word_1_490' title='bbox 2192 1905 2431 1963; x_wconf 90' lang='lat' dir='ltr'><strong>decreto.</strong></span> <span class='ocrx_word' id='word_1_491' title='bbox 2461 1906 2575 1963; x_wconf 79' lang='lat' dir='ltr'><strong>Iino</strong></span> <span class='ocrx_word' id='word_1_492' title='bbox 2606 1916 2661 1963; x_wconf 91' lang='lat' dir='ltr'><strong>et</strong></span> <span class='ocrx_word' id='word_1_493' title='bbox 2687 1908 2933 1965; x_wconf 82' lang='lat' dir='ltr'><strong>consultu</strong></span> <span class='ocrx_word' id='word_1_494' title='bbox 2978 1918 3039 1965; x_wconf 88' lang='lat' dir='ltr'><strong>ut</strong></span> <span class='ocrx_word' id='word_1_495' title='bbox 3063 1909 3259 1965; x_wconf 88' lang='lat' dir='ltr'><strong>intuitu</strong></span> <span class='ocrx_word' id='word_1_496' title='bbox 3288 1923 3483 1965; x_wconf 89' lang='lat' dir='ltr'><strong>sumus</strong></span> <span class='ocrx_word' id='word_1_497' title='bbox 3527 1917 3769 1964; x_wconf 87' lang='lat' dir='ltr'><strong>statutum</strong></span> 
     </span>
    </p>
   </div>
   <div class='ocr_carea' id='block_1_71' title="bbox 2192 1999 3767 2072">
    <p class='ocr_par' dir='ltr' id='par_1_71' title="bbox 2192 1999 3767 2072">
     <span class='ocr_line' id='line_1_71' title="bbox 2192 1999 3767 2072; baseline -0.001 -19"><span class='ocrx_word' id='word_1_498' title='bbox 2192 2007 2277 2054; x_wconf 92' lang='lat' dir='ltr'><strong>est</strong></span> <span class='ocrx_word' id='word_1_499' title='bbox 2309 2008 2364 2054; x_wconf 87' lang='lat' dir='ltr'><strong>et</strong></span> <span class='ocrx_word' id='word_1_500' title='bbox 2393 1999 2651 2055; x_wconf 90' lang='lat' dir='ltr'><strong>canonice</strong></span> <span class='ocrx_word' id='word_1_501' title='bbox 2679 1999 2985 2056; x_wconf 89' lang='lat' dir='ltr'><strong>ordinatum</strong></span> <span class='ocrx_word' id='word_1_502' title='bbox 3004 2041 3019 2068; x_wconf 95' lang='lat'><strong>,</strong></span> <span class='ocrx_word' id='word_1_503' title='bbox 3047 2003 3190 2072; x_wconf 90' lang='lat' dir='ltr'><strong>quod</strong></span> <span class='ocrx_word' id='word_1_504' title='bbox 3216 2001 3259 2057; x_wconf 91' lang='lat' dir='ltr'><strong>si</strong></span> <span class='ocrx_word' id='word_1_505' title='bbox 3291 2002 3367 2056; x_wconf 89' lang='lat' dir='ltr'><strong>ita</strong></span> <span class='ocrx_word' id='word_1_506' title='bbox 3395 2015 3487 2055; x_wconf 89' lang='lat' dir='ltr'><strong>res</strong></span> <span class='ocrx_word' id='word_1_507' title='bbox 3517 2015 3580 2056; x_wconf 90' lang='lat' dir='ltr'><strong>se</strong></span> <span class='ocrx_word' id='word_1_508' title='bbox 3605 2000 3767 2066; x_wconf 85' lang='lat' dir='ltr'><strong>habet,</strong></span> 
     </span>
    </p>
   </div>
   <div class='ocr_carea' id='block_1_72' title="bbox 2195 2088 3767 2163">
    <p class='ocr_par' dir='ltr' id='par_1_72' title="bbox 2195 2088 3767 2163">
     <span class='ocr_line' id='line_1_72' title="bbox 2195 2088 3767 2163; baseline -0.001 -19"><span class='ocrx_word' id='word_1_509' title='bbox 2195 2088 2415 2158; x_wconf 83' lang='lat' dir='ltr'><strong>infringi</strong></span> <span class='ocrx_word' id='word_1_510' title='bbox 2438 2103 2545 2144; x_wconf 91' lang='lat' dir='ltr'><strong>non</strong></span> <span class='ocrx_word' id='word_1_511' title='bbox 2572 2089 2751 2157; x_wconf 89' lang='lat' dir='ltr'><strong>debet,</strong></span> <span class='ocrx_word' id='word_1_512' title='bbox 2777 2104 2846 2146; x_wconf 91' lang='lat' dir='ltr'><strong>ne</strong></span> <span class='ocrx_word' id='word_1_513' title='bbox 2866 2089 3139 2163; x_wconf 84' lang='lat' dir='ltr'><strong>synodalis</strong></span> <span class='ocrx_word' id='word_1_514' title='bbox 3158 2097 3211 2147; x_wconf 90' lang='lat' dir='ltr'><strong>et</strong></span> <span class='ocrx_word' id='word_1_515' title='bbox 3234 2089 3534 2146; x_wconf 89' lang='lat' dir='ltr'><strong>canonicus</strong></span> <span class='ocrx_word' id='word_1_516' title='bbox 3556 2089 3767 2160; x_wconf 83' lang='lat' dir='ltr'><strong>vigor...</strong></span> 
     </span>
    </p>
   </div>
   <div class='ocr_carea' id='block_1_73' title="bbox 2199 2179 3771 2253">
    <p class='ocr_par' dir='ltr' id='par_1_73' title="bbox 2199 2179 3771 2253">
     <span class='ocr_line' id='line_1_73' title="bbox 2199 2179 3771 2253; baseline -0.001 -18"><span class='ocrx_word' id='word_1_517' title='bbox 2199 2217 2214 2236; x_wconf 94' lang='lat'><strong>.</strong></span> <span class='ocrx_word' id='word_1_518' title='bbox 2237 2219 2252 2235; x_wconf 97' lang='lat'><strong>.</strong></span> <span class='ocrx_word' id='word_1_519' title='bbox 2269 2220 2284 2235; x_wconf 96' lang='lat'><strong>.</strong></span> <span class='ocrx_word' id='word_1_520' title='bbox 2303 2220 2318 2236; x_wconf 94' lang='lat'><strong>.</strong></span> <span class='ocrx_word' id='word_1_521' title='bbox 2337 2219 2352 2235; x_wconf 92' lang='lat'><strong>.</strong></span> <span class='ocrx_word' id='word_1_522' title='bbox 2373 2181 2427 2236; x_wconf 91' lang='lat' dir='ltr'><strong>in</strong></span> <span class='ocrx_word' id='word_1_523' title='bbox 2448 2180 2670 2253; x_wconf 51' lang='lat' dir='ltr'><strong>praefata</strong></span> <span class='ocrx_word' id='word_1_524' title='bbox 2692 2190 2878 2238; x_wconf 88' lang='lat' dir='ltr'><strong>sancta</strong></span> <span class='ocrx_word' id='word_1_525' title='bbox 2906 2181 3352 2239; x_wconf 85' lang='lat' dir='ltr'><strong>Padrabunnensi</strong></span> <span class='ocrx_word' id='word_1_526' title='bbox 3374 2180 3629 2246; x_wconf 88' lang='lat' dir='ltr'><strong>ecclesia,</strong></span> <span class='ocrx_word' id='word_1_527' title='bbox 3648 2179 3771 2235; x_wconf 87' lang='lat' dir='ltr'><strong>sicut</strong></span> 
     </span>
    </p>
   </div>
   <div class='ocr_carea' id='block_1_74' title="bbox 2197 2271 3767 2345">
    <p class='ocr_par' dir='ltr' id='par_1_74' title="bbox 2197 2271 3767 2345">
     <span class='ocr_line' id='line_1_74' title="bbox 2197 2271 3767 2345; baseline -0.003 -17"><span class='ocrx_word' id='word_1_528' title='bbox 2197 2278 2471 2328; x_wconf 90' lang='lat' dir='ltr'><strong>statutum</strong></span> <span class='ocrx_word' id='word_1_529' title='bbox 2504 2287 2624 2329; x_wconf 90' lang='lat' dir='ltr'><strong>esse</strong></span> <span class='ocrx_word' id='word_1_530' title='bbox 2650 2271 3147 2345; x_wconf 84' lang='lat' dir='ltr'><strong>comperimus,cui</strong></span> <span class='ocrx_word' id='word_1_531' title='bbox 3176 2271 3244 2328; x_wconf 91' lang='lat' dir='ltr'><strong>de</strong></span> <span class='ocrx_word' id='word_1_532' title='bbox 3264 2272 3461 2328; x_wconf 90' lang='lat' dir='ltr'><strong>eodem</strong></span> <span class='ocrx_word' id='word_1_533' title='bbox 3487 2287 3613 2327; x_wconf 88' lang='lat' dir='ltr'><strong>ven.</strong></span> <span class='ocrx_word' id='word_1_534' title='bbox 3641 2284 3767 2326; x_wconf 84' lang='lat' dir='ltr'><strong>mon.</strong></span> 
     </span>
    </p>
   </div>
   <div class='ocr_carea' id='block_1_75' title="bbox 2195 2363 3769 2436">
    <p class='ocr_par' dir='ltr' id='par_1_75' title="bbox 2195 2363 3769 2436">
     <span class='ocr_line' id='line_1_75' title="bbox 2195 2363 3769 2436; baseline -0.001 -16"><span class='ocrx_word' id='word_1_535' title='bbox 2195 2378 2383 2420; x_wconf 89' lang='lat' dir='ltr'><strong>curam</strong></span> <span class='ocrx_word' id='word_1_536' title='bbox 2414 2378 2535 2419; x_wconf 83' lang='lat' dir='ltr'><strong>esse</strong></span> <span class='ocrx_word' id='word_1_537' title='bbox 2559 2364 2857 2435; x_wconf 90' lang='lat' dir='ltr'><strong>reperimus</strong></span> <span class='ocrx_word' id='word_1_538' title='bbox 2890 2372 3189 2421; x_wconf 89' lang='lat' dir='ltr'><strong>statuentes</strong></span> <span class='ocrx_word' id='word_1_539' title='bbox 3216 2363 3520 2436; x_wconf 86' lang='lat' dir='ltr'><strong>apostolica</strong></span> <span class='ocrx_word' id='word_1_540' title='bbox 3563 2378 3769 2419; x_wconf 86' lang='lat' dir='ltr'><strong>censura</strong></span> 
     </span>
    </p>
   </div>
   <div class='ocr_carea' id='block_1_76' title="bbox 2198 2454 3769 2526">
    <p class='ocr_par' dir='ltr' id='par_1_76' title="bbox 2198 2454 3769 2526">
     <span class='ocr_line' id='line_1_76' title="bbox 2198 2454 3769 2526; baseline 0 -16"><span class='ocrx_word' id='word_1_541' title='bbox 2198 2454 2561 2521; x_wconf 90' lang='lat' dir='ltr'><strong>decernimus,</strong></span> <span class='ocrx_word' id='word_1_542' title='bbox 2600 2463 2660 2509; x_wconf 91' lang='lat' dir='ltr'><strong>ut</strong></span> <span class='ocrx_word' id='word_1_543' title='bbox 2703 2454 2834 2511; x_wconf 89' lang='lat' dir='ltr'><strong>nulli</strong></span> <span class='ocrx_word' id='word_1_544' title='bbox 2865 2454 3103 2511; x_wconf 89' lang='lat' dir='ltr'><strong>ﬁdelium</strong></span> <span class='ocrx_word' id='word_1_545' title='bbox 3133 2454 3217 2512; x_wconf 82' lang='lat' dir='ltr'><strong>fas</strong></span> <span class='ocrx_word' id='word_1_546' title='bbox 3260 2455 3334 2511; x_wconf 90' lang='lat' dir='ltr'><strong>sit</strong></span> <span class='ocrx_word' id='word_1_547' title='bbox 3365 2470 3590 2526; x_wconf 89' lang='lat' dir='ltr'><strong>quoquo</strong></span> <span class='ocrx_word' id='word_1_548' title='bbox 3632 2456 3769 2510; x_wconf 84' lang='lat' dir='ltr'><strong>modo</strong></span> 
     </span>
    </p>
   </div>
   <div class='ocr_carea' id='block_1_77' title="bbox 2197 2548 3770 2621">
    <p class='ocr_par' dir='ltr' id='par_1_77' title="bbox 2197 2548 3770 2621">
     <span class='ocr_line' id='line_1_77' title="bbox 2197 2548 3770 2621; baseline -0.001 -17"><span class='ocrx_word' id='word_1_549' title='bbox 2197 2559 2390 2604; x_wconf 88' lang='lat' dir='ltr'><strong>contra</strong></span> <span class='ocrx_word' id='word_1_550' title='bbox 2429 2549 2589 2621; x_wconf 90' lang='lat' dir='ltr'><strong>hujus</strong></span> <span class='ocrx_word' id='word_1_551' title='bbox 2622 2548 2887 2619; x_wconf 88' lang='lat' dir='ltr'><strong>privilegii</strong></span> <span class='ocrx_word' id='word_1_552' title='bbox 2913 2557 3111 2605; x_wconf 68' lang='lat' dir='ltr'><strong>nostra:</strong></span> <span class='ocrx_word' id='word_1_553' title='bbox 3138 2548 3579 2605; x_wconf 82' lang='lat' dir='ltr'><strong>conﬁrmationis</strong></span> <span class='ocrx_word' id='word_1_554' title='bbox 3599 2549 3770 2605; x_wconf 86' lang='lat' dir='ltr'><strong>seriem</strong></span> 
     </span>
    </p>
   </div>
   <div class='ocr_carea' id='block_1_78' title="bbox 2196 2639 3773 2714">
    <p class='ocr_par' dir='ltr' id='par_1_78' title="bbox 2196 2639 3773 2714">
     <span class='ocr_line' id='line_1_78' title="bbox 2196 2639 3773 2714; baseline -0.001 -19"><span class='ocrx_word' id='word_1_555' title='bbox 2196 2640 2284 2712; x_wconf 91' lang='lat' dir='ltr'><strong>pie</strong></span> <span class='ocrx_word' id='word_1_556' title='bbox 2312 2649 2369 2698; x_wconf 90' lang='lat' dir='ltr'><strong>et</strong></span> <span class='ocrx_word' id='word_1_557' title='bbox 2392 2639 2816 2698; x_wconf 86' lang='lat' dir='ltr'><strong>misericorditer</strong></span> <span class='ocrx_word' id='word_1_558' title='bbox 2842 2656 2872 2696; x_wconf 86' lang='lat' dir='ltr'><strong>a</strong></span> <span class='ocrx_word' id='word_1_559' title='bbox 2904 2641 3060 2697; x_wconf 88' lang='lat' dir='ltr'><strong>nobis</strong></span> <span class='ocrx_word' id='word_1_560' title='bbox 3088 2640 3489 2714; x_wconf 84' lang='lat' dir='ltr'><strong>promulgatam</strong></span> <span class='ocrx_word' id='word_1_561' title='bbox 3518 2656 3678 2712; x_wconf 87' lang='lat' dir='ltr'><strong>agere</strong></span> <span class='ocrx_word' id='word_1_562' title='bbox 3696 2648 3773 2694; x_wconf 86' lang='lat' dir='ltr'><strong>aut</strong></span> 
     </span>
    </p>
   </div>
   <div class='ocr_carea' id='block_1_79' title="bbox 2200 2732 3773 2803">
    <p class='ocr_par' dir='ltr' id='par_1_79' title="bbox 2200 2732 3773 2803">
     <span class='ocr_line' id='line_1_79' title="bbox 2200 2732 3773 2803; baseline 0.001 -17"><span class='ocrx_word' id='word_1_563' title='bbox 2200 2732 2489 2788; x_wconf 88' lang='lat' dir='ltr'><strong>temerario</strong></span> <span class='ocrx_word' id='word_1_564' title='bbox 2517 2748 2649 2789; x_wconf 90' lang='lat' dir='ltr'><strong>ausu</strong></span> <span class='ocrx_word' id='word_1_565' title='bbox 2678 2732 2744 2788; x_wconf 90' lang='lat' dir='ltr'><strong>de</strong></span> <span class='ocrx_word' id='word_1_566' title='bbox 2771 2732 3022 2788; x_wconf 89' lang='lat' dir='ltr'><strong>omnibus</strong></span> <span class='ocrx_word' id='word_1_567' title='bbox 3051 2747 3171 2803; x_wconf 83' lang='lat' dir='ltr'><strong>quae</strong></span> <span class='ocrx_word' id='word_1_568' title='bbox 3190 2732 3368 2788; x_wconf 89' lang='lat' dir='ltr'><strong>eidem</strong></span> <span class='ocrx_word' id='word_1_569' title='bbox 3397 2747 3548 2789; x_wconf 86' lang='lat' dir='ltr'><strong>mon.</strong></span> <span class='ocrx_word' id='word_1_570' title='bbox 3580 2747 3773 2802; x_wconf 63' lang='lat' dir='ltr'><strong>sumque</strong></span> 
     </span>
    </p>
   </div>
   <div class='ocr_carea' id='block_1_80' title="bbox 2200 2823 3770 2898">
    <p class='ocr_par' dir='ltr' id='par_1_80' title="bbox 2200 2823 3770 2898">
     <span class='ocr_line' id='line_1_80' title="bbox 2200 2823 3770 2898; baseline -0.002 -18"><span class='ocrx_word' id='word_1_571' title='bbox 2200 2826 2604 2897; x_wconf 87' lang='lat' dir='ltr'><strong>congregationi</strong></span> <span class='ocrx_word' id='word_1_572' title='bbox 2646 2826 2893 2898; x_wconf 88' lang='lat' dir='ltr'><strong>legaliter</strong></span> <span class='ocrx_word' id='word_1_573' title='bbox 2919 2826 3112 2882; x_wconf 89' lang='lat' dir='ltr'><strong>tradita</strong></span> <span class='ocrx_word' id='word_1_574' title='bbox 3140 2835 3267 2883; x_wconf 89' lang='lat' dir='ltr'><strong>sunt</strong></span> <span class='ocrx_word' id='word_1_575' title='bbox 3293 2825 3381 2881; x_wconf 90' lang='lat' dir='ltr'><strong>vel</strong></span> <span class='ocrx_word' id='word_1_576' title='bbox 3418 2839 3683 2881; x_wconf 84' lang='lat' dir='ltr'><strong>concessa</strong></span> <span class='ocrx_word' id='word_1_577' title='bbox 3709 2823 3770 2877; x_wconf 88' lang='lat' dir='ltr'><strong>si-</strong></span> 
     </span>
    </p>
   </div>
   <div class='ocr_carea' id='block_1_81' title="bbox 2199 2915 3773 2990">
    <p class='ocr_par' dir='ltr' id='par_1_81' title="bbox 2199 2915 3773 2990">
     <span class='ocr_line' id='line_1_81' title="bbox 2199 2915 3773 2990; baseline -0.002 -17"><span class='ocrx_word' id='word_1_578' title='bbox 2199 2918 2361 2988; x_wconf 86' lang='lat' dir='ltr'><strong>bique</strong></span> <span class='ocrx_word' id='word_1_579' title='bbox 2385 2934 2415 2973; x_wconf 91' lang='lat' dir='ltr'><strong>a</strong></span> <span class='ocrx_word' id='word_1_580' title='bbox 2442 2919 2601 2975; x_wconf 90' lang='lat' dir='ltr'><strong>modo</strong></span> <span class='ocrx_word' id='word_1_581' title='bbox 2624 2928 2680 2975; x_wconf 92' lang='lat' dir='ltr'><strong>et</strong></span> <span class='ocrx_word' id='word_1_582' title='bbox 2721 2919 2978 2990; x_wconf 89' lang='lat' dir='ltr'><strong>deinceps</strong></span> <span class='ocrx_word' id='word_1_583' title='bbox 3010 2918 3272 2976; x_wconf 89' lang='lat' dir='ltr'><strong>tradenda</strong></span> <span class='ocrx_word' id='word_1_584' title='bbox 3296 2918 3384 2974; x_wconf 88' lang='lat' dir='ltr'><strong>vel</strong></span> <span class='ocrx_word' id='word_1_585' title='bbox 3410 2917 3656 2988; x_wconf 88' lang='lat' dir='ltr'><strong>legitimo</strong></span> <span class='ocrx_word' id='word_1_586' title='bbox 3670 2915 3773 2985; x_wconf 83' lang='lat' dir='ltr'><strong>jure</strong></span> 
     </span>
    </p>
   </div>
   <div class='ocr_carea' id='block_1_82' title="bbox 2198 3010 3773 3083">
    <p class='ocr_par' dir='ltr' id='par_1_82' title="bbox 2198 3010 3773 3083">
     <span class='ocr_line' id='line_1_82' title="bbox 2198 3010 3773 3083; baseline -0.003 -16"><span class='ocrx_word' id='word_1_587' title='bbox 2198 3010 2525 3067; x_wconf 80' lang='lat' dir='ltr'><strong>conferenda</strong></span> <span class='ocrx_word' id='word_1_588' title='bbox 2569 3012 2774 3083; x_wconf 90' lang='lat' dir='ltr'><strong>aliquid</strong></span> <span class='ocrx_word' id='word_1_589' title='bbox 2821 3012 3066 3067; x_wconf 90' lang='lat' dir='ltr'><strong>minuere</strong></span> <span class='ocrx_word' id='word_1_590' title='bbox 3091 3010 3178 3067; x_wconf 88' lang='lat' dir='ltr'><strong>vel</strong></span> <span class='ocrx_word' id='word_1_591' title='bbox 3201 3010 3444 3076; x_wconf 81' lang='lat' dir='ltr'><strong>auferre,</strong></span> <span class='ocrx_word' id='word_1_592' title='bbox 3491 3010 3597 3066; x_wconf 87' lang='lat' dir='ltr'><strong>sibi</strong></span> <span class='ocrx_word' id='word_1_593' title='bbox 3633 3010 3773 3064; x_wconf 83' lang='lat' dir='ltr'><strong>etiam</strong></span> 
     </span>
    </p>
   </div>
   <div class='ocr_carea' id='block_1_83' title="bbox 2200 3099 3775 3173">
    <p class='ocr_par' dir='ltr' id='par_1_83' title="bbox 2200 3099 3775 3173">
     <span class='ocr_line' id='line_1_83' title="bbox 2200 3099 3775 3173; baseline -0.004 -14"><span class='ocrx_word' id='word_1_594' title='bbox 2200 3103 2466 3173; x_wconf 86' lang='lat' dir='ltr'><strong>deripere,</strong></span> <span class='ocrx_word' id='word_1_595' title='bbox 2507 3104 2684 3173; x_wconf 87' lang='lat' dir='ltr'><strong>potius</strong></span> <span class='ocrx_word' id='word_1_596' title='bbox 2704 3111 2883 3160; x_wconf 86' lang='lat' dir='ltr'><strong>autem</strong></span> <span class='ocrx_word' id='word_1_597' title='bbox 2911 3103 2978 3158; x_wconf 88' lang='lat' dir='ltr'><strong>ad</strong></span> <span class='ocrx_word' id='word_1_598' title='bbox 3008 3103 3296 3158; x_wconf 89' lang='lat' dir='ltr'><strong>utilitatem</strong></span> <span class='ocrx_word' id='word_1_599' title='bbox 3321 3101 3557 3158; x_wconf 86' lang='lat' dir='ltr'><strong>Domino</strong></span> <span class='ocrx_word' id='word_1_600' title='bbox 3590 3101 3693 3155; x_wconf 88' lang='lat' dir='ltr'><strong>illic</strong></span> <span class='ocrx_word' id='word_1_601' title='bbox 3714 3099 3775 3153; x_wconf 81' lang='lat' dir='ltr'><strong>fa-</strong></span> 
     </span>
    </p>
   </div>
   <div class='ocr_carea' id='block_1_84' title="bbox 2203 3192 3775 3265">
    <p class='ocr_par' dir='ltr' id='par_1_84' title="bbox 2203 3192 3775 3265">
     <span class='ocr_line' id='line_1_84' title="bbox 2203 3192 3775 3265; baseline -0.001 -16"><span class='ocrx_word' id='word_1_602' title='bbox 2203 3192 2522 3249; x_wconf 88' lang='lat' dir='ltr'><strong>mulantium</strong></span> <span class='ocrx_word' id='word_1_603' title='bbox 2555 3194 2709 3265; x_wconf 78' lang='lat' dir='ltr'><strong>ﬁrma</strong></span> <span class='ocrx_word' id='word_1_604' title='bbox 2740 3202 3005 3265; x_wconf 88' lang='lat' dir='ltr'><strong>potestate</strong></span> <span class='ocrx_word' id='word_1_605' title='bbox 3050 3194 3376 3259; x_wconf 87' lang='lat' dir='ltr'><strong>consistant,</strong></span> <span class='ocrx_word' id='word_1_606' title='bbox 3416 3208 3615 3248; x_wconf 87' lang='lat' dir='ltr'><strong>earum</strong></span> <span class='ocrx_word' id='word_1_607' title='bbox 3657 3194 3775 3247; x_wconf 83' lang='lat' dir='ltr'><strong>bono</strong></span> 
     </span>
    </p>
   </div>
   <div class='ocr_carea' id='block_1_85' title="bbox 2203 3286 3774 3358">
    <p class='ocr_par' dir='ltr' id='par_1_85' title="bbox 2203 3286 3774 3358">
     <span class='ocr_line' id='line_1_85' title="bbox 2203 3286 3774 3358; baseline -0.003 -16"><span class='ocrx_word' id='word_1_608' title='bbox 2203 3302 2323 3357; x_wconf 84' lang='lat' dir='ltr'><strong>quae</strong></span> <span class='ocrx_word' id='word_1_609' title='bbox 2352 3302 2495 3342; x_wconf 90' lang='lat' dir='ltr'><strong>nunc</strong></span> <span class='ocrx_word' id='word_1_610' title='bbox 2539 3287 2806 3343; x_wconf 89' lang='lat' dir='ltr'><strong>habentur</strong></span> <span class='ocrx_word' id='word_1_611' title='bbox 2847 3287 2934 3342; x_wconf 90' lang='lat' dir='ltr'><strong>vel</strong></span> <span class='ocrx_word' id='word_1_612' title='bbox 2973 3297 3096 3344; x_wconf 91' lang='lat' dir='ltr'><strong>sunt</strong></span> <span class='ocrx_word' id='word_1_613' title='bbox 3122 3286 3268 3356; x_wconf 89' lang='lat' dir='ltr'><strong>juste</strong></span> <span class='ocrx_word' id='word_1_614' title='bbox 3304 3286 3680 3358; x_wconf 86' lang='lat' dir='ltr'><strong>conquirenda</strong></span> <span class='ocrx_word' id='word_1_615' title='bbox 3714 3324 3728 3339; x_wconf 94' lang='lat'><strong>.</strong></span> <span class='ocrx_word' id='word_1_616' title='bbox 3761 3324 3774 3338; x_wconf 93' lang='lat'><strong>.</strong></span> 
     </span>
    </p>
   </div>
   <div class='ocr_carea' id='block_1_86' title="bbox 2201 3375 3778 3449">
    <p class='ocr_par' dir='ltr' id='par_1_86' title="bbox 2201 3375 3778 3449">
     <span class='ocr_line' id='line_1_86' title="bbox 2201 3375 3778 3449; baseline 0.001 -18"><span class='ocrx_word' id='word_1_617' title='bbox 2201 3375 2360 3443; x_wconf 82' lang='lat' dir='ltr'><strong>Nam,</strong></span> <span class='ocrx_word' id='word_1_618' title='bbox 2396 3377 2487 3447; x_wconf 91' lang='lat' dir='ltr'><strong>qui</strong></span> <span class='ocrx_word' id='word_1_619' title='bbox 2515 3378 2708 3433; x_wconf 87' lang='lat' dir='ltr'><strong>timore</strong></span> <span class='ocrx_word' id='word_1_620' title='bbox 2734 3377 2829 3434; x_wconf 89' lang='lat' dir='ltr'><strong>Dei</strong></span> <span class='ocrx_word' id='word_1_621' title='bbox 2855 3378 3175 3449; x_wconf 90' lang='lat' dir='ltr'><strong>postposito,</strong></span> <span class='ocrx_word' id='word_1_622' title='bbox 3204 3379 3330 3434; x_wconf 92' lang='lat' dir='ltr'><strong>huic</strong></span> <span class='ocrx_word' id='word_1_623' title='bbox 3363 3377 3778 3435; x_wconf 86' lang='lat' dir='ltr'><strong>conﬁrmationis</strong></span> 
     </span>
    </p>
   </div>
   <div class='ocr_carea' id='block_1_87' title="bbox 2202 3470 3777 3544">
    <p class='ocr_par' dir='ltr' id='par_1_87' title="bbox 2202 3470 3777 3544">
     <span class='ocr_line' id='line_1_87' title="bbox 2202 3470 3777 3544; baseline 0.001 -18"><span class='ocrx_word' id='word_1_624' title='bbox 2202 3478 2402 3526; x_wconf 76' lang='lat' dir='ltr'><strong>nostra:</strong></span> <span class='ocrx_word' id='word_1_625' title='bbox 2431 3470 2709 3542; x_wconf 86' lang='lat' dir='ltr'><strong>privilegio</strong></span> <span class='ocrx_word' id='word_1_626' title='bbox 2738 3472 2790 3526; x_wconf 91' lang='lat' dir='ltr'><strong>in</strong></span> <span class='ocrx_word' id='word_1_627' title='bbox 2813 3480 2925 3528; x_wconf 91' lang='lat' dir='ltr'><strong>toto</strong></span> <span class='ocrx_word' id='word_1_628' title='bbox 2948 3472 3035 3528; x_wconf 90' lang='lat' dir='ltr'><strong>vel</strong></span> <span class='ocrx_word' id='word_1_629' title='bbox 3060 3473 3114 3527; x_wconf 93' lang='lat' dir='ltr'><strong>in</strong></span> <span class='ocrx_word' id='word_1_630' title='bbox 3137 3482 3292 3544; x_wconf 91' lang='lat' dir='ltr'><strong>parte</strong></span> <span class='ocrx_word' id='word_1_631' title='bbox 3314 3475 3595 3529; x_wconf 88' lang='lat' dir='ltr'><strong>contraire</strong></span> <span class='ocrx_word' id='word_1_632' title='bbox 3618 3488 3777 3544; x_wconf 84' lang='lat' dir='ltr'><strong>reper-</strong></span> 
     </span>
    </p>
   </div>
   <div class='ocr_carea' id='block_1_88' title="bbox 2204 3560 3776 3634">
    <p class='ocr_par' dir='ltr' id='par_1_88' title="bbox 2204 3560 3776 3634">
     <span class='ocr_line' id='line_1_88' title="bbox 2204 3560 3776 3634; baseline 0.003 -19"><span class='ocrx_word' id='word_1_633' title='bbox 2204 3569 2313 3626; x_wconf 91' lang='lat' dir='ltr'><strong>tus,</strong></span> <span class='ocrx_word' id='word_1_634' title='bbox 2344 3560 2582 3633; x_wconf 89' lang='lat' dir='ltr'><strong>illudque</strong></span> <span class='ocrx_word' id='word_1_635' title='bbox 2609 3578 2716 3619; x_wconf 88' lang='lat' dir='ltr'><strong>non</strong></span> <span class='ocrx_word' id='word_1_636' title='bbox 2743 3563 3025 3634; x_wconf 90' lang='lat' dir='ltr'><strong>integriter</strong></span> <span class='ocrx_word' id='word_1_637' title='bbox 3049 3565 3345 3620; x_wconf 87' lang='lat' dir='ltr'><strong>observare</strong></span> <span class='ocrx_word' id='word_1_638' title='bbox 3379 3565 3655 3621; x_wconf 90' lang='lat' dir='ltr'><strong>distulerit</strong></span> <span class='ocrx_word' id='word_1_639' title='bbox 3674 3580 3776 3620; x_wconf 82' lang='lat' dir='ltr'><strong>san-</strong></span> 
     </span>
    </p>
   </div>
   <div class='ocr_carea' id='block_1_89' title="bbox 2203 3654 3774 3727">
    <p class='ocr_par' dir='ltr' id='par_1_89' title="bbox 2203 3654 3774 3727">
     <span class='ocr_line' id='line_1_89' title="bbox 2203 3654 3774 3727; baseline 0.001 -20"><span class='ocrx_word' id='word_1_640' title='bbox 2203 3658 2289 3707; x_wconf 89' lang='lat' dir='ltr'><strong>cta</strong></span> <span class='ocrx_word' id='word_1_641' title='bbox 2333 3692 2348 3708; x_wconf 94' lang='lat'><strong>.</strong></span> <span class='ocrx_word' id='word_1_642' title='bbox 2394 3694 2407 3707; x_wconf 96' lang='lat'><strong>.</strong></span> <span class='ocrx_word' id='word_1_643' title='bbox 2450 3692 2465 3706; x_wconf 93' lang='lat'><strong>.</strong></span> <span class='ocrx_word' id='word_1_644' title='bbox 2501 3654 2611 3709; x_wconf 89' lang='lat' dir='ltr'><strong>cito</strong></span> <span class='ocrx_word' id='word_1_645' title='bbox 2642 3655 2949 3710; x_wconf 90' lang='lat' dir='ltr'><strong>admonitus</strong></span> <span class='ocrx_word' id='word_1_646' title='bbox 2992 3655 3303 3727; x_wconf 89' lang='lat' dir='ltr'><strong>resipuerit,</strong></span> <span class='ocrx_word' id='word_1_647' title='bbox 3352 3656 3653 3727; x_wconf 86' lang='lat' dir='ltr'><strong>apostolico</strong></span> <span class='ocrx_word' id='word_1_648' title='bbox 3677 3671 3774 3710; x_wconf 85' lang='lat' dir='ltr'><strong>mn-</strong></span> 
     </span>
    </p>
   </div>
   <div class='ocr_carea' id='block_1_90' title="bbox 2203 3744 3775 3817">
    <p class='ocr_par' dir='ltr' id='par_1_90' title="bbox 2203 3744 3775 3817">
     <span class='ocr_line' id='line_1_90' title="bbox 2203 3744 3775 3817; baseline 0 -18"><span class='ocrx_word' id='word_1_649' title='bbox 2203 3759 2369 3800; x_wconf 91' lang='lat' dir='ltr'><strong>crone</strong></span> <span class='ocrx_word' id='word_1_650' title='bbox 2402 3744 2676 3801; x_wconf 81' lang='lat' dir='ltr'><strong>feriendus</strong></span> <span class='ocrx_word' id='word_1_651' title='bbox 2716 3781 2732 3798; x_wconf 92' lang='lat'><strong>.</strong></span> <span class='ocrx_word' id='word_1_652' title='bbox 2775 3785 2788 3800; x_wconf 95' lang='lat'><strong>.</strong></span> <span class='ocrx_word' id='word_1_653' title='bbox 2833 3786 2848 3801; x_wconf 96' lang='lat'><strong>.</strong></span> <span class='ocrx_word' id='word_1_654' title='bbox 2891 3787 2905 3801; x_wconf 95' lang='lat'><strong>.</strong></span> <span class='ocrx_word' id='word_1_655' title='bbox 2947 3746 3038 3817; x_wconf 89' lang='lat' dir='ltr'><strong>qui</strong></span> <span class='ocrx_word' id='word_1_656' title='bbox 3082 3756 3263 3803; x_wconf 89' lang='lat' dir='ltr'><strong>autem</strong></span> <span class='ocrx_word' id='word_1_657' title='bbox 3309 3758 3499 3804; x_wconf 88' lang='lat' dir='ltr'><strong>custos</strong></span> <span class='ocrx_word' id='word_1_658' title='bbox 3540 3748 3695 3804; x_wconf 78' lang='lat' dir='ltr'><strong>fuerit</strong></span> <span class='ocrx_word' id='word_1_659' title='bbox 3730 3755 3775 3800; x_wconf 85' lang='lat' dir='ltr'><strong>et</strong></span> 
     </span>
    </p>
   </div>
   <div class='ocr_carea' id='block_1_91' title="bbox 2202 3836 3772 3905">
    <p class='ocr_par' dir='ltr' id='par_1_91' title="bbox 2202 3836 3772 3905">
     <span class='ocr_line' id='line_1_91' title="bbox 2202 3836 3772 3905; baseline 0.003 -15"><span class='ocrx_word' id='word_1_660' title='bbox 2202 3836 2539 3900; x_wconf 86' lang='lat' dir='ltr'><strong>observator,</strong></span> <span class='ocrx_word' id='word_1_661' title='bbox 2573 3851 2602 3889; x_wconf 88' lang='lat' dir='ltr'><strong>a</strong></span> <span class='ocrx_word' id='word_1_662' title='bbox 2629 3836 2778 3905; x_wconf 86' lang='lat' dir='ltr'><strong>justo</strong></span> <span class='ocrx_word' id='word_1_663' title='bbox 2799 3836 2983 3905; x_wconf 89' lang='lat' dir='ltr'><strong>judice</strong></span> <span class='ocrx_word' id='word_1_664' title='bbox 3017 3838 3244 3894; x_wconf 89' lang='lat' dir='ltr'><strong>Domino</strong></span> <span class='ocrx_word' id='word_1_665' title='bbox 3276 3838 3392 3895; x_wconf 89' lang='lat' dir='ltr'><strong>Deo</strong></span> <span class='ocrx_word' id='word_1_666' title='bbox 3417 3849 3605 3897; x_wconf 87' lang='lat' dir='ltr'><strong>nostro</strong></span> <span class='ocrx_word' id='word_1_667' title='bbox 3638 3839 3772 3894; x_wconf 83' lang='lat' dir='ltr'><strong>mise-</strong></span> 
     </span>
    </p>
   </div>
   <div class='ocr_carea' id='block_1_92' title="bbox 2204 3928 2907 4000">
    <p class='ocr_par' dir='ltr' id='par_1_92' title="bbox 2204 3928 2907 4000">
     <span class='ocr_line' id='line_1_92' title="bbox 2204 3928 2907 4000; baseline 0.004 -18"><span class='ocrx_word' id='word_1_668' title='bbox 2204 3928 2495 3982; x_wconf 87' lang='lat' dir='ltr'><strong>ricordiam</strong></span> <span class='ocrx_word' id='word_1_669' title='bbox 2522 3938 2907 4000; x_wconf 90' lang='lat' dir='ltr'><strong>consequatur.</strong></span> 
     </span>
    </p>
   </div>
   <div class='ocr_carea' id='block_1_93' title="bbox 2275 4014 3771 4095">
    <p class='ocr_par' dir='ltr' id='par_1_93' title="bbox 2275 4014 3771 4095">
     <span class='ocr_line' id='line_1_93' title="bbox 2275 4014 3771 4095; baseline 0.008 -25"><span class='ocrx_word' id='word_1_670' title='bbox 2275 4014 2549 4088; x_wconf 87' lang='lat' dir='ltr'><strong>Scriptum</strong></span> <span class='ocrx_word' id='word_1_671' title='bbox 2587 4035 2687 4090; x_wconf 91' lang='lat' dir='ltr'><strong>per</strong></span> <span class='ocrx_word' id='word_1_672' title='bbox 2725 4036 2942 4077; x_wconf 90' lang='lat' dir='ltr'><strong>manum</strong></span> <span class='ocrx_word' id='word_1_673' title='bbox 2985 4023 3233 4095; x_wconf 86' lang='lat' dir='ltr'><strong>Gregorii</strong></span> <span class='ocrx_word' id='word_1_674' title='bbox 3273 4025 3546 4081; x_wconf 89' lang='lat' dir='ltr'><strong>scriniarii</strong></span> <span class='ocrx_word' id='word_1_675' title='bbox 3597 4030 3771 4082; x_wconf 68' lang='lat' dir='ltr'><strong>sancta</strong></span> 
     </span>
    </p>
   </div>
   <div class='ocr_carea' id='block_1_94' title="bbox 2202 4110 3590 4187">
    <p class='ocr_par' dir='ltr' id='par_1_94' title="bbox 2202 4110 3590 4187">
     <span class='ocr_line' id='line_1_94' title="bbox 2202 4110 3590 4187; baseline 0.005 -21"><span class='ocrx_word' id='word_1_676' title='bbox 2202 4110 2481 4169; x_wconf 85' lang='lat' dir='ltr'><strong>Romanae</strong></span> <span class='ocrx_word' id='word_1_677' title='bbox 2509 4113 2766 4171; x_wconf 69' lang='lat' dir='ltr'><strong>Ecclesiae</strong></span> <span class='ocrx_word' id='word_1_678' title='bbox 2786 4115 2842 4171; x_wconf 88' lang='lat' dir='ltr'><strong>in</strong></span> <span class='ocrx_word' id='word_1_679' title='bbox 2870 4131 3057 4172; x_wconf 88' lang='lat' dir='ltr'><strong>mense</strong></span> <span class='ocrx_word' id='word_1_680' title='bbox 3088 4118 3230 4175; x_wconf 86' lang='lat' dir='ltr'><strong>Maio</strong></span> <span class='ocrx_word' id='word_1_681' title='bbox 3247 4157 3264 4187; x_wconf 92' lang='lat'><strong>,</strong></span> <span class='ocrx_word' id='word_1_682' title='bbox 3290 4118 3404 4174; x_wconf 88' lang='lat' dir='ltr'><strong>ind.</strong></span> <span class='ocrx_word' id='word_1_683' title='bbox 3430 4135 3590 4176; x_wconf 89' lang='lat' dir='ltr'><strong>nona.</strong></span> 
     </span>
    </p>
   </div>
   <div class='ocr_carea' id='block_1_95' title="bbox 2886 4208 3109 4281">
    <p class='ocr_par' dir='ltr' id='par_1_95' title="bbox 2886 4208 3109 4281">
     <span class='ocr_line' id='line_1_95' title="bbox 2886 4208 3109 4281; baseline 0 -16"><span class='ocrx_word' id='word_1_684' title='bbox 2886 4209 2928 4281; x_wconf 74' lang='grc' dir='ltr'><strong>ἰ-</strong></span> <span class='ocrx_word' id='word_1_685' title='bbox 2963 4208 3109 4266; x_wconf 87' lang='lat' dir='ltr'><strong>Bene</strong></span> 
     </span>
    </p>
   </div>
   <div class='ocr_carea' id='block_1_96' title="bbox 2965 4301 3225 4376">
    <p class='ocr_par' dir='ltr' id='par_1_96' title="bbox 2965 4301 3225 4376">
     <span class='ocr_line' id='line_1_96' title="bbox 2965 4301 3225 4376; baseline 0.008 -19"><span class='ocrx_word' id='word_1_686' title='bbox 2965 4301 3145 4359; x_wconf 89' lang='lat' dir='ltr'><strong>valete</strong></span> <span class='ocrx_word' id='word_1_687' title='bbox 3179 4302 3225 4376; x_wconf 70' lang='grc' dir='ltr'><strong>’ί-</strong></span> 
     </span>
    </p>
   </div>
   <div class='ocr_carea' id='block_1_97' title="bbox 2898 4452 3091 4510">
    <p class='ocr_par' dir='ltr' id='par_1_97' title="bbox 2898 4452 3091 4510">
     <span class='ocr_line' id='line_1_97' title="bbox 2898 4452 3091 4510; baseline 0.005 -1"><span class='ocrx_word' id='word_1_688' title='bbox 2898 4452 3091 4510; x_wconf 83' lang='lat' dir='ltr'><strong>XXXI.</strong></span> 
     </span>
    </p>
   </div>
   <div class='ocr_carea' id='block_1_98' title="bbox 2385 4577 3606 4628">
    <p class='ocr_par' dir='ltr' id='par_1_98' title="bbox 2385 4577 3606 4628">
     <span class='ocr_line' id='line_1_98' title="bbox 2385 4577 3606 4628; baseline 0.002 -6"><span class='ocrx_word' id='word_1_689' title='bbox 2385 4580 2728 4625; x_wconf 64' lang='lat' dir='ltr'><strong>nummatum</strong></span> <span class='ocrx_word' id='word_1_690' title='bbox 2760 4582 2864 4624; x_wconf 72' lang='lat' dir='ltr'><strong>rso</strong></span> <span class='ocrx_word' id='word_1_691' title='bbox 2898 4582 3241 4626; x_wconf 73' lang='lat' dir='ltr'><strong>IONASTERIO</strong></span> <span class='ocrx_word' id='word_1_692' title='bbox 3277 4577 3606 4628; x_wconf 62' lang='lat' dir='ltr'><strong>nauseat.</strong></span> 
     </span>
    </p>
   </div>
   <div class='ocr_carea' id='block_1_99' title="bbox 2838 4682 3192 4754">
    <p class='ocr_par' dir='ltr' id='par_1_99' title="bbox 2838 4682 3192 4754">
     <span class='ocr_line' id='line_1_99' title="bbox 2838 4682 3192 4754; baseline 0.006 -19"><span class='ocrx_word' id='word_1_693' title='bbox 2838 4682 3013 4753; x_wconf 79' lang='lat' dir='ltr'><strong>(Anno</strong></span> <span class='ocrx_word' id='word_1_694' title='bbox 3042 4683 3138 4739; x_wconf 71' lang='lat'><strong>891</strong></span> <span class='ocrx_word' id='word_1_695' title='bbox 3151 4682 3192 4754; x_wconf 82' lang='lat'><strong>.)</strong></span> 
     </span>
    </p>
   </div>
   <div class='ocr_carea' id='block_1_100' title="bbox 2349 4791 3648 4871">
    <p class='ocr_par' dir='ltr' id='par_1_100' title="bbox 2349 4791 3648 4871">
     <span class='ocr_line' id='line_1_100' title="bbox 2349 4791 3648 4871; baseline 0.002 -23"><span class='ocrx_word' id='word_1_696' title='bbox 2349 4791 2527 4867; x_wconf 84' lang='lat' dir='ltr'><strong>[Apud</strong></span> <span class='ocrx_word' id='word_1_697' title='bbox 2551 4791 2777 4859; x_wconf 83' lang='lat' dir='ltr'><strong>Eccard,</strong></span> <span class='ocrx_word' id='word_1_698' title='bbox 2808 4792 2933 4848; x_wconf 79' lang='lat' dir='ltr'><strong>hist.</strong></span> <span class='ocrx_word' id='word_1_699' title='bbox 2970 4811 3088 4866; x_wconf 85' lang='lat' dir='ltr'><strong>gen.</strong></span> <span class='ocrx_word' id='word_1_700' title='bbox 3117 4794 3288 4865; x_wconf 83' lang='lat' dir='ltr'><strong>princ.</strong></span> <span class='ocrx_word' id='word_1_701' title='bbox 3311 4796 3469 4855; x_wconf 34' lang='grc' dir='ltr'><strong>μεως.</strong></span> <span class='ocrx_word' id='word_1_702' title='bbox 3507 4796 3648 4871; x_wconf 77' lang='grc' dir='ltr'><strong>21η.</strong></span> 
     </span>
    </p>
   </div>
   <div class='ocr_carea' id='block_1_101' title="bbox 2277 4954 3770 5025">
    <p class='ocr_par' dir='ltr' id='par_1_101' title="bbox 2277 4954 3770 5025">
     <span class='ocr_line' id='line_1_101' title="bbox 2277 4954 3770 5025; baseline -0.004 -13"><span class='ocrx_word' id='word_1_703' title='bbox 2277 4955 2589 5012; x_wconf 67' lang='lat' dir='ltr'><strong>Srsruanus</strong></span> <span class='ocrx_word' id='word_1_704' title='bbox 2621 4954 2927 5025; x_wconf 86' lang='lat' dir='ltr'><strong>episcopus,</strong></span> <span class='ocrx_word' id='word_1_705' title='bbox 2954 4969 3143 5009; x_wconf 88' lang='lat' dir='ltr'><strong>servus</strong></span> <span class='ocrx_word' id='word_1_706' title='bbox 3171 4969 3459 5011; x_wconf 81' lang='lat' dir='ltr'><strong>servorum</strong></span> <span class='ocrx_word' id='word_1_707' title='bbox 3483 4956 3592 5023; x_wconf 88' lang='lat' dir='ltr'><strong>Dei,</strong></span> <span class='ocrx_word' id='word_1_708' title='bbox 3620 4954 3770 5009; x_wconf 81' lang='lat' dir='ltr'><strong>omni-</strong></span> 
     </span>
    </p>
   </div>
   <div class='ocr_carea' id='block_1_102' title="bbox 2202 5046 3774 5119">
    <p class='ocr_par' dir='ltr' id='par_1_102' title="bbox 2202 5046 3774 5119">
     <span class='ocr_line' id='line_1_102' title="bbox 2202 5046 3774 5119; baseline -0.004 -14"><span class='ocrx_word' id='word_1_709' title='bbox 2202 5050 2305 5105; x_wconf 87' lang='lat' dir='ltr'><strong>bus</strong></span> <span class='ocrx_word' id='word_1_710' title='bbox 2333 5058 2528 5103; x_wconf 62' lang='lat' dir='ltr'><strong>sanctm</strong></span> <span class='ocrx_word' id='word_1_711' title='bbox 2551 5047 2641 5101; x_wconf 79' lang='lat' dir='ltr'><strong>Dei</strong></span> <span class='ocrx_word' id='word_1_712' title='bbox 2672 5046 2926 5103; x_wconf 63' lang='lat' dir='ltr'><strong>Ecclesiae</strong></span> <span class='ocrx_word' id='word_1_713' title='bbox 2972 5046 3219 5102; x_wconf 85' lang='lat' dir='ltr'><strong>ﬁdelibus</strong></span> <span class='ocrx_word' id='word_1_714' title='bbox 3266 5052 3553 5119; x_wconf 60' lang='lat' dir='ltr'><strong>praesentis</strong></span> <span class='ocrx_word' id='word_1_715' title='bbox 3593 5048 3774 5104; x_wconf 85' lang='lat' dir='ltr'><strong>scilicet</strong></span> 
     </span>
    </p>
   </div>
   <div class='ocr_carea' id='block_1_103' title="bbox 2201 5140 2753 5211">
    <p class='ocr_par' dir='ltr' id='par_1_103' title="bbox 2201 5140 2753 5211">
     <span class='ocr_line' id='line_1_103' title="bbox 2201 5140 2753 5211; baseline -0.007 -14"><span class='ocrx_word' id='word_1_716' title='bbox 2201 5151 2259 5197; x_wconf 90' lang='lat' dir='ltr'><strong>et</strong></span> <span class='ocrx_word' id='word_1_717' title='bbox 2284 5141 2446 5196; x_wconf 84' lang='lat' dir='ltr'><strong>futuri</strong></span> <span class='ocrx_word' id='word_1_718' title='bbox 2477 5140 2753 5211; x_wconf 78' lang='lat' dir='ltr'><strong>temporis.</strong></span> 
     </span>
    </p>
   </div>
   <div class='ocr_carea' id='block_1_104' title="bbox 2274 5226 3774 5297">
    <p class='ocr_par' dir='ltr' id='par_1_104' title="bbox 2274 5226 3774 5297">
     <span class='ocr_line' id='line_1_104' title="bbox 2274 5226 3774 5297; baseline 0.001 -15"><span class='ocrx_word' id='word_1_719' title='bbox 2274 5228 2407 5283; x_wconf 89' lang='lat' dir='ltr'><strong>Cum</strong></span> <span class='ocrx_word' id='word_1_720' title='bbox 2443 5238 2628 5282; x_wconf 91' lang='lat' dir='ltr'><strong>nostro</strong></span> <span class='ocrx_word' id='word_1_721' title='bbox 2661 5227 2980 5297; x_wconf 89' lang='lat' dir='ltr'><strong>apostolatui</strong></span> <span class='ocrx_word' id='word_1_722' title='bbox 3019 5226 3297 5282; x_wconf 89' lang='lat' dir='ltr'><strong>incumbat</strong></span> <span class='ocrx_word' id='word_1_723' title='bbox 3345 5230 3591 5285; x_wconf 89' lang='lat' dir='ltr'><strong>omnium</strong></span> <span class='ocrx_word' id='word_1_724' title='bbox 3615 5226 3774 5284; x_wconf 80' lang='lat' dir='ltr'><strong>Eccle-</strong></span> 
     </span>
    </p>
   </div>
   <div class='ocr_carea' id='block_1_105' title="bbox 2205 5316 3777 5372">
    <p class='ocr_par' dir='ltr' id='par_1_105' title="bbox 2205 5316 3777 5372">
     <span class='ocr_line' id='line_1_105' title="bbox 2205 5316 3777 5372; baseline 0.005 -11"><span class='ocrx_word' id='word_1_725' title='bbox 2205 5320 2405 5361; x_wconf 69' lang='grc' dir='ltr'><strong>Ρῗιιιηηιι</strong></span> <span class='ocrx_word' id='word_1_726' title='bbox 2464 5317 2577 5352; x_wconf 61' lang='lat'><strong>1“”!</strong></span> <span class='ocrx_word' id='word_1_727' title='bbox 2617 5318 2628 5328; x_wconf 74' lang='grc'><em>’</em></span> <span class='ocrx_word' id='word_1_728' title='bbox 2716 5319 2747 5330; x_wconf 60' lang='lat' dir='ltr'><strong>n</strong></span> <span class='ocrx_word' id='word_1_729' title='bbox 2922 5333 2944 5338; x_wconf 74' lang='lat'>“</span> <span class='ocrx_word' id='word_1_730' title='bbox 3177 5316 3428 5359; x_wconf 55' lang='grc' dir='ltr'><strong>’ςῑιιιωηα</strong></span> <span class='ocrx_word' id='word_1_731' title='bbox 3457 5320 3525 5356; x_wconf 56' lang='grc' dir='ltr'><strong>εἷα</strong></span> <span class='ocrx_word' id='word_1_732' title='bbox 3574 5320 3659 5368; x_wconf 65' lang='lat' dir='ltr'><strong>alii</strong></span> 
     </span>
    </p>
   </div>
  </div>
