3926 5482
182 448 289 506 817

1107 454 1489 525 EPISTOLxE,
1524 456 1918 519 DIPLOMATA
1950 458 2038 520 ET
2076 455 2483 525 PNVILEGiA.

3340 485 3444 544 818

184 560 330 625 Leri,
366 560 419 615 in
450 560 570 617 loco
591 561 682 634 qui
714 562 911 619 dicitur
930 563 1341 633 Wildeshusen;
1374 568 1612 638 ejusdem
1639 586 1768 626 con-
1798 579 1844 637 Α
1872 580 2146 652 episcopo,
2173 583 2285 654 ipse
2311 586 2495 641 venire
2525 582 2776 644 distulisd
2801 598 2856 647 et
2880 606 2908 646 a
2935 599 2987 648 te
3015 591 3254 662 directis,
3285 609 3448 669 prout

184 654 501 709 strnctiouis
531 656 902 724 intentionem,
947 667 1003 713 et
1038 659 1265 729 qualiter
1311 661 1377 716 ad
1422 662 1561 718 idem
1607 663 1767 721 colle-

181 747 332 816 gium
363 748 433 802 de
474 748 633 805 rebus
671 751 784 805 suis
814 761 1021 821 partem
1064 754 1378 825 assignavit,
1409 765 1530 826 post
1559 758 1766 814 obitum

181 836 449 907 ejusdem,
488 840 806 895 venerabilis
830 841 931 897 viri
963 843 1101 898 filius
1127 857 1180 899 et
1206 847 1531 902 venerabilis
1560 849 1769 918 cpisco-

180 941 285 996 pus
314 926 654 985 Wihibertus
671 931 737 987 de
760 931 1019 991 Vcrdcnsi
1044 935 1280 992 Ecclesia
1306 938 1460 994 nobis
1479 942 1765 1012 suggessit,

183 1020 511 1076 transmissa
558 1021 714 1077 nobis
765 1024 977 1095 pagina,
1028 1027 1081 1081 in
1137 1042 1240 1097 qua
1292 1029 1669 1087 continebatur
1712 1040 1769 1090 et

179 1119 368 1167 votum
401 1114 572 1181 patris
600 1113 733 1183 ejus,
774 1115 1081 1187 plenissime
1111 1119 1334 1190 digesta,
1364 1130 1418 1176 et
1443 1123 1767 1195 subscriptio

176 1203 611 1275 propinquorum
680 1207 795 1278 ejus
867 1209 1105 1265 omnium
1170 1213 1236 1267 ad
1301 1214 1768 1273 conﬁrmationem

177 1294 427 1364 ejusdem
481 1298 612 1354 voti.
655 1298 723 1355 Et
765 1302 890 1371 quia
941 1303 1080 1359 idem
1118 1306 1440 1364 venerabilis
1481 1308 1766 1379 episcopus

177 1387 354 1458 ipsam
417 1391 810 1449 institutionem
866 1396 1073 1465 prtelati
1129 1397 1337 1468 collegii
1401 1399 1456 1454 in
1509 1402 1766 1470 praedicta

175 1481 368 1535 charta
397 1482 662 1554 digestam
690 1501 717 1539 a
752 1486 904 1541 nobis
942 1490 1250 1546 confirmari
1276 1492 1449 1561 petiit,
1476 1493 1763 1551 statuimus

175 1581 342 1641 atque
368 1573 474 1630 hac
508 1585 687 1631 nostra
715 1581 1036 1635 auctoritate
1081 1583 1180 1639 sub
1209 1584 1371 1640 divini
1392 1585 1581 1657 jndicii
1610 1587 1765 1644 obte-

171 1665 415 1722 statione
451 1668 720 1738 jubemus,
771 1679 850 1738 ut,
879 1688 979 1727 nec
1023 1676 1327 1748 episcopus,
1356 1692 1454 1734 nec
1479 1679 1672 1751 aliquis
1698 1680 1766 1737 de

172 1759 503 1831 cognatione
532 1762 670 1833 ejus,
699 1763 784 1819 vel
810 1764 990 1837 aliqua
1036 1784 1265 1839 persona
1295 1771 1410 1828 sive
1433 1788 1625 1845 magna
1651 1772 1766 1829 sive

173 1866 365 1922 parva,
410 1854 516 1911 hoc
566 1856 764 1914 audeat
814 1858 1130 1931 infringere.
1175 1861 1327 1931 Quod
1360 1864 1406 1921 si
1455 1865 1762 1937 quisquam,

1871 673 1969 744 ipsi
1997 673 2326 745 fatebantur,
2354 679 2759 738 vicariationcm
2785 693 2929 740 tuam
2953 688 3019 742 ad
3047 688 3311 761 integrum
3336 708 3445 750 non

1870 770 2212 837 commisisti,
2245 772 2403 828 finem
2447 775 2723 844 imponere
2752 786 2912 835 tautae
2956 780 3031 837 liti
3056 783 3345 852 noluimus,
3376 804 3445 845 ne

1870 860 2143 931 quippiam
2193 879 2532 936 praepropere
2580 870 2824 926 sanxisse
2874 873 3198 931 videremur.
3252 878 3358 934 Sed
3386 890 3448 934 nt

1872 955 1951 1010 rei
1998 956 2198 1014 veritas
2240 957 2293 1012 in
2329 957 2610 1016 clariorem
2662 962 2834 1019 lucem
2882 976 3147 1037 ermnpat,
3194 968 3443 1035 Folkoni,

1869 1048 2161 1103 venerabili
2219 1049 2540 1110 Rhemensis
2605 1052 2941 1130 (Ecclesiae)
3005 1061 3444 1133 archiepiscopo,

1868 1144 2202 1215 scripsimus,
2229 1156 2287 1202 ut
2309 1156 2495 1205 nostra
2520 1149 2633 1206 vice
2654 1151 2793 1222 apud
2822 1153 3153 1224 Vaugionem
3184 1156 3449 1226 synodum

1870 1244 2130 1291 convocet
2165 1251 2349 1294 mense
2375 1238 2638 1310 Angusto,
2671 1240 2725 1296 in
2749 1241 3134 1313 Assumptione
3171 1245 3263 1300 Dei
3290 1247 3449 1316 geni-

1871 1326 2022 1381 tricis
2045 1328 2269 1399 virginis
2295 1328 2474 1387 Marim
2501 1330 2693 1388 futura:
2727 1334 2837 1390 Deo
2859 1335 3090 1407 pr0pitio
3118 1335 3341 1393 decimae
3362 1338 3447 1394 in-

1871 1417 2143 1484 dictionis,
2174 1420 2239 1473 ad
2264 1435 2423 1489 quam
2445 1428 2589 1476 tuam
2620 1425 2980 1481 reverentiam
3001 1435 3058 1481 et
3094 1425 3444 1499 Sunderoldi;

1870 1511 2194 1593 venerabilis
2234 1513 2649 1585 archiepiscopi,
2692 1524 3045 1589 utrorumque
3084 1519 3452 1593 sun'raganeo-

1869 1592 2065 1658 tumet
2091 1602 2325 1659 amnium
2349 1606 2813 1664 sanctissimorum
2838 1611 3215 1682 episcoporum
3241 1592 3445 1668 castum

1868 1695 2160 1751 convenire
2204 1711 2507 1752 monemus.
2555 1696 2655 1753 Cui
2693 1707 2749 1753 et
2792 1700 3039 1755 eumdem
3078 1699 3451 1774 Adalgarium,

1870 1789 2369 1845 reverentissimum
2416 1791 2754 1862 episcopum,
2800 1792 3065 1849 interesse
3094 1793 3449 1864 injuuximus,

1873 1889 2137 1951 quatenus
2165 1881 2306 1937 facta
2356 1881 2484 1937 inibi
2516 1884 2846 1940 examinatio
2884 1885 3011 1956 quid
3036 1886 3230 1957 cuique
3255 1887 3453 1943 debea-

171 1946 320 2016 qnod
372 1962 481 2003 non
534 1955 809 2019 optamus,
846 1962 1036 2008 contra
1076 1954 1177 2010 hoc
1221 1962 1465 2011 nostrum
1492 1956 1768 2013 decretum

1881 1979 1962 2027 tur
2023 1971 2290 2039 ostendat,
2341 1972 2543 2028 nullum
2604 1982 2780 2030 tamen
2831 1975 3069 2046 imponat
3138 1977 3446 2035 terminum.

172 2039 365 2095 venire
393 2041 704 2109 tentaverit,
736 2043 872 2099 sciat
900 2059 959 2099 sc
987 2044 1039 2098 in
1077 2044 1163 2099 die
1191 2043 1379 2114 judicii
1410 2046 1771 2104 anathematis

172 2147 440 2189 mucrone
525 2137 934 2208 percutiendum
963 2179 976 2201 ,
1033 2148 1192 2209 atque
1252 2146 1522 2209 perpetuae
1580 2140 1769 2198 ultioni

172 2241 332 2282 reum
364 2227 634 2285 diabolica
663 2239 811 2286 sorte
854 2231 1240 2288 damnandum.
1269 2231 1530 2304 Optamus
1579 2248 1676 2290 vos
1714 2233 1769 2290 in

170 2320 399 2379 Christo
444 2323 582 2379 bene
609 2323 810 2381 valere.
843 2324 977 2381 Data
1009 2325 1232 2381 Kalend.
1263 2326 1427 2394 Junii,
1476 2326 1769 2385 indictione

171 2427 340 2468 nona.

874 2507 1090 2565 XXXII.

358 2637 427 2677 AD
478 2636 831 2681 HERIMANNUM
870 2641 1233 2684 COLONIENSEH
1278 2642 1592 2687 ειηεεουυιι.

789 2736 964 2807 (Anno
1014 2738 1164 2811 891.)

246 2844 435 2922 [Apud
490 2846 846 2921 Lappenberg
868 2892 883 2917 ,
949 2850 1386 2923 Hambnrgisches
1454 2851 1768 2911 Urkunden-

831 2940 962 2997 bach
988 2983 1002 3009 ,
1034 2958 1091 3013 p.
1130 2941 1243 3016 78.]

246 3071 574 3129 Snrnsms
612 3073 918 3145 episcopus,
941 3089 1131 3131 servus
1151 3089 1431 3131 servorum
1466 3076 1583 3143 Dei,
1613 3092 1771 3134 reve-

174 3166 498 3237 rentissimo
546 3176 603 3222 et
650 3168 992 3223 sanctissimo
1038 3167 1295 3225 confratri
1352 3178 1557 3235 nostro,
1605 3167 1769 3225 [lent-

173 3272 381 3322 uaxxo,
413 3256 724 3329 Agrippina:
751 3259 986 3316 Coloniae
1022 3259 1446 3331 archiepiscopo.

244 3346 477 3402 Litteris
508 3349 614 3404 tuis
660 3349 831 3405 multa
881 3348 1191 3418 prolixitate
1237 3348 1622 3406 fluctuantibus
1668 3350 1772 3407 sub

170 3438 448 3492 brevitate
486 3440 813 3509 respondere
840 3441 1215 3511 praevidemus,
1246 3441 1393 3511 quia,
1433 3441 1772 3500 diversarum

172 3529 587 3598 provinciarum
625 3547 746 3587 cum
783 3533 851 3586 ad
899 3531 1079 3589 sedem
1127 3532 1478 3603 apostolicam
1525 3535 1642 3591 sine
1690 3534 1772 3590 iu-

174 3624 530 3679 termissione
605 3624 771 3681 variae
848 3624 1126 3681 confluunt
1176 3626 1552 3697 qumsliones,
1627 3642 1768 3697 quas

175 3713 297 3767 sine
324 3713 685 3783 responsione
709 3714 921 3770 solvere
959 3731 1066 3770 non
1091 3724 1326 3785 oportet,
1357 3715 1462 3772 nisi
1492 3716 1769 3775 succincta

173 3806 528 3875 responderit
558 3805 836 3873 scbcdnla,
868 3807 1000 3878 ipsis
1024 3808 1185 3863 etiam
1215 3809 1442 3866 notariis
1469 3818 1772 3865 verteretur

176 3894 236 3946 in
330 3895 603 3950 nausiam.
699 3895 955 3965 Quereris
1040 3897 1389 3956 Bremeusem
1470 3899 1769 3957 Ecelesiam

174 3984 497 4055 Agrippina:
539 3985 779 4043 Colonia:
834 3989 950 4044 sedi
998 3987 1166 4047 fuisse
1229 3992 1551 4063 subjectam,
1616 3991 1771 4061 cujus

176 4074 443 4132 Ecclesia:
469 4080 704 4135 antistes
727 4095 898 4152 nuper
938 4082 1003 4136 ad
1034 4098 1135 4139 nos
1163 4084 1400 4157 dirigens
1427 4094 1479 4142 et
1504 4101 1647 4141 nunc
1674 4102 1771 4157 per

177 4178 358 4224 semet
388 4172 675 4238 accedens,
717 4172 970 4230 Ecclesia:
1009 4189 1118 4230 suae
1173 4175 1453 4247 privilegia
1498 4193 1528 4232 a
1584 4190 1636 4233 te
1684 4177 1771 4235 vel

176 4270 535 4318 antecessore
559 4271 652 4318 tuo
674 4277 898 4334 questus
925 4274 1009 4321 est
1028 4265 1230 4322 violare
1254 4267 1460 4323 conari.
1487 4269 1563 4324 De
1583 4266 1774 4323 Eccle-

177 4352 392 4407 siarnm
425 4353 611 4424 itaque
656 4355 955 4429 privilegio,
993 4358 1137 4426 quod
1184 4365 1445 4413 terrarum
1495 4358 1770 4432 longitudo

176 4442 467 4499 obnubilat
499 4454 556 4499 ct
603 4446 990 4514 preteritorum
1039 4446 1263 4502 Patrum
1316 4449 1614 4504 auctoritas
1660 4464 1771 4505 non

179 4535 522 4605 manifestat,
549 4545 753 4593 temere
771 4538 1120 4609 judicaudum
1147 4556 1246 4611 pro
1271 4539 1425 4595 libitu
1453 4539 1771 4610 cujusquam

180 4644 290 4686 non
322 4646 635 4687 censemus.
664 4631 936 4702 Scriptum
970 4632 1167 4702 quippe
1197 4641 1280 4688 est
1306 4649 1320 4686 :
1351 4631 1578 4686 Causam
1610 4646 1771 4703 quam

184 4724 483 4780 nesciebam
512 4766 529 4789 ,
586 4724 1027 4795 dil(ig)entissime
1073 4724 1441 4797 intlealigabam
1493 4724 1613 4798 (Job
1660 4740 1773 4792 XIX,

184 4812 300 4884 10).
328 4800 444 4881 Qua
475 4828 576 4887 pro
615 4828 673 4867 rc
701 4829 806 4868 non
833 4825 1135 4869 atramento
1179 4824 1235 4868 et
1271 4814 1499 4886 pellibus
1527 4814 1644 4869 hinc
1669 4812 1783 4869 dis-

182 4906 366 4961 cussio
406 4905 760 4962 concedenda
806 4915 929 4973 est,
973 4907 1067 4962 sed
1114 4907 1414 4964 alternandi
1475 4905 1782 4978 sermo(ci)-

184 4998 410 5053 natione
455 4997 561 5053 sub
588 4997 805 5053 cautela
854 5007 909 5053 ct
964 4997 1219 5069 diligendi
1261 4998 1661 5055 examinatione
1721 4997 1780 5054 lio

183 5087 415 5143 branda.
450 5086 606 5143 Unde
634 5096 849 5157 oportet
888 5096 1145 5160 utrosque
1172 5105 1269 5145 vos
1322 5088 1373 5143 in
1416 5103 1658 5146 nostram
1687 5104 1778 5145 ve-

186 5181 306 5235 nire
345 5181 696 5251 praesentiam
729 5188 785 5232 et
828 5182 1084 5249 synodica
1128 5182 1212 5237 his
1257 5182 1567 5239 deﬁnitione
1599 5181 1782 5237 termi-

126 5336 133 5339 ι
185 5287 315 5326 num
358 5272 643 5343 inponere,
680 5284 753 5324 ne
789 5270 1045 5329 ulterialis
1085 5274 1319 5329 rediviva
1368 5275 1610 5345 quolibet
1655 5271 1782 5329 odio

184 5362 482 5421 fraternam
525 5363 857 5419 charitatem
895 5364 1154 5422 obfuscet.
1192 5365 1351 5421 Nefas
1377 5369 1575 5442 quippe
1601 5374 1703 5430 est,
1733 5365 1780 5422 si

612 5450 763 5482 ’δηηΙσι
817 5453 969 5482 ιι.ηοῖιῖ
1001 5465 1119 5482 nu...
1174 5464 1219 5482 nl
1269 5456 1400 5482 nl:n-
1442 5457 1645 5482 Ι.---.Ξ.ιΑ
1697 5470 1758 5482 Λι-

1796 3306 1844 3374 C

1875 2063 2074 2120 Deinde
2104 2073 2358 2135 utrosque
2385 2079 2502 2129 vos,
2535 2065 2579 2120 si
2629 2063 2861 2121 facultas
2902 2065 3157 2136 suppetit,
3206 2066 3447 2137 alioquin

1872 2156 1944 2211 ita
1994 2172 2024 2211 a
2067 2155 2221 2212 vobis
2255 2155 2500 2226 utrisque
2534 2156 2829 2212 instructos
2861 2155 3069 2225 legatos
3112 2154 3179 2210 ad
3209 2165 3454 2213 nostrain

1871 2248 2215 2320 praesentiam
2262 2245 2516 2316 jnbemus
2566 2245 2822 2318 dirigite,
2872 2246 3223 2303 vicariatione
3270 2255 3453 2302 vestra

1873 2341 2164 2398 commissa
2199 2347 2257 2396 ut
2279 2338 2613 2410 disceptandi
2644 2348 2699 2395 et
2745 2337 3074 2395 deliberandi
3104 2338 3340 2394 habeant
3380 2337 3450 2392 li-

1871 2433 2233 2499 beralitatem,
2279 2434 2405 2505 quia
2434 2444 2488 2490 et
2533 2434 2599 2489 ad
2645 2433 2749 2489 hoc
2789 2433 3296 2489 reverendissimum
3331 2430 3456 2486 Fol-

1870 2526 2063 2582 konem
2095 2525 2384 2597 prmsidere
2411 2524 2542 2581 inibi
2571 2524 2920 2589 instituimus,
2948 2532 3006 2577 ut
3054 2523 3290 2578 veridica
3331 2521 3453 2591 ejus

1872 2620 2171 2675 assertione
2210 2634 2308 2689 per
2348 2629 2627 2674 strenuum
2658 2616 2976 2687 episcopalis
3023 2614 3229 2670 ordinis
3268 2613 3446 2668 virum

1872 2727 2094 2769 noscere
2120 2710 2395 2767 valeamus
2438 2711 2514 2764 rei
2554 2709 2857 2772 veritatem,
2888 2707 3071 2762 omnia
3101 2705 3454 2777 ambiguitate

1870 2805 2185 2877 postposita,
2217 2810 2272 2860 et
2300 2802 2396 2868 ita,
2422 2801 2529 2857 Deo
2573 2799 2807 2863 fovente,
2838 2798 3156 2862 deliberare,
3199 2804 3258 2850 ut
3293 2793 3455 2849 nullis

1871 2899 2009 2954 ultra
2058 2895 2392 2968 temporibus
2444 2894 2513 2950 de
2565 2892 2669 2950 hoc
2714 2890 3078 2948 necessarium
3124 2889 3193 2947 sit
3233 2894 3451 2944 vertere

1872 2994 2242 3065 quaestionem.

2449 3124 2876 3190 APPENDIX.

2014 3289 2315 3334 EPISTOLA
2357 3289 2436 3332 AD
2479 3286 2749 3341 SELVAM,
2798 3281 3188 3329 ERMEMIRUM
3232 3279 3313 3323 ET

2457 3364 2858 3412 FRODOINUM.

2352 3499 2628 3571 Stephano
2660 3498 2705 3556 ν
2744 3498 2966 3554 tributa.

1869 3631 2186 3689 Inscribitur
2209 3636 2265 3688 in
2300 3632 2418 3689 VV.
2442 3632 2549 3690 CC.
2570 3650 2589 3689 :
2611 3634 2964 3691 PRIVILEGIUI
2988 3648 3054 3688 ns
3090 3643 3460 3688 ARCBIEI‘ISCO-

1940 3721 2078 3761 run
2109 3720 2176 3760 ns
2204 3706 2549 3771 Tsnnaeom,
2589 3722 2709 3759 cum
2746 3707 2918 3774 potius
2943 3703 3164 3758 dicenda
3191 3704 3257 3755 sit
3288 3700 3462 3774 deglao

1939 3776 2100 3831 motio
2126 3777 2387 3846 qawpiam
2425 3786 2517 3830 aut
2536 3767 2811 3831 'srnteniia
2848 3775 2957 3830 lata
2980 3776 3054 3846 in_
3059 3775 3283 3844 gratiam
3315 3767 3463 3827 Nar-

1940 3843 2178 3902 bonensis
2201 3843 2578 3916 archiepiscopi
2599 3847 2912 3901 concinnata
2931 3848 2987 3902 in
3014 3843 3460 3898 Tarraconensem

1938 3916 2172 3988 aliosque
2190 3914 2439 3989 prmities
2464 3914 2751 3987 Hispanos.

2082 4029 2260 4103 [Apud
2289 4029 2480 4098 Mansi,
2511 4028 2865 4085 Conciliorum
2897 4038 3044 4085 tomo
3083 4025 3246 4103 Vlll.]

1941 4141 2253 4198 Sacranos
2281 4184 2296 4209 ,
2343 4159 2533 4199 servus
2580 4158 2862 4198 servorum
2912 4143 3046 4207 Dei,
3109 4141 3301 4197 δεινάς
3336 4180 3352 4208 ,
3405 4147 3465 4196 et

1870 4213 2158 4270 Enusltno
2206 4224 2367 4287 atque
2411 4213 2686 4270 Fnonouvo
2734 4212 3142 4269 Barcinonensi.

1942 4324 2182 4388 Noveris,
2218 4327 2463 4395 inquam,
2488 4325 2732 4389 noveris,
2768 4324 2927 4381 Selva
2957 4324 3127 4378 frater
3149 4364 3164 4388 ,
3198 4323 3242 4377 si
3278 4322 3357 4377 fas
3378 4328 3466 4378 est

1872 4395 2115 4452 fratemo
2151 4407 2204 4452 te
2229 4398 2407 4451 vocari
2431 4398 2629 4452 debere
2659 4396 2920 4451 vocabqu
2946 4435 2960 4460 ,
2990 4395 3131 4464 quod
3157 4408 3225 4447 ex
3251 4407 3459 4464 praece-

1871 4479 1965 4537 pto
2006 4465 2379 4538 gloriosissimj
2420 4475 2475 4521 et
2510 4465 2776 4538 catholici
2801 4462 3145 4538 imperatoris
3185 4475 3212 4503 ι
3254 4462 3459 4538 Odonis

1872 4533 2310 4614 nupervenerim
2338 4536 2560 4602 Trecas,
2585 4533 3037 4614 concilium'inibi
3076 4536 3148 4614 _t_le
3186 4533 3372 4614 nulltis
3395 4547 3461 4614 ac

1875 4605 2103 4683 diversis
2148 4606 2978 4683 celebraturus__negotiis,“cum
3014 4605 3250 4683 reliquis
3279 4605 3464 4683 coepi-

1801 4685 1854 4746 D
1880 4678 2059 4748 scopis
2086 4685 2140 4732 et
2167 4673 3058 4748 consacerdotibus‘pontiticalibus
3102 4673 3304 4748 infulis
3324 4673 3461 4727 insi-

1884 4743 2053 4830 gnitis
2100 4747 2501 4830 quinquaginta
2535 4743 2764 4830 duobus,
2799 4747 2892 4818 qui
2949 4748 3124 4830 cidem
3182 4743 3467 4830 nobiseum

1884 4813 2267 4876 interfuerunt'
2309 4813 2561 4875 concilio.
2631 4816 2765 4871 Nam
2820 4813 2948 4873 'cnm
3009 4818 3079 4873 de
3139 4813 3470 4884 quibusdam

1880 4890 2267 4947 ecclesiasticis
2329 4889 2513 4947 causis
2560 4906 2589 4943 a
2649 4887 2803 4944 nobis
2858 4888 3088 4944 sollicite
3143 4891 3473 4940 tractaretur

1880 4961 2094 5034 t‘iteqne
2138 4962 2374 5031 qualiter
2413 4975 2475 5015 se
2520 4961 2720 5034 habere
2763 4959 3022 5034 deberent
3067 4960 3474 5034 disponeretur.

1880 5029 2025 5089 inter
2051 5029 2245 5090 ctetéra
2287 5046 2409 5102 qua}
2434 5046 2465 5102 ξι
2494 5030 2651 5088 nobis
2681 5029 2828 5098 justo
2850 5031 3478 5102 decernebautnnatque

1879 5106 2260 5175 statuebantur
2286 5093 2514 5173 judicio,
2547 5093 2762 5154 ventum
2796 5108 2882 5155 est
2917 5102 2982 5155 ad
3022 5111 3131 5175 tua;
3165 5093 3481 5175 illsolttltlisf

1886 5174 2041 5245 simae
2080 5164 2347 5245 nimisque
2387 5164 2831 5245 prazsumptuosac
2860 5174 3192 5245 arrogantia:
3238 5164 3482 5245 indecere

1888 5230 2512 5304 tissimumdedecornm
2552 5230 2809 5312 dedecus,
2849 5258 2960 5312 quo
2988 5230 3194 5298 ἷηαηιο
3236 5230 3484 5312 elationis

1886 5321 1997 5387 tuac
2026 5318 2305 5376 stomacho
2346 5312 2628 5387 rebellare.
2665 5309 2774 5387 into
2800 5307 3053 5387 resistere
3090 5307 3485 5387 ρτςθειιιςιυὲίξξί

1882 5383 1981 5444 Dei
2004 5384 2388 5458 omnipotentis
2407 5380 3065 5468 perpetttaadisgpositioni,
3082 5380 3482 5468 {volens

3095 5441 3133 5482 ..ν
3180 5441 3489 5482 cla-niui“!!!

2053 5476 2071 5482 Α
2083 5449 2307 5482 ..ηλαι-.-Α
2339 5463 2487 5482 anno!
2500 5449 2707 5482 λιιι-111111
2738 5449 2838 5482 Λίδη
