3926 5400
464 408 569 469 823

1790 401 2163 473 Fonuosus
2201 414 2398 472 PAPA.

3620 417 3721 473 εει

462 534 750 601 jurareque
796 529 1015 603 coegit,
1051 543 1109 603 se
1140 542 1428 603 nunquam
1476 530 1843 602 episcopatum
1886 532 2123 594 sutth
2149 532 2381 588 Romani
2410 532 2510 589 sub
2536 529 2744 588 Joanne
2762 530 2846 603 lX
2872 538 3164 596 testantur,
3218 530 3489 603 accidisse
3533 533 3720 599 potuit,

468 600 863 672 repetiturum,
902 600 1019 657 'sed
1081 601 1215 672 laica
1280 600 1675 672 communione
1722 608 2035 657 contentum

464 671 718 741 deinceps
740 673 1068 743 quieturum.
1099 671 1215 740 Qua
1259 672 1325 728 de
1354 688 1517 728 causa
1548 671 1785 728 Joannes
1806 742 1809 743 ν
1832 673 1883 726 in
1915 686 2038 743 eum

471 746 572 798 hac
608 741 814 797 ratione
843 742 1306 809 animadverterit,
1339 760 1445 798 non
1474 751 1686 799 constat
1720 758 1734 797 :
1763 742 1865 798 nisi
1898 741 2043 812 quod

468 816 698 869 fortasse
723 815 792 868 ob
818 830 902 868 res
929 813 1067 868 male
1088 822 1286 881 gestas,
1313 830 1342 868 a
1369 813 1631 869 Formoso
1656 820 1957 883 correptus,
1989 821 2046 867 et

468 884 794 947 admonitus,
828 885 1000 955 ipsum
1032 885 1179 939 velut
1207 884 1460 941 rebellem
1490 901 1581 955 ex,
1605 883 1727 939 albo
1766 884 2046 955 episcopo.-

466 971 587 1009 rmn
654 953 984 1010 eraden'tlum
1033 971 1154 1012 esse
1190 955 1480 1025 putaverit.
1535 954 1793 1020 Marinus,
1823 953 2045 1025 Joannis

467 1039 622 1094 paprc
679 1040 1001 1089 successor,
1055 1027 1231 1081 virum
1282 1026 1493 1081 meritis
1545 1040 1706 1096 supra
1764 1024 2048 1079 recensitis

471 1096 734 1167 insignem
793 1098 1124 1165 apostolatus
1171 1098 1379 1153 honore
1440 1097 1890 1161 condecoratmn,
1945 1096 2049 1149 hac

470 1166 765 1237 ignominia
789 1168 1067 1233 obrutum,
1091 1176 1269 1237 utpar
1310 1176 1450 1232 erat,
1474 1167 1664 1230 erexit,
1695 1174 2050 1236 erectumque

469 1236 615 1309 haud
640 1239 801 1293 dubie
829 1253 856 1291 a
882 1236 1191 1306 juramento
1213 1254 1310 1309 per
1340 1238 1446 1292 vim
1498 1245 1552 1293 et
1576 1246 1803 1309 pinetum
1835 1244 2050 1292 extorto

470 1308 723 1374 absolvit,
757 1317 811 1381 et
833 1310 1077 1378 pristinae
1106 1306 1353 1381 dignitati
1379 1307 1635 1381 restituit.
1657 1306 2052 1381 Obtemperans

468 1387 524 1431 et
548 1376 920 1435 sententiaeet
960 1376 1216 1435 mandato
1244 1379 1516 1450 pontiﬁcis
1563 1376 1888 1450 Formosus,
1940 1376 2053 1447 epi-

470 1458 746 1518 scopatum
789 1451 1098 1520 resumpsit.
1127 1449 1370 1520 Cumque
1403 1450 1505 1505 hoc
1532 1449 1873 1520 potissimu_m
1914 1454 2051 1503 tem-

467 1533 601 1592 pore
643 1518 1000 1592 pessimorum
1052 1518 1402 1592 tyrannorum
1467 1518 2054 1592 invasione_ltomana

470 1588 715 1661 [Ecclesia
744 1592 1061 1660 gravissime
1074 1588 1438 1660 'aﬁligeretur,
1463 1591 1575 1661 ipse
1603 1607 1730 1645 vero
1764 1588 2056 1644 Formosus

471 1659 790 1733 Poriuensis
825 1663 1112 1733 episcopus
1159 1659 1269 1718 toto
1300 1659 1568 1716 terrarum
1621 1661 1771 1723 orbe,
1806 1668 1866 1733 ut
1894 1675 2055 1733 supra

470 1746 537 1804 ex
561 1729 872 1804 Flﬁodoardo'
886 1729 1285 1804 etLuitprando
1308 1732 1664 1804 05tendimus,
1681 1729 2058 1804 sanctissimus

472 1803 629 1856 simul
656 1812 708 1856 ct
739 1800 1095 1860 doctissimus
1131 1805 1424 1859 haberetur
1472 1812 1527 1857 et
1570 1803 1843 1858 coleretur
1874 1818 1887 1855 :
1917 1800 2059 1855 bono

471 1874 638 1929 totius
668 1875 927 1929 Ecclesiae
951 1875 1251 1944 catholicae,
1282 1884 1441 1944 prout
1472 1874 1668 1943 sacpius
1714 1872 1917 1944 factum
1945 1869 2060 1925 fue—

474 1953 581 2007 rat,
608 1960 674 1999 ex
704 1947 959 2015 episcopo
985 1942 1296 2000 Portuensi'
1317 1945 1383 1998 ad
1433 1942 1794 2015 moderandas
1822 1942 2062 1996 habenas

473 2015 645 2095 totius
674 2013 823 2095 orbis
853 2013 1106 2095 catholici
1135 2015 1543 2095 translatuses‘t
1587 2014 1653 2068 ad
1697 2013 2064 2095 episcopatum

474 2093 529 2139 et
582 2085 957 2154 pontiﬁcatum
1005 2086 1262 2142 Romanzc
1320 2084 1572 2141 Ecclesia:
1620 2099 1635 2138 :
1683 2083 1835 2151 cujus
1891 2083 2065 2148 initio,

475 2156 757 2227 epistolam
808 2157 953 2211 illam
982 2198 996 2219 ,
1050 2173 1212 2227 quam
1256 2156 1535 2227 Stylianus
1589 2155 1967 2227 destinaverat
2000 2154 2068 2208 ad

477 2223 812 2297 Stephanum
834 2227 902 2292 ν,
938 2223 1253 2298 priusquam
1299 2223 1527 2298 Romam
1558 2224 1843 2281 aﬁerrctur
1873 2223 2069 2298 deiun-

476 2294 643 2369 «_-_tuim,
697 2294 1421 2369 accepitfaliam’queiinfra
1450 2306 1753 2369 exstantem
1811 2294 2067 2369 reddidit.

476 2366 645 2438 Valde
682 2366 944 2423 sollicitus
986 2368 1082 2424 fuit
1134 2366 1192 2423 ut
1232 2368 1485 2424 Carolum
1536 2366 1847 2438 Simplicem
1901 2366 2071 2438 ﬁlium

482 2437 740 2520 Ludovici
772 2439 1263 2521 Balbilcgitimum
1286 2438 1582 2521 Galliarum
1617 2437 1764 2521 regni
1793 2437 2064 2521 iiteredem

478 2509 534 2563 in
568 2525 732 2577 regno
774 2508 1057 2572 stabiliret,
1090 2518 1149 2565 ut
1178 2510 1360 2567 videre
1387 2518 1469 2564 est
1507 2524 1572 2564 ex
1616 2508 1878 2578 epistolis,
1929 2522 2065 2578 quas

477 2580 581 2634 hac
611 2583 673 2635 de
714 2598 771 2636 re
816 2581 955 2650 apud
998 2581 1310 2637 Fulconcm.
1357 2580 1647 2636 Widonem
1683 2579 1776 2650 qui
1823 2587 1950 2633 ante
1998 2578 2065 2633 l5

480 2666 651 2707 annos
686 2652 786 2707 sibi
841 2668 1036 2709 nomen
1090 2654 1436 2723 imperatoris
1484 2660 1863 2723 usurpaverat,
1894 2658 1954 2704 ut
1998 2664 2065 2704 ex

478 2723 711 2794 quodam
766 2724 986 2793 antiquo
1032 2721 1326 2794 diplomate
1374 2725 1532 2779 docet
1561 2721 1902 2794 _Baroniu_s_,n
1924 2736 2067 2794 anno

478 2793 824 2917 pontiﬁcatus
878 2790 960 2848 sui
1000 2790 1298 2859 ‘2,'ﬁlium
1346 2810 1477 2850 vero
1525 2791 1767 2861 ejusdem
1818 2790 2067 2847 Widonis

528 2864 828 2917 atnhcrtum
854 2875 1115 2917 sentiente
1162 2881 1325 2917 anno.
1366 2863 1674 2917 Occidentis
1715 2863 2067 2917 imperatores

432 2932 437 2943 Ι
478 2863 828 2943 μιῆναι-μω]
854 2875 1115 2943 sequente
1162 2881 1325 2943 anno,
1366 2863 1674 2943 Occidentis
1715 2863 2068 2943 imperatores

480 2934 722 3001 legitime
770 2933 1004 2999 creavit,
1057 2937 1213 2990 unxit
1266 2945 1321 2991 et
1371 2934 1673 2992 coronavit.
1726 2933 1904 3000 Quare
1959 2947 2066 2985 non

482 3005 643 3060 aliter
680 3022 843 3076 quam
890 3022 991 3078 per
1038 3008 1490 3077 subreptionem‘,
1542 3014 1604 3060 ut
1657 3005 1796 3061 Acta
1853 3002 2068 3060 concilii

2089 1911 2137 1970 B

2147 604 2290 686 quod
2323 603 2475 686 idem
2486 603 2729 686 pontifex
2760 602 3054 686 Formosus
3079 617 3238 686 anna
3262 601 3617 684 pontiﬁcatus
3645 607 3721 655 sui

2144 673 2299 756 sexto
2324 683 2379 756 et
2405 673 2595 756 ultimo
2623 674 2957 756 Arnulpbum
2972 674 3264 756 vocaverit,
3279 673 3446 756 eique
3470 687 3722 756 ceronam

2146 744 2358 814 imperii
2409 743 2761 800 occidentalis
2794 742 3141 815 imposuerit.
3178 813 3191 815 _
3213 742 3588 815 Corrigendus
3648 755 3727 797 est

2146 813 2309 885 igitur
2338 816 2637 887 communis
2665 830 2819 871 error
2839 813 3397 887 clironographorum,
3427 814 3521 883 qui
3548 822 3727 887 contra

2145 884 2522 958 praescriptum
2568 902 2864 958 sacrorum
2890 884 3182 958 canonum,
3208 895 3294 958 _et
3350 884 3727 958 auctoritatem

2147 954 2297 1029 sedis
2322 954 2647 1029 apostolica},
2673 967 2793 1029 post
2834 956 3086 1029 Carolugn
3129 955 3377 1029 Qalvum,
3410 954 3647 1029 Widone
3673 964 3725 1008 et

2150 1027 2440 1083 Lamberto
2466 1025 2701 1095 omissis,
2745 1029 2798 1083 in
2847 1029 2987 1083 serie
3013 1025 3446 1084 Occidentalium
3501 1026 3731 1095 imper-ao

2152 1108 2328 1153 torum
2352 1107 2669 1154 enumerant
2690 1099 3047 1169 Arnulphum,
3070 1098 3160 1167 qui
3190 1096 3434 1169 legitime
3452 1111 3726 1164 nunquam

2152 1170 2357 1225 electus
2383 1179 2437 1225 et
2487 1178 2799 1231 coronatus,
2848 1166 3192 1240 imperatoris
3244 1166 3403 1222 titulo
3460 1181 3731 1240 nunquam

2156 1241 2599 1296 condecorandus
2628 1249 2766 1295 crat.
2800 1240 2903 1295 Per
2924 1237 3222 1295 electiones
3256 1246 3312 1294 et
3355 1237 3737 1293 coronationes

2157 1327 2317 1380 supra
2358 1320 2642 1366 enarratas
2692 1310 2894 1366 civium
2951 1311 3320 1366 Romanorum
3375 1308 3642 1380 invidiam
3685 1314 3735 1380 et

2155 1376 2337 1436 odium
2376 1382 2667 1437 maximum
2727 1381 2988 1445 incurrit;
3020 1394 3317 1451 eorumque
3360 1380 3561 1451 vivens
3587 1376 3738 1430 simul

2157 1461 2215 1507 et
2266 1462 2512 1524 mortuus
2557 1452 2906 1524 gt'avissimas
2939 1448 3660 1524 “injurias,fontumclias“
3681 1462 3740 1499 ac

2159 1521 2440 1593 sacrilegia
2489 1518 2762 1579 sustinuit.
2808 1522 2883 1577 De
2934 1518 3153 1593 iis'quze
3185 1537 3216 1575 a
3244 1520 3514 1575 Romanis
3536 1518 3741 1593 civibus

2161 1587 2698 1663 passus'estvivcns,
2732 1587 3098 1663 Luitprandus
3133 1592 3227 1646 lib.
3264 1608 3322 1663 _l,
3376 1606 3501 1659 cap.
3556 1589 3613 1651 8,
3665 1587 3741 1641 his

2162 1661 2343 1719 verbis
2391 1673 2653 1719 enarrat:
2692 1664 2804 1720 lloc
2852 1661 2907 1719 in
2964 1672 3205 1732 tempore
3261 1661 3566 1718 Formosus
3614 1673 3740 1732 papa

2163 1734 2450 1796 religiosus
2477 1750 2507 1789 a
2526 1735 2786 1790 Romanis
2810 1728 3157 1789 vehementer
3178 1732 3566 1796 afﬂictabatur,
3602 1728 3743 1795 cujus

2164 1816 2220 1860 et
2267 1774 2489 1861 hortatu
2544 1822 2638 1861 rex
2674 1805 2997 1875 ~Arnulphns
3045 1774 3743 1875 Romamiativeneratt’la

2164 1875 2318 1943 cujus
2368 1877 2615 1946 ingressu
2669 1870 2979 1932 ulciscendo
3035 1889 3187 1945 papae
3233 1871 3504 1946 injuriam
3557 1870 3744 1946 multos

2166 1943 2532 2001 [tertianorum
2567 1947 2839 2017 principes
2885 1943 3122 2001 obvia’m'
3142 1945 3244 1999 sibi
3274 1952 3638 2017 properantes
3659 1943 3744 1995 de-

2166 2017 2355 2073 collari
2389 2014 2668 2087 prtncepit.
2695 2014 2841 2083 Quas
2871 2017 3116 2086 injurias,
3145 2031 3333 2084 quzevc
3375 2014 3582 2087 probra
3618 2028 3746 2087 _suc-

2168 2082 2414 2144 cessurus
2444 2082 2587 2143 illius
2618 2082 2938 2158 Stephanus
2958 2086 3024 2143 Vl
3062 2095 3116 2140 et
3147 2082 3388 2157 Sergius
3420 2084 3487 2138 lll
3511 2082 3748 2158 εγω-1101⁵

2169 2159 2296 2214 facti
2348 2155 2734 2227 ignorantiam,
2779 2158 2863 2212 vel
2928 2172 3022 2229 per
3069 2155 3342 2229 summum
3400 2155 3747 2229 sacrilegium

2171 2231 2349 2285 eidem
2398 2229 2638 2301 pontiﬁci
2685 2227 2964 2301 intulerit}
2994 2227 3750 2301 quomodoexhumatuset

2170 2301 2342 2356 tribus
2398 2295 2584 2370 digitis
2636 2299 2918 2370 mutilat'us
2962 2295 3073 2361 sit,
3138 2298 3350 2370 iteratis
3416 2306 3475 2351 et
3518 2295 3750 2370 repetitis

2173 2368 2669 2427 ordinibus‘eorum
2702 2386 2836 2440 quos
2859 2369 3154 2425 Formosus
3181 2369 3562 2433 ordinaverat,
3589 2368 3748 2420 dicam

2172 2443 2313 2498 infra
2344 2442 2408 2495 ad
2441 2442 2772 2512 Stephanum
2799 2440 2886 2496 Vl.

2240 2514 2397 2567 Anno
2425 2507 2638 2569 Domini
2675 2512 2779 2567 896
2806 2511 3114 2581 pontiﬁcem
3139 2526 3169 2564 a
3211 2509 3586 2581 scriptoribus
3610 2507 3754 2575 huius

2173 2583 2612 2666 temporisvalde
2636 2583 3069 2666 commendatum
3103 2581 3322 2666 ohiissc,
3350 2590 3751 2666 postqtianrses

2172 2651 2329 2709 annis
2356 2656 2538 2709 sedem
2567 2652 2898 2725 pontiﬁciam
2929 2653 3205 2715 tenuisset,
3233 2661 3513 2725 testantur
3542 2651 3752 2719 Regino,

2170 2726 2538 2795 Luitprandus
2570 2724 2661 2797 iet
2716 2724 3338 2797 Adamus“Bremensis.
3388 2724 3600 2797 Errant
3640 2734 3756 2797 ergo

2171 2797 2506 2851 recentiores
2562 2796 2652 2865 qui
2698 2811 2842 2850 anno
2898 2795 3025 2859 895,
3086 2810 3227 2850 anno
3276 2795 3641 2865 pontiﬁcatus
3681 2795 3755 2842 sui

2174 2867 2385 2990 (Quinto,
2417 2863 2669 2922 eumdem
2712 2882 2779 2921 ex
2836 2867 2940 2948 hac
2982 2867 3094 2921 vita
3143 2866 3457 2922 decessisse
3504 2863 3755 2920 scribunt.

2175 2937 2191 2990 ί
2242 2953 2400 2990 suos.
2446 2945 2573 2990 tom.
2602 2935 2650 2990 Χ
2678 2936 3015 2990 Annalmm.l

2175 2935 2400 3009 (Banoa.
2446 2945 2573 2993 tom.
2602 2935 2650 2991 Χ
2678 2936 3015 3009 Annalium.)

485 3186 3752 3219 W

738 3363 1372 3524 lNiEG’l‘lllll
1475 3361 1607 3516 IN
1711 3355 2126 3516 Rolllllll
2229 3338 2446 3571 nu
2531 3268 3489 3570 unanima.
3588 3381 3839 3581 μ,

1192 3593 1492 3658 (Blanchini,
1515 3590 1877 3655 Prolegomena
1894 3588 1953 3640 ad
1975 3587 2181 3639 Librum
2206 3562 2543 3638 Pontiﬁcalem
2566 3556 2687 3638 edit.
2713 3584 3072 3647 Rom-Vane.)

487 3949 771 4021 prophetiw
801 3946 991 4017 hujus,
1032 3946 1231 4016 auferet
1272 3944 1412 3999 Deus
1453 3952 1654 4013 partem
1690 3943 1806 4014 ejus
1847 3944 1914 3999 de
1945 3944 2079 4000 libro

488 4042 632 4107 vim,
656 4049 705 4094 et
733 4040 797 4093 de
816 4038 1025 4092 civitate
1052 4046 1252 4099 sancta,
1279 4046 1324 4089 et
1350 4034 1414 4091 de
1441 4035 1520 4089 Iu's
1545 4048 1571 4076 α
1598 4051 1715 4106 quae
1735 4035 1930 4106 scripta
1957 4043 2081 4091 sunt

489 4135 547 4187 in
575 4133 709 4186 libro
743 4134 842 4186 isto
869 4130 915 4186 ι).
948 4130 1114 4202 Igitur
1145 4130 1269 4199 quia
1307 4129 1593 4185 didicimus
1640 4131 1693 4186 in
1739 4141 1926 4187 saneta
1974 4130 2082 4188 Ro-

492 4241 648 4279 mana
681 4224 944 4289 Ecclesia,
974 4238 1092 4291 qurc
1115 4231 1197 4276 est
1224 4230 1400 4276 mater
1422 4223 1663 4277 omnium
1690 4222 2079 4290 Eeclesiarum,

492 4334 598 4375 non
629 4318 831 4373 habens
861 4316 1127 4385 maculam
1160 4323 1251 4370 aut
1278 4330 1499 4387 rugam,
1530 4325 1621 4371 aut
1647 4316 1775 4371 talia
1805 4316 2083 4384 hujusmo-

493 4411 568 4473 di,
600 4424 772 4479 nuper
801 4407 1004 4478 aliquid
1036 4407 1179 4472 novi,
1222 4417 1277 4462 et
1320 4416 1446 4461 ante
1479 4417 1501 4445 α
1538 4414 1777 4475 tempera
1826 4404 1982 4459 invisi
2030 4411 2085 4460 et

493 4501 720 4555 inauditi
752 4499 1037 4566 accidisse,
1073 4500 1218 4570 quod
1264 4498 1439 4553 ﬂendo
1479 4498 1650 4568 magis
1692 4511 1856 4567 quam
1902 4496 2086 4565 dispu-

494 4591 657 4646 tando
700 4590 1099 4655 consentimus,
1149 4597 1203 4644 et
1254 4588 1423 4644 nimio
1473 4598 1679 4643 terrore
1734 4586 2081 4641 tabescimus.

492 4682 725 4738 Contriti
762 4697 1017 4753 namque,
1050 4689 1104 4737 et
1141 4680 1445 4737 contristati
1468 4722 1482 4744 ,
1519 4695 1581 4734 ac
1621 4666 1925 4734 vehementi
1966 4686 2084 4731 stu-

493 4789 626 4845 pore
655 4774 893 4837 detenti,
927 4772 1089 4827 silere
1131 4773 1308 4841 potius
1345 4780 1657 4840 optaremus
1701 4786 1862 4841 quam
1914 4767 2082 4838 loqui.

496 4865 604 4921 Sed
642 4874 946 4934 conceptum
984 4880 1274 4919 sermonem
1313 4875 1483 4918 tenere
1519 4864 1641 4933 quis
1664 4862 1834 4933 possit
1859 4860 1926 4914 d?
1951 4860 2087 4915 Tor-

495 4966 688 5012 tuosus
722 4956 833 5021 ille,
878 4955 1013 5024 proh
1054 4953 1229 5009 dolor!
1278 4962 1333 5009 et
1377 4954 1704 5009 smvissimus
1752 4952 1960 5022 anguis,
1993 4951 2086 5021 qui

1960 3891 1977 3908 .
2057 3890 2072 3906 .
2103 3852 2150 3915 C
2181 3849 2516 3911 latitantem,
2569 3844 2652 3901 cui
2709 3842 2949 3900 abscisso
2988 3856 3127 3908 uno,
3181 3840 3286 3894 tria
3347 3839 3766 3895 subcrescchant

2183 3941 2380 4011 capita,
2410 3937 2599 3993 dcilicc
2645 3942 2925 3997 conteret;
2958 3941 3011 3987 et
3038 3932 3130 4001 qui
3163 3932 3383 3986 beatum
3431 3930 3657 3985 Petrum
3686 3944 3769 4000 per

2184 4033 2355 4087 undas
2383 4029 2542 4086 siccis
2572 4026 2850 4084 ambulare
2879 4024 2999 4080 fecit
3032 4022 3256 4092 plantis,
3284 4022 3595 4078 Ecclesium
3629 4036 3769 4076 suam

2184 4122 2465 4180 immensis
2490 4120 2725 4189 undique
2754 4117 2925 4188 pelagi
2963 4114 3212 4171 ﬂuctibus
3245 4116 3538 4185 agitatam,
3573 4122 3770 4185 portum

2185 4214 2376 4271 salutis
2396 4213 2661 4282 attingere
2683 4209 2870 4275 faciet;
2894 4206 3238 4275 Jordaneque
3263 4207 3612 4270 transmisso,
3627 4205 3775 4258 abruta

2186 4316 2241 4362 ta
2274 4303 2546 4370 Gericho,
2597 4301 2663 4357 ad
2715 4310 2914 4355 aeterna
2965 4298 3202 4355 ccelestis
3233 4295 3543 4351 Jerusalem
3594 4293 3772 4365 gaudia

2187 4396 2419 4452 feliciter
2467 4394 2675 4466 ingredi
2726 4391 3025 4462 permittet.
3070 4387 3391 4460 Mysterium
3423 4390 3450 4428 ε
3491 4398 3692 4451 tamen,
3726 4395 3773 4439 et

2186 4488 2343 4545 valde
2390 4487 2695 4543 mirandum
2746 4493 2852 4550 est,
2905 4497 3030 4538 cum
3083 4496 3276 4537 omnes
3329 4480 3629 4543 Ecclesiae,
3677 4490 3774 4531 tam

2189 4581 2516 4647 cismarinte,
2543 4594 2705 4650 quam
2729 4576 3126 4642 transmarinas,
3160 4575 3213 4629 in
3238 4574 3465 4645 proprio
3496 4581 3637 4628 statu
3663 4585 3780 4641 per-

2190 4681 2479 4739 maneant,
2513 4671 2623 4729 sola
2670 4671 2916 4727 Romana
2947 4666 3189 4725 Ecclesia
3232 4665 3563 4737 procellosis
3587 4670 3653 4719 ab
3690 4662 3779 4715 llu-

2192 4767 2368 4821 ctibus
2396 4764 2608 4820 navitas
2633 4777 2763 4818 suos
2790 4761 2981 4817 mortis
3015 4757 3295 4831 proximos
3324 4757 3598 4812 redundat
3624 4755 3676 4808 b.
3706 4750 3780 4806 Ad

2192 4855 2523 4926 propositum
2554 4855 2735 4925 itaque
2771 4852 3085 4917 redeamus;
3126 4859 3183 4905 et
3228 4847 3491 4904 scandala
3514 4889 3530 4913 ,
3575 4845 3779 4916 quibus,

2193 4949 2365 5003 Roma
2393 4948 2652 5014 auctrice,
2683 4945 2862 5018 pusilli
2895 4952 2952 5001 et
2981 4943 3160 5017 magni
3198 4941 3667 5003 seandalizantur,
3705 4938 3781 4992 lu-

497 5046 704 5115 primos
745 5045 1108 5116 protoplastos
1157 5045 1351 5101 callida
1384 5046 1700 5115 deceptione
1748 5043 1987 5109 fraudis,
2022 5044 2091 5098 ab
2171 5035 2369 5114 ’gendo
2402 5042 2603 5112 potius,
2637 5055 2798 5110 quam
2832 5049 3111 5094 sermones
3148 5033 3513 5104 exprimendo
3550 5032 3783 5086 dinume-

500 5136 824 5190 amaenitatis
869 5138 1103 5205 paradisi
1156 5138 1363 5205 gaudiis
1410 5137 1647 5207 expulit,
1691 5136 1805 5204 jam
1844 5135 2087 5200 sibilans,

505 5239 562 5250 μοι

2116 5208 2170 5243 τι

2198 5148 2399 5189 remus.
2433 5133 2602 5204 Leges
2628 5130 2898 5201 siquidem
2926 5126 3212 5183 mundana:
3242 5131 3299 5180 et
3327 5122 3634 5186 canoniczc,
3662 5119 3783 5175 scita

2444 5227 2456 5237 .
2546 5227 2556 5236 _
2646 5224 2657 5235 ο
2895 5220 2908 5233 .
2976 5227 3007 5240 η.
3067 5224 3113 5242 ,ο
3159 5215 3500 5264 ..νηηίηιηιίὶκ
3534 5210 3783 5269 deumth
