3926 5480
156 439 243 493 8Ξ5

974 425 1347 488 INVECTIVA
1382 423 1451 479 lN
1492 418 1735 478 ROMAM
1772 416 1911 479 PRO
1943 416 2272 480 FORMOSO
2305 414 2499 477 PAPA.

3274 408 3384 469 ses
3434 495 3439 501 ο

154 552 325 617 priores
354 559 400 613 ο,
431 546 570 602 inter
606 542 866 616 reprobos
910 542 1236 607 habeantur,
1281 548 1335 595 et
1380 535 1709 609 pmnitcntize
1739 535 1787 595 A
1813 545 1951 598 ctus.
1998 534 2274 606 Stephano
2316 549 2529 606 quoque
2574 547 2733 605 papa,
2776 529 3001 587 Adriani
3047 530 3177 595 ﬁlio,
3224 543 3385 600 quem

156 641 357 696 triennio
394 640 732 709 deputentur.
775 637 919 692 Heu!
954 637 1056 692 heu
1082 636 1107 689 !-
1136 634 1278 689 heu!

212 730 467 797 Quomodo
497 729 638 784 sedet
666 727 779 783 sola
805 727 984 782 civitas
1019 725 1173 798 plena
1202 724 1428 796 populo;
1459 722 1601 792 facta
1634 726 1707 773 est

151 825 281 896 quasi
324 823 475 877 uidua
510 821 723 877 domina
752 820 1027 892 gentium:
1056 817 1443 890 provinciarum
1472 813 1708 883 princeps

154 919 269 985 [nam
294 922 363 968 est
393 913 487 967 sub
515 912 707 967 tributo
733 910 782 965 ιδ.
816 910 860 967 Ο
892 910 1087 976 Roma,
1115 907 1422 964 conditores
1456 913 1576 959 tuos
1603 901 1710 957 Ro-

154 1005 329 1060 mulum
350 1014 402 1059 et
431 1003 679 1070 Remum,
704 1018 840 1073 quos
864 1017 1004 1056 unus
1026 1010 1214 1055 uterus
1240 997 1425 1069 gessit,
1460 1005 1549 1048 tua
1577 1006 1714 1047 mte-

152 1097 242 1159 nia,
271 1105 324 1149 ut
349 1093 509 1150 simul
540 1103 848 1165 regnarent,
877 1110 980 1148 non
1022 1098 1370 1163 receperunt;
1406 1085 1498 1143 sed
1530 1083 1711 1140 fratri-

151 1188 269 1242 cidio
290 1186 553 1241 labefacta
577 1198 626 1250 ο,
650 1186 769 1242 neci
791 1202 955 1242 unum
978 1184 1267 1248 tradidisti,
1291 1183 1523 1237 alterum
1545 1176 1713 1248 quiri-

152 1279 238 1333 nali
262 1278 434 1349 gladio
457 1277 716 1348 capitales
742 1277 835 1334 tibi
865 1277 1012 1349 leges
1044 1273 1405 1347 impertiendo
1434 1270 1460 1310 ἀ
1492 1269 1713 1325 volvens

153 1465 240 1517 imo
273 1463 431 1518 totius
475 1462 626 1518 orbis
674 1463 985 1519 hominibus
1024 1474 1072 1528 ο,
1101 1462 1371 1525 dominos,
1400 1457 1622 1513 Petrum
1659 1462 1717 1508 et

150 1554 370 1620 Paulum,
413 1553 559 1623 apoli
606 1552 706 1607 viri
759 1554 1030 1625 principes
1064 1553 1108 1618 τ,
1158 1567 1325 1607 unum
1369 1545 1712 1610 cruciﬁxisti,

151 1645 348 1699 alterum
369 1644 706 1714 gladiointer
728 1645 1029 1701 homicidas
1042 1645 1220 1716 capite
1247 1638 1532 1698 truncasti.
1556 1636 1715 1703 Nam,

152 1745 199 1791 ut
220 1736 424 1807 quidam
465 1737 684 1807 sapiens
709 1736 845 1791 dixit
877 1757 891 1791 :

310 1849 427 1912 Nam
454 1850 548 1898 nisi
573 1854 623 1898 te
649 1848 784 1898 Petri
813 1852 1038 1899 meritum
1063 1847 1303 1912 Paulique
1327 1846 1537 1912 foveret,

372 1910 620 1973 Tempore
644 1917 741 1961 tam
762 1912 925 1973 longo,
950 1912 1120 1974 Roma,
1142 1909 1329 1960 misella
1351 1909 1497 1962 fores.

151 2010 369 2067 llreccinc
415 2020 503 2067 est
549 2012 834 2067 retributio
875 2028 1038 2082 quam
1084 2012 1389 2067 audivimus
1417 2027 1447 2066 a
1489 2014 1578 2067 te?
1615 2027 1719 2071 nec

150 2103 250 2157 visu
290 2117 382 2158 nec
430 2103 582 2158 dictu
632 2102 863 2158 alfabilis
897 2103 989 2158 ulli
1024 2119 1260 2173 unquam
1301 2103 1476 2159 dictus
1504 2102 1714 2160 fuisset.

150 2193 307 2263 Nuper
353 2196 538 2265 itaque
583 2210 611 2249 a
660 2194 917 2250 fratribus
961 2196 1288 2261 audivimus,
1320 2204 1374 2250 et
1426 2197 1477 2250 in
1511 2197 1719 2268 synodo

150 2286 377 2341 collatum
412 2290 437 2326 ε
465 2289 807 2358 percepimus
828 2329 843 2353 ,
889 2296 1172 2358 patronum
1208 2296 1358 2342 tuum
1396 2288 1718 2345 Formosum

149 2391 335 2446 papam,
368 2378 418 2430 in
459 2386 554 2431 tuo
585 2377 652 2432 ab
698 2377 827 2446 ipsis
859 2377 1143 2433 cunabulis
1171 2377 1457 2432 educatum
1489 2380 1717 2449 gremio,

148 2454 203 2521 ab
231 2468 516 2538 episcopis,
557 2468 830 2537 cleroque,
873 2477 928 2521 et
974 2468 1168 2539 populo
1214 2468 1278 2522 ad
1313 2469 1718 2539 percipiendum

148 2559 429 2626 apostolica:
460 2557 815 2613 sublimitatis
844 2559 1054 2613 culmen
1086 2559 1113 2599 ιι
1143 2559 1397 2625 electum,
1426 2570 1480 2614 et
1515 2561 1583 2616 ab
1614 2561 1718 2616 bu-

140 2647 346 2716 jusmodi
407 2648 735 2704 oﬂicialibus
792 2649 1140 2719 pontiﬁcibus
1203 2650 1256 2704 in
1319 2659 1532 2706 sacrata
1593 2652 1722 2707 sede

146 2741 573 2809 inthronizatum,
606 2743 661 2797 in
691 2741 1047 2798 subterraneo
1079 2756 1260 2812 specu,
1290 2751 1413 2813 post
1453 2742 1609 2812 hujus
1637 2745 1721 2799 vi-

144 2842 201 2887 ta;
226 2834 536 2900 terminum,
566 2834 803 2905 quietem
831 2834 1031 2889 habere
1065 2848 1169 2888 non
1200 2833 1416 2889 licuisse
1443 2834 1722 2889 exanima-

145 2934 243 2981 tum
279 2929 323 2982 ἱ.
351 2926 491 2984 Nam
523 2928 642 2999 ejus
673 2928 925 2994 cadaver,
955 2926 1176 2996 jamque
1220 2942 1318 2997 per
1346 2941 1539 2983 novem
1570 2941 1723 2982 men-

144 3040 216 3080 ses
256 3026 549 3095 Sepultmn,
598 3040 697 3093 per
736 3024 901 3096 pedes
933 3023 1000 3079 de
1043 3023 1290 3093 sepulcro
1329 3022 1638 3088 extraxisti,
1668 3031 1724 3078 et

143 3118 276 3185 quasi
307 3114 458 3183 Saul,
490 3132 593 3187 per
622 3115 931 3171 Samuelem
961 3128 1084 3169 cum
1114 3115 1182 3168 ab
1210 3114 1396 3169 inferis
1437 3128 1719 3179 revocans,

144 3208 468 3275 consuluisti,
500 3216 557 3264 et
587 3211 638 3264 in
674 3207 937 3280 synodum
967 3208 1156 3262 sedere
1188 3206 1380 3262 fecisti.
1412 3206 1721 3275 Credimus,

1808 618 1950 683 idem
1984 627 2274 685 Formosus
2313 634 2748 693 consecraverat,
2776 626 2910 681 viam
2954 625 3207 679 universa:
3235 632 3390 677 terra:

1808 722 2039 792 ingresso
2073 733 2133 788 ιιι,
2175 722 2392 778 adunati
2441 728 2566 777 sunt
2601 720 2836 792 episcopi
2886 732 3245 791 proceresque
3288 715 3388 782 tui,

1810 812 1993 869 clerici
2033 829 2247 885 quoque
2285 822 2338 869 et
2377 814 2624 885 populus,
2654 822 2954 883 cunctaque
2988 811 3131 881 vulgi
3176 825 3389 877 manus,

1812 913 1867 958 et
1894 914 2161 959 venerunt
2192 904 2244 959 in
2287 905 2469 960 sedem
2505 904 2879 969 Portuensem,
2912 902 3050 959 infra
3077 900 3278 959 Urbem
3318 900 3392 956 si-

1814 1005 1944 1063 tam,
1965 998 2049 1052 cui
2072 996 2363 1054 Formosus
2385 1005 2631 1067 praeerat,
2653 1012 2845 1069 papam
2866 1009 2987 1050 eum
3014 1006 3394 1065 summumque

1813 1091 2122 1159 pontiﬁcem
2166 1091 2553 1147 adclamantes.
2603 1091 2720 1157 Quo
2776 1099 3033 1146 renuente
3080 1099 3135 1145 et
3178 1096 3395 1144 contra-

1814 1182 2045 1249 dicente,
2078 1192 2131 1238 et
2164 1183 2231 1237 ad
2259 1182 2428 1237 altare
2457 1192 2485 1220 υ
2516 1198 2577 1238 se
2604 1181 2977 1253 complicante,
3003 1196 3101 1251 per
3125 1179 3233 1234 vim
3269 1192 3395 1233 eum

1815 1291 1936 1330 cum
1964 1274 2123 1345 palla,
2155 1289 2258 1345 qua
2280 1274 2450 1330 altare
2473 1283 2719 1345 opertum
2741 1284 2878 1339 erat,
2902 1273 3096 1329 exinde
3116 1272 3396 1327 abstraxe—

1816 1375 1964 1433 runt,
1997 1376 2052 1422 ct
2078 1367 2409 1422 abstractum
2435 1383 2558 1422 cum
2594 1366 2841 1423 laudibus
2879 1373 2933 1421 et
2955 1358 3137 1420 eburis
3174 1363 3228 1418 in
3267 1361 3396 1419 sede

1816 1460 1958 1514 beati
1987 1458 2132 1514 Petri
2165 1459 2528 1530 apostolorum
2570 1459 2828 1531 principis
2871 1458 3393 1514 inthronizavernut.

1819 1551 1920 1619 Qui
1954 1553 2007 1605 in
2035 1551 2329 1621 apostolica
2372 1551 2500 1608 sede
2527 1551 2756 1622 positus,
2783 1550 2947 1606 multa
2977 1550 3071 1606 tibi
3101 1550 3240 1605 bona
3267 1561 3397 1603 con-

1821 1646 1972 1712 tulit,
2021 1645 2279 1701 ecclesias
2327 1645 2697 1713 reaediﬁcavit,
2744 1646 3042 1710 exstruxit,
3092 1641 3396 1709 aediﬁcavit,

1819 1738 2051 1810 compsit
2088 1748 2144 1793 et
2182 1738 2411 1802 ornavit,
2460 1738 2898 1796 consecrationes
2936 1736 3081 1801 fecit,
3121 1734 3429 1800 diaconos,

1822 1838 1878 1886 et
1908 1830 2275 1902 presbyteros,
2306 1840 2468 1900 atque
2496 1829 2803 1900 pontiﬁces,
2841 1844 2907 1885 ex
2942 1828 3137 1898 quibus
3165 1833 3403 1896 postmo-

1747 1898 1797 1958 Β
1824 1925 1951 1979 dum
1985 1939 2196 1980 summa
2235 1932 2422 1979 sancta
2470 1923 2626 1978 sedes
2668 1921 2960 1992 apostolica
3012 1918 3235 1974 infulata
3279 1915 3401 1982 fuit,

1822 2017 2199 2074 consecravit:
2230 2017 2434 2072 clerum
2463 2025 2517 2071 ct
2540 2016 2794 2087 populum
2822 2022 2973 2068 tuum
3003 2011 3138 2067 miro
3163 2010 3406 2067 moderao

1827 2110 1971 2165 tione
2000 2108 2340 2181 gubernavit,
2366 2116 2421 2163 et
2462 2107 2841 2179 imperatorem
2872 2105 3218 2161 Lambertum
3253 2109 3278 2136 ο
3307 2100 3407 2155 im.-

1824 2199 2014 2272 periali
2064 2199 2367 2255 diademate
2413 2198 2708 2254 redimivit.
2752 2195 3110 2261 Consensisti,
3138 2208 3171 2249 o
3209 2191 3409 2258 Roma,

1825 2293 2078 2350 electioni
2102 2293 2390 2349 Formosi?
2415 2300 2507 2347 aut
2536 2293 2607 2357 ai,
2635 2299 2728 2347 aut
2752 2286 2910 2363 nega.
2942 2289 3048 2346 Sed
3077 2301 3275 2358 negare
3302 2300 3410 2340 non

1824 2396 1999 2456 potes.
2033 2385 2203 2457 Hujus
2233 2387 2312 2442 rei
2338 2387 2490 2441 testis
2516 2386 2800 2441 universus
2825 2390 2909 2439 est
2931 2381 3182 2437 mundus.
3218 2375 3411 2434 Misisti

1828 2479 1895 2533 ad
1942 2477 2124 2534 sedem
2174 2478 2549 2542 Portuensem,
2591 2491 2714 2547 quae
2762 2474 2999 2531 secunda
3046 2470 3185 2527 infra
3225 2481 3411 2524 muros

1829 2578 1949 2625 tuos
1982 2570 2048 2624 ab
2076 2569 2370 2639 apostolica
2411 2578 2494 2623 est
2538 2569 2712 2632 sedes,
2753 2574 2942 2638 petens
2975 2562 3319 2626 Formosum,
3352 2565 3413 2612 ut

1828 2663 1895 2719 ab
1923 2679 1984 2717 ea
2014 2663 2291 2735 migraret,
2326 2671 2380 2717 et
2431 2662 2527 2717 tibi
2574 2660 2922 2716 antistitaret.
2972 2655 3145 2725 Quem
3192 2653 3414 2708 obstan-

1828 2765 1958 2821 tem,
1989 2762 2043 2809 et
2080 2768 2423 2824 nequaquam
2455 2751 2707 2807 invitatui
2736 2758 2827 2806 tuo
2867 2747 3331 2819 adquiescentem,
3358 2740 3414 2796 vi

1830 2844 1898 2898 ab
1924 2845 2111 2901 altaris
2137 2845 2435 2915 crepidine,
2462 2853 2522 2898 ut
2548 2842 2662 2912 jam
2691 2843 2895 2899 dictum
2926 2847 3030 2905 est,
3062 2842 3356 2893 retractum
3384 2842 3415 2884 P

1830 2944 1884 2992 et
1914 2936 2180 3003 evulsum,
2209 2952 2330 2991 cum
2356 2936 2552 3013 vexillo
2578 2935 2931 3007 canticisque,
2963 2940 3017 2989 et
3043 2929 3258 3003 hymnis
3283 2941 3419 3000 prae.—

1831 3027 2111 3097 coniisque
2124 3037 2179 3083 et
2194 3028 2464 3092 laudibus,
2483 3027 2535 3082 in
2554 3025 2937 3083 sublimissima
2954 3020 3263 3095 apostolica:
3274 3016 3418 3075 sedis

1832 3133 1958 3173 arce
1984 3118 2383 3186 inlbronizasti,
2418 3117 2593 3173 favisti
2619 3128 2670 3185 (1,
2698 3116 2956 3182 adorasti,
2978 3113 3199 3184 jurasti,
3223 3110 3422 3181 cuique

1831 3208 2128 3275 benedixit,
2163 3210 2508 3277 benedixisti,
2539 3218 2594 3267 et
2620 3209 2709 3267 cui
2741 3207 3037 3273 maledixit,
3068 3201 3418 3262 maledixisti.

141 3298 198 3362 si,
229 3309 280 3353 ut
304 3300 501 3369 spiritu
538 3298 552 3348 ἱ
605 3297 897 3363 Samuelis,
940 3296 1273 3367 loqueretur,
1319 3296 1548 3352 forsitan
1577 3299 1725 3354 dice—
1754 3286 1800 3349 C
1834 3301 1918 3366 Et,
1953 3317 1986 3356 ο
2017 3300 2209 3367 Roma,
2242 3301 2384 3356 ultra
2423 3302 2554 3372 quid
2598 3301 2808 3357 addes?
2853 3299 3192 3355 Transcurso
3237 3296 3422 3364 itaque

142 3398 213 3443 ret
241 3390 331 3445 tibi
361 3406 376 3444 :
407 3389 547 3444 Cras
574 3398 628 3443 tu
660 3387 839 3457 et.ﬁlii
868 3389 945 3441 tui
976 3404 1177 3442 mecum
1207 3388 1371 3441 eritis.
1397 3388 1509 3444 Sed
1536 3404 1727 3458 quam-

141 3481 210 3536 vis
254 3482 339 3537 ille
388 3498 499 3537 non
543 3479 707 3535 fuerit
736 3480 971 3546 locutus,
1008 3489 1068 3534 tu
1098 3488 1279 3534 tamen
1305 3488 1359 3534 et
1402 3479 1498 3535 ﬁlii
1530 3481 1606 3534 tui
1634 3480 1728 3535 de-

142 3576 388 3631 scendetis
433 3576 504 3630 ad
558 3572 793 3640 inferos;
839 3572 929 3629 ille
958 3580 1139 3628 autem
1177 3572 1245 3626 ab
1293 3572 1501 3643 angelis
1538 3587 1726 3629 susce-

138 3674 267 3731 ptus,
314 3664 430 3732 jam
478 3663 694 3734 pridem
730 3663 985 3734 migravit
1026 3661 1094 3716 ad
1143 3660 1400 3733 Superos.
1450 3662 1727 3719 Ofacinus

142 3756 463 3811 inauditum!
498 3771 535 3811 ο
565 3754 741 3811 scelus
769 3754 1036 3810 invisum!
1084 3768 1118 3809 0
1163 3754 1507 3825 sacrilegium
1535 3754 1730 3809 intem-

139 3858 328 3916 ptatum
356 3851 368 3904 !
410 3863 580 3919 quem
609 3847 677 3903 ab
707 3847 936 3903 infantia
966 3847 1108 3904 lacte
1137 3846 1378 3910 nutristi,
1411 3847 1532 3903 cibo
1557 3846 1729 3902 solido

138 3941 338 4008 pavisti,
368 3940 577 3996 litteris
599 3939 865 4006 imbuisti,
894 3947 952 3995 et
977 3955 1074 4010 per
1104 3936 1504 3995 ecclesiasticos
1531 3937 1732 4009 gradus

140 4033 196 4087 ad
223 4034 438 4088 culmen
486 4032 822 4104 pontiﬁcale,
868 4032 1045 4103 dignis
1094 4031 1211 4103 ejus
1243 4030 1483 4085 moribus
1515 4043 1734 4100 prome-

140 4124 392 4189 rentibus,
421 4124 715 4178 advectum
751 4121 1026 4178 recoluisti
1056 4121 1109 4187 ιι,
1136 4129 1300 4191 atque
1336 4119 1730 4191 adpaganissi-

142 4230 270 4269 mam
307 4213 721 4285 praedicandam
750 4220 964 4283 gentem
997 4211 1214 4276 misisti,
1243 4220 1571 4267 remeantem
1599 4226 1733 4281 quo-

140 4321 232 4374 que
254 4307 457 4378 gaudio
492 4304 804 4374 suscepisti,
834 4313 891 4359 et
926 4311 1236 4375 susceptum
1279 4301 1420 4357 malo
1448 4309 1560 4366 tuo,
1587 4301 1733 4372 quod

140 4411 235 4453 non
263 4397 533 4465 debuisti,
559 4396 803 4452 exsulem
834 4394 1021 4466 procul
1064 4410 1096 4449 a
1134 4393 1312 4465 patria
1366 4391 1384 4432 1
1433 4390 1730 4462 proiecisti.

141 4485 235 4542 Sed
264 4489 332 4544 ad
364 4499 590 4558 tempus
624 4494 896 4557 receptus,
939 4494 995 4540 et
1042 4485 1096 4539 in
1146 4483 1436 4555 pristinum
1485 4483 1731 4553 gradum,

141 4593 167 4631 a
196 4594 300 4649 quo
339 4579 644 4636 destitutus
687 4576 982 4648 (nescimus
1029 4575 1169 4643 zelo,
1213 4591 1283 4631 an
1330 4589 1473 4630 noxa
1522 4573 1731 4644 fuerit),

1833 3390 1993 3459 hujus
2018 3392 2139 3447 Viue
2188 3392 2417 3447 termino
2460 3393 2726 3462 appositus
2768 3400 2844 3446 est
2883 3390 2952 3444 ad
2994 3398 3166 3459 patres
3195 3402 3316 3441 suos
3356 3393 3377 3421 τ
3401 3398 3435 3469 ;~

1835 3496 2071 3552 caroque
2102 3491 2278 3549 terrae,
2318 3482 2602 3552 pulvisque
2642 3481 2848 3553 pulveri
2888 3481 3094 3536 sociata
3122 3487 3168 3546 ⁸,
3200 3476 3425 3550 spiritus

1834 3583 1896 3629 ut
1935 3574 2229 3640 credimus,
2259 3575 2452 3629 ductus
2487 3576 2531 3639 ι,
2583 3582 2637 3628 et
2680 3581 2967 3644 pervectus
3012 3580 3097 3628 est
3142 3571 3209 3625 ad
3252 3576 3423 3624 astra.

1838 3662 1946 3719 Sed
1971 3671 2050 3729 tu,
2077 3679 2111 3719 ο
2137 3665 2327 3729 Roma,
2356 3663 2597 3719 futurum
2620 3671 2678 3718 et
2710 3662 2986 3720 tremende
3011 3673 3040 3702 ιι
3063 3660 3253 3730 judicii
3282 3659 3426 3716 diem

1836 3757 2136 3828 praevenire
2165 3765 2380 3824 conata,
2422 3756 2666 3813 horribili
2699 3764 3025 3829 congregata
3055 3754 3286 3827 synodo,
3311 3752 3428 3824 jam

1836 3859 1961 3921 post
1994 3864 2475 3918 novemmcnses,
2508 3850 2807 3907 marcidum
2827 3892 2842 3917 ,
2874 3859 2930 3906 et
2956 3864 3095 3921 pene
3123 3849 3177 3905 in
3206 3847 3430 3918 pulvere

1838 3941 2148 4010 redactum,
2196 3942 2264 3998 de
2302 3942 2548 4013 sepulcro
2590 3941 2897 4009 extraxisti,
2946 3950 3002 3998 et
3044 3956 3205 4012 quem
3246 3937 3431 3995 vivum

1837 4035 2110 4103 quondam
2171 4037 2477 4102 tremebas,
2536 4044 2807 4093 mortuum
2863 4034 3067 4106 judicio
3121 4034 3430 4104 judicabas.

1842 4126 1898 4181 Si
1928 4126 2202 4183 Romanus
2227 4128 2467 4199 pontifex
2494 4130 2693 4185 vivusa
2724 4129 2941 4185 nemine
2957 4127 3254 4198 judicalur,
3284 4140 3431 4181 mor-

1840 4227 1966 4273 tuus
1993 4233 2024 4272 a
2052 4233 2320 4291 quoquam
2344 4219 2712 4290 iudicabitur?
2734 4221 2789 4276 Si
2815 4220 3271 4291 interrogabatur,
3298 4215 3431 4289 quid

1840 4310 2248 4379 respondebat?
2281 4310 2337 4365 Si
2384 4313 2755 4381 responderet,
2804 4310 2981 4367 omnis
3021 4311 3110 4366 illa
3160 4308 3431 4366 horrenda

1840 4401 2202 4469 congregatio,
2233 4402 2424 4457 timore
2441 4403 2748 4471 perterrita,
2778 4402 2847 4457 ab
2862 4401 3089 4457 invicem
3104 4408 3368 4470 separata,
3399 4414 3432 4455 a

1839 4488 1959 4545 loco
1984 4492 2303 4558 discederet,
2329 4503 2384 4548 et
2407 4508 2544 4548 unus
2555 4502 2676 4565 post
2703 4508 2867 4548 unum
2880 4492 3055 4548 exiret
3079 4509 3093 4559 ;
3121 4492 3433 4560 diceretque

1840 4584 1891 4638 ei
1913 4585 2203 4641 Dominus:
2240 4586 2513 4653 Formose,
2531 4588 2646 4658 quis
2671 4597 2720 4640 te
2741 4584 3179 4658 condempnavit?
3215 4583 3281 4638 Et
3313 4581 3430 4636 ille:

142 4670 439 4739 restitutus,
473 4668 683 4726 Christi
714 4683 879 4738 quam
902 4655 1174 4724 debuerat
1197 4705 1213 4733 ,
1258 4664 1451 4720 militia
1489 4672 1575 4721 est
1612 4664 1736 4721 fun-

1846 4671 2035 4740 Nemo,
2059 4674 2300 4733 Domine.
2325 4655 2679 4752 Et.Dominus
2695 4677 2763 4732 ad
2785 4676 2933 4734 illum
2951 4655 2969 4733 ε’
2998 4675 3108 4732 Nec
3133 4690 3225 4743 ego
3242 4681 3289 4729 te
3310 4687 3438 4727 con-

204 4840 230 4868 ε
262 4831 555 4902 Corrupta_
591 4827 797 4893 lectio;
850 4827 1097 4902 qute___ita
1150 4825 1486 4902 restituenda
1535 4833 1636 4902 est_
1664 4838 1738 4886 ex

141 4898 397 4973 Virgilio,
441 4896 662 4971 'Ecloga
721 4914 815 4968 rx,
865 4896 916 4954 v.
964 4898 1076 4967 54,
1122 4899 1214 4970 qui
1266 4897 1345 4953 ita
1405 4896 1741 4960 sententiam

143 4974 403 5043 expressit
431 4990 448 5027 :

614 5096 629 5112 .
698 5098 720 5125 ,Α
777 5093 804 5125 ,γ
835 5058 967 5125 -Υοχ
992 5073 1187 5125 quoque
1204 5059 1394 5125 Mter-im

252 5125 361 5175 Jam
384 5124 526 5187 fugit
546 5123 650 5186 Ipsa
671 5135 687 5185 ;
709 5123 811 5185 lupi
835 5122 1024 5173 Moerim
1052 5122 1222 5174 videre
1248 5124 1460 5185 priores.

144 5204 344 5287 Dictum
392 5203 683 5287 proverbii
732 5204 974 5286 speciem.
1016 5204 1218 5270 habet;
1273 5218 1339 5282 ex
1390 5202 1529 5277 vulgi
1582 5206 1753 5287 eninl

145 5273 588 5345 opinione-noxii
634 5273 881 5342 luporum
925 5273 1069 5310 νεα-ι-

144 5347 214 5460 ξξεξ
247 5348 478 5428 viderint

1915 4835 1947 4876 h
1984 4837 2145 4904 Cod.,
2175 4839 2325 4895 clem.
2351 4861 2403 4895 τ.

1925 4908 1943 4983 ξ
1985 4910 2141 4983 90d,
2171 4910 2553 4983 examinatum.
2713 4976 2737 4983 _
2820 4977 2853 4983 __
3179 4970 3191 4983 ,

1924 4978 1938 5029 i
1987 4967 2140 5053 Lege.
2164 4984 2407 5056 spiritus.
2452 4981 2670 5056 Littera
2706 4976 2889 5056 ﬁnalis
2931 4987 3137 5056 s_smpe
3172 4970 3233 5056 in
3279 4967 3436 5026 codd-

1856 5041 2266 5126 inservitvetia'm
2297 5065 2396 5126 pro
2420 5047 2712 5126 sequentis
2738 5048 2988 5126 vocabuli
3016 5041 3228 5103 initiali.

1931 5125 1957 5165 ¹ι
1993 5125 2146 5190 Cod,
2179 5117 2433 5183 secundis
2462 5117 2638 5183 curis,
2667 5117 2897 5190 elegisti.

1938 5196 1958 5236 ι
1997 5189 2190 5254 Primis
2224 5195 2368 5254 curis
2392 5199 2549 5262 cod.,
2584 5189 2877 5264 mendose,
2904 5201 3067 5264 patre.

1940 5281 1976 5300 ιη
2025 5268 2105 5309 ΠΙ
2138 5268 2325 5312 nonstm
2377 5280 2507 5324 nan.
2537 5258 2605 5327 il,
2637 5274 2689 5310 ν.
2722 5258 2795 5316 2.
