3930 5572
47 435 142 488 329

893 434 1258 490 INVECTIVA
1303 432 1366 486 IN
1411 431 1650 487 ROMAM
1692 432 1826 486 I’RU
1867 431 2189 488 FORi‘lOSO
2229 428 2424 485 ΡΛΡΑ.

3191 425 3295 481 830

46 549 211 599 otnnis
238 547 566 604 distributio.
601 551 735 605 Non.
785 549 884 604 Uni
925 550 1021 603 soli
1049 551 1231 604 datum
1254 558 1336 603 est
1362 561 1386 588 ιι
1415 568 1426 602 :
1463 548 1537 602 Tu
1566 567 1617 603 es
1649 556 1694 612 Λ
1723 549 2030 603 Formosus.
2049 548 2322 603 Noncnim
2348 543 2827 612 hmreditariojnre
2842 548 3080 595 sanctam
3105 537 3297 594 Roma-

50 639 250 701 I’ctrus,
295 651 342 692 et
387 658 543 710 super
592 639 724 695 lianc
771 650 970 711 petram
1019 641 1288 708 a’di/icabo
1332 637 1621 692 Ecclesium

48 748 242 796 meum;
273 743 319 785 et
343 744 506 800 porta:
529 734 688 802 inferi
717 751 818 788 uou
843 733 1193 802 praevalebunt
1218 734 1463 786 adversus
1487 748 1620 785 eam.

47 821 109 874 Et
137 825 229 876 tibi
275 827 411 878 dabo
462 826 630 880 claves
678 827 822 895 regni
853 826 1142 878 calorum:
1190 835 1236 876 et
1282 825 1626 894 quodcunque

45 917 318 984 ligaieris,
351 927 521 988 usque
551 917 576 955 δ
629 918 859 973 solutum
907 919 960 970 in
1012 917 1173 971 caelis.
1213 918 1287 971 De
1337 917 1437 971 hac
1481 917 1634 971 enim‘

45 1010 284 1068 Ecclesia
313 1014 441 1066 mihi
474 1025 495 1052 ε
531 1013 842 1083 prophetarit
891 1011 1100 1065 videtur
1128 1026 1247 1065 esse
1287 1010 1489 1063 dictum
1518 1026 1530 1062 :
1568 1007 1628 1064 Si

43 1103 154 1155 lure
179 1103 512 1169 humiliatur,
546 1107 614 1158 ad
639 1106 788 1174 cujus
824 1104 1036 1173 fugietis
1063 1103 1356 1167 auxilium;
1405 1112 1495 1155 aut
1541 1099 1629 1154 ubi

46 1194 343 1267 relinquetis
390 1199 610 1267 gloriam
660 1197 926 1253 vestram?
975 1197 1038 1252 Et
1089 1198 1192 1252 hoc
1241 1198 1306 1252 de
1353 1198 1524 1260 vivis;
1567 1195 1631 1251 de

45 1288 274 1341 mortuis
307 1303 431 1342 vero
460 1289 778 1343 Anastasius
821 1303 958 1358 papa
993 1289 1064 1342 ita
1108 1296 1326 1342 monet:
1369 1305 1386 1337 ‹
1428 1287 1628 1341 Admo-

45 1385 205 1430 neme
235 1391 333 1436 nos
379 1379 689 1434 beatissimo
717 1379 996 1448 Apostolo,
1046 1393 1112 1431 ne
1156 1379 1296 1446 quod
1329 1378 1401 1431 sit
1447 1379 1500 1431 in
1534 1378 1634 1432 hoc

43 1465 430 1523 offendicnlum
465 1472 516 1524 in
545 1470 806 1535 Ecclesia,
835 1472 982 1534 dum,
1011 1471 1149 1537 quod
1175 1470 1353 1522 facere
1382 1485 1486 1522 non
1509 1483 1631 1538 pos-

43 1571 252 1623 sumus,
281 1551 476 1614 dehis
523 1561 615 1628 qui
663 1561 774 1630 jam
822 1562 1151 1614 trmtsiernnt
1183 1559 1427 1629 judicare
1476 1573 1638 1612 cone-

44 1657 184 1694 mur.
221 1678 237 1695 .
282 1683 294 1696 .
326 1642 420 1697 Ait
441 1645 585 1698 enim
612 1646 676 1699 de
704 1646 786 1698 his
810 1645 980 1714 quide
1005 1644 1249 1698 rebusad
1277 1643 1447 1696 solmn
1469 1641 1644 1697 Deum"

41 1734 697 1805 pertinentibusjudicarc
726 1744 1077 1806 przesumtmt.
1125 1775 1138 1787 .
1187 1776 1198 1788 .
1257 1733 1373 1789 Sive
1401 1735 1536 1788 enim
1562 1733 1636 1788 vi-

42 1827 239 1889 cimus,
283 1826 514 1882 Domino
536 1829 771 1893 virimus;
802 1830 910 1883 sive
935 1829 1208 1891 morimur,
1235 1827 1456 1880 Domino
1479 1825 1640 1879 mori-

42 1935 178 1972 mur.
202 1917 272 1974 In
293 1920 394 1973 hoc
418 1917 555 1974 enim
587 1920 825 1974 Christus
855 1920 1138 1974 resurrexit
1161 1919 1211 1985 ἀ,
1244 1929 1296 1972 ut
1330 1927 1378 1972 et
1409 1927 1638 1971 mortuo-

43 2029 156 2065 rum
205 2022 254 2067 α
299 2012 537 2074 uiuorum
569 2016 884 2069 dominetur.
937 2014 1014 2069 Tu
1063 2025 1236 2069 autent
1278 2015 1392 2084 quis
1442 2030 1516 2077 es,
1547 2011 1635 2082 qui

42 2107 254 2166 iudicas
273 2107 494 2176 fratrem
521 2110 711 2163 tuum?
730 2150 742 2163 .
779 2151 794 2166 .
820 2099 1076 2180 Nonergo
1092 2106 1639 2178 aiiipliusiuvicemju-

40 2200 296 2254 dicemus.
332 2195 438 2255 Sed
461 2201 556 2255 hoc
570 2203 807 2272 judicate
829 2203 1017 2273 magis,
1042 2218 1106 2256 ne
1126 2202 1329 2271 ponatis
1358 2198 1640 2269 o/j‘cndicu-

40 2289 146 2343 lnm
175 2289 458 2360 fratribus,
491 2294 570 2347 uel
598 2295 905 2349 scandalum
941 2306 985 2347 ο.
1025 2293 1205 2348 Monet
1232 2294 1392 2365 igitur
1415 2291 1641 2361 Aposto-

43 2384 124 2438 lus
151 2398 223 2439 ne
246 2379 313 2440 de
339 2387 424 2440 his
451 2387 605 2442 nobis
634 2389 1009 2458 prazsumendo
1027 2387 1286 2456 judicium
1319 2385 1639 2449 inferamus,

42 2476 104 2529 de
136 2478 341 2545 quibus
387 2493 548 2534 nemo
596 2488 773 2548 potest
817 2481 998 2534 verius
1027 2479 1110 2533 vel
1155 2479 1344 2532 melius
1371 2477 1639 2547 judicare,

42 2587 207 2640 quam
239 2571 404 2628 Deus.
437 2571 493 2626 ln
523 2573 624 2628 hoc
650 2573 749 2627 sibi
777 2574 1043 2644 quispiam
1074 2571 1392 2627 temerarios
1420 2577 1643 2639 usurpat

43 2677 248 2728 ausus;
278 2674 336 2719 et
374 2673 598 2736 propter
637 2667 737 2720 hoc
761 2708 774 2730 ,
809 2681 909 2735 pax
949 2674 1112 2734 atque
1156 2665 1335 2718 unitas
1389 2662 1643 2717 Ecclesia:

42 2755 366 2824 dissipatur.
399 2756 420 2794 τ
462 2777 480 2809 ι
518 2758 754 2827 Apparet
805 2772 932 2828 ergo
959 2759 1120 2826 quod
1168 2772 1350 2821 nemo,
1402 2756 1491 2824 qui
1531 2753 1641 2823 jam

43 2847 308 2928 migravit
341 2847 406 2903 de
453 2848 675 2914 sceculo,
721 2847 925 2918 judicio
976 2851 1224 2904 detentus
1271 2849 1339 2903 sit
1389 2849 1643 2902 humano.

41 2937 200 3001 Quod
233 2937 277 2992 si
307 2953 469 2994 nemo
497 2940 883 3010 subjectorum,
917 2950 1109 2995 exutus
1140 2955 1335 3004 carne,
1383 2946 1464 2993 est
1505 2938 1647 3009 judi-

41 3028 281 3093 candus,
318 3029 447 3099 quid
503 3029 572 3085 de
618 3046 830 3086 sununo
877 3029 1165 3102 pontifice,
1214 3031 1303 3100 qui
1355 3045 1451 3084 nec
1495 3030 1648 3084 vivus

44 3119 533 3186 reprehendendus
592 3129 753 3188 erat,
801 3136 854 3177 et
906 3122 959 3176 in
1018 3119 1268 3191 praesidio
1294 3120 1404 3190 jam
1459 3117 1648 3173 mortis

42 3228 243 3267 somno
274 3213 582 3282 quiescens,
613 3231 643 3270 a
672 3215 918 3286 sepulcro
941 3215 1176 3269 ‘evulsus
1202 3211 1647 3267 anathematizari

1675 667 1678 670 ·
1726 658 1848 696 nam
1877 642 2167 696 Ecclesiam
2195 642 2361 697 tenuit
2385 658 2399 707 ;
2433 655 2605 710 neque
2635 633 2776 702 eam,
2804 646 2862 691 ut
2891 636 3082 702 fertur,
3127 635 3302 689 ambi-

1729 743 1813 787 ttts
1855 750 2015 787 causa
2059 734 2294 788 invasit:
2346 731 2671 804 impossibile
2718 730 2858 785 enim
2907 729 3116 784 videtur
3177 743 3298 781 eum

1728 832 1889 880 tanta:
1917 825 2261 881 sublimitatis
2291 824 2582 878 Ecclesium
2613 822 2865 876 invadere
2895 821 3152 891 potuisse.
3187 817 3302 884 Qua

1728 920 1869 974 enini
1925 921 2098 984 turba,
2149 937 2252 990 qua
2303 920 2576 982 violentia,
2631 917 2794 971 totius
2843 925 3000 984 caput
3041 913 3187 966 orbis
3237 911 3303 965 ab

1731 1010 1921 1066 inermi
1957 1012 2150 1082 vilique
2179 1020 2233 1066 et
2265 1011 2490 1080 simplici
2535 1007 2807 1064 honmlulo
2845 1007 2955 1076 jam
2989 1003 3164 1059 invadi
3212 1019 3305 1073 po-

1733 1107 1951 1168 tuisset,
1987 1105 2085 1158 nisi
2123 1104 2264 1159 enim
2293 1103 2555 1173 imperiali
2599 1114 2661 1165 ιιι,
2700 1109 2791 1154 aut
2818 1098 3002 1169 regali,
3033 1096 3113 1152 vel
3145 1097 3307 1168 patri-

1732 1198 1877 1261 ciali,
1908 1205 1998 1249 aut
2025 1196 2304 1267 tyrannica
2331 1205 2591 1265 potestate
2618 1191 2806 1246 fuisset
2844 1188 3114 1253 sulI‘ultns,
3151 1196 3310 1242 tant-.e

1733 1287 2013 1360 potestatis
2041 1285 2246 1354 apicem
2278 1285 2527 1340 invadere
2553 1293 2579 1320 η
2611 1279 2908 1336 valuisset?
2940 1277 3038 1334 Ubi
3083 1293 3231 1347 ergo,
3279 1292 3312 1330 0

1735 1372 1934 1436 Roma,
1971 1381 2113 1426 tanta
2145 1381 2233 1425 tua
2271 1371 2548 1433 nobilitas,
2599 1380 2653 1424 et
2702 1369 2923 1439 antiqua
2959 1373 3065 1422 tam
3114 1367 3312 1419 invicta

1734 1464 2018 1532 potestas?
2055 1461 2171 1517 Jant
2229 1463 2410 1533 igitur,
2457 1473 2512 1516 ut
2543 1461 2729 1523 fertur,
2761 1461 2803 1515 si
2845 1458 3026 1515 sedem
3057 1456 3311 1528 apostoli-

1737 1569 1853 1606 cam
1886 1553 2189 1621 prteripuit,
2224 1567 2380 1606 omne
2421 1551 2703 1606 consilium
2736 1550 3035 1620 principum
3079 1553 3314 1612 tuorum,

1737 1643 2014 1711 virtusque
2048 1652 2100 1697 ct
2130 1643 2392 1720 sapientia
2422 1643 2742 1696 obtimatnm
2783 1639 3080 1710 perniciter
3125 1637 3319 1691 obdor-

1741 1735 1913 1788 mivit.
1947 1733 2084 1799 Quid
2117 1735 2326 1803 igitur?
2369 1733 2635 1803 Numquid
2663 1746 2756 1787 eos
2808 1729 3037 1801 ligavit?
3068 1736 3156 1782 aut
3203 1727 3319 1780 vio-

1741 1826 1957 1880 lentiam
1977 1828 2242 1898 episc0pis
2259 1827 2510 1890 inferens,
2533 1835 2589 1880 ut
2611 1841 2734 1881 eum
2759 1832 3035 1880 sacrarenl
3063 1822 3237 1891 exegit
3255 1820 3318 1874 οἳ

1669 1932 1712 1991 Β
1743 1918 1955 1972 Etenim
1990 1927 2174 1972 notum
2206 1925 2286 1972 cst
2334 1918 2457 1987 quia
2496 1916 2563 1970 ab
2601 1917 2731 1986 ipsis
2769 1914 3036 1986 episcopis
3078 1919 3322 1967 sacratus

1740 2018 1843 2073 est,
1871 2025 1898 2062 a
1927 2010 2120 2078 quibus
2149 2009 2578 2078 prmdcccssorcs
2605 2006 2719 2076 ejus
2751 2005 2971 2068 sacrati,
3005 2013 3059 2059 et
3087 2003 3151 2057 ad
3185 1997 3323 2072 quos

1735 2099 1825 2170 jus
1849 2101 2154 2170 pertinebat
2181 2101 2449 2155 sacrandi.
2486 2099 2762 2166 Quomodo
2791 2111 2920 2168 ergo
2949 2105 3127 2167 potest
3168 2091 3273 2148 dici
3307 2111 3320 2148 :

1749 2213 1767 2246 ι
1803 2194 1943 2248 Nihil
1975 2194 2180 2266 habuit,
2208 2194 2335 2248 nihil
2367 2193 2548 2247 dedit?
2583 2213 2598 2242 ι
2641 2193 2799 2256 Ecce,
2833 2205 2954 2246 cmn
2985 2189 3196 2244 dicatur
3218 2202 3325 2241 non

1744 2287 2030 2349 habuisse,
2095 2285 2264 2355 liquet
2322 2285 2552 2354 qualiter
2609 2283 2916 2338 declaratur
2962 2278 3325 2350 racccpisse;

1743 2379 1886 2447 quod
1915 2387 2220 2448 acceptmn,
2245 2377 2417 2446 potuit
2445 2374 2682 2445 elargiri.
2729 2373 2844 2427 Non
2887 2373 3031 2426 enim
3075 2377 3271 2440 prmler
3299 2377 3329 2418 ει

1745 2470 1956 2524 illorum
1990 2484 2242 2522 manuum
2272 2469 2668 2538 impositionem
2698 2475 2747 2521 et
2779 2458 3135 2520 sacrationem
3164 2473 3328 2514 ausus

1747 2560 1848 2615 fuit
1871 2560 2220 2630 apostolicam
2252 2561 2433 2614 sedem
2466 2559 2777 2622 ascendere,
2808 2565 3074 2624 tantaeque
3101 2559 3332 2622 potesta-

1748 2654 1813 2707 tis
1847 2653 2059 2708 culmen
2086 2653 2324 2724 arripere
2347 2661 2412 2718 l';
2455 2652 2562 2707 imo
2588 2666 2686 2706 nec
2729 2657 2843 2704 erat
2886 2645 3158 2717 possibile.
3186 2642 3333 2697 Nun-

1746 2746 1874 2816 quid
1907 2745 2144 2801 Marinus
2175 2761 2312 2816 papa
2344 2745 2489 2801 dedit
2529 2743 2671 2814 quod
2717 2758 2821 2797 non
2853 2738 3081 2795 habuit?
3125 2734 3332 2790 llabuit

1751 2876 1764 2890 .
1809 2875 1823 2890 .
1869 2877 1881 2889 .
1928 2875 1940 2888 .
1987 2877 1998 2889 .
2031 2845 2199 2902 certe,
2223 2845 2277 2891 et
2303 2835 2468 2892 dedit.
2498 2834 2630 2902 Quis
2651 2834 2794 2888 enim
2822 2839 2996 2902 potest
3031 2829 3161 2883 dare
3181 2825 3328 2896 quod

1747 2943 1855 2982 non
1888 2929 2048 2984 habet
2068 2928 2091 2982 ?
2111 2925 2363 2984 Cereusis
2389 2921 2436 2992 ἐ,
2453 2921 2683 2996 namque
2703 2925 2986 2994 episcopus
3014 2919 3113 2974 fuit
3145 2933 3282 2972 llllllS
3312 2917 3329 2952 ί

1749 3038 1815 3078 ex
1845 3035 2067 3093 septem,
2092 3024 2232 3079 sicut
2255 3013 2565 3087 Formosus,
2597 3021 2688 3075 sed
2711 3035 2777 3073 ex
2803 3015 3135 3071 Forcnsihus
3159 3009 3330 3075 tlttllS;

1750 3115 1998 3170 utilitatis
2018 3125 2194 3170 tamen
2219 3129 2381 3170 causa
2407 3125 2460 3168 et
2485 3110 2842 3168 necessitatis.
2871 3107 2982 3162 Non
3009 3102 3258 3175 superbia
3282 3113 3333 3167 ιι,

1751 3205 1845 3258 sed
1878 3204 2231 3259 advocatione
2258 3211 2314 3258 et
2340 3202 2604 3258 electione
2637 3209 2661 3237 ν
2693 3197 2872 3270 pepuli
2920 3194 3170 3258 Romani,
3201 3193 3340 3247 sicut

44 3313 276 3374 putatus
305 3307 433 3360 eSt?
458 3305 669 3362 Etenim
705 3305 1048 3361 Marcellinus
1081 3321 1240 3376 papa,
1273 3305 1396 3359 licet
1426 3304 1529 3358 diis
1557 3319 1645 3358 sa-
1677 3310 1723 3370 ο
1753 3297 2066 3364 Formosus,
2091 3307 2176 3354 est
2206 3297 2261 3351 in
2298 3303 2484 3352 sancta
2512 3302 2564 3350 et
2591 3291 2883 3364 apostolica
2909 3289 3035 3345 sede
3078 3283 3340 3341 inthroni-

44 3400 392 3466 criticasset,
453 3409 630 3456 tamen
684 3416 712 3454 a
767 3402 982 3454 nemine
1019 3399 1119 3452 fuit
1161 3397 1471 3465 judicatus;
1528 3395 1655 3466 quia

42 3508 302 3547 summus
348 3493 588 3564 pontifex
624 3495 650 3534 ε
698 3491 849 3548 nefas
880 3501 962 3547 est
994 3507 1024 3545 a
1077 3503 1351 3559 quoquam
1398 3486 1646 3556 jndicari.

44 3581 225 3640 Nemo
251 3585 403 3638 enim
441 3585 619 3654 potest
664 3585 710 3656 (ιι
746 3599 906 3654 supra
948 3582 1209 3650 scriptum
1258 3579 1375 3649 est)
1420 3579 1655 3632 humano

43 3666 450 3745 condempnari
481 3671 730 3729 examine
754 3715 767 3738 ,
802 3687 959 3742 quem
1007 3672 1148 3729 Deus
1179 3685 1277 3724 suo
1308 3668 1541 3724 servavit
1572 3665 1654 3734 ju-

43 3765 215 3820 dicio.
247 3764 388 3833 Quae
424 3775 512 3821 res
538 3765 672 3820 adeo
703 3764 867 3819 valuit
904 3765 947 3829 ί,
997 3772 1054 3817 ut
1084 3779 1189 3816 non
1224 3761 1396 3816 solum
1443 3776 1545 3814 non
1571 3757 1655 3827 ju-

40 3855 348 3920 dicentnr,
401 3855 496 3912 sed
539 3857 702 3912 etiam
752 3855 943 3910 acerba
976 3863 1028 3911 et
1075 3853 1286 3924 publica
1338 3850 1641 3907 seditionei

43 3947 617 4017 comprehendantur.
652 3945 944 4002 Veniamus
989 3962 1130 4001 nunc
1169 3947 1233 3999 ad
1263 3943 1656 4000 ordinationem

43 4040 312 4096 Formosi
343 4056 514 4111 papae,
549 4055 578 4096 a
606 4056 713 4112 quo
743 4039 890 4096 fandi
918 4048 1000 4094 est
1029 4039 1239 4094 initium
1280 4047 1452 4092 ortum
1481 4055 1493 4090 :
1526 4051 1660 4106 quo-

43 4136 206 4190 niam
233 4135 506 4199 nonnulli,
541 4130 679 4191 sicut
701 4136 754 4190 in
777 4135 1007 4190 decretis
1029 4133 1197 4188 Hilari
1215 4133 1239 4170 k
1263 4147 1412 4202 papa:
1441 4130 1655 4202 legitur,

40 4229 460 4302 episcopatum,
495 4245 600 4284 non
624 4229 887 4293 divinum,
919 4225 1012 4281 sed
1052 4225 1381 4280 hmreditatis
1410 4229 1599 4294 putant
1635 4219 1655 4259 1

39 4337 182 4378 esse
211 4322 617 4392 compendium.
649 4319 786 4376 Hinc
829 4327 910 4375 est
953 4325 1236 4388 propterea
1269 4315 1410 4384 quod
1459 4324 1661 4382 tempe-

41 4415 241 4470 rantia
302 4415 689 4471 moderaminis
744 4413 1015 4484 proditur,
1067 4411 1304 4465 Charitas
1354 4407 1659 4478 negligitur,

42 4507 249 4562 tunica
285 4505 378 4561 illa
412 4505 644 4578 desuper
677 4504 845 4560 totum
889 4511 1134 4560 contexta
1167 4501 1450 4564 scinditur,
1493 4498 1654 4553 ntale-

41 4615 164 4669 que
203 4599 421 4665 sortita,
472 4593 768 4666 perniciter
810 4594 1194 4663 disrumpitur;
1241 4583 1305 4644 ac
1355 4597 1536 4659 pastor
1569 4585 1660 4658 qui

1762 3400 1933 3447 zatns.
1972 3392 2110 3458 Quid
2140 3407 2288 3460 ergo,
2317 3406 2349 3443 o
2375 3385 2565 3453 Roma,
2593 3385 2793 3441 asseiis
2823 3384 2888 3438 de
2920 3379 3162 3435 Marino?
3190 3377 3340 3433 Nun-

1760 3488 1888 3557 quid
1920 3487 1984 3541 de
2018 3485 2106 3540 illo
2131 3485 2212 3538 vis
2236 3481 2458 3538 dicere?
2489 3499 2506 3531 ε
2540 3472 2685 3534 Nihil
2723 3475 2924 3538 habuit,
2958 3472 3091 3528 nihil
3121 3469 3282 3525 dedit.
3319 3471 3337 3518 ι

1762 3581 2050 3635 Enimvero
2091 3576 2314 3630 multum
2366 3572 2572 3636 habuit,
2622 3568 2848 3623 multant
2879 3565 3042 3621 dedit.
3084 3562 3148 3618 Et
3190 3561 3344 3630 juxta

1762 3669 2018 3725 Veritatis
2048 3681 2233 3721 vorem
2267 3684 2279 3718 :
2325 3662 2480 3717 Omni
2510 3659 2718 3715 [tabenti
2750 3657 2979 3722 dabitur,
3013 3664 3060 3708 ct
3107 3650 3341 3706 abunda-

1763 3767 1871 3830 bit;
1903 3765 1990 3830 aui
2020 3773 2190 3816 autem
2217 3777 2315 3813 non
2345 3758 2518 3821 liabet,
2552 3755 2720 3825 ipsum
2743 3751 2881 3822 quod
2912 3747 3116 3804 videtur
3137 3745 3345 3809 habere,

1765 3857 2032 3928 auferetur
2064 3853 2127 3906 ab
2163 3869 2220 3905 eo
2254 3863 2297 3901 κ.
2337 3846 2540 3918 Objicis
2570 3846 2821 3907 fortasse,
2848 3851 2902 3896 ct
2928 3839 3064 3894 dicis
3095 3856 3106 3891 :
3141 3854 3157 3886 ι
3189 3833 3349 3888 Mari-

1764 3964 1864 4004 nus
1900 3963 2004 4002 non
2039 3940 2484 4012 ﬁtilelSCOpllS?
2515 3959 2532 3990 ι
2568 3935 2753 3991 Nonne
2783 3932 3017 3987 Joannes
3060 3925 3194 4001 papa
3227 3940 3347 3980 cum

1763 4037 2067 4097 ordinavit?
2097 4028 2197 4104 Qui
2234 4033 2464 4097 Italiam,
2491 4028 2836 4085 Germaniam
2869 4033 2921 4079 et
2961 4021 3188 4077 Galliam
3221 4033 3344 4088 pcr-

1767 4131 2005 4203 agravit;
2060 4137 2114 4182 et
2163 4141 2224 4182 ea
2272 4139 2390 4194 qum
2442 4131 2608 4193 prava
2663 4129 2717 4175 ct
2766 4117 2906 4172 invia
2945 4121 3106 4183 atque
3161 4119 3367 4179 asp‘era‘

1766 4235 1942 4290 erant,
1976 4223 2232 4285 correxit,
2258 4218 2432 4274 erexit
2465 4227 2520 4271 ct
2556 4214 2793 4279 direxit;
2827 4220 2881 4265 et
2928 4219 3216 4274 utrmnqne
3246 4202 3352 4256 Ka-

1767 4318 1960 4383 rolum,
1998 4315 2281 4376 Gallicum,
2330 4319 2382 4366 et
2413 4307 2812 4369 Germanicum,
2854 4299 3234 4377 Augustalibus
3264 4311 3353 4350 co-

1769 4409 1914 4462 ronis
1943 4405 2221 4460 constituit
2247 4410 2274 4449 Υ
2301 4409 2354 4454 et
2395 4397 2685 4452 redimivit.
2721 4393 2776 4448 Si
2802 4389 3026 4446 Joannis
3055 4375 3351 4443 Ordinatio-

1769 4513 1890 4552 nem
1905 4505 1954 4550 et
1971 4492 2430 4549 consecrationem
2448 4498 2490 4551 κ,
2512 4500 2673 4555 quam
2695 4497 2790 4553 per
2804 4478 3035 4535 annosni
3052 4476 3353 4531 fallimur...

1771 4593 1824 4646 in
1852 4587 2220 4646 sacratissima
2247 4583 2386 4637 beati
2414 4579 2557 4634 Petri
2584 4577 2711 4632 sede
2733 4575 2983 4646 pilleatus
3006 4566 3366 4640 resplenduit,

38 4692 388 4763 putabatur,
424 4692 477 4744 in
520 4690 703 4761 lupunt
754 4689 1003 4744 vertitur.
1055 4684 1165 4740 lloc
1210 4699 1315 4738 non
1362 4680 1488 4736 fecit
1537 4695 1670 4748 napa
1700 4677 1751 4737 D
1778 4687 1831 4737 cl
1869 4681 1920 4734 in
1964 4679 2133 4733 sacris
2177 4673 2458 4729 ordinibus
2505 4667 2809 4740 apostolico
2842 4665 3028 4721 favore
3057 4659 3362 4719 coruscavit

121 4801 150 4826 ει
196 4785 347 4857 Lege
371 4785 569 4857 dictum
600 4793 694 4857 est.

121 4861 156 4897 ι’
198 4843 457 4926 Taurique
490 4854 786 4926 admonitio
805 4859 887 4926 est
904 4847 1278 4926 continuanda:
1307 4843 1665 4926 allocutionis.

39 4915 478 4999 intcgravérba
500 4924 628 4980 Jcsn
653 4924 877 4999 Christi,
901 4937 968 4977 ex
991 4918 1282 4991 Evangelio
1306 4915 1670 4987 depromenda

33 4995 220 5062 sunt:
248 4997 446 5052 Matth.
476 5011 587 5062 xv’t,
617 5011 672 5050 v.
706 4995 789 5050 18.

125 5083 151 5109 c
214 5067 443 5139 Supple,
473 5068 517 5124 si
542 5066 738 5136 placet,
766 5082 876 5134 per.

119 5142 154 5183 ἀ
211 5138 598 5208 Supplerimus
625 5146 683 5190 ut
710 5144 842 5208 ante
860 5144 928 5208 et.

124 5225 156 5254 ο
214 5205 381 5265 Rom.
411 5224 531 5279 cap.
564 5223 676 5279 xiv,
700 5223 753 5279 γ.
794 5205 970 5279 ll-_i5.

128 5285 153 5324 τ
205 5269 540 5336 Anastasius
595 5269 672 5343 ll,
712 5277 774 5348 in
803 5271 1027 5348 epistola
1075 5277 1142 5332 ad
1191 5269 1680 5348 Anastasium‘éu-

33 5366 324 5425 gustum,
356 5365 474 5425 cap.
498 5351 562 5425 Δ1,
592 5341 955 5425 conciliorum
985 5345 1123 5401 Binii
1161 5356 1289 5425 tom.
1323 5343 1381 5404 ll,
1405 5341 1519 5425 col.
1548 5341 1676 5398 270.

1166 5415 1372 5462 masne.
1405 5411 1512 5462 Nos
1537 5425 1676 5468 nun-

35 5417 264 5476 Ϊ-’.ιῖιίιι
289 5417 467 5466 vni-i5!
496 5421 547 5454 δ’*
580 5417 764 5460 llr-"llis
795 5433 914 5460 Dum
947 5429 1134 5456 nncer

1853 4770 1871 4809 Ῑ
1917 4770 2067 4834 (Imb,
2097 4761 2330 4839 putatur.

1849 4851 1889 4882 ω
1928 4836 2168 4904 (Imb-{ui
2197 4839 2331 4891 enim
2358 4836 2681 4904 imperatori.
2845 4879 2850 4884 ,

1854 4925 1878 4951 ιι
1921 4892 2271 4984 stipitem)",
2307 4905 2390 4961 vel
2431 4892 2580 4964 'adde
2625 4913 2883 4975 punctum
2931 4892 3368 4965 interrogationis

1782 4993 1903 5058 post
1925 4984 2186 5058 ualuisset.

1857 5064 1879 5090 ο
1921 5056 2076 5119 Cud.,
2105 5052 2282 5121 exigit.
2328 5118 2339 5121 _
2668 5115 2682 5121 _
2749 5065 2756 5069 -

1855 5137 1883 5176 Ρ
1924 5105 2214 5182 locus
2255 5118 2472 5175 videtur
2533 5115 2837 5179 mendosus.
2866 5116 3029 5174 Forte
3069 5105 3359 5178 tegendum

1781 5197 2121 5261 declaretur;
2149 5203 2203 5249 et
2232 5191 2391 5252 infra,
2422 5195 2580 5259 quod
2604 5195 2818 5256 accepit.
2848 5234 2850 5237 .
3338 5203 3344 5215 -

1853 5278 1886 5320 (ἰ
1923 5271 2053 5334 Cod.
2087 5266 2361 5339 mendose,
2391 5276 2643 5339 ριςοριετ.

1861 5350 1881 5376 τ
1926 5331 2083 5408 Ουάη
2113 5337 2349 5408 culpiiem
2377 5331 2620 5402 eripere.

1858 5422 1879 5485 ﬁ
1928 5405 2077 5485 Lege
2099 5405 2372 5464 erensis.

1864 5483 1878 5492 ι
1934 5483 2040 5510 ηή.

2119 5493 2341 5518 mmm’”
2409 5471 2631 5532 Ναςρίη
2677 5485 2740 5512 an
2798 5472 3082 5516 lpnnmlnm
3128 5459 3403 5508 Μίηὸηηιι-
