3930 5506
536 462 635 529 831

1844 472 2214 537 FORMOSUS
2254 476 2457 537 PAPA.

3695 484 3787 540 859.

539 593 750 648 irritam
777 590 909 648 facis
932 604 979 658 ιι,
1013 590 1216 648 similes
1261 602 1418 648 erunt
1457 592 1728 665 principes
1777 594 1872 661 tui,
1907 598 2114 653 Datban
2142 601 2192 660 Α
2220 599 2314 663 vit,
2349 599 2479 655 nihil
2509 600 2716 669 habuit,
2743 601 2876 658 nihil
2921 601 3088 659 dedit.
3119 601 3362 658 Marinus
3390 616 3613 673 quoque
3638 619 3784 673 papa,

538 693 593 739 et
621 683 821 739 Abiron
846 723 860 748 ,
906 698 1202 754 eorumque
1230 684 1600 754 complicibus,
1635 685 1726 756 qui
1774 687 2110 743 irritaverant

538 777 754 848 Moysen
774 788 821 833 et
851 778 1025 832 Aaron
1045 778 1099 832 in
1127 779 1329 844 castris,
1363 780 1417 833 in
1437 788 1672 833 sanctum
1699 779 1905 834 Domini
1924 797 1944 847 ;
1967 782 2116 838 ideo-

536 885 641 940 que
669 878 849 941 aperta
889 878 964 925 est
993 880 1152 936 terra,
1203 881 1249 924 et
1281 869 1544 941 deglutirit
1575 871 1603 912 ι)
1640 870 1853 927 Dat/mn
1895 882 1941 927 et
1984 873 2112 927 Abi-

536 978 629 1017 ron
656 973 715 1028 c;
749 962 793 1017 si
828 961 1044 1033 quidem
1077 961 1471 1017 descenderunt
1511 961 1577 1017 ad
1608 961 1815 1017 inferna
1848 963 2110 1020 viventes.

534 1053 821 1121 Quoniam,
862 1054 1001 1110 sicut
1034 1051 1109 1109 illi
1145 1062 1614 1109 murmuraverunt
1640 1054 1896 1109 adversus
1926 1054 2115 1110 Domi-

534 1160 664 1199 num
683 1154 738 1200 et
758 1145 1018 1201 adversus
1031 1144 1300 1216 principes
1314 1161 1448 1215 quos
1474 1144 1553 1199 eis
1573 1145 1944 1213 constituerat,
1966 1145 2038 1200 ita
2060 1153 2115 1201 et

533 1246 591 1292 tu
610 1254 919 1295 murmuras
934 1246 1121 1294 contra
1143 1238 1425 1294 Dominum
1447 1246 1501 1293 et
1517 1236 1849 1293 Salvatorem
1867 1247 2112 1295 nostrum

531 1327 713 1387 Jesum
751 1330 1049 1397 Christum,
1097 1330 1340 1403 quicum
1387 1331 1547 1387 Patre
1583 1341 1640 1388 et
1686 1331 1887 1402 Spiritu
1926 1340 2113 1388 sancto

534 1438 671 1479 unus
708 1432 763 1478 et
795 1438 956 1480 verus
986 1422 1127 1477 Deus
1173 1433 1276 1488 est,
1310 1431 1364 1477 et
1411 1433 1600 1479 contra
1643 1423 1913 1493 apostolos
1954 1422 2069 1495 ejus
2094 1462 2111 1489 ,

532 1515 727 1583 quibus
755 1515 824 1569 ab
867 1529 933 1570 eo
966 1512 1167 1585 ligandi
1210 1523 1373 1583 atque
1401 1513 1642 1570 solvendi
1696 1513 1749 1568 in
1796 1514 1933 1570 ctrlo
1961 1523 2016 1569 et
2057 1515 2112 1570 in

532 1616 676 1663 terra
720 1622 978 1664 concessa
1008 1615 1092 1661 est
1138 1614 1395 1676 potestas.
1428 1605 1533 1661 Per
1561 1616 1629 1672 te,
1661 1607 1835 1677 inquit
1856 1607 2113 1663 Dominus

529 1720 626 1774 per
652 1704 990 1774 prophetam,
1021 1719 1208 1758 nomen
1237 1719 1409 1758 meum
1440 1703 1829 1774 blasphematur
1858 1704 1911 1757 in
1944 1704 2112 1774 genti-

530 1794 624 1848 bus
648 1792 695 1848 ἀ.
718 1793 869 1850 Unde
895 1795 1054 1849 datur
1079 1792 1300 1864 intelligi
1335 1794 1457 1862 quia
1494 1794 1663 1848 satius
1690 1802 1746 1848 et
1775 1795 1950 1862 aptius
1980 1794 2114 1850 fuis-

528 1894 613 1942 set
646 1886 785 1956 apud
813 1900 1080 1940 sumntum
1108 1883 1404 1948 Arbitrum,
1431 1884 1857 1948 Formosianam,
1880 1893 1940 1940 ut
1976 1885 2110 1941 dici-

2217 689 2371 758 cnjus
2397 693 2735 749 consecratio
2761 693 2937 750 adhuc
2974 694 3175 749 intacta
3201 701 3510 764 permanet,
3540 693 3675 747 nihil
3710 694 3791 747 ha-

2216 782 2351 850 buit,
2382 792 2437 838 et
2478 784 2611 840 nihil
2657 785 2931 857 Stephano
2958 785 3182 842 diacono
3228 785 3457 839 Adriani
3508 784 3643 851 ﬁlio,
3670 800 3703 838 a
3742 800 3793 838 se

2217 888 2552 944 consecrato,
2603 878 2769 945 dedit,
2822 879 2915 950 qui
2968 888 3153 951 postea
3195 896 3335 951 papa
3384 877 3569 935 factus
3611 888 3716 944 est.
3745 888 3792 935 et

2217 981 2246 1021 a
2269 966 2383 1036 jam
2407 969 2550 1025 dicto
2571 969 2852 1037 Formoso,
2878 972 2933 1026 in
2952 972 3142 1028 ordine
3161 971 3295 1028 vicis
3314 986 3450 1037 suae,
3475 970 3792 1040 apostolicus

2213 1068 2564 1117 consecratus
2582 1069 2684 1117 est.
2713 1060 2771 1117 Si
2789 1060 3083 1119 Formosus
3099 1076 3238 1133 papa
3265 1060 3400 1117 nihil
3434 1060 3652 1127 habuit,
3672 1061 3792 1116 nihil

2218 1148 2382 1215 dedit,
2413 1165 2512 1205 cur
2538 1165 2791 1221 proceres
2814 1149 2890 1206 tui
2930 1149 3107 1206 fronte
3130 1149 3305 1205 ferrea
3356 1158 3412 1205 et
3454 1148 3793 1205 adamantina

2216 1247 2503 1309 menteque
2544 1238 2836 1296 Sathanica
2865 1239 3050 1298 dicunt
3076 1239 3266 1312 :_Ergo
3307 1239 3467 1295 irrita
3497 1247 3588 1295 est
3609 1254 3792 1295 conse-

2215 1332 2388 1388 cratio
2433 1332 2647 1400 Marini,
2687 1347 2845 1403 quem
2871 1332 3104 1390 Joannes
3136 1345 3277 1403 papa
3320 1332 3639 1403 episcopum
3677 1345 3796 1387 coti-

2215 1425 2492 1493 secravit;
2551 1426 2705 1481 irrita
2750 1433 2836 1482 est
2882 1425 3216 1482 consecratio
3265 1424 3533 1495 Stephani
3578 1423 3791 1481 Adriani

2215 1520 2333 1588 ﬁlii,
2390 1535 2552 1591 quem
2600 1519 2841 1576 Marinus
2894 1519 2963 1575 ad
3016 1519 3361 1576 diaconatum
3406 1518 3699 1588 provexit,
3747 1524 3794 1572 et

2213 1622 2401 1684 postea
2430 1613 2744 1678 Formosus,
2775 1612 2937 1668 totius
2980 1611 3246 1668 electione
3271 1609 3481 1682 populi,
3510 1609 3569 1664 in
3616 1618 3794 1665 sancta

2214 1706 2340 1761 sede
2377 1704 2669 1776 apostolica
2721 1701 3097 1759 consecravit?
3124 1701 3219 1757 Vis
3262 1700 3500 1756 fortasse
3538 1699 3793 1764 dicere,o

2214 1799 2384 1854 Roma
2412 1838 2427 1861 ,
2476 1810 2751 1868 apponens
2807 1794 3145 1865 iniquitatem
3194 1807 3361 1863 super
3417 1791 3789 1861 iniquitatem,

2212 1888 2356 1958 quod
2384 1884 2624 1941 Marinus
2653 1885 2940 1955 episcopus
2964 1897 3069 1939 non
3103 1881 3310 1937 fuerit?
3354 1880 3505 1951 Ergo
3530 1889 3589 1936 et
3614 1893 3791 1936 ceme-

529 1986 635 2044 tur,
682 1977 1151 2047 praesumptionem
1184 1987 1229 2042 θ,
1289 1975 1389 2032 sub
1434 1976 1648 2032 silentio
1695 1977 2101 2044 dissimulando,
2131 1990 2179 2052 Β
2207 1980 2379 2038 cratio
2402 1978 2666 2035 Joannis°
2686 1992 2856 2049 papae,
2877 1990 3041 2046 quam
3062 1974 3267 2030 Marino
3280 1973 3507 2030 Cerensi
3527 1972 3789 2043 episcopo,

526 2067 743 2142 corrigi,
772 2083 954 2139 quam,
982 2068 1225 2136 disrupto
1259 2066 1540 2123 charitatis
1584 2066 1818 2132 vinculo,
1856 2067 2107 2124 universo

528 2159 725 2213 mundo
745 2155 1055 2213 scandalum
1079 2155 1298 2210 inferre.
1329 2154 1373 2211 Ο
1399 2154 1592 2221 Roma,
1615 2156 1879 2226 aporiaris
1905 2166 1959 2211 et
1979 2172 2107 2228 apo-

526 2250 764 2318 stataris,
786 2258 949 2320 atque
977 2248 1029 2303 in
1052 2248 1377 2304 dementiam
1407 2255 1460 2303 et
1474 2247 1783 2318 phronesim
1811 2250 2017 2319 raperis
2046 2249 2065 2288 ί
2087 2269 2101 2304 :

525 2350 838 2397 convertere
878 2340 945 2395 ad
973 2340 1163 2406 Deum,
1191 2348 1244 2394 et
1263 2339 1573 2395 salvaberis.
1599 2340 1689 2395 Sic
1711 2340 1853 2395 enim
1879 2342 1993 2411 ipse
2012 2356 2106 2411 per

525 2434 841 2503 prophetam
874 2432 1044 2487 dicit:
1087 2431 1456 2486 Convertimini
1486 2432 1555 2486 ad
1599 2449 1700 2498 me,
1735 2441 1783 2488 et
1831 2433 1961 2487 salvi
2002 2435 2109 2488 eri-

525 2524 590 2576 tis
617 2524 661 2577 8.
688 2521 803 2588 Sta,
829 2531 881 2579 et
910 2522 1174 2579 contende
1203 2536 1432 2577 mecmn.
1476 2520 1820 2594 lnterrogabo
1844 2532 1918 2589 te,
1950 2535 2004 2580 et
2026 2540 2107 2580 re-

522 2618 725 2686 sponde
753 2616 882 2670 mihi
914 2634 927 2670 :
958 2624 1012 2671 et
1037 2624 1090 2670 tu
1121 2624 1438 2686 percontare
1457 2616 1485 2655 ιι
1518 2632 1623 2683 me,
1648 2624 1701 2671 et
1728 2617 1962 2672 redicam
1986 2618 2101 2673 tibi.

526 2709 668 2764 Dicis
698 2710 877 2778 itaque
907 2723 1047 2779 saepe
1086 2708 1287 2769 dictum
1318 2708 1622 2778 pontiﬁcem
1651 2707 1966 2766 Formosum
1994 2726 2102 2766 non

523 2800 776 2856 habuisse
815 2801 957 2870 quod
1004 2800 1134 2856 dare
1168 2802 1185 2839 ί
1223 2800 1503 2870 potuisset.
1559 2799 1755 2856 Habuit
1803 2810 1967 2866 certe,
2004 2803 2101 2857 ba-

522 2892 668 2947 buit:
702 2909 733 2947 a
781 2891 985 2948 Marino
1033 2894 1256 2958 scilicet,
1312 2894 1543 2965 primum
1591 2895 1861 2965 episcOpo,
1907 2895 2106 2952 dehinc

525 2999 738 3040 summo
764 3000 901 3056 papa
935 2992 990 3039 et
1018 2984 1307 3041 universali
1342 2987 1617 3056 pontiﬁce,
1649 3004 1678 3042 a
1700 3003 1807 3059 quo
1827 2988 1927 3043 fuit
1948 2990 2103 3046 abso-

524 3076 670 3132 lutus
702 3086 757 3132 et
778 3078 1005 3149 benigne
1032 3087 1298 3149 receptus,
1338 3086 1393 3134 et
1423 3080 1473 3134 in
1502 3080 1788 3149 pristinum
1821 3082 2100 3150 honorem,

526 3184 557 3222 a
583 3183 690 3236 quo
710 3184 861 3224 ntevo
891 3169 1101 3224 invidim
1132 3169 1311 3225 fuerat
1341 3170 1639 3227 destinatus
1667 3171 1712 3239 ἱ,
1746 3172 1905 3246 digne
1933 3182 1988 3231 et
2014 3190 2102 3229 ca-

525 3262 718 3318 nonice
740 3271 821 3319 est
849 3272 1151 3332 revocatus,
1177 3279 1282 3319 non
1306 3265 1702 3331 schismaticus,
1737 3282 1912 3338 neque
1934 3269 2104 3324 haere-

2206 2073 2367 2144 digne
2388 2078 2481 2127 aut
2508 2068 2744 2140 indigne,
2795 2074 2853 2122 ut
2901 2066 3060 2131 dicis,
3094 2064 3373 2136 imposuit,
3416 2062 3576 2119 irrita
3610 2072 3709 2118 est.
3734 2062 3789 2118 Si

2206 2166 2423 2238 indigne
2471 2163 2705 2220 Joannes
2753 2169 2938 2218 noster
2966 2159 3293 2232 apostolicus
3343 2155 3515 2230 (quod
3543 2153 3793 2211 neiasest

2207 2259 2275 2314 ad
2300 2256 2631 2326 dicendum),
2661 2269 2760 2309 nec
2780 2252 3020 2308 Marinus
3053 2251 3374 2321 episcopus;
3400 2248 3450 2303 si
3476 2261 3610 2303 vero
3645 2246 3789 2316 digne

2205 2349 2327 2421 (pro
2374 2358 2435 2405 ut
2481 2346 2628 2404 omni
2678 2346 2879 2402 mundo
2924 2352 3122 2401 rector
3174 2342 3354 2398 visum
3408 2341 3519 2410 est)
3573 2339 3787 2396 domnus

2204 2439 2442 2496 Joannes
2479 2441 2553 2496 sit
2614 2438 2957 2510 apostolicus,
2990 2445 3048 2492 et
3092 2433 3333 2490 Marinus
3376 2431 3701 2503 episcopus:
3731 2442 3791 2485 ac

2206 2529 2480 2599 deinceps,
2530 2542 2695 2584 causa
2743 2526 2990 2582 utilitatis
3034 2532 3089 2581 et
3142 2521 3510 2584 necessitatis,
3565 2517 3790 2575 universi

2205 2619 2556 2675 advocatione
2605 2617 2806 2688 populi,
2857 2617 2912 2672 in
2961 2623 3149 2672 sancta
3189 2614 3436 2669 Romana
3489 2619 3546 2667 et
3599 2619 3787 2681 aposte'

2205 2710 2306 2766 lica
2356 2709 2596 2766 Ecclesia
2653 2717 2871 2764 maneat
2910 2705 3333 2771 inthronizatus,
3373 2703 3494 2774 jam
3545 2704 3592 2759 si
3648 2701 3785 2772 proli-

2207 2799 2339 2854 teris
2389 2798 2652 2854 Marinum
2708 2799 3018 2868 episcopum
3065 2811 3173 2853 non
3224 2795 3434 2862 fuisse,
3494 2792 3785 2850 criminaris

2204 2891 2467 2947 Joannem
2524 2906 2717 2962 papam
2767 2890 2935 2962 (quod
2998 2889 3140 2945 Deus
3191 2886 3470 2959 avertat),
3535 2886 3635 2956 qui
3677 2898 3783 2941 cum

2206 2982 2563 3048 consecravit,
2616 2981 2933 3037 violatorem
2980 2994 3267 3044 canonum,
3314 2986 3371 3033 et
3422 2977 3671 3033 omnium
3713 2990 3787 3029 sa-

2206 3087 2422 3127 crarum
2457 3072 2635 3142 legum
2667 3069 3136 3140 praevaricatorem
3180 3067 3366 3123 fuisse.
3423 3067 3538 3121 Aut
3581 3065 3669 3120 dic
3692 3062 3785 3118 lla-

2206 3164 2406 3229 rinum,
2437 3164 2530 3234 qui
2559 3176 2590 3217 a
2633 3160 2842 3217 Joanne
2872 3168 3116 3217 sacratus
3149 3167 3254 3224 est,
3285 3157 3458 3213 fuisse
3486 3157 3782 3228 episcopum

2206 3268 2267 3314 ut
2289 3257 2605 3328 comprobes
2622 3255 2881 3312 Joannem
2907 3254 3198 3317 veraciter,
3214 3252 3358 3307 sicut
3383 3250 3512 3317 fuit,
3527 3249 3782 3306 exstitisse

526 3353 700 3419 ticus;
735 3354 830 3409 sed
858 3354 938 3409 vir
961 3364 1199 3418 sanctus,
1234 3363 1289 3410 et
1327 3354 1527 3425 justus,
1554 3366 1718 3427 atque
1762 3358 2059 3415 catholicus
2088 3376 2103 3426 ;
2133 3346 2178 3406 C
2208 3364 2402 3421 papam
2428 3366 2444 3413 ;
2481 3358 2575 3403 θυι
2595 3348 2640 3403 εἰ
2664 3346 2969 3418 negaveris,
3004 3353 3169 3401 lOlam
3198 3342 3673 3399 Chﬁstiallilalem
3695 3355 3783 3395 ωιο

522 3456 838 3517 segregatus
850 3461 880 3500 a
894 3447 1285 3517 peccatoribus,
1302 3455 1462 3517 atque
1474 3446 1737 3505 excelsior
1747 3448 1898 3504 cadis
1910 3449 2104 3507 factus.

523 3536 801 3605 Quomodo
826 3552 953 3608 ergo
981 3537 1127 3593 dedit
1147 3537 1290 3608 quod
1312 3552 1419 3593 non
1441 3522 1684 3610 accepit?
1705 3538 1956 3596 Nicolaus
1977 3556 2105 3597 con-

521 3620 757 3683 secrevit
777 3627 1092 3684 Formosum
1132 3628 1199 3685 ad
1226 3629 1583 3701 epis‘eopumk
1623 3631 1801 3686 sciens
1852 3647 1974 3687 eum
2005 3633 2103 3690 do-

523 3727 727 3775 ctorem
746 3719 1051 3790 egregium;
1078 3728 1131 3774 ct
1156 3720 1275 3776 ideo
1301 3720 1446 3776 misit
1472 3735 1596 3776 eum
1626 3720 1682 3776 in
1711 3721 2014 3794 Bulgariam
2036 3724 2104 3780 ad

521 3807 941 3878 praedicandum.
958 3808 1059 3876 Qui
1075 3820 1291 3865 strenue
1308 3811 1449 3865 viam
1462 3813 1575 3867 veri
1583 3813 1720 3874 tatis,
1752 3828 2104 3884 normamque

525 3896 671 3963 ﬁdei,
723 3907 778 3954 et
833 3898 1153 3955 Christianae
1199 3901 1471 3972 religionis
1515 3904 1839 3968 doctrinam,
1888 3915 2102 3976 gentem

524 3987 653 4041 olim
702 3987 1127 4044 crudelissimam
1169 3998 1225 4046 et
1269 3991 1683 4061 paganissimam
1734 3993 1983 4059 edocens,
2028 3996 2099 4051 ad

525 4080 725 4134 moenia
754 4088 865 4145 tua,
898 4096 1019 4136 cum
1050 4082 1227 4139 crucis
1259 4090 1343 4138 est
1365 4091 1420 4138 et
1461 4082 1480 4122 ι
1533 4086 1802 4155 triumpho
1831 4102 2099 4145 reversus.

526 4168 871 4226 l‘ostmodum
903 4171 1086 4228 livoris
1134 4188 1300 4230 oceno
1335 4186 1374 4214 ιη
1418 4176 1487 4231 ab
1517 4177 1649 4232 urbe
1696 4186 1785 4234 tua
1832 4180 2097 4249 repulsus,

2208 3440 2457 3507 culando,
2504 3439 2843 3510 proﬁteberis
2885 3437 3145 3494 Joannem
3191 3436 3579 3507 irruptome
3606 3430 3781 3489 Nicaeai

2206 3542 2263 3589 et
2284 3532 2523 3588 omnium
2545 3531 2893 3587 conciliorum
2918 3531 3311 3585 destructorem
3340 3527 3540 3583 fuisse.
3559 3527 3782 3596 Insuper,

2200 3635 2262 3680 et
2295 3622 2554 3693 Stephani
2584 3620 2945 3686 consecratio,
2987 3628 3042 3675 et
3064 3618 3261 3691 Sergii,
3302 3632 3469 3689 quem
3499 3616 3780 3689 Stephanus

2205 3714 2546 3772 consecravit
2595 3718 2662 3769 ad
2702 3714 3068 3775 diaconatum,
3117 3712 3269 3767 irrita
3317 3712 3449 3768 erit.
3503 3710 3592 3773 Et,
3632 3718 3692 3765 ut
3726 3707 3779 3762 li-

2203 3806 2387 3863 berius
2405 3806 2669 3869 dicamus,
2695 3804 2741 3860 si
2765 3803 3011 3861 ordinem
3049 3802 3308 3859 Romanae
3369 3800 3779 3858 consecrationis

2206 3897 2557 3954 discurrendo
2589 3906 2854 3962 texamus,
2912 3895 3077 3951 totius
3113 3892 3468 3950 sacerdotalis
3501 3903 3525 3931 τ
3574 3893 3773 3956 set-ian.

2204 3996 2264 4042 ut
2291 3989 2507 4055 asseris,
2549 3988 2617 4043 ab
2662 3989 2778 4058 ipso
2824 3985 3046 4043 Joannis
3092 3993 3360 4058 tempore,
3414 3985 3512 4057 qui
3546 3984 3776 4041 antetri-

2205 4079 2454 4136 cennium
2485 4078 2769 4135 defunctus
2791 4086 2873 4134 est
2897 4088 2945 4143 ι,
2970 4077 3178 4132 irritam
3204 4085 3259 4132 et
3283 4086 3632 4144 evacuatam,
3654 4075 3776 4147 quod

2204 4171 2367 4236 absit,
2396 4170 2804 4241 perspiciemus.
2859 4168 3150 4237 Quoniam,
3199 4168 3247 4223 si
3271 4165 3539 4233 Joannes,
3569 4167 3659 4237 qui
3681 4165 3774 4219 lla-

525 4260 737 4327 deinde,
777 4270 834 4316 ut
880 4262 1080 4318 dictmn
1110 4275 1212 4330 est,
1264 4279 1295 4319 a
1346 4264 1552 4321 Marino
1580 4281 1716 4338 papa
1773 4277 2020 4339 receptus
2048 4278 2103 4326 et
2132 4318 2153 4339 ι
2203 4265 2382 4319 riuum
2410 4263 2720 4333 episcopum
2746 4260 3104 4326 consecravit,
3134 4259 3403 4330 reprobus
3428 4257 3613 4323 fuerit,
3634 4257 3774 4312 Bari.

524 4351 842 4420 restitutus;
903 4353 982 4411 sic
1027 4357 1263 4421 tandem,
1307 4358 1484 4427 populi
1535 4318 1833 4415 adclamatu
1883 4318 2160 4431 ιῖιόριθι·κ
2202 4368 2304 4409 nus
2327 4318 2585 4423 reprhbus
2604 4350 2877 4416 erit;etsi
2898 4364 3002 4406 non
3028 4348 3509 4419 fueritepiscopus
3527 4346 3769 4411 Marinus,

522 4446 783 4500 bonorum
842 4448 1173 4504 incrementa
1205 4464 1435 4516 morum,
1480 4450 1546 4506 ad
1572 4466 1839 4507 summum
1886 4453 2101 4522 pontiﬁ-

2207 4462 2370 4517 quare
2423 4446 2476 4500 in
2514 4442 2746 4499 Caerensi
2797 4443 2924 4499 sede
2967 4441 3364 4507 ordinationes,
3425 4441 3771 4497 consecratio-

522 4548 676 4596 catus
704 4540 915 4596 culmen
973 4542 1338 4600 favorabiliter
1383 4551 1467 4600 est
1510 4554 1812 4614 provectus.
1852 4545 2004 4614 Quod
2052 4547 2099 4603 si

522 4629 808 4688 Formosus
836 4632 969 4688 nihil
993 4634 1196 4699 habuit,
1236 4634 1365 4689 nihil
1397 4634 1538 4689 dedit
1579 4633 1741 4707 (quod
1770 4635 2090 4693 absurdissi-

2202 4554 2318 4603 nes,
2363 4534 2698 4608 baptisteria,
2753 4542 2810 4590 et
2855 4532 3036 4605 populi
3087 4532 3533 4590 conﬁrmationes
3576 4532 3768 4604 exegit?

2202 4630 2371 4703 Igitur
2417 4628 2465 4684 si
2513 4625 2753 4683 Marinus
2795 4627 3078 4697 episcopus
3128 4640 3237 4680 non
3301 4624 3422 4691 fuit,
3480 4625 3765 4697 Stephanus

521 4739 668 4778 mum
695 4732 854 4794 atque
883 4725 1388 4796 prophanissimum,
1418 4732 1473 4781 et
1521 4698 1699 4780 mente
1748 4724 1856 4780 reis
1884 4740 1917 4779 a
1944 4726 2091 4797 capi-
2110 4698 2166 4761 D
2195 4698 2415 4778 A'driani
2466 4718 2609 4775 ﬁlius
2634 4758 2651 4784 ,
2720 4718 2815 4789 qui
2864 4726 3052 4789 postea
3125 4717 3457 4788 apostolicus
3528 4721 3721 4774 exstitit
3745 4758 3761 4784 ,

520 4815 591 4871 tis
610 4825 639 4854 ιι
664 4817 966 4888 estdicere)
992 4832 1122 4888 ergo
1138 4816 1397 4886 Joannes,
1423 4816 1516 4889 qui
1532 4814 1796 4874 Marinum
1820 4829 2101 4874 consecra—

590 4985 616 5045 f
652 4974 809 5045 Cod.,
842 4974 1119 5041 mendose,
1150 4975 1298 5045 facit.

590 5043 620 5083 ι)
655 5044 807 5115 god"
836 5045 1097 5115 degluviit.

558 5158 561 5165 .
593 5123 616 5151 ο
657 5113 801 5169 Psal.
827 5113 916 5179 ev,
951 5132 1002 5170 v.
1034 5116 1102 5171 16
1124 5125 1180 5171 et
1205 5115 1293 5172 17.

590 5181 618 5222 ἀ
658 5184 808 5237 Isaia:
837 5200 929 5250 ut,
957 5202 1009 5240 v.
1040 5188 1093 5241 5.

598 5251 834 5360 ςίπίὲίξιι.ἱ
879 5256 1122 5340 arbitrari
1171 5255 1538 5334 Formosiana-
1579 5297 1594 5304 -
1633 5296 1650 5304 -
1688 5297 1702 5302 -
1739 5276 1785 5300 π

2159 4813 2459 4900 ,(ιὶεθοιιιιε
2500 4826 2606 4867 non
2650 4809 2792 4877 fuit;
2822 4809 2971 4880 quia,
3025 4818 3313 4881 postquam
3357 4810 3642 4882 episcopus
3671 4824 3764 4865 non

2272 4989 2315 5019 ω
2332 4977 2497 5049 Forte
2520 4974 2802 5049 legendum
2824 4991 3017 5031 veneno
3036 4974 3121 5031 vel
3137 4990 3312 5049 emno.

2272 5058 2303 5087 ιι
2332 5046 2492 5125 Lege,
2522 5044 2786 5125 si'placet,
2816 5055 2864 5125 et
2884 5055 3053 5101 mente
3072 5046 3244 5125 τείρεα
3268 5044 3467 5125 capti."
3576 5110 3613 5125 η
3633 5112 3647 5123 .

2198 5189 2216 5244 l
2274 5125 2299 5155 ο
2327 5121 2406 5242 '1'?“
2408 5108 2659 5200 “rimati.
2685 5108 2939 5173 utendose
2960 5108 3555 5187 geminaturin'eodice.
3576 5108 3751 5166 ibidem

2219 5204 2335 5260 ese,
2409 5205 2614 5236 πει-ρης).
3463 5254 3480 5260 _
3733 5256 3745 5260 Δ

3589 5262 3627 5276 ,⁸
3698 5256 3750 5278 -ο
