3930 5450
83 320 195 376 855

940 318 1307 376 INVECTIVA
1340 317 1405 375 IN
1444 317 1689 376 ROMAM
1724 317 1863 377 PRO
1902 317 2225 376 FORMOSO
2262 320 2461 375 PAPA.

3254 321 3359 380 83$

88 432 215 497 fuit,
244 439 299 486 et
339 443 554 486 sacrum
582 429 900 502 episcopalis
936 427 1077 501 juris
1115 430 1431 502 mysterium
1452 442 1479 473 ιι
1507 447 1667 488 usur-
1697 437 1746 495 Α
1774 444 1873 486 nec
1900 446 2005 485 non
2036 430 2371 486 invitationis
2398 439 2453 486 et
2485 429 2875 495 advocationis,
2904 438 3221 497 sanctorum
3256 435 3360 489 ιιιὶς

82 523 269 596 pando
310 521 605 588 tractavit,
663 521 853 576 ultioni
895 520 1005 578 Oza
1031 548 1049 584 ,ι
1093 522 1185 591 qui
1230 537 1410 577 arcam
1457 521 1671 578 Domini

82 615 310 685 indigne
358 624 578 684 tangere
624 613 1002 684 przesumpsit,
1057 614 1243 685 procul
1287 613 1449 669 dubio
1494 612 1675 684 subja-

82 707 217 762 cuit.
271 705 627 761 Similiter-et
659 704 966 776 Stephanus
1001 720 1101 762 nec
1135 706 1390 762 diaconus
1424 707 1543 773 fuit,
1576 722 1676 764 nec

79 801 421 872 apostolicus
461 800 695 857 existere
736 801 933 872 potuit,
970 801 1095 872 quia
1136 802 1378 873 indigne,
1415 802 1460 857 si
1490 801 1566 857 ita
1591 810 1677 857 est

80 901 144 947 ut
192 894 419 959 asseris,
464 894 606 949 sacri
648 893 965 949 diaconatus
1011 893 1327 965 mysterium
1368 893 1564 964 attigit.
1615 892 1674 948 Si

81 989 351 1057 dampuas
374 985 663 1052 Marinum,
690 988 917 1059 dampna
944 985 1227 1054 Joannem,
1253 988 1482 1058 dampna
1509 987 1673 1043 etiam

82 1076 461 1150 Stephanum,
501 1077 856 1144 Formosum,
897 1077 1148 1149 Sergium
1191 1086 1245 1134 et
1284 1093 1474 1135 omnes
1512 1089 1673 1149 quot-

80 1178 219 1239 quot
254 1170 322 1224 ab
352 1168 469 1239 ipso
508 1166 715 1225 Joanne
753 1167 945 1223 Marini
979 1168 1382 1239 praedecessore
1408 1169 1461 1224 in
1487 1177 1673 1225 sancta

81 1262 215 1316 sede
257 1259 552 1331 apostolica
597 1275 809 1315 summo
853 1259 1169 1333 pontificiali
1211 1261 1334 1333 jure
1374 1261 1671 1317 sessionem

81 1352 416 1407 habuerunt.
486 1351 658 1407 Totus
702 1366 832 1423 ergo
874 1352 1146 1419 mundus,
1210 1361 1265 1407 et
1316 1367 1503 1409 omnes
1556 1351 1675 1422 ejus

80 1443 409 1501 Christianae
462 1441 587 1499 fidei
643 1443 978 1499 habitatores
1035 1453 1226 1501 contra
1282 1452 1335 1500 te
1390 1444 1667 1501 clament:

83 1532 227 1601 Quia
271 1550 447 1589 omnes
486 1533 753 1605 decepisti,
796 1543 841 1588 et
882 1535 997 1606 ipsa
1037 1536 1249 1607 decepta
1290 1552 1365 1590 es.
1407 1536 1672 1593 Constan-

80 1623 340 1695 tinopolis
377 1639 633 1696 namque,
674 1623 881 1690 Sicilia,
931 1634 1041 1681 tota
1085 1625 1260 1693 Italia,
1301 1626 1494 1695 Gallia,
1539 1628 1675 1685 Ger-

79 1716 289 1784 mania,
331 1717 387 1772 in
428 1733 657 1788 quarum
700 1718 899 1788 spaciis
941 1718 1365 1789 metropolitani,
1410 1722 1501 1791 qui
1543 1722 1675 1777 sub-

1778 523 1932 578 litatc
1956 522 2177 578 Patrum
2208 524 2495 579 didicimus
2522 536 2644 578 esse
2672 522 2946 589 migrates.
2986 524 3224 591 Quorum
3250 526 3360 596 pri-

1775 631 1919 683 mus,
1942 624 2002 670 ut
2018 617 2319 682 retulimus,
2338 615 2683 672 beatissimus
2702 614 3065 685 apostolorum
3087 617 3356 687 princeps,

1773 709 2033 780 regnique
2055 708 2291 764 caelestis
2313 707 2551 779 claviger
2575 707 2733 768 fecit;
2765 715 2820 762 et
2842 706 3170 773 Alexander,
3199 716 3360 779 prout

1775 801 2026 857 Historia:
2047 802 2183 857 liber
2204 801 2595 857 Ecclesiastica:
2619 799 2807 867 refert,
2828 801 2988 856 unius
3009 800 3360 872 Cappadociae

1776 893 2010 948 civitatis
2035 894 2341 964 episcOpus,
2376 893 2624 948 utilitatis
2654 908 2718 948 ac
2764 892 3110 949 necessitatis
3161 893 3358 949 intuitu

1775 982 2029 1038 nobiliter
2051 985 2078 1023 ιι
2112 984 2340 1039 exstitit.
2375 982 2778 1052 Subsequamur
2805 997 2934 1054 ergo
2962 991 3212 1039 caeteros.
3250 982 3356 1038 Pe-

1773 1073 1990 1144 rigenes
2040 1073 2092 1128 in
2142 1074 2364 1130 Petrisi
2416 1083 2499 1129 est
2539 1074 2821 1129 ordinatus
2867 1074 3193 1145 episcopus;
3262 1076 3358 1130 sed

1773 1168 2026 1238 quoniam
2050 1168 2284 1225 civitatis
2304 1168 2419 1238 ejus
2432 1168 2578 1223 cives
2600 1167 2894 1223 noluerunt
2910 1183 3035 1223 eum
3057 1168 3356 1238 suscipere,

1773 1260 2032 1317 Romanae
2057 1262 2293 1318 civitatis
2316 1262 2598 1332 episc0pus
2618 1259 2782 1329 jussit
2810 1276 2931 1316 eum
2962 1261 3015 1315 in
3038 1260 3360 1318 Corinthum

1774 1352 2137 1422 metropolim,
2169 1351 2421 1407 defuncto
2466 1350 2583 1420 ejus
2627 1352 2917 1421 episcopo,
2970 1352 3358 1418 intbronizari,

1773 1443 1961 1514 eique,
1993 1444 2162 1500 donec
2190 1443 2393 1498 advixit
2418 1484 2433 1509 ,
2486 1442 2740 1497 Ecclesiae
2768 1442 3003 1512 praefuit.
3042 1442 3359 1498 Dosithcum

1774 1533 2062 1591 Seleuciam
2085 1534 2420 1606 episcopum,
2435 1532 2741 1589 Alexander
2759 1533 3128 1589 Antiochenus
3153 1532 3359 1603 episco—

1771 1643 1874 1699 pus
1897 1628 1949 1682 in
1973 1627 2199 1682 Tarsum
2213 1626 2414 1682 Cilicia:
2434 1626 2769 1695 demigravit.
2799 1626 3149 1683 Reverentius
3171 1627 3239 1682 ab
3259 1626 3359 1683 Ar—

1772 1722 1917 1787 cisk,
1948 1721 2239 1777 Phoenicia:
2268 1721 2321 1776 in
2353 1719 2556 1793 Tyrum
2587 1721 2852 1794 migratus
2878 1730 2998 1777 est:
3030 1721 3267 1779 Joannes
3291 1723 3360 1778 de

81 1805 374 1880 fragancos
398 1808 735 1879 episcopales
776 1818 952 1865 cmtus
993 1825 1103 1865 sum
1128 1811 1524 1867 consecrationi
1553 1812 1669 1867 vin-
1697 1804 1746 1866 B
1770 1813 2007 1871 Gardilia
2036 1812 2054 1852 1
2099 1822 2337 1869 mutatus
2369 1825 2454 1870 est
2492 1814 2544 1868 in
2584 1814 2949 1880 Prochoniso;
2987 1814 3262 1871 Palladius
3289 1816 3359 1871 ab

80 1902 289 1968 dicant,
336 1900 535 1972 degere
579 1902 847 1967 videntur,
891 1902 1154 1959 adversus
1196 1912 1246 1959 te
1287 1912 1577 1959 causantur
1618 1913 1674 1960 et

80 1993 446 2064 querelantur,
474 1994 599 2065 quia
639 1994 817 2050 nullus
854 1995 1300 2066 metropolitanus
1322 1995 1351 2035 δ
1382 2011 1674 2052 consecra-

80 2085 286 2139 tionem
314 2082 491 2139 faeere
512 2092 711 2155 potest,
738 2084 843 2140 nisi
872 2101 902 2139 a
927 2085 1052 2140 sede
1082 2086 1374 2157 apostolica
1401 2086 1622 2158 pallium
1645 2097 1669 2127 ο

80 2184 281 2231 sumat.
331 2177 375 2230 A
418 2192 526 2247 quo
568 2191 698 2249 ergo
736 2175 1082 2249 Bysancium,
1128 2192 1250 2251 qua:
1288 2176 1669 2233 Constantino-

78 2267 222 2339 polis
266 2274 516 2332 vocattir,
555 2268 833 2334 Ravenna,
864 2269 1063 2325 Forum
1093 2266 1239 2335 Julii,
1286 2269 1665 2338 Mediolanum,

80 2359 497 2426 Hebrudunum,
558 2360 875 2427 Arelatum,
928 2361 1269 2433 Lugdunum,
1315 2363 1509 2419 civitas
1558 2364 1669 2419 Re-

80 2469 294 2509 morum
316 2454 367 2519 d,
420 2454 641 2510 Colonia
670 2495 685 2521 ,
729 2453 1006 2527 Maguntia
1037 2466 1083 2522 ο,
1146 2463 1464 2527 οωῑεηῐξίιιιο
1512 2458 1672 2535 urbes

79 2547 528 2616 metropolitanze,
573 2547 675 2603 nisi
719 2549 788 2604 ab
821 2548 1115 2620 apostolica
1154 2559 1419 2621 potestate
1449 2552 1669 2621 pallium

80 2646 297 2692 sumant
324 2638 343 2676 τ
366 2637 392 2690 ?
439 2636 497 2694 Si
536 2638 608 2693 ita
650 2649 735 2695 est
771 2649 831 2695 ut
869 2640 1075 2712 prodis,
1106 2650 1251 2699 totus
1276 2659 1415 2715 pene
1439 2646 1670 2702 mundus

80 2745 178 2799 per
219 2745 393 2785 annos
434 2746 545 2785 xxx
590 2730 647 2786 in
690 2732 846 2787 ruina
886 2733 1097 2804 positus
1136 2743 1240 2801 est,
1268 2751 1373 2791 non
1401 2736 1571 2791 solum
1602 2738 1670 2792 ad

80 2823 525 2893 dampnationem
570 2840 880 2895 corporum,
924 2842 1113 2883 verum
1159 2828 1348 2895 etiam,
1394 2830 1534 2901 quod
1577 2830 1669 2886 de-

78 2917 247 2971 terius
288 2917 413 2982 est,"
458 2919 523 2972 ad
569 2917 956 2974 detrimentum
996 2919 1301 2975 animarum
1329 2924 1373 2975 ε.
1436 2922 1536 2990 Qui
1583 2922 1669 2976 di-

78 3023 369 3064 numerare
414 3017 591 3081 potest
630 3010 816 3066 stellas
857 3010 1016 3077 cmli,
1065 3018 1119 3066 et
1161 3027 1380 3068 arenam
1426 3028 1545 3083 qure
1585 3026 1667 3069 est
1696 3046 1709 3061 ς

77 3103 131 3156 ἱιι
181 3101 365 3157 littore
415 3102 620 3168 maris,
673 3102 763 3157 hic
806 3102 1152 3159 dinumerare
1206 3104 1407 3175 poterit
1459 3105 1667 3160 animas

75 3202 132 3248 et
172 3206 407 3263 corpora
457 3207 643 3248 eorum
696 3193 786 3264 qui
845 3194 1049 3263 absque
1107 3193 1376 3265 baptismo
1424 3204 1479 3250 et
1527 3196 1666 3252 sacri

78 3283 391 3339 chrismatis
437 3284 696 3339 unctione
735 3298 831 3354 per
862 3292 939 3339 tot
977 3299 1239 3340 annorum
1285 3287 1552 3342 curricula
1599 3288 1666 3342 ad

78 3379 280 3428 tartara
313 3382 440 3428 sunt
468 3374 723 3430 demersi.
760 3373 1042 3429 Missarum
1075 3376 1237 3429 etiam
1271 3376 1532 3432 solemnia
1564 3378 1665 3433 nisi

76 3466 142 3521 ab
178 3466 582 3537 antiquissimis
609 3467 742 3522 viris
776 3468 998 3523 minime
1033 3476 1158 3523 sunt
1195 3469 1487 3525 celebrata.
1537 3471 1667 3539 Quis

73 3562 216 3617 enim
248 3577 442 3618 sacros
470 3561 646 3619 fontes
686 3563 1027 3619 benediceret
1060 3574 1114 3619 et
1147 3575 1393 3620 sanctum
1430 3567 1666 3623 chrisma

73 3651 396 3717 conﬁceret,
426 3662 522 3708 aut
551 3654 674 3725 quis
704 3656 1028 3725 ptenitentes
1057 3654 1289 3713 solveret
1318 3666 1411 3711 aut
1442 3658 1664 3728 Περι-ει,

72 3760 196 3800 eum
232 3745 417 3800 omnis
443 3746 577 3801 ordo
608 3746 1006 3802 ecclesiasticus
1037 3747 1113 3802 ita
1142 3748 1208 3802 ad
1239 3749 1344 3802 ima
1379 3749 1664 3817 ceciderit,

71 3843 149 3900 ut,
186 3836 337 3891 sicut
371 3844 425 3890 tu
469 3851 599 3891 ausu
632 3835 840 3892 nefario
874 3845 928 3893 et
961 3853 1056 3893 ore
1088 3841 1375 3895 temerario
1406 3841 1664 3908 delatras,

73 3929 210 3984 nihil
238 3929 515 3994 habuerit,
549 3930 684 3985 nihil
714 3931 969 3986 dederit?
1015 3931 1182 4004 Igitur
1206 3932 1316 4003 jam
1350 3940 1558 4005 tempus
1587 3943 1670 3990 est

72 4030 131 4076 ut
170 4022 241 4076 ad
281 4030 643 4093 conceptum,
685 4023 825 4078 sicut
856 4039 1042 4078 sumus
1078 4024 1335 4094 polliciti,
1384 4026 1669 4082 redeamus

72 4111 387 4182 eloquium;
422 4121 478 4167 et
503 4114 628 4184 quia
655 4113 973 4169 Formosum
1002 4130 1194 4186 papam
1228 4116 1531 4173 invasorem
1563 4133 1668 4173 non

73 4202 248 4258 fuisse
279 4203 704 4272 declaravimus;
760 4205 835 4260 ila
880 4221 1052 4276 aeque,
1105 4215 1199 4260 aut
1242 4206 1426 4276 inique
1455 4208 1668 4278 deposi-

74 4302 226 4362 tum,
274 4295 491 4351 restitui
533 4310 718 4366 posse,
764 4305 821 4351 et
867 4296 934 4350 de
980 4296 1220 4352 Ecclesia
1265 4298 1331 4351 ad
1372 4297 1667 4353 Ecclesiae:

74 4387 305 4456 migrari
348 4386 620 4454 valuisse,
666 4388 840 4443 sancti
879 4387 1428 4458 Spiritus-infusione
1475 4389 1668 4446 diluci-

75 4479 293 4536 demus.
346 4479 617 4537 Plurimos
644 4481 790 4536 enim
820 4481 1192 4553 episcoporum
1223 4481 1344 4537 aliis
1372 4497 1435 4536 ex
1469 4484 1665 4538 civita-

1774 1907 2086 1978 Helenopoli
2128 1916 2369 1964 mutatus
2403 1917 2486 1964 est
2520 1908 2573 1963 in
2603 1906 2902 1978 Asponam.
2953 1907 3260 1965 Alexander
3289 1909 3357 1965 ab

1773 2000 1880 2056 alia
1910 2000 2222 2072 Helenopoli
2258 2002 2310 2057 in
2347 2001 2692 2073 Atlriaquoli
2737 2010 2976 2059 mutatus
3003 2012 3106 2059 est.
3156 2004 3359 2076 Grego-

1772 2092 1887 2147 rius
1924 2092 2296 2150 Nazianzenus
2332 2094 2483 2164 prius
2521 2095 2680 2149 unius
2724 2096 2965 2151 civitatis
2998 2094 3354 2168 Cappadocia:

1772 2186 1876 2242 fuit
1904 2189 2209 2261 episcopus,
2242 2205 2364 2260 quae
2391 2188 2603 2245 Sasima
2631 2189 2933 2255 dicebatur,
2973 2189 3168 2244 deinde
3208 2189 3351 2245 beati

1772 2279 1958 2336 Basilii
1987 2289 2041 2337 et
2072 2280 2298 2338 aliorum
2329 2282 2704 2352 episcoporum
2733 2295 3022 2347 consensu,
3051 2280 3357 2347 Nazianzo;

1773 2372 2018 2431 Meletius
2046 2375 2198 2446 prius
2229 2375 2491 2432 Sebastiae
2519 2376 2777 2432 Ecclesiae
2804 2375 3016 2446 praefuit
3034 2416 3050 2442 ,
3080 2383 3137 2432 et
3165 2385 3352 2446 postea

1771 2466 2074 2522 Antiochiae
2116 2467 2311 2538 prmsul
2353 2476 2437 2523 est
2482 2468 2848 2533 constitutus;
2909 2466 3247 2523 Theosebius
3291 2468 3360 2523 ab

1770 2554 1997 2625 Apamia
2018 2555 2161 2611 Asia:
2185 2556 2515 2611 transfertur
2535 2556 2588 2611 in
2615 2556 3044 2627 Eudoxiopolim,
3067 2571 3187 2626 quas
3210 2557 3360 2627 prius

1772 2648 2076 2705 Salambria
2108 2650 2405 2707 vocabatur
2432 2669 2444 2705 :
2478 2649 2812 2721 Polycarpus
2840 2650 2907 2705 de
2936 2650 3355 2707 urbe............

1834 2781 1850 2795 .
1894 2780 1909 2795 .
1949 2753 1990 2781 ω
2019 2742 2074 2796 in
2113 2740 2411 2812 Nicopolim
2459 2739 2705 2796 Thracia:
2732 2746 2973 2795 mutatus
3018 2747 3132 2805 est;
3167 2739 3359 2795 Hiero-

1770 2833 1950 2905 philus
1980 2833 2047 2888 de
2074 2831 2429 2903 Trapezopoli
2456 2831 2704 2902 Phrygia:
2724 2830 2779 2884 in
2808 2829 3152 2885 Antiochiam
3181 2839 3358 2885 muta-

1770 2934 1859 2979 tus
1909 2932 1991 2980 est
2017 2935 2044 2963 ιι
2083 2924 2324 2992 Pisidiae;
2356 2923 2620 2995 Sylvanus
2663 2937 2691 2977 a
2723 2921 3079 2994 Philippopoli
3110 2922 3355 2978 Thracia:

1771 3023 2010 3071 mutatus
2039 3024 2121 3071 est
2156 3017 2456 3082 Troadam;
2491 3015 2753 3070 Eusebius
2781 3028 2997 3085 quoque
3027 3014 3094 3068 de
3121 3014 3356 3083 quadam

1769 3119 1936 3174 parva
1996 3105 2235 3172 civitate,
2289 3105 2583 3176 apostolica
2615 3104 2957 3168 auctoritate,
2998 3112 3236 3159 mutatus
3274 3112 3360 3159 est

1772 3194 2190 3261 Alexandriam;
2237 3195 2488 3251 similiter
2513 3194 2663 3249 Felix
2713 3194 2779 3249 de
2822 3194 3041 3248 civitate
3067 3208 3172 3263 qua
3212 3194 3361 3249 ordi-

1773 3297 1930 3342 natus
1960 3296 2079 3342 erat
2130 3288 2396 3343 electione
2441 3287 2664 3352 civium,
2707 3295 2932 3357 propter
2969 3286 3269 3341 doctrinam
3304 3294 3361 3340 et

1770 3381 1966 3436 bonam
1999 3397 2158 3451 quam
2189 3382 2421 3436 habebat
2452 3381 2639 3444 vitam,
2668 3379 2941 3433 communi
2977 3378 3357 3448 episc0porun:

1770 3486 1823 3531 et
1850 3474 2178 3543 reliquorum
2201 3473 2561 3535 sacerdotum,
2579 3485 2642 3526 ac
2661 3470 2842 3540 populi
2864 3477 2910 3535 ο,
2937 3469 3166 3525 consilio
3188 3478 3361 3524 trans-

1770 3566 1912 3621 latus
1938 3575 2021 3621 est
2052 3565 2340 3635 Ephesum.
2374 3562 2488 3616 Non
2515 3564 2658 3616 enim
2693 3562 2889 3617 transit
2912 3561 2980 3617 de
3023 3561 3244 3618 civitate
3289 3561 3359 3617 ad

1770 3657 2066 3720 civitatem,
2107 3655 2198 3724 qui
2234 3670 2339 3708 non
2370 3669 2468 3707 suo
2502 3653 2652 3707 libitu
2684 3661 2776 3706 aut
2819 3653 3023 3707 ambitu
3053 3653 3158 3707 hoc
3205 3652 3355 3719 facit,

1716 3778 1725 3783 -
1771 3752 1863 3808 sed
1919 3750 2149 3805 utilitate
2200 3749 2431 3819 quadam
2481 3757 2574 3801 aut
2619 3747 2968 3811 necessitate,
3020 3746 3359 3816 aliorumque

1772 3852 1949 3900 ortatu
2002 3851 2057 3898 et
2106 3842 2333 3897 consilio
2391 3839 2711 3911 populorum
2759 3850 2788 3890 P
2846 3837 3212 3893 transfertur:
3260 3852 3361 3893 nec

1771 3933 2099 3990 transfertur
2123 3933 2189 3988 de
2216 3933 2415 3987 minori
2449 3932 2669 3986 civitate
2703 3931 2772 3986 ad
2814 3929 3096 3999 majorem,
3133 3931 3225 4000 qui
3258 3932 3362 3986 hoc

1771 4046 1880 4086 non
1911 4030 2136 4094 ambitu,
2164 4039 2256 4083 aut
2283 4028 2503 4099 propria
2536 4028 2817 4083 voluntate
2864 4025 3015 4091 facit,
3062 4027 3155 4082 sed
3183 4037 3276 4082 aut
3306 4027 3359 4081 vi

1774 4138 1803 4176 a
1834 4122 2050 4193 propria
2081 4121 2208 4176 sede
2231 4121 2438 4190 pulsus,
2482 4129 2578 4175 aut
2626 4119 2953 4175 necessitate
2979 4128 3221 4185 coactus,
3267 4127 3359 4174 aut

1772 4215 2007 4270 utilitate
2029 4213 2151 4279 loci,
2190 4222 2282 4267 aut
2310 4212 2512 4283 populi,
2547 4228 2652 4267 non
2679 4213 2930 4283 superbe,
2960 4213 3056 4267 sed
3085 4212 3362 4267 humiliter

1775 4306 1844 4360 ab
1868 4305 1988 4360 aliis
2014 4303 2308 4359 translatus
2336 4312 2393 4359 et
2440 4304 2840 4370 inthroqizatus
2875 4311 2978 4358 est.
3031 4302 3167 4369 Quia
3198 4303 3359 4357 homo

1773 4396 1918 4452 videt
1947 4396 2000 4451 in
2036 4395 2196 4458 facie,
2228 4395 2369 4449 Deus
2399 4402 2576 4448 autem
2612 4394 2665 4447 in
2696 4394 2880 4448 corde.
2925 4391 3040 4447 Non
3074 4407 3203 4462 ergo
3241 4408 3362 4446 mu-

1776 4497 1855 4544 tat
1880 4489 2082 4554 sedem,
2119 4486 2210 4558 qui
2265 4501 2371 4541 non
2423 4493 2598 4539 mutat
2627 4492 2884 4538 mentem.
2928 4481 3166 4538 Sufﬁciat
3217 4497 3361 4537 nunc

77 4572 223 4627 tibus
275 4571 344 4626 ad
386 4572 542 4638 alias,
590 4588 754 4628 causa
798 4573 1142 4629 necessitatis
1189 4581 1352 4642 atque
1397 4573 1667 4639 utilitatis,
1698 4563 1751 4623 D
1777 4576 1842 4632 de
1866 4579 2164 4631 mutatione
2184 4573 2731 4645 ettransmigratione
2751 4573 2961 4629 sedium
2984 4572 3356 4641 satisdixisse;

149 4673 177 4701 ι
206 4661 378 4733 Lege.
408 4663 453 4717 si
485 4662 698 4733 placet,
727 4663 817 4718 hic
844 4672 898 4719 et
923 4662 1082 4733 paulo
1109 4662 1270 4730 infra,
1301 4662 1668 4718 ministerium;

149 4732 180 4773 δ
210 4732 668 4796 διιιιίιιιόίίιὶοἰιε.

152 4813 177 4841 ο
207 4803 371 4867 Cod.,
404 4803 650 4872 pallam,
681 4804 771 4858 hic
799 4811 854 4858 et
883 4804 1040 4860 infra.

148 4872 177 4913 δ
205 4872 372 4938 Cod.,
402 4872 765 4939 Remororum,
797 4877 1070 4931 mendose.

156 4956 180 4984 ε
208 4943 375 5007 Cod.,
408 4942 699 5014 Magonlia.

156 5014 178 5053 ί
213 5014 383 5083 Lege,
415 5014 458 5068 si
488 5016 680 5085 placet,
727 5027 958 5070 sumunt.
1010 5018 1076 5072 Et
1106 5025 1228 5073 nota
1261 5017 1405 5085 quod
1452 5018 1519 5073 ab
1548 5018 1676 5075 hinc

78 5102 260 5208 usqule
281 5085 365 5207 aldt
376 5087 551 5151 verba,
575 5086 795 5140 solveret
820 5099 910 5142 aut
937 5087 1144 5157 ligarat,
1166 5087 1396 5156 scriptor
1417 5087 1519 5145 iste
1540 5089 1675 5146 falso

80 5173 217 5208 Cl)ch
246 5172 299 5208 [It
324 5172 339 5207 I
372 5194 385 5208 .

80 5164 385 5211 COﬂCItltIil.

161 5229 187 5265 ε
214 5226 352 5280 Hzcc
375 5225 512 5299 item,
541 5228 610 5292 si,
635 5235 696 5299 ut
720 5242 905 5299 reapse
931 5230 1158 5295 videtur,
1188 5227 1533 5297 intelligenda
1564 5233 1674 5290 sint

79 5296 150 5351 de
178 5297 506 5351 metmnnliﬁ
653 5297 693 5308 "
813 5296 824 5299 '
1080 5301 1091 5304 ’
1457 5305 1465 5308 '
1601 5305 1611 5310 ·

1852 4666 1866 4717 i
1905 4668 2037 4723 Cod.
2051 4708 2064 4733 ,
2102 4665 2392 4722 Seleuticw.

1851 4739 1878 4778 ι
1904 4738 2062 4803 Cod.,
2099 4738 2307 4791 Archis.

1856 4807 1873 4848 1
1902 4811 2148 4865 Auxilius
2181 4807 2357 4878 libello
2386 4823 2428 4872 ι,
2462 4822 2579 4878 cap.
2613 4805 2671 4869 '5,
2710 4814 2765 4860 et
2793 4807 2887 4864 lib.
2921 4825 2982 4874 ιι,
3019 4823 3140 4878 cap.
3171 4807 3263 4873 92,
3300 4807 3369 4871 de

1778 4880 2198 4936 ordinationibus
2225 4896 2256 4932 a
2284 4876 2542 4935 Formosa
2570 4878 2743 4947 factis,
2775 4879 2889 4936 hinc
2915 4876 3131 4934 nomina
3160 4882 3368 4947 ep'sco-

1775 4966 1969 5023 porum
2000 4954 2089 5024 qui
2123 4950 2645 5024 transniigravernnt
2672 4947 2738 5024 ad
2769 4951 2929 5024 aliam
2960 4952 3143 5024 sedem
3172 4950 3368 5024 recitat,
3410 4974 3415 4979 -

1776 5017 1893 5095 fere
1923 5027 1991 5081 ad
2019 5017 2269 5095 unguem,
2299 5017 2501 5081 ut'hic.
2532 5017 2761 5095 Consule
2790 5021 3081 5095 Morinum,
3110 5019 3180 5095 de
3202 5018 3371 5071 sacris

1777 5087 2249 5159 Ordinatimiibus,
2288 5101 2432 5159 part.
2474 5113 2536 5158 ιι,
2575 5087 2851 5161 puti/ibet
2878 5094 3001 5155 '5'“,
3044 5088 3182 5161 apud
3213 5104 3371 5158 quem

1778 5165 1945 5249 etiam
1973 5184 2073 5252 pro
2100 5162 2368 5224 nonnullis
2398 5159 2747 5227 variantibus
2773 5159 3095 5221 lectionibus
3122 5160 3376 5213 lectorem

1780 5239 2130 5296 remittimus.
