3930 5744
587 311 694 371 835

1921 312 2227 373 roauosr
2263 313 2489 374 pars.
3732 336 3811 396 εκ

586 420 730 462 nunc
774 403 841 461 de
887 399 1337 461 reconciliatione
1375 404 1717 476 pontiﬁcum,"
1761 406 1852 477 qui
1895 406 2041 478 jnste
2084 415 2180 465 aut
2210 417 2249 472 Α
2286 407 2433 465 dium
2468 408 2666 485 ducere
2712 411 3097 485 temptabimus
3120 425 3171 482 ι,
3197 416 3313 481 dies
3357 426 3487 475 ante
3536 423 3613 487 (ut
3655 426 3812 500 τεωυγ)

586 496 784 568 injuste
800 496 1074 567 dampnati
1096 506 1240 563 sunt,
1262 506 1420 568 prout
1441 500 1735 554 auctoritas
1751 500 1924 565 docet,
1942 501 2133 556 cviden
2148 530 2169 542 -

588 601 672 646 ter
699 592 873 647 dicam
905 591 1063 646 modo
1089 602 1138 642 δ.
1167 589 1405 646 Joannes
1426 591 1843 664 Chrysostomus
1891 608 1921 648 a
1964 593 2172 653 duobus

585 683 804 756 synodis
846 682 1277 739 orthodoxorum
1324 682 1425 739 fuit
1466 684 1760 756 judicatus,
1821 685 1914 741 sed
1972 686 2169 743 iterum

584 774 836 830 Ecclesiae
869 790 980 830 sum
1015 771 1114 829 fuit
1142 775 1444 830 restitutus.
1479 774 1590 832 Nec
1626 792 1732 833 non
1781 785 1835 833 et
1884 777 2168 839 Marcellus

581 865 863 935 episcopus
892 866 1118 937 Ancyrae
1164 864 1376 921 Galitiae
1419 867 1692 938 depositus
1718 868 1849 934 fuit;
1899 870 1992 926 sed
2043 885 2167 940 pro-

579 955 752 1027 prium
781 957 1122 1026 postmodum
1154 957 1360 1027 recepit
1384 958 1775 1030 episcopatum.
1810 960 2092 1030 Asclepius
2111 962 2161 1027 ιι,

578 1047 705 1105 item
731 1048 1008 1117 judicatus
1035 1064 1063 1104 a
1095 1049 1322 1121 synodo,
1354 1051 1648 1106 Ecclesiam
1681 1067 1834 1107 suam
1869 1061 2054 1123 postea
2076 1069 2164 1110 re-

576 1143 747 1212 cepit;
788 1141 1061 1198 Lucianus
1085 1143 1371 1215 episcopus
1395 1144 1833 1217 Adrianopolites
1858 1158 1911 1211 ο,
1953 1162 1983 1202 a
2024 1163 2160 1218 papa

573 1232 716 1291 Iulio
756 1236 1097 1306 dampnatus,
1134 1238 1473 1306 postmodum
1501 1238 1707 1308 recepit
1736 1238 2031 1294 Ecclesium
2074 1240 2158 1299 sui

572 1329 933 1400 episcopatus.
1005 1327 1137 1385 Item
1194 1328 1582 1397 Quiriuillusd,
1635 1329 2158 1411 Hierosolymitanus

571 1423 853 1493 episcopus
909 1421 1181 1491 depositus
1213 1420 1341 1487 fuit;
1395 1426 1581 1492 postea
1639 1423 2020 1479 reconciliatus
2073 1432 2156 1481 est

569 1514 823 1570 Ecclesiae
864 1529 994 1570 sum.
1038 1512 1214 1569 Simili
1261 1515 1418 1569 modo
1448 1522 1502 1570 et
1538 1514 1952 1587 Polycbronium
1989 1528 2035 1584 θ,
2077 1518 2154 1574 eis

567 1606 689 1664 dem
716 1606 736 1647 ί
774 1606 1032 1663 Ecclesia
1068 1622 1180 1664 suae
1209 1610 1235 1648 ε
1266 1606 1770 1680 Hierosolymitanse
1814 1609 2147 1681 pontiﬁcem.

567 1697 752 1755 Sixtus
784 1700 811 1739 ιι
844 1715 981 1771 papa
1011 1700 1344 1770 dampnavit,
1374 1708 1430 1755 et
1457 1700 1654 1769 iterum
1690 1703 1705 1742 i
1738 1701 1879 1757 idem
1911 1705 2152 1761 reconci-

2275 517 2435 573 quam
2467 516 2645 559 sermo
2674 506 2926 561 cessabit.
2963 507 3058 563 Cui
3108 524 3240 581 ergo
3282 515 3707 584 comparabimus
3744 522 3813 575 te?

2272 595 2365 651 vel
2386 596 2471 651 cui
2500 596 2917 663 assitnilabimus
2947 608 3016 664 te,
3049 616 3081 655 ο
3117 602 3325 659 Roma?
3362 604 3567 675 Magna
3586 609 3811 666 Μίκκα·

2271 701 2415 741 mare
2436 688 2682 743 contritio
2710 699 2823 743 tua.
2850 687 2981 756 Quis
3006 693 3297 757 medebitur
3325 697 3462 751 tibi?
3488 695 3737 768 Propheta
3759 706 3813 760 tsi

2270 774 2510 831 viderunt
2549 776 2686 846 falsa
2723 787 2769 833 et
2811 778 3008 845 stulta;
3058 797 3148 836 nec
3186 785 3489 854 aperiebant
3541 776 3812 857 iniquarum

2268 874 2415 920 tuum
2446 877 2499 921 ut
2527 878 2575 922 te
2601 877 2950 924 conuerterent
2985 872 3089 936 ﬁet
3115 885 3383 928 sanarent.
3426 872 3815 945 Planxcrnutstt-

2265 974 2357 1028 per
2398 967 2446 1013 te
2493 975 2671 1014 omnes
2718 972 3045 1017 transeuntes
3084 981 3177 1035 per
3216 965 3397 1032 ciam;
3431 967 3747 1024 sibilareruut
3780 986 3813 1027 et

2264 1064 2530 1109 moverunt
2575 1038 2729 1125 caput
2768 1073 2955 1125 suum,
3000 1058 3279 1113 dicentes:
3327 1058 3581 1115 (Iret-eine
3622 1075 3687 1115 est
3726 1064 3814 1117 uris

2263 1144 2476 1213 perfecti
2496 1145 2720 1212 decoris,
2756 1157 2803 1212 et
2841 1149 3091 1218 gaudium
3121 1150 3376 1204 universw
3418 1162 3582 1208 terra:
3608 1153 3664 1207 οἳ
3692 1152 3813 1209 Seruo

2264 1243 2380 1291 tare
2408 1251 2538 1308 ergo
2567 1238 2681 1294 vias
2712 1246 2854 1306 tuas,
2878 1248 2931 1313 et
2976 1250 3294 1298 convertere
3334 1229 3421 1297 ad'
3436 1244 3733 1310 Dominum,
3775 1256 3813 1299 et

2260 1325 2575 1391 sanaberis.
2624 1328 2761 1396 Quid
2813 1330 2974 1403 igitur
3019 1328 3085 1386 ad
3134 1333 3248 1407 haec
3292 1334 3481 1405 dices?
3531 1335 3661 1390 Nam
3697 1337 3815 1407 vulgo

2259 1416 2477 1483 dicitur,
2513 1419 2733 1474 stultum
2761 1436 2880 1477 esse
2910 1421 3043 1477 alios
3072 1439 3344 1489 coercere,
3375 1441 3505 1480 cum
3539 1427 3812 1494 sibimetipsi

2257 1521 2362 1571 non
2395 1508 2568 1563 valeat
2597 1509 2806 1565 frenum
2840 1511 3137 1582 imponere.
3171 1512 3288 1580 Quo
3320 1515 3507 1586 itaque
3543 1504 3695 1586 pacto
3714 1516 3815 1570 alios

2254 1598 2337 1665 _vis
2382 1601 2729 1674 redarguere,
2781 1618 2903 1658 cum
2958 1604 3048 1659 tibi
3093 1603 3236 1660 nulla
3268 1606 3340 1660 sit
3381 1616 3632 1677 potestas
3659 1616 3811 1661 temet-

2256 1689 2424 1759 ipsum
2471 1700 2497 1729 ν
2549 1692 2857 1764 corrigere?
2890 1676 3020 1748 ‘Per
3065 1695 3301 1750 ambitus
3338 1676 3485 1750 enim
3531 1707 3589 1771 et
3639 1698 3815 1752 seditio.

563 1789 731 1848 liavit.
771 1790 1116 1848 Innocentius
1164 1794 1290 1848 item
1319 1809 1457 1864 papa
1492 1794 1740 1850 Fotinum
1776 1795 1792 1846 i
1838 1797 2141 1869 episcopum

2258 1798 2396 1848 nos,
2457 1783 2862 1858 belligerando,
2932 1787 2999 1845 ad
3069 1803 3339 1844 summum
3404 1791 3580 1862 apicis
3640 1791 3812 1846 culmen

562 1882 912 1954 ἀρτηρηονίις
940 1886 1035 1940 sed
1082 1886 1198 1957 ipse
1226 1895 1412 1957 poslea
1462 1902 1589 1942 eum
1631 1887 1687 1942 ίη
1736 1904 1848 1944 sum
1897 1890 2152 1951 Ecclesiae
2261 1873 2672 1946 hclllgerandot
2711 1879 2982 1950 principes
3034 1882 3108 1934 tui
3158 1882 3495 1951 contendunt
3534 1884 3735 1951 subire;
3774 1894 3814 1939 et

559 1976 840 2047 proprium
873 1977 1112 2032 restituit
1145 1986 1365 2043 statum.
1416 1977 1548 2033 Item
1577 1978 1782 2035 Miseno
1813 1982 2086 2053 episcopo,
2120 2001 2141 2038 a

2263 1966 2437 2022 adhuc
2462 1977 2489 2016 γ
2520 1969 2804 2041 iniquitate
2857 1986 2952 2027 sua
3001 1984 3405 2043 permanentes,
3444 1977 3809 2048 unusquisque,

560 2068 739 2124 Felice
789 2083 925 2140 papa
972 2068 1285 2139 dampnato,
1333 2069 1579 2126 Gelasius
1623 2086 1764 2142 papa
1817 2074 2149 2133 successor!I
2256 2060 2398 2128 (1¹¹ο(1
2431 2062 2609 2119 ίιιιίιιιο
2647 2064 2911 2135 εοηοθρίιν
2946 2080 3106 2136 ορθΓο
3137 2068 3413 2139 complere
3464 2070 3813 2129 εοηειῑυτοΡνο

560 2161 701 2217 illius
733 2162 1155 2217 communicavit
1196 2168 1251 2217 et
1301 2177 1425 2217 eum
1460 2162 1715 2237 Ecclesiae
1745 2178 1855 2223 sum
1895 2165 2146 2221 restituit.

557 2251 814 2308 Leontius
836 2264 1037 2315 autem,
1061 2253 1186 2307 dum
1211 2261 1351 2308 esset
1379 2254 1681 2327 presbyter,
1706 2257 1982 2325 depositus
2011 2257 2138 2321 fuit,

559 2347 655 2402 sed
685 2354 870 2416 postea
916 2344 968 2399 in
1006 2344 1291 2401 Antiochia
1325 2346 1635 2415 patriarcha
1675 2348 1903 2402 exstitit.
1945 2348 2146 2420 Grego-

560 2439 671 2493 rius
697 2445 922 2507 quartus
949 2451 1083 2507 papa
1115 2435 1415 2502 Roinanus,
1444 2436 1827 2504 Theodosium,
1856 2456 2015 2510 quem
2040 2442 2145 2497 Eu-

553 2529 745 2601 genius
790 2529 910 2600 ejus
957 2516 1267 2583 antecessor
1311 2528 1629 2599 presbyterii
1660 2529 1864 2587 honore
1894 2531 2142 2602 privat-cs-

554 2631 658 2692 rat,
688 2630 891 2679 sanetae
918 2620 1173 2676 Ecclesiae
1203 2619 1440 2692 Signina:
1467 2620 1509 2688 ι,
1552 2623 1891 2679 consecravit
1937 2626 2142 2694 cpisco-

551 2730 701 2787 pum.
750 2714 870 2771 lbas
920 2728 1152 2784 namque
1220 2712 1507 2783 episcopus
1549 2714 1821 2783 judicatus
1877 2715 1996 2780 fuit,
2047 2718 2140 2781 sed

551 2812 734 2862 sancta
761 2805 996 2878 synodus
1016 2805 1279 2860 canonice
1299 2819 1450 2860 suam
1473 2805 1548 2860 illi
1568 2807 1804 2861 restituit
1818 2807 2136 2863 Ecclesium.

549 2895 807 2953 Nicolaus
830 2912 968 2967 papa
999 2895 1317 2950 Zachariam
1348 2896 1660 2967 episcopum
1685 2910 1746 2964 ιιι,
1773 2915 1870 2969 pro
1904 2916 1968 2955 eo
1993 2902 2136 2971 quod

547 2987 1068 3058 Constantinopolim
1095 2988 1336 3043 directus
1364 2987 1623 3045 Phocium
1655 2990 1982 3057 invasorem,
2011 2993 2137 3051 sub-

548 3080 626 3137 ito
676 3097 708 3137 e
751 3082 891 3137 laico
935 3081 1192 3137 clericum
1241 3080 1463 3147 factum,
1492 3092 1548 3137 et
1590 3098 1688 3153 per
1731 3084 2131 3142 ecclesiasticos

548 3172 766 3227 ordines
801 3172 1093 3242 improvise
1128 3172 1196 3226 ad
1220 3173 1647 3241 patriarcbatum
1674 3173 2130 3249 Constantinopo-
2162 3170 2205 3231 (ἶ

548 3260 662 3318 leos
688 3268 1002 3332 provectum
1029 3261 1364 3333 approbavit,
1378 3270 1430 3317 et
1450 3264 1713 3333 lgnatium
1742 3268 2130 3337 patriai-chum,

544 3355 721 3410 virum
750 3361 997 3410 sanctum
1016 3362 1071 3410 et
1093 3354 1322 3426 justum,
1347 3353 1679 3424 reprobavit,
1712 3357 1766 3411 in
1802 3374 1897 3412 sua
1925 3361 2130 3430 synodo

544 3446 743 3503 merito
776 3445 1089 3511 damnavit;
1124 3444 1219 3501 sed
1245 3444 1519 3502 Adrianus
1544 3462 1681 3517 papa
1709 3463 1835 3504 eum
1864 3448 1917 3504 in
1943 3450 2127 3519 pristi-

541 3554 671 3594 num
708 3536 965 3593 Ecclesiae
1011 3552 1121 3591 sute
1174 3545 1372 3592 statum
1423 3538 1718 3594 revocavit.
1762 3539 2068 3596 Rotbadum
2100 3552 2127 3580 ιι

541 3638 745 3685 sanctae
792 3627 1195 3683 Suessionensis
1220 3627 1474 3683 Ecclesia:
1509 3629 1819 3699 episcopum
1852 3638 1876 3666 ο
1897 3631 2125 3703 synodo,

542 3720 627 3774 cui
651 3717 877 3775 Carolus
906 3734 1004 3774 rex
1042 3717 1307 3785 interfuit,
1350 3720 1827 3791 condempnatum,
1878 3721 2129 3791 Nicolaus

541 3818 679 3882 papa
739 3810 1127 3877 reconciliavit,
1177 3819 1233 3865 et
1280 3813 1512 3883 propriae
1563 3814 1821 3870 Ecclesiae
1869 3816 2122 3881 restituit.

538 3899 776 3956 Joannes
815 3915 951 3972 papa
987 3900 1316 3970 Anspertum
1363 3901 1815 3960 Mediolaueusem
1858 3906 2126 3977 archiepi-

540 4008 784 4065 sc0pum,
819 4009 918 4064 pro
950 4008 1018 4050 eo
1046 3994 1189 4065 quod
1218 3993 1423 4065 legatos
1466 4010 1691 4071 summie
1728 4006 1932 4054 sanctae
1981 4000 2127 4056 sedis

539 4084 848 4156 apostolica:
892 4086 1134 4155 recipere
1188 4085 1361 4141 noluit
1396 4096 1442 4152 P,
1475 4095 1698 4144 vocatus
1744 4088 1811 4143 ad
1862 4090 2124 4165 synodum

538 4176 724 4233 venire
745 4176 1085 4248 contempsit,
1132 4176 1187 4231 in
1218 4176 1423 4249 synodo
1446 4176 1786 4248 dampnavit;
1818 4179 1913 4234 sed
1939 4188 2122 4250 postea

537 4271 710 4328 eidem
738 4281 765 4322 ιι
806 4269 1065 4327 Ecclesia:
1096 4271 1349 4326 restituit.
1393 4269 1532 4338 Quid
1571 4270 1759 4340 plura?
1792 4270 1847 4327 Si
1899 4283 2125 4345 cunctas

538 4362 849 4435 pontiﬁcum
878 4361 1246 4418 restitutiones
1275 4377 1339 4419 ac
1381 4363 1884 4435 transmigrationes
1913 4365 1967 4419 in
2011 4381 2124 4423 me-

607 4473 633 4502 ι
672 4460 753 4517 Ab
775 4461 862 4516 his
887 4474 1055 4529 usque
1081 4459 1147 4513 ad
1180 4460 1365 4531 verba,
1391 4458 1628 4531 Joannes
1655 4477 1823 4531 papa,
1841 4469 1968 4527 etc.,
1995 4477 2123 4519 con-

537 4532 654 4590 sule
678 4531 953 4587 Auxilium
982 4532 1073 4593 lib.
1106 4547 1166 4596 n,
1188 4544 1249 4597 _c.
1277 4530 1367 4598 21,
1398 4530 1489 4602 qui
1520 4530 1708 4588 eadem
1742 4530 1925 4587 refert.

608 4604 635 4644 ι)
671 4603 825 4668 Cod.,
854 4602 1135 4673 Asclipius.

610 4685 633 4713 ε
675 4673 805 4729 Cod.
818 4713 832 4739 ,
864 4672 1301 4741 Adriauopolitis.

608 4746 633 4787 ά
668 4744 809 4815 Lege
844 4740 1097 4815 ομνίιιιρεο

610 4828 633 4855 ε
672 4812 828 4879 Cod.,
860 4812 1281 4867 Pulichronium.

610 4885 630 4926 ί
672 4884 813 4957 Lege
846 4882 1100 4957 ejusdem.

610 4958 635 4997 Β
669 4957 740 5014 Τὸ
753 4953 880 5009 sua!
904 4953 1161 5007 abundat.

611 5027 641 5067 ιι
679 5025 837 5089 Cod.,
870 5022 1080 5079 Sextus.

517 5157 521 5161 ν
612 5098 626 5137 ί
671 5095 916 5164 Auxilius
937 5094 1031 5149 lib.
1057 5109 1117 5158 ιι,
1145 5108 1193 5148 e.
1227 5091 1316 5160 2|,
1347 5092 1459 5164 ipse
1482 5108 1624 5148 eum.

611 5164 624 5213 ἱ
668 5164 825 5235 Lege
844 5163 1112 5235 Photium.

608 5235 632 5304 If
673 5233 994 5304 C.,'Gelasio
1018 5249 1165 5304 papae
1193 5235 1502 5289 successori.

612 5301 631 5374 Ξ
676 5303 918 5374 Αμχὶιίιιε
944 5300 1036 5374 lib.
1062 5300 1122 5367 ll,
1150 5319 1268 5373 cap.
1292 5304 1383 5369 21,
1409 5304 1548 5374 apud
1593 5300 1859 5359 Morinum
1897 5303 2117 5372 ibidem,

544 5372 646 5429 eoh
677 5372 804 5442 571,
838 5373 963 5442 legit
989 5371 1248 5442 Seguinaé.

606 5450 646 5474 ⁸·
674 5440 831 5506 Cod.,
864 5440 1130 5514 mendose,
1159 5446 1465 5514 episcopus;
1492 5452 1547 5499 et
1588 5442 1745 5509 infra,
1773 5444 1943 5499 subito
1981 5444 2117 5500 laico

541 5511 852 5583 clericorum
883 5510 1048 5583 factus
1076 5510 1236 5567 et"...
1266 5510 1554 5583 provectus.

610 5592 636 5620 n
674 5582 830 5628 I‘nrl“
865 5581 1135 5628 mendose-
1174 5581 1475 5638 {incl-mium
1499 5594 1695 5638 sancta‘
1724 5583 2004 5640 Sessionis.

2254 2151 2357 2209 hac
2383 2154 2525 2207 enim
2560 2170 2617 2209 re
2643 2165 2665 2191 ι
2701 2156 2960 2213 diluvium
2985 2160 3295 2233 supervenit
3326 2162 3587 2243 universo
3625 2166 3813 2227 mundo,

2252 2246 2535 2319 deletaque
2567 2260 2623 2289 ιη
2649 2258 2730 2305 est
2761 2251 2938 2306 omnis
2967 2266 3095 2329 caro
3120 2254 3185 2307 de
3214 2256 3507 2329 superficie
3541 2268 3712 2325 terrae,
3734 2275 3810 2314 ex-

2252 2340 2424 2411 ceptis
2467 2351 2590 2397 octo
2639 2342 2920 2421 animabus
2976 2326 3039 2398 ini
3080 2361 3208 2400 arca
3248 2326 3527 2415 salvatis;
3581 2352 3661 2406 sic
3694 2350 3811 2405 enim

2250 2443 2437 2488 sancta
2494 2435 2547 2489 in
2588 2436 3018 2505 praecedentibus
3042 2436 3175 2492 dicit
3223 2439 3556 2510 Scriptura:
3606 2439 3810 2495 l'idmtcs

2245 2524 2346 2595 ﬁlii
2376 2525 2473 2597 Dei
2494 2524 2636 2595 ﬁlias
2679 2526 2944 2581 hominum
2972 2528 3109 2599 quod
3146 2540 3312 2603 essent
3343 2530 3601 2600 pulchris,
3634 2549 3813 2602 arrepe-

2249 2626 2365 2669 run.’
2395 2615 2495 2670 sibi
2524 2633 2711 2670 uxores
2738 2633 2801 2672 ea;
2830 2618 3068 2671 omnibus
3093 2636 3223 2689 quas
3251 2618 3521 2685 elegerant
3551 2621 3629 2675 ω’.
3661 2623 3719 2676 Et
3756 2622 3808 2674 ad

2246 2706 2705 2777 comprimendam
2755 2716 2858 2785 tua:
2907 2709 3211 2763 sedulitatis
3239 2712 3605 2783 temeritatem
3640 2731 3728 2785 per
3751 2726 3811 2768 te-

2245 2796 2531 2866 metipsum
2548 2797 2761 2852 Veritas
2785 2799 2942 2854 dicit:
2964 2798 3203 2873 Quinque
3218 2803 3358 2856 enim
3382 2803 3522 2858 viros
3539 2805 3806 2869 Itobuisti,o

2244 2883 2434 2950 Roma,
2456 2895 2503 2939 et
2525 2887 2662 2940 hunc
2691 2898 2745 2926 οε
2770 2905 2919 2958 quem
2934 2888 3111 2955 habes,
3138 2907 3239 2944 non
3261 2902 3336 2945 est
3358 2902 3485 2947 tuus
3510 2894 3587 2947 rir
3604 2893 3673 2948 ἀά.
3690 2893 3805 2948 Nam

2242 2974 2551 3040 Formosus,
2582 2994 2740 3048 quem
2770 2979 3142 3055 crudelissima
3185 2987 3613 3055 praesumptione
3637 2990 3695 3043 dc
3732 3004 3804 3043 se-

2240 3068 2430 3138 pulcro
2460 3056 2768 3133 extraxisti,
2801 3079 2854 3126 et
2895 3083 2949 3111 οε
2976 3052 3212 3141 summa,
3242 3086 3435 3130 sancta
3460 3088 3516 3132 et
3543 3080 3803 3150 apostolica

2240 3162 2365 3215 sede
2395 3163 2547 3217 vivus
2579 3163 2839 3229 residens,
2868 3167 3206 3220 consecravit
3232 3166 3500 3223 Joannem
3538 3170 3557 3209 τ
3572 3169 3589 3209 ί
3617 3173 3673 3224 ad
3692 3187 3803 3242 pre~

2240 3255 2611 3325 sbyteratum;
2643 3256 2733 3327 qui
2764 3266 2970 3326 postea,
2995 3255 3145 3333 juxta
3184 3259 3495 3327 Romanam
3544 3276 3794 3320 consectu-

2237 3344 2416 3398 dinem
2444 3355 2498 3398 et
2520 3346 3009 3413 consecrationem,
3037 3348 3103 3402 ad
3136 3350 3529 3419 apostolicatus
3561 3352 3802 3426 fastigium

2235 3434 2621 3500 conscendens,
2650 3436 2927 3493 Kailonem
2956 3437 3331 3497 Ravennatem
3360 3444 3799 3518 archiepisropmu

2233 3528 2592 3594 consecravit,
2620 3544 2684 3583 ac
2707 3531 3046 3601 postmodum
3080 3532 3133 3586 in
3156 3544 3343 3590 sancta
3378 3541 3610 3608 synodo,
3634 3541 3799 3594 eadem

2232 3617 2286 3672 in
2337 3617 2468 3673 urbe
2509 3628 2857 3692 congregata,
2905 3620 2990 3676 cui
3040 3620 3416 3680 Landebertus
3447 3630 3507 3667 εε
3539 3630 3800 3701 impemtor

2238 3710 2499 3781 interfuit,
2546 3716 2845 3786 apostolico
2887 3715 3072 3773 favore
3122 3718 3355 3774 viriliter
3402 3724 3621 3778 resedit.
3666 3723 3800 3778 linito

2235 3819 2364 3860 vero
2411 3807 2847 3879 archiepiscopus
2892 3807 3111 3865 Petrum
3160 3809 3567 3870 Bononiensem
3613 3817 3796 3887 episco-

2235 3912 2362 3969 pum
2407 3901 2780 3968 consecravit;
2834 3900 3027 3956 Petrus
3076 3909 3257 3957 autem
3307 3902 3661 3962 Bononiensis
3699 3907 3799 3977 epi-

2235 4006 2431 4062 scopus
2459 4034 2474 4060 ,
2543 3992 2788 4071 Kailonis
2825 3994 2886 4036 ιλιι
2933 3994 3328 4068 archiepiscopi
3399 3999 3797 4071 subfraganens,

2233 4082 2496 4143 Joannem
2528 4070 2607 4153 i'i,
2652 4086 2865 4158 (abbns
2910 4088 3011 4143 vite
3069 4098 3173 4144 tua:
3225 4090 3339 4144 sedi
3381 4089 3430 4142 ii
3471 4070 3678 4165 mea)
3714 4107 3796 4163 per

2233 4192 2510 4234 sacrorum
2557 4180 2807 4235 ordinum
2869 4194 3164 4246 ascensus,
3232 4182 3300 4235 ad
3361 4183 3636 4239 diaconem
3679 4200 3793 4240 cou—

2232 4268 2486 4323 secravit.
2540 4267 2803 4324 Defuncto
2843 4284 2971 4324 vero
3010 4267 3173 4324 Petro
3199 4310 3216 4333 ,
3265 4270 3409 4325 idem
3455 4271 3793 4329 JoannesBo-

2233 4362 2546 4431 noniensetn
2573 4360 2630 4400 kk
2658 4360 2975 4426 Ecclesiam,
3018 4360 3235 4415 vivente
3278 4360 3583 4421 Kailouel1
3628 4366 3788 4421 archi-

2306 4463 2327 4490 τ
2367 4451 2521 4522 Cod.,
2555 4455 2992 4522 retemptuvimus.

2305 4535 2326 4562 ³
2370 4518 2568 4594 Supple
2606 4535 2677 4578 est
2706 4518 2862 4579 uelut.

2306 4596 2327 4630 ι
2369 4591 2614 4666 Yttlgata,
2647 4596 2715 4648 ad
2744 4596 3095 4662 pceuitentium
3117 4608 3478 4666 provocarent.

2228 4685 2244 4706 ι
2303 4677 2331 4705 ιι
2372 4663 2571 4736 'I‘ltren.
2604 4682 2664 4727 ll,
2697 4681 2748 4719 v.
2782 4666 2850 4720 i6
2879 4681 3031 4736 seqq.

2302 4744 2327 4772 ν
2364 4734 2496 4791 Cod.
2509 4777 2523 4800 ,
2555 4736 2899 4806 temetipsum.

2302 4818 2328 4846 π
2366 4808 2433 4862 Τὸ
2466 4806 2813 4877 belligerando
2838 4807 3094 4865 mendose
3119 4810 3449 4883 geminatur.

2302 4883 2328 4923 Υ
2369 4875 2567 4930 Sunnle
2593 4879 2668 4930 in.

2300 4883 2328 4923 γ
2369 4879 2567 4947 Supple
2593 4879 2668 4931 in.

2304 4954 2326 4981 κ
2366 4945 2523 5011 Cod.,
2554 4964 2654 5010 res,
2686 4948 2957 5004 solaccum.
3156 5002 3161 5007 .

2297 5029 2357 5089 ea
2393 5016 2550 5089 Cod.,
2580 5017 2901 5089 delectaque,
2934 5019 3217 5077 mendose.

2294 5087 2358 5127 Μ)
2397 5085 2672 5160 Ceneseos
2700 5085 2822 5160 cap.
2857 5106 2928 5155 vt,
2957 5107 3010 5145 v.
3039 5090 3096 5147 2.

2298 5169 2351 5230 (ᾖξ’
2395 5158 2642 5230 _Vulgata,
2677 5158 2832 5213 nunc.

2292 5228 2350 5269 dd
2387 5228 2610 5284 Joannis
2637 5247 2706 5291 tv,
2740 5247 2789 5285 v.
2823 5232 2908 5288 i8.

2300 5311 2357 5373 {et}
2386 5300 2490 5373 Pro
2519 5311 2565 5354 et
2599 5301 2713 5373 lege
2738 5302 2812 5355 in.

2301 5369 2319 5444 ξ
2333 5371 2351 5410 ί
2389 5370 2591 5444 Nempe
2619 5369 2878 5444 Joannem
2903 5388 3098 5444 papam
3126 5373 3219 5431 IX.

2299 5442 2355 5482 ⁸8
2386 5441 2529 5498 Lege
2559 5441 2883 5498 Lambertus.

2290 5510 2351 5554 Μ’
2380 5510 2533 5577 Cod.,
2570 5511 2829 5568 Kulionis.

2298 5585 2347 5653 ii
2380 5583 2585 5658 gempe
2610 5582 2869 5658 Joannem
2901 5584 3205 5658 Decimum,
3237 5588 3552 5658 antipapam-

2380 5654 2416 5666 η
2492 5665 2500 5670 η
2569 5655 2579 5672 ι
2744 5657 2847 5682 tum
2907 5656 2992 5690 ποιὸ
3023 5656 3239 5712 albugine
3265 5654 3371 5717 ιιιώ
3397 5654 3520 5717 εὶάά
3542 5662 3659 5711 θω-
