3930 5806
161 286 277 349 87

1335 260 1698 351 erismae:
1740 288 1828 355 ET
1866 288 2279 359 remmota.

2370 200 2435 216 ἠις

3351 300 3454 357 858

155 407 460 480 episcopo,
521 413 715 463 contra
775 414 995 462 onmem
1047 416 1316 467 canonum
1380 403 1763 463 auctoritatem
1789 407 1840 471 Α
1869 404 2180 463 tollentibus
2221 421 2326 465 non
2368 407 2645 482 pepercit,
2690 409 3104 489 quantoltnagis
3145 410 3456 475 hominibus

158 500 430 556 invadere
467 499 849 571 praesumpsit;
909 507 1260 555 consecratus
1303 511 1521 569 quoque
1560 498 1759 554 missa-

160 594 289 649 rum
333 592 597 648 solemnia
640 590 937 663 pontiﬁcali
973 591 1098 663 jure
1140 590 1361 661 indigne
1399 590 1664 656 exercuit,
1704 596 1762 644 et

157 686 405 743 inlicitas
447 685 889 742 consecrationes
930 684 1150 756 exegit;
1206 683 1580 755 quairelicta,
1622 697 1758 738 san-

155 788 309 834 ctam
354 777 659 833 Romanam
704 786 756 835 et
798 776 1152 847 apostolicam
1194 775 1492 833 Ecclesiam
1535 774 1759 841 nefariis

154 872 389 928 ausibus
425 870 723 942 usurpavit.
768 870 836 925 Et
864 879 959 925 tun
981 882 1009 912 ι
1047 885 1145 942 pro
1186 858 1340 925 libitu
1383 884 1483 926 suo
1511 867 1623 923 vult
1652 867 1760 924 sol-

153 978 289 1020 vere
330 972 389 1019 et
426 962 634 1035 ligare;
680 972 766 1029 et,
814 961 960 1018 velut
1005 961 1223 1018 Lucifer
1265 962 1386 1028 ille,
1434 961 1527 1032 qui
1573 960 1759 1017 sedem

154 1075 314 1115 suam
372 1059 425 1112 in
473 1056 738 1128 Aquilone
783 1070 987 1128 ponere
1031 1056 1236 1123 voluit,
1288 1064 1345 1111 et
1386 1056 1441 1109 in
1485 1054 1652 1109 altqu
1697 1067 1756 1109 se

152 1149 461 1214 extollens,
505 1147 737 1204 similem
786 1147 894 1204 Deo
937 1146 1202 1219 gloriatus
1244 1154 1328 1203 est
1370 1145 1514 1211 fore,
1565 1146 1754 1202 catho-

155 1238 317 1297 licam
366 1252 424 1296 et
465 1241 827 1297 univcrsalem
871 1240 1174 1297 Ecclcsiam
1221 1240 1336 1295 vult
1385 1238 1759 1295 excommuni-

153 1350 318 1399 care,
363 1343 419 1387 et
457 1332 717 1403 justiorcs
755 1343 810 1389 et
847 1334 1151 1390 sanctiores
1194 1348 1253 1389 se
1294 1334 1488 1405 quierit
1530 1332 1757 1388 anathe-

152 1428 446 1483 matizare.
516 1427 651 1496 Quis
691 1429 835 1483 enim
881 1428 929 1483 ei
977 1444 1042 1483 es
1095 1428 1197 1484 hoc
1247 1430 1554 1485 crediturus
1603 1428 1757 1485 erit?

154 1518 257 1591 (Nc
298 1521 566 1592 glorietur
603 1535 758 1592 aeque
801 1521 1087 1578 distinctus
1129 1532 1225 1577 aut
1267 1522 1590 1595 accinctus.)
1639 1521 1757 1577 Non

152 1620 238 1666 est
285 1610 433 1667 enim
480 1611 642 1677 Dens,
693 1612 832 1666 sicut
878 1612 1063 1667 homo.
1117 1611 1175 1668 Si
1218 1613 1363 1668 enim
1408 1611 1618 1685 angelis
1662 1628 1758 1669 cx-

226 1739 252 1767 ει
284 1727 431 1798 Lege
458 1745 617 1792 nunc,
640 1728 726 1782 vel
751 1739 947 1789 tamen.
982 1729 1051 1791 Et
1072 1737 1196 1784 nota
1223 1729 1386 1784 etiam
1411 1744 1477 1784 ex
1503 1730 1604 1783 hoc
1631 1727 1749 1783 loco

151 1798 337 1871 palam
358 1800 475 1853 tieri
500 1800 816 1871 scriptorem
840 1809 1082 1871 nostrum
1108 1802 1211 1857 hoc
1225 1799 1557 1871 Colloquium
1572 1799 1755 1854 Romae

152 1869 417 1944 exarasse
448 1872 548 1926 sub
574 1869 783 1944 Joanne
814 1870 861 1925 Χ
889 1872 1166 1944 autipapa.
1390 1869 1397 1871 ’
1444 1896 1447 1899 ·

226 1941 256 1981 δ
284 1940 418 1996 Cod.
433 1983 448 2008 ,
478 1941 780 1997 extollatur.

1863 504 1947 552 est
1973 497 2288 561 cavendum,
2316 513 2385 552 ne
2408 497 2737 579 extollantur
2759 499 2809 554 ι’.
2854 498 3125 572 Scriptum
3157 511 3241 579 est
3270 504 3412 579 enim
3438 523 3451 560 :

1866 587 1991 647 Non
2028 587 2147 659 plus
2185 606 2402 662 sapere,
2454 606 2613 662 quam
2656 576 2855 673 oportet
2894 608 3119 663 sapere;
3158 576 3240 650 ine
3281 576 3450 663 forte,

1864 680 1991 737 dum
2033 682 2153 752 plus
2190 683 2306 739 vult
2344 697 2466 759 esse
2499 698 2661 756 quam
2701 684 2793 750 sit,
2836 684 2908 741 sit
2946 685 3126 757 minus
3165 703 3327 765 quam
3361 689 3449 747 sit.

1862 774 2153 841 Caeterum,
2199 778 2449 846 quamvis
2491 778 2709 851 indigne
2752 777 3026 853 legatione
3061 766 3116 835 et
3150 781 3452 851 sacerdotio

1862 865 2066 934 Christi
2111 858 2387 940 iungimur
2412 880 2459 936 ε,
2487 870 2626 926 sicut
2667 870 2825 928 docet
2868 870 3199 951 Apostolus,
3257 888 3452 945 pacem

1862 959 2227 1030 deposcimus,
2261 962 2677 1035 unanimitatem
2710 964 2964 1034 petimus,
3001 971 3057 1021 et
3092 973 3167 1031 te,
3193 980 3226 1020 ο
3255 964 3450 1032 Itonia,

1862 1064 1984 1121 qua:
2006 1066 2066 1107 es
2092 1061 2253 1123 caput
2273 1054 2512 1109 omnium
2541 1062 2807 1121 nostrum,
2835 1054 3018 1111 sanari
3051 1053 3448 1127 ﬂagitamus....

1862 1150 1918 1197 et
1972 1160 2041 1199 ne
2094 1154 2201 1198 tam
2256 1143 2445 1201 leviter
2491 1147 2542 1201 iu
2584 1147 2930 1219 postmodum
2986 1147 3369 1219 scandalizeris
3397 1147 3449 1215 ἀ.

1854 1237 2031 1294 modis
2069 1239 2322 1297 oumibus
2364 1255 2687 1315 exoramus;
2732 1241 2849 1314 ipso
2884 1241 3202 1307 auxiliante,
3244 1241 3330 1301 Cui
3368 1248 3452 1297 est

1856 1330 1994 1396 laus,
2032 1332 2225 1399 honor,
2268 1342 2324 1388 et
2358 1334 2551 1400 virtus,
2579 1343 2637 1390 et
2669 1334 2841 1406 gloria
2882 1350 3007 1392 cum
3050 1335 3160 1393 Deo
3202 1332 3365 1389 Patre
3396 1333 3449 1388 in

1855 1422 2065 1485 unitate
2108 1422 2345 1495 Spiritus
2384 1425 2598 1494 sancti,
2647 1440 2747 1498 per
2789 1423 3213 1501 interminabilia
3255 1422 3449 1505 saecula

1858 1512 2199 1568 saeculorum.
2245 1514 2442 1573 Amen.

1939 1744 1963 1772 ο
1990 1732 2195 1808 Auctor
2221 1734 2378 1805 hujus
2406 1735 2664 1808 apologis:
2692 1733 2780 1790 hic
2805 1733 3117 1805 episcopum
3147 1730 3230 1785 vel
3257 1728 3449 1785 saltem

1861 1806 2236 1878 presbyterum
2265 1824 2326 1864 se
2351 1806 2553 1878 prodit.

1933 1878 1960 1920 ἀ
1986 1877 2145 1947 (ἶοάη
2173 1877 2550 1935 scandalizari.

186 2034 3443 2065 Μή..

1045 2125 1855 2247 πθιιωοει
1966 2128 2529 2246 ΡΔΡΕ’

695 2334 1513 2491 EPISTOL/E
1606 2337 1808 2487 ET
1910 2326 2884 2487 PRIVILEGIA.

1204 2510 1298 2585 (Ex
1325 2509 1476 2561 Mausi
1502 2514 1555 2563 et
1576 2507 1961 2589 collectionibus
1984 2504 2388 2567 recentioribus.)

1641 2608 1995 2628 *-

549 2855 615 2895 ΑΒ
656 2853 930 2895 IONACHOS
966 2854 1011 2893 S.
1054 2854 1365 2895 THEUDEBII.

768 2950 942 3022 (Anno
988 2950 1138 3021 892.)

156 3062 554 3133 [inmunitatem
589 3070 635 3116 et
672 3059 924 3140 bonorum
962 3076 1176 3183 suasum
1216 3061 1425 3128 ﬁrmum
1473 3070 1522 3115 et
1569 3059 1754 3115 stabile

762 3147 845 3183 ms
893 3146 1049 3183 couce
1090 3141 1147 3183 it.

749 3147 845 3205 ,μιᾳ
893 3141 1147 3184 concedit.

224 3256 513 3312 Fonuosus
553 3254 853 3327 episcopus.
886 3269 1089 3329 servus
1122 3270 1401 3331 servorum
1431 3254 1557 3322 Dei,
1591 3268 1756 3331 vene:

155 3349 338 3407 randa:
356 3348 769 3420 congregationi
798 3348 1184 3423 monachorum
1217 3346 1537 3403 venerabilis
1563 3361 1753 3401 mona-

152 3442 302 3515 sterii
342 3440 403 3496 S.
445 3439 734 3495 Thcuderii
777 3439 1103 3517 confessoris
1130 3440 1354 3507 Christi,
1385 3440 1472 3497 siti
1505 3440 1559 3496 in
1593 3441 1754 3517 teri'i-j

151 3536 292 3590 torio
335 3532 654 3596 Viennensi,
695 3532 748 3586 in
787 3540 1133 3603 perpetuum.

223 3626 457 3695 Quando
504 3638 605 3680 nos
649 3624 861 3695 piorum
905 3622 1171 3693 locorum,
1210 3622 1366 3695 juxta
1406 3624 1549 3693 quod
1601 3622 1757 3689 nobis

151 3718 415 3775 divinitus
445 3724 531 3771 est
571 3714 942 3785 commissum,
973 3713 1263 3770 studiosius
1297 3714 1556 3783 gerimus,
1608 3721 1755 3787 tanto

152 3817 310 3873 nobis
340 3814 553 3885 copiam
587 3812 853 3868 mercedis
882 3810 1235 3885 acquirimus,
1258 3818 1315 3865 et
1337 3819 1511 3867 status
1540 3810 1757 3893 illorum

140 3909 352 3979 potiori
405 3906 609 3979 vigebit
638 3906 931 3977 regimine;
981 3913 1036 3961 et
1082 3906 1203 3961 ideo
1243 3920 1372 3961 vera
1408 3906 1621 3962 devotio
1661 3922 1758 3977 per

153 4001 490 4061 Burnoinum
526 3997 1035 4054 reverendissimum
1083 3998 1549 4070 archiepiscopum
1589 3997 1755 4079 Vien-

1782 2730 1830 2790 B
1859 2720 1984 2775 anui
2032 2720 2226 2776 libram
2280 2718 2509 2790 argenti.

2586 2716 2653 2773 Et
2701 2726 2963 2789 praeterea
3015 2716 3357 2775 decernimus
3394 2720 3451 2773 et

1855 2813 2168 2870 ordinamus
2189 2820 2244 2867 et
2271 2811 2649 2868 constituimus
2681 2818 2738 2866 et
2772 2819 3141 2867 contestamur
3188 2822 3246 2868 ut
3292 2814 3449 2871 dece-

1855 2892 2012 2961 dente
2043 2946 2057 2968 ,
2122 2919 2273 2960 more
2329 2904 2569 2959 humano
2597 2942 2613 2969 ,
2680 2901 2950 2973 praedicta:
3018 2905 3452 2977 congregationis

1855 2994 2083 3065 abbate,
2141 3012 2316 3069 neque
2368 3010 2609 3068 praesens
2654 2995 2911 3067 prmfatus
2966 2997 3293 3068 episcopus,
3351 3014 3453 3056 nec

1856 3091 2140 3163 quisquam
2189 3101 2564 3144 successorum
2610 3084 2754 3141 illius
2800 3084 2982 3156 aliquo
3030 3094 3157 3158 typo
3201 3094 3257 3143 et
3310 3087 3453 3145 fastu

1798 3190 1805 3195 '
1855 3181 2141 3251 superbiae,
2179 3188 2271 3237 aut
2310 3178 2552 3233 avaritiae
2593 3184 2659 3233 et
2693 3176 3026 3246 cupiditatis,
3066 3186 3123 3233 et
3163 3177 3456 3237 iracundia:

1855 3275 2019 3331 alium
2068 3275 2319 3329 abbatem
2362 3272 2541 3343 aliquo
2587 3279 2832 3343 tempore
2858 3280 2916 3328 et
2954 3272 3134 3343 aliquo
3163 3274 3322 3329 modo
3353 3274 3455 3345 ipsi

1856 3367 2259 3440 congregationi
2312 3367 2591 3436 imponere
2639 3373 2955 3436 praesumat,
3006 3366 3111 3421 nisi
3147 3381 3307 3437 quem
3353 3366 3455 3438 ipsi

1857 3459 2128 3522 monachi,
2182 3457 2348 3513 libera
2395 3455 2663 3514 electione
2709 3464 2764 3511 et
2805 3456 3107 3522 devotione,
3156 3458 3456 3515 secundum

1856 3553 2097 3625 regulam
2137 3549 2311 3606 sancti
2353 3549 2627 3604 Benedicti
2670 3547 2771 3605 sibi
2809 3547 3088 3621 elegerint.

1929 3643 2037 3698 Sed
2077 3657 2251 3712 neque
2290 3657 2354 3695 ex
2402 3641 2486 3695 liis
2534 3640 2827 3706 omnibus,
2873 3656 2993 3710 quae
3043 3641 3457 3713 przesentialitcr

1857 3735 2121 3800 obtinent,
2149 3733 2435 3789 mobilibus
2459 3740 2514 3788 et
2546 3731 2932 3798 immobilibus,
2966 3741 3022 3788 et
3049 3748 3169 3803 quae
3204 3733 3458 3804 deinceps

1857 3842 1889 3881 a
1929 3824 2234 3882 senioribus
2273 3832 2328 3880 et
2373 3823 2552 3894 aliquo
2592 3823 2752 3878 modo
2769 3823 2917 3894 juste
2940 3825 3239 3894 promereri
3266 3833 3460 3896 potac-

1858 3918 1989 3984 rint,
2039 3916 2147 3973 ullo
2192 3916 2352 3972 modo
2397 3915 2592 3971 exinde
2635 3914 2841 3986 aliquid
2870 3913 3155 3972 auferatur
3178 3917 3247 3971 ab
3274 3916 3456 3987 aliquo

1858 4012 2036 4082 neque
2079 4011 2384 4076 minuatur;
2430 4009 2525 4065 sed
2566 4023 2742 4078 neque
2783 4016 3165 4074 commutetur,
3212 4009 3316 4067 nisi
3360 4024 3459 4079 per

154 4108 383 4149 nensem
416 4100 603 4148 nostro
637 4091 905 4163 suggessit
928 4090 1274 4160 apostolatui,
1306 4099 1363 4145 ut
1388 4092 1560 4161 ipsum
1592 4106 1754 4147 vene-

1862 4104 2188 4161 voluntatem
2219 4102 2605 4158 monachorum
2635 4119 2650 4154 :
2678 4101 2810 4172 quin
2845 4101 3009 4156 ctiam
3031 4101 3076 4157 si
3103 4110 3293 4158 contra
3319 4102 3458 4161 hanc

154 4184 330 4240 rabiie
358 4183 748 4245 monasterium
776 4195 882 4237 una
910 4182 1185 4238 vobiscum
1229 4183 1525 4254 apostolica
1574 4184 1746 4240 muni~

153 4290 344 4332 remus
368 4260 710 4331 auctoritate.
760 4272 915 4330 Unde
937 4290 1035 4331 nos
1067 4275 1310 4331 omnium
1337 4277 1753 4337 sollicitudinem

154 4376 431 4440 gerentes,
472 4373 530 4421 et
571 4365 805 4421 maxime
856 4367 1136 4423 audientes
1181 4382 1276 4441 vos
1319 4368 1387 4425 de
1431 4370 1754 4427 Trecassiuo

156 4459 417 4514 comitatu
457 4471 524 4512 ex
562 4457 892 4529 monasterio
939 4458 1114 4529 Dervo
1158 4473 1188 4513 a
1238 4458 1373 4515 facie
1420 4476 1753 4533 paganorum

156 4552 391 4623 elapsos,
421 4561 477 4607 et
504 4552 649 4622 quod
679 4553 746 4607 ab
767 4554 956 4613 eodem
1002 4555 1300 4611 venerabili
1348 4558 1755 4627 archiepiscopo

160 4643 594 4698 misericorditer
645 4644 889 4715 suscepti
958 4645 1093 4702 estis
1122 4686 1137 4709 ,
1205 4646 1450 4703 inclinati
1502 4649 1756 4719 precibus

160 4736 396 4803 vestris,
452 4751 550 4807 per
602 4736 762 4807 hujus
814 4737 1122 4808 apostolica:
1170 4747 1369 4796 nostrae
1417 4743 1758 4811 auctoritatis

160 4831 503 4902 priviiegium
524 4847 621 4889 vos
647 4832 776 4889 inibi
816 4832 1046 4890 ﬁrmiter
1080 4843 1136 4890 et
1165 4835 1349 4906 quiete
1381 4836 1493 4892 Deo
1524 4834 1759 4892 militare

161 4924 568 4991 conﬁrmamus,
604 4933 660 4980 et
703 4939 823 4995 quae
844 4926 1149 4982 necessaria
1186 4941 1307 4983 esse
1351 4926 1602 4983 videntur
1640 4927 1759 4985 loco

162 5022 215 5069 et
263 5015 596 5071 monasterio
644 5016 737 5072 diu
786 5024 1056 5086 noctuque
1104 5017 1495 5075 instantissime
1521 5021 1754 5089 operari,

162 5116 217 5163 et
237 5108 514 5164 canonica:
550 5108 660 5163 imo
683 5107 829 5163 beati
848 5106 1124 5167 Benedicti
1152 5108 1351 5181 regulae
1376 5111 1616 5178 obedire,
1650 5094 1761 5170 tam

164 5204 217 5259 in
245 5202 487 5259 ecclesiae
515 5202 935 5268 restauratione,
963 5217 1125 5272 quam
1165 5203 1255 5258 ubi
1292 5212 1348 5258 et
1390 5206 1477 5262 ubi
1522 5209 1757 5279 expedit,

165 5309 226 5351 ea
251 5296 457 5351 scilicet
485 5298 717 5359 ratione,
754 5301 813 5347 ut
840 5308 1013 5363 neque
1037 5295 1211 5351 eidem
1246 5299 1538 5357 venerabili
1582 5306 1762 5362 archi-

166 5389 431 5460 episcopo,
459 5406 630 5462 neqtte
659 5386 884 5443 cuilibet
901 5400 1273 5447 successorum
1303 5406 1525 5451 suorum
1555 5396 1759 5456 licitum

1854 4195 2407 4264 auctoritatemquis
2471 4207 2630 4262 agere
2697 4193 3019 4259 tentaverit,
3071 4192 3376 4248 nullatenus
3426 4208 3458 4247 a

1854 4288 2097 4360 quolibet
2123 4294 2365 4343 nostram
2389 4284 2620 4341 abeundi
2650 4283 3020 4353 praesentiam,
3051 4298 3457 4340 successorum-

1855 4398 1960 4453 que
2012 4391 2322 4436 nostrorum
2377 4377 2557 4433 abbati
2604 4386 2660 4432 et
2714 4376 2998 4432 monachis
3052 4376 3352 4446 denegetur
3403 4384 3458 4433 et

1855 4473 2248 4545 prohibeatur,
2306 4471 2421 4529 sive
2469 4468 2756 4523 insidietur
2809 4466 3090 4523 facultas:
3134 4474 3189 4533 et
3238 4476 3459 4536 propter

1856 4564 2182 4632 adiutorium
2231 4558 2615 4629 omnipotentis
2650 4558 2746 4613 Dei
2796 4557 3217 4629 impetrandum,
3266 4566 3323 4613 et
3375 4557 3459 4612 in-

1856 4655 2241 4711 terccssionem
2298 4652 2470 4707 sancti
2531 4650 2676 4708 Petri
2719 4690 2736 4715 ,
2796 4659 2853 4706 et
2913 4659 3111 4708 nostra:
3173 4650 3460 4707 charitatis

1857 4744 2141 4809 auxilium,
2185 4742 2322 4799 abba
2370 4742 2603 4807 illorum,
2654 4740 2871 4799 nomine
2912 4743 3231 4810 Adalricus,
3283 4743 3462 4797 taliter

1857 4851 1982 4892 cum
2022 4833 2470 4892 reverendissimo
2515 4833 2922 4908 archiepiscopo
2962 4835 3234 4891 Barnoino
3274 4834 3462 4891 limina

1857 4931 2033 4986 sancti
2064 4927 2210 4984 Petri
2232 4927 2575 4985 acceleravit.
2627 4924 2743 4992 Qua
2786 4927 3080 4986 dilectione
3106 4935 3163 4980 et
3191 4923 3464 4998 apostola-

1860 5027 1951 5078 tus
1988 5020 2156 5078 nostri
2182 5020 2508 5077 auctoritate
2539 5019 2797 5075 commoti
2839 5032 3094 5092 rogamus
3131 5027 3185 5072 et
3213 5017 3466 5088 petimus,

1861 5120 1918 5168 et
1941 5127 2009 5169 ex
2034 5114 2143 5169 Deo
2171 5121 2223 5167 et
2258 5124 2354 5183 per
2376 5109 2550 5171 Deum
2586 5116 2639 5163 et
2685 5122 2784 5177 per
2825 5112 3001 5169 sancti
3044 5110 3188 5166 Petri
3220 5110 3474 5166 meritum

1863 5214 2145 5283 nostrique
2185 5207 2473 5267 ministerii
2507 5205 2884 5265 reverentiam
2913 5209 3225 5281 adjuramus
3251 5213 3306 5260 et
3340 5219 3476 5259 con-

1866 5314 2153 5370 testamur,
2183 5314 2243 5358 ut
2261 5302 2446 5362 nullus
2482 5294 2745 5360 nobilium
2775 5311 2836 5357 et
2858 5302 3154 5379 potentium
3181 5299 3482 5357 vicinorum

1863 5411 1923 5457 et
1944 5408 2101 5460 extra
2130 5397 2563 5463 advenientium,
2591 5398 2647 5447 ei
2675 5392 3113 5477 circumquaque
3151 5397 3483 5467 degentium,

167 5487 236 5541 sit
265 5487 366 5541 illis
388 5487 575 5543 durum
599 5484 889 5543 servitium
913 5485 1189 5556 imponere
1213 5526 1229 5555 ,
1254 5503 1429 5560 neque
1459 5492 1756 5564 longissimi
1791 5484 1842 5545 D
1870 5493 2217 5567 aliquatenus
2242 5489 2385 5545 mala
2426 5493 2541 5549 illis
2581 5481 2787 5543 inferre
2832 5497 3145 5565 praesumat,
3191 5498 3246 5544 et
3284 5488 3491 5556 absque

169 5579 374 5635 itineris
432 5580 823 5652 profectionem
873 5596 888 5646 ;
951 5582 1044 5636 sed
1105 5596 1281 5653 neque
1339 5588 1760 5645 mansionaticos

167 5684 440 5735 onerosos,
470 5688 645 5745 neque
683 5685 925 5737 censum,
954 5681 1148 5743 praeter
1183 5673 1235 5727 id
1274 5675 1416 5742 quod
1448 5677 1758 5747 impositum

168 5772 249 5806 est
299 5764 351 5799 in
387 5763 681 5806 indicimus
724 5764 965 5806 παρήξειιί
1005 5766 1174 5806 canori
1212 5765 1498 5806 'I‘hnndm-ii
1547 5770 1598 5806 in
1649 5772 1755 5806 Ωηο

1870 5586 1993 5661 lese
2024 5590 2343 5657 inquietare.
2395 5597 2452 5644 et
2495 5576 2724 5640 mobilia
2762 5593 2821 5640 et
2866 5582 3157 5646 immobilia
3182 5594 3487 5649 usurpare:

1870 5682 1970 5735 sed
2030 5694 2198 5750 neque
2241 5677 2552 5737 servientes
2601 5669 2823 5714 “"“mm
2886 5686 2916 5720 μ’
2987 5692 2993 5693 ί
3285 5671 3292 5674 ’
