3930 5572
485 290 593 372 859

1862 296 2164 357 FORMOSI
2203 294 2405 353 PAPE

3658 283 3755 338 διο

480 444 819 503 permanere,
868 431 1155 502 apostolica
1180 426 1514 501 profectione
1542 430 1687 477 tutos
1711 426 1872 489 atque
1901 414 2072 471 muni-
2099 418 2148 478 Α
2175 421 2437 483 perpetuo
2464 418 2707 484 tempore
2752 410 3105 470 immutabilis
3139 411 3481 482 permaneat.
3538 402 3669 458 Cum
3705 401 3763 455 iis

484 534 587 589 tos,
637 539 760 580 cum
800 524 1050 579 omnibus
1094 522 1255 578 rebus
1301 515 1664 574 immobilibus
1700 519 1754 567 ct
1793 507 2080 564 mobilibus

403 670 420 684 ,
483 617 550 671 ad
588 616 764 686 ipsum
808 615 1113 672 venerabile
1151 610 1535 669 monasterium
1570 604 1984 679 pertinentilms.
2020 600 2077 655 Si

482 708 605 778 quis
662 716 864 772 autem,
912 706 1053 776 quod
1100 720 1207 760 non
1259 713 1540 775 optamus,
1598 696 1890 753 temerario
1944 707 2076 748 ausu

483 806 669 854 contra
693 798 795 852 hoc
820 796 1081 869 privilegii
1106 795 1275 851 nostri
1304 800 1562 849 statutum
1589 787 1753 861 (quod
1775 788 1841 841 ad
1864 785 2076 840 laudem

481 890 576 945 Dei
629 889 1047 961 omnipotentis,
1086 897 1143 944 et
1184 886 1422 956 ejusdem
1466 883 1538 953 pii
1580 881 1683 937 loci
1731 879 2078 936 stabilitatem

482 982 596 1039 ﬁeri
625 982 983 1052 decrevimus)
1028 982 1080 1037 in
1123 990 1234 1037 toto
1262 987 1318 1035 et
1346 994 1411 1033 ex
1455 984 1609 1048 parte
1643 989 1803 1044 agere
1822 986 2081 1044 praesum-

479 1073 671 1145 pserit,
721 1081 777 1128 et
823 1073 875 1127 in
937 1072 1188 1127 omnibus
1233 1084 1337 1124 non
1386 1064 1794 1129 observaverit,
1842 1062 1977 1117 sciat
2020 1075 2080 1114 se

480 1165 802 1222 auctoritate
831 1164 973 1220 beati
1005 1165 1146 1219 Petri
1175 1160 1399 1233 apostoli
1440 1168 1602 1230 atque
1642 1165 1827 1213 nostra
1857 1156 2081 1209 anathe-

480 1258 642 1314 matis
685 1256 917 1312 vinculis
971 1254 1375 1319 innodandum,
1427 1260 1481 1305 et
1529 1266 1559 1304 a
1612 1262 1775 1319 regno
1825 1247 1940 1313 Dei,
1974 1244 2076 1299 nisi

480 1351 791 1422 resipuerit,
819 1348 1161 1404 alienandum
1190 1365 1203 1400 :
1244 1346 1335 1416 qui
1356 1345 1559 1399 'autem
1592 1356 1753 1395 verus
1797 1348 1981 1394 custos
2025 1344 2081 1391 et

480 1446 800 1501 observator
842 1441 1153 1506 exstiterit,
1188 1436 1621 1495 benedictionem
1669 1440 1722 1487 et
1770 1432 1996 1502 gratiam
2048 1446 2079 1484 a

484 1535 718 1591 Domino
754 1533 1009 1603 consequi
1051 1539 1344 1586 mereatur.

555 1627 829 1697 Scriptum
859 1640 958 1695 per
987 1640 1205 1680 manum
1235 1621 1507 1678 Anastasii
1539 1619 1808 1676 scriniarii
1838 1619 1896 1674 S.
1921 1618 1988 1673 Β.
2015 1618 2076 1673 Ε.

482 1721 539 1777 in
584 1733 771 1775 mense
812 1717 1160 1782 Novembrio,
1192 1714 1485 1771 indictione
1521 1713 1605 1768 10.
1640 1712 1787 1767 Bene
1811 1710 2008 1767 valete.

554 1814 686 1869 Data
717 1825 790 1865 vn
817 1809 937 1864 Kal.
967 1807 1279 1863 Decembris
1307 1821 1404 1876 per
1427 1820 1645 1859 manum
1684 1803 1856 1874 Sergii
1895 1802 2080 1873 primi-
2109 1809 2158 1868 Β

482 1903 636 1968 cerii,
663 1900 963 1957 defensoris
998 1906 1203 1953 sanetze
1232 1896 1376 1951 sedis
1406 1894 1711 1966 apostolicm
1733 1934 1747 1961 ,
1783 1894 2082 1965 imperante

486 1996 687 2051 donmo
723 1991 965 2063 piissimo
993 1989 1097 2045 PP.
1121 1989 1363 2060 Augusto
1390 1987 1597 2043 Vidone
1624 2002 1653 2041 a
1685 1987 1794 2042 Deo
1823 1993 2082 2043 coronato

482 2104 680 2161 magno
710 2088 1038 2158 imperatore
1076 2099 1219 2140 anno
1243 2083 1295 2151 1,
1326 2092 1382 2137 et
1421 2088 1544 2152 post
1589 2080 1929 2139 consulatum
1966 2079 2082 2150 ejus
2162 2135 2171 2141 ,

482 2197 624 2239 anno
647 2181 699 2248 1,
724 2177 1018 2235 indictione
1044 2175 1133 2232 10.

483 2443 552 2486 ΑΒ
608 2441 906 2484 ετῑιιΔΝυιι
970 2438 1343 2481 ΝεοϐίΕΒΑΙὶΕᾸΞ
1410 2437 1718 2480 Ευιιιιιιλειλε
1786 2435 2083 2478 ΡΠΟΥΙΝΟΙΑΕ

1124 2512 1433 2552 Ειιιεοοινυιι.

1102 2587 1276 2659 (Αηηο
1331 2586 1480 2657 892.)

485 2702 775 2778 Respondet
803 2702 992 2778 litteris
1027 2718 1058 2755 a
1091 2699 1330 2770 Styliano
1361 2700 1431 2778 ad
1456 2698 1776 2778 Stephanum
1813 2715 2006 2770 papam
2049 2694 2087 2750 V

809 2775 1009 2840 missis,
1034 2788 1165 2843 quas
1191 2788 1348 2841 supra
1375 2771 1790 2841 descripsimus.~

558 2892 795 2947 Litteras
844 2887 1150 2943 sanctitatis
1214 2895 1317 2941 tua:
1376 2886 1443 2941 ad
1497 2884 1848 2956 apostolicam
1908 2884 2089 2940 sedem

483 2985 704 3049 missas,
767 2991 875 3038 etc.
916 2980 1028 3053 (Ita
1074 2979 1348 3034 decurtata
1395 2978 1451 3033 in
1491 2978 1667 3032 codice
1721 2977 1997 3042 habentur,
2040 2983 2090 3030 et

483 3086 598 3151 post
635 3074 803 3130 multa
833 3074 1095 3129 brevitatis
1140 3089 1302 3127 causa
1347 3071 1538 3127 omissa
1585 3072 1695 3127 lucc
1737 3080 2022 3143 sequuntur
2050 3067 2089 3142 :)

2184 517 2314 557 vero
2363 503 2455 572 qui
2506 519 2535 558 a
2589 502 2782 561 Photio
2829 505 3046 560 fuerunt
3080 498 3315 557 ordinati
3356 493 3765 551 misericorditer

2184 609 2283 648 nos
2318 601 2587 663 gerentes,
2619 593 2962 650 decernimus
2984 602 3045 647 ut
3067 591 3265 648 oblatis
3293 586 3494 643 libellis
3545 600 3604 641 se
3644 584 3765 640 deli-

2182 687 2365 757 quisse
2415 687 2710 753 fateantur,
2748 696 2805 743 et
2831 687 3207 758 paenitentiam
3237 682 3463 737 veniam
3487 679 3766 749 deprecen-

2182 788 2291 844 tur,
2322 780 2638 850 pollicentes
2676 794 2735 835 se
2774 795 3048 851 nunquam
3079 778 3189 834 tale
3215 777 3347 847 quid
3374 774 3763 831 commissuros.

2184 872 2388 927 Deinde
2436 873 2520 928 his
2562 873 2800 942 peractis
2825 914 2840 939 ,
2887 887 3007 942 qua:
3050 878 3354 941 sequuntur
3397 865 3616 929 omnia,
3664 880 3769 933 qua:

2183 962 2388 1017 nostris
2440 961 2636 1017 litteris
2684 962 2945 1018 mandata
2989 960 3443 1032 conspiciuntur,
3493 970 3611 1031 una
3660 970 3769 1010 cum

2182 1052 2457 1123 praedictis
2507 1054 2637 1108 viris
2684 1054 2946 1109 sanctitas
2988 1062 3079 1108 tua
3132 1059 3382 1122 peragat,
3436 1062 3541 1102 nec
3586 1045 3769 1118 aliquid

2184 1144 2429 1198 addendo
2461 1182 2478 1209 ,
2539 1158 2642 1199 nec
2692 1143 3043 1200 diminuendo
3094 1151 3188 1197 aut
3242 1137 3653 1196 commutando.
3700 1135 3769 1191 Ita

2183 1239 2325 1292 enim
2350 1246 2404 1293 et
2428 1254 2458 1292 a
2485 1238 2663 1301 nobis,
2686 1248 2741 1293 et
2765 1254 2795 1293 a
2824 1238 3123 1293 reverentia
3150 1246 3239 1291 tua
3263 1236 3318 1290 in
3342 1233 3768 1290 communionem

2183 1328 2423 1383 ﬁdelium
2458 1330 2688 1400 receptis
2713 1337 2770 1384 ut
2801 1328 2973 1391 laicis,
3009 1326 3321 1384 scandalum
3356 1323 3646 1380 delebitur.
3685 1320 3770 1376 llis

2183 1434 2312 1475 vero
2339 1422 2592 1491 peractis,
2629 1422 2673 1477 si
2704 1421 2826 1491 quis
2856 1421 3094 1492 ipsorum
3130 1417 3548 1473 communicare
3590 1427 3769 1467 renue-

2182 1513 2273 1579 rit,
2303 1515 2514 1570 noverit
2544 1515 2781 1584 seipsum
2824 1531 2853 1569 a
2882 1512 3265 1571 communione
3311 1518 3508 1566 nostra
3551 1507 3767 1564 alienum

2182 1601 2319 1661 fore.
2372 1604 2431 1661 In
2459 1605 2692 1663 Domino
2721 1605 2918 1663 valete.

2933 1739 3019 1795 lll.

2197 1952 2211 1967 ι
2289 1890 2357 1930 Δί)
2396 1887 2748 1937 ΠΕΜΜΝΝΗΙ
2785 1886 3146 1930 COLONIENSEI
3181 1881 3671 1926 ABCHIEPISCOPUI.

2797 1988 2978 2060 (Anno
3024 1986 3173 2061 892.)

2288 2119 2694 2194 [Lappenberg,
2729 2117 2780 2173 Η
2785 2117 3171 2190 amburgiscltes
3201 2112 3676 2187 Urkundenbuclt.]

2259 2256 2544 2313 Fonuosus
2576 2257 2885 2328 episcopus,
2928 2270 3117 2310 servus
3147 2267 3436 2310 servorum
3483 2251 3595 2313 Dei,
3625 2263 3765 2304 reve-

2183 2347 2504 2415 rentissimo
2548 2357 2605 2404 et
2665 2347 3012 2405 sanctissimo
3074 2346 3422 2413 HEBIIANNO,
3478 2342 3769 2415 Agrippina

2187 2441 2423 2497 Coloniae
2449 2440 2877 2511 archiepiscopo.

2259 2533 2496 2591 Litteras
2529 2544 2658 2591 tuast
2692 2535 3010 2606 apostolatui
3060 2543 3246 2591 nostro
3295 2532 3574 2604 delegatas
3596 2544 3765 2586 coram

2190 2626 2345 2682 nobis
2388 2626 2607 2681 recitari
2647 2625 2895 2693 fecimus,
2924 2627 2977 2680 in
3003 2626 3199 2697 quibus
3225 2624 3610 2680 continebatur
3640 2620 3767 2689 quod

2190 2721 2292 2791 pia:
2322 2719 2711 2776 recordationis
2740 2719 2849 2776 Leo
2876 2732 3037 2791 papa,
3067 2721 3323 2776 decessor
3367 2718 3639 2787 quondam
3684 2728 3768 2768 no-

2192 2825 2322 2885 ster,
2357 2818 2690 2889 temporibus
2738 2817 2915 2874 Caroli
2969 2816 3144 2890 Magni
3202 2815 3560 2885 imperatoris
3610 2825 3769 2882 para:-

2193 2910 2362 2975 chias,
2415 2911 2765 2975 monasteria,
2809 2909 3072 2966 ecclesias
3123 2916 3178 2964 et
3207 2906 3449 2963 familias
3491 2918 3769 2972 omnesque

2195 3005 2284 3059 i‘es
2311 3004 2619 3075 Agrippinae
2660 3002 2898 3059 Coloniae
2941 3009 3317 3073 competentes
3356 2999 3582 3068 pr0pria
3612 3006 3773 3051 aucto-

2197 3097 2356 3152 ritate
2390 3096 2759 3166 inscriptionis
2810 3094 3148 3151 roboraverit
3190 3102 3245 3147 et
3293 3093 3364 3146 ab
3405 3091 3500 3146 illo
3553 3100 3771 3158 tempore

489 3170 642 3227 Ρθίίθ
694 3166 1142 3231 misericm‘mm’
1189 3174 1243 3221 et
1288 3180 1395 3219 ⁸¹⁰¹¹
1453 3165 1648 3221 scribis
1692 3166 1962 3236 quomOdo
2016 3165 2501 3246 Si"C'JBtremcnsis
2558 3165 2714 3246 sedes
2773 3188 2945 3244 eidem
3006 3186 3261 3242 Ecclesiae
3314 3184 3565 3254 subjecta
3628 3181 3772 3236 fuerit

485 3259 816 3325 exhibenda,
867 3272 1042 3329 neque
1085 3257 1195 3322 cui,
1239 3255 1485 3313 saeculari
1520 3257 1768 3312 videlicet
1793 3257 1878 3313 vel
1905 3271 2088 3312 sacer-

486 3354 619 3410 doti.
676 3352 735 3408 Si
787 3351 932 3407 enim
979 3349 1295 3406 saecularem
1345 3349 1583 3416 dixeris,
1624 3351 1781 3405 venia
1817 3352 2011 3421 dignus
2040 3352 2089 3408 is

485 3448 612 3511 erit,
673 3454 933 3516 tanquam
992 3460 1023 3499 a
1079 3443 1323 3500 sazculari
1378 3443 1697 3514 dignitatem
1750 3445 2087 3515 adeptuszsi

485 3556 618 3596 vero
660 3539 999 3595 sacerdotem
1041 3536 1211 3602 dicas,
1257 3550 1363 3592 non
1408 3536 1633 3591 adhibes
1679 3545 1916 3591 mentem
1945 3536 2088 3607 quod

489 3634 801 3703 dignitatem
835 3631 1077 3701 praebere
1116 3644 1222 3683 non
1269 3628 1442 3699 potuit
1484 3628 1575 3697 qui
1614 3628 1927 3699 dignitatem
1983 3644 2088 3683 non

487 3727 740 3784 habebat.
800 3723 945 3778 Nihil
973 3723 1149 3793 potuit
1182 3722 1407 3777 Photius
1448 3731 1646 3792 praeter
1688 3723 2089 3779 damnationem

491 3834 652 3890 quam
690 3817 897 3881 habuit,
929 3830 1028 3885 per
1062 3814 1463 3884 impositionem
1498 3815 1729 3885 obliqua:
1775 3833 1989 3885 manus,
2037 3827 2093 3873 et

492 3910 899 3966 damnationem
938 3909 1185 3981 praebuit.
1245 3911 1524 3978 Quomodo
1555 3912 1870 3983 dignitatem
1917 3915 2095 3982 potuit

494 4005 741 4073 accipere
802 4003 897 4071 qui
955 4002 1231 4071 particeps
1303 4002 1479 4057 factus
1525 4011 1610 4056 est
1667 4005 2094 4059 condemnato?

494 4094 759 4164 Quoniam
796 4108 895 4164 pro
921 4092 1171 4147 ordinato
1196 4092 1626 4148 misericordiam
1661 4094 1907 4150 obtinere
1932 4096 2093 4166 petis,

496 4188 867 4242 animadverte
910 4184 1053 4256 quod
1100 4186 1469 4241 ordinatorem
1520 4187 1699 4256 potius
1738 4187 1905 4254 foves,
1938 4187 2095 4257 juxta

494 4281 710 4337 Domini
740 4296 953 4336 sacrum
983 4280 1258 4350 eloquium
1286 4298 1297 4335 :
1334 4278 1427 4333 Vel
1459 4281 1614 4350 facile
1639 4284 1876 4338 arborem
1905 4284 2093 4339 bonam

496 4385 542 4430 et
572 4374 772 4430 fructus
798 4373 911 4443 ejus
937 4373 1095 4427 bonos
1121 4388 1141 4428 :
1168 4372 1249 4427 vel
1290 4373 1449 4442 facile
1496 4374 1733 4429 arborem
1780 4376 2000 4441 malam,
2047 4388 2094 4432 et

496 4466 701 4539 [ructus
725 4466 837 4537 ejus
866 4464 1053 4520 malos.
1120 4464 1375 4536 Nunquid
1414 4475 1579 4536 potest
1613 4467 1747 4536 ﬁcus
1778 4484 1931 4522 uvam
1970 4485 2094 4539 pro-

2190 3298 2362 3353 usque
2407 3283 2475 3336 ad
2508 3292 2720 3352 tempus
2761 3279 3068 3336 Guntharii.
3112 3276 3435 3332 Audivimus
3468 3276 3707 3346 equidem
3728 3282 3774 3327 et

2192 3375 2464 3431 credimus
2500 3374 2699 3439 fuisse;
2750 3374 2844 3429 sed
2894 3372 3062 3427 relatu
3107 3370 3477 3441 quorumdam
3509 3368 3773 3424 didicimus

2192 3483 2309 3524 eam
2342 3468 2396 3522 in
2428 3467 2635 3521 ultimis
2679 3466 2900 3532 ﬁnibus,
2956 3464 3047 3519 ubi
3097 3464 3297 3534 pagani
3328 3462 3580 3517 conﬁnes
3626 3469 3772 3520 sunt,

2192 3577 2350 3629 esse;
2398 3576 2586 3615 verum
2618 3561 2902 3624 asscritur,
2933 3567 3202 3628 quatenus
3228 3556 3523 3612 Guntharii
3558 3565 3776 3625 tempore

2192 3654 2497 3710 Ludovicus
2541 3657 2814 3723 quondam
2858 3666 2954 3706 rex
2985 3659 3175 3705 sancto
3216 3649 3425 3715 studio,
3471 3647 3777 3703 reverentis-

2194 3747 2454 3803 simortnn
2499 3745 3059 3815 archiepiscoporum,
3105 3741 3358 3797 consultu
3406 3756 3502 3796 seu
3548 3749 3603 3793 et
3636 3738 3775 3793 nobi-

2194 3840 2323 3896 lium
2356 3842 2672 3910 optimatum
2705 3837 2997 3909 apostolico
3030 3830 3329 3899 "consensu,
3372 3835 3507 3889 inibi
3543 3834 3778 3889 decreve-

2196 3935 2268 3989 rit
2295 3934 2577 3988 instituerc
2600 3930 2883 4001 praelatum
2913 3929 3029 3999 qui,
3056 3928 3155 3983 sibi
3188 3926 3394 3982 Christi
3420 3927 3633 3981 favente
3660 3938 3777 3993 gra-

2200 4026 2295 4089 tia,
2326 4026 2549 4079 verbum
2585 4022 2705 4077 ﬁdei
2733 4022 3030 4077 seminaret
3058 4021 3109 4074 in
3137 4019 3411 4090 gentibus,
3449 4034 3569 4087 qua:
3590 4016 3777 4070 nullam

2199 4117 2368 4187 ipsius
2397 4115 2671 4169 habebant
2697 4112 2966 4167 notitiam.
3016 4111 3081 4164 Et
3114 4112 3282 4165 misso
3309 4110 3618 4171 Salomone,
3640 4122 3777 4161 reve-

2199 4208 2509 4263 rentissimo
2552 4205 2880 4261 Constantizc
2908 4204 3176 4275 episcopo,
3225 4204 3487 4272 expetivit
3526 4219 3557 4256 ει
3593 4209 3777 4256 sancta:

2197 4296 2592 4353 recordationis
2631 4297 2827 4350 domno
2856 4293 3095 4358 Nieolao,
3125 4294 3415 4350 decessore
3459 4304 3658 4357 nostro,
3688 4294 3781 4348 bu-

2193 4390 2429 4464 jusmodi
2467 4398 2711 4445 sanctum
2740 4396 2794 4443 et
2826 4375 2935 4442 Deo
2960 4388 3181 4458 dignum
3212 4388 3463 4442 roborari
3498 4388 3776 4447 decretura,

2203 4492 2468 4555 quatenus
2523 4490 2711 4553 gentes
2757 4496 2875 4552 qua:
2934 4479 3257 4549 ignorabant
3302 4478 3500 4543 Deum,
3550 4478 3779 4533 doctrina

499 4559 707 4621 ducere,
730 4556 806 4611 uel
831 4558 948 4611 vitis
977 4557 1107 4626 ﬁcus
1132 4557 1155 4610 ?
1182 4556 1398 4628 (Matth.
1436 4558 1599 4628 χχιι.)
1656 4558 1953 4629 Oportebat
1998 4561 2088 4631 igi-

2202 4541 2512 4631 Dremensis
2524 4541 2811 4637 ‘i-chlesiai,
2846 4587 2965 4641 quae
2989 4571 3043 4625 in
3067 4569 3329 4625 afﬁnitate
3352 4541 3532 4640 pnsita
3554 4570 3777 4640 neglecta

499 4661 590 4707 tur
630 4652 787 4706 istam
830 4650 1149 4717 Ecclesium,
1197 4650 1248 4706 iu
1298 4666 1402 4721 qua
1448 4650 1572 4704 talia
1623 4651 2098 4722 deprehenduntur

503 4743 666 4808 facta,
697 4742 1044 4814 gravissimas
1075 4742 1203 4796 dare
1239 4756 1452 4811 ptrnas,
1481 4749 1542 4795 ut
1571 4740 1876 4811 hujusmodi
1920 4745 2096 4814 pinnis

500 4846 681 4891 vestra
737 4834 975 4889 Ecclesia
1033 4842 1375 4904 purgaretur.
1440 4832 1694 4890 Continet
1758 4845 1938 4890 autem
1998 4852 2097 4892 nos

502 4926 808 4997 benignitas
838 4935 893 4980 et
919 4923 1145 4978 fratrum
1179 4924 1414 4989 dilectio,
1448 4940 1569 4995 qua:
1608 4925 1763 4980 nobis
1807 4928 2097 4996 persuadet

430 5014 436 5021 ’
504 5027 565 5072 ut
605 5017 709 5071 alia
754 5015 973 5085 quidem
1018 5013 1329 5068 toleremus.
1381 5015 1726 5086 Quapropter
1775 5017 2025 5074 misimus
2068 5036 2100 5077 θ

509 5111 680 5165 latere
731 5117 921 5162 nostro
972 5106 1410 5175 religiosissimos
1458 5109 1739 5179 episcopos
1800 5110 2103 5169 Laudcnul-

513 5202 623 5256 fum
652 5200 990 5267 Capuanum,
1020 5207 1074 5252 et
1100 5198 1424 5262 Romanum,
1483 5202 1803 5270 quibuscum
1845 5206 2107 5261 sanctita-

516 5303 625 5347 tcm
652 5292 816 5344 etiam
844 5299 985 5341 tuam
1028 5290 1306 5344 hortamur
1335 5292 1649 5360 convenire,
1693 5311 1900 5353 necnon
1935 5300 2108 5357 Theo-

2200 4668 2472 4723 interdum
2522 4667 2791 4729 tabuerat,
2829 4666 2895 4718 ad
2948 4671 3194 4718 sanctum
3235 4678 3376 4734 opus
3420 4662 3779 4735 expergefacta

2202 4766 2513 4830 assurgeret
2554 4766 2608 4811 et
2641 4756 2869 4825 segnitie
2908 4755 3149 4824 deposita
3179 4756 3247 4810 ad
3278 4755 3659 4825 agriculturam
3701 4769 3781 4807 ac-

2200 4852 2509 4922 cingeretur
2542 4848 2755 4903 Domini
2803 4845 3121 4912 Salvatoris,
3169 4861 3235 4902 ac
3283 4847 3599 4918 exstirpatis
3626 4845 3783 4899 idolo-

2199 4941 2373 4995 latrire
2417 4940 2660 4994 sentibus
2687 4940 3038 4993 seminarium
3077 4948 3382 5009 spargeret,
3430 4941 3573 4995 unde
3608 4938 3771 4993 multi-

2204 5029 2325 5100 plex
2355 5028 2564 5083 fructus
2601 5028 2666 5081 ad
2694 5028 2872 5082 divina
2915 5030 3108 5083 horrea
3150 5030 3487 5098 perveniret.
3521 5028 3782 5084 Pnelerito

2208 5130 2385 5175 autem
2418 5135 2581 5185 anno,
2627 5134 2748 5174 cum
2789 5120 2983 5175 exinde
3015 5120 3377 5175 ventilaretur
3402 5123 3630 5191 quaestio
3654 5120 3783 5173 inter

2210 5211 2418 5283 legatos
2447 5212 2539 5266 tibi
2575 5212 2881 5268 commissae
2911 5213 3166 5269 Ecclesiae
3212 5228 3429 5269 necnon
3466 5223 3521 5269 et
3552 5214 3782 5267 Bremeno

2213 5319 2326 5358 sem
2378 5304 2696 5368 antistitem,
2741 5305 2866 5374 quia
2921 5321 3008 5360 res
3046 5305 3096 5359 in
3136 5305 3394 5377 ambiguo
3439 5317 3560 5361 erat
3604 5304 3780 5375 posita,

2473 5395 2485 5402 .
2530 5394 2572 5402 ιη
2619 5395 2630 5402 -
2669 5396 2681 5404 -
2882 5396 2894 5408 -
2932 5397 2944 5408 -
3006 5396 3041 5412 ⁸·
3102 5395 3265 5423 "aL-'-
3302 5397 3383 5432 *εἴ
3422 5398 3594 5450 mli:
3613 5398 3783 5450 (κεῖθ’
