4026 6296
249 435 354 494 διε
1423 441 1782 504 EPISTOLAZ
1823 449 1908 504 ET
1951 435 2358 514 eumtanti.
3429 429 3533 532 sis

249 556 692 620 perscrutaretur
717 560 772 608 et
808 552 888 610 sic
925 555 1140 612 demum
1181 570 1304 612 cum
1335 556 1528 630 legalis
1560 561 1628 616 ab
1656 576 1843 616 eorum
1873 562 1921 624 Α
1953 546 2310 634 ιεοῐιοιιιὶιηυέ,
2333 570 2759 642 confirmamus,
2789 584 2844 630 et
2872 576 2922 632 in
2968 589 3282 650 perpetuum
3325 589 3535 645 stabili—

250 639 480 710 collegio
517 655 616 696 seu
647 643 887 712 quolibet
939 647 1196 718 episcopo
1244 648 1462 720 utrique
1507 650 1575 705 ad
1626 659 1844 722 aposto-
1949 669 2070 712 mus
2099 656 2152 712 in
2183 674 2283 715 usu
2318 639 2374 716 et
2401 662 2633 720 utilitate
2661 639 2900 734 ejusdem
2934 639 3190 729 Ecclesiae
3217 639 3534 737 Gerunden-

249 731 412 788 licam
441 733 726 790 venissetis
770 737 1212 794 deliberationem
1260 741 1691 813 percipiendam.
1737 743 1844 800 Au-

247 825 372 880 dire
399 825 600 896 quippe
647 835 702 881 et
735 827 1038 894 discutere,
1077 845 1185 886 non
1218 845 1350 888 vero
1396 829 1625 890 deﬁnire
1669 833 1845 904 injun-

244 920 397 973 Clum
426 921 530 972 est.
561 916 796 989 Ideoque
822 919 875 975 id
903 920 1084 992 ipsum
1135 931 1198 977 ut
1235 923 1349 989 fiat,
1381 921 1762 997 exspectamus
1789 935 1844 984 et

245 1007 582 1080 injungimus
606 1013 859 1068 condicto
907 1022 1172 1086 tempore,
1218 1033 1408 1076 mense
1435 1020 1690 1077 videlicet
1732 1022 1843 1076 Att-

241 1107 430 1170 gusto,
473 1102 761 1172 praesentis
804 1102 1032 1162 decima:
1078 1107 1410 1167 indictionis.
1455 1102 1663 1168 Rerera
1713 1121 1842 1168 tunc

241 1193 473 1250 liberius
522 1195 748 1251 delinire
809 1199 1037 1268 poterit,
1087 1202 1212 1270 quia
1269 1203 1532 1259 attentius
1583 1205 1838 1261 ventilata

240 1285 478 1354 qumslio
519 1285 572 1341 in
613 1287 884 1358 potiorem
912 1291 1162 1347 veritatis
1197 1293 1370 1350 lucem
1398 1307 1669 1367 erumpet,
1694 1297 1840 1355 beati

239 1373 346 1430 Job
382 1376 649 1447 exemplo,
701 1379 794 1450 qui
838 1381 956 1436 ait:
1011 1380 1263 1448 Causam,
1309 1401 1466 1456 quam
1519 1388 1836 1457 nesciebam,

239 1463 646 1534 diligentissime
693 1469 1071 1541 inuestigabam
1114 1472 1239 1545 (Job
1292 1491 1446 1541 XXIX,
1491 1475 1604 1546 16).
1651 1476 1838 1535 Enim-

238 1569 373 1611 vero
402 1557 772 1629 hujuscemodi
802 1564 1126 1636 disceptatio
1170 1582 1277 1623 non
1325 1553 1625 1628 secundum
1665 1573 1838 1643 cujus-

239 1646 376 1703 libet
417 1648 650 1717 libitum,
697 1654 793 1709 sed
823 1655 932 1711 Deo
978 1657 1175 1727 placite
1204 1659 1511 1718 definienda
1538 1674 1640 1720 est.
1671 1665 1837 1737 Opta-

242 1755 367 1795 mus
407 1745 726 1802 reverentia:
752 1755 855 1801 tum
899 1749 1316 1807 sanctimoniam
1349 1753 1489 1809 bene
1535 1755 1587 1810 in
1615 1755 1836 1815 Christo

236 1829 446 1887 valere.

982 1909 1073 1966 IV.

511 2033 538 2060 ι
569 2037 733 2076 sucu
769 2038 868 2079 rao
897 2023 1147 2080 schc'su
1182 2039 1536 2085 csuuxuexsx.

811 2133 834 2205 (
862 2134 1019 2190 Anno
1063 2135 1190 2192 892.
1218 2136 1238 2208 )

263 2227 266 2230 ’
309 2237 601 2298 Formosus
631 2234 1142 2314 episcopus,servus
1157 2262 1438 2305 servorum
1457 2249 1574 2318 Dei,
1594 2251 1662 2309 R.
1693 2254 1826 2310 etS.

236 2329 534 2390 Servo-Dei
566 2346 767 2393 sancta:
798 2336 1169 2395 Gcrundensis
1195 2339 1449 2398 Ecclesiae
1474 2343 1754 2416 episcopo,
1776 2356 1832 2403 et

236 2440 340 2496 per
367 2435 420 2482 te
449 2426 504 2481 in
531 2427 720 2484 eadem
751 2431 1055 2486 venerabili
1087 2431 1329 2488 Ecclesia
1361 2434 1414 2488 in
1445 2445 1790 2507 perpetuum.

313 2513 471 2570 Sicut
510 2531 610 2586 per
649 2516 849 2573 donum
893 2521 1066 2576 sancti
1101 2519 1336 2590 Spiritus
1366 2521 1528 2578 beato
1558 2510 1828 2596 apostolo-

238 2621 363 2682 rum
393 2608 813 2691 principiPetro
837 2620 893 2667 et
918 2611 1124 2668 caelesti
1156 2609 1306 2682 reg'ni
1331 2613 1600 2686 clavigero
1625 2617 1827 2691 ligandi

235 2705 409 2765 atque
445 2689 690 2755 solvendi
723 2700 792 2782 ab
822 2701 940 2773 ipso
967 2703 1197 2782 Domino
1227 2705 1428 2760 tradita
1466 2717 1551 2762 est
1581 2689 1828 2782 potestas

232 2786 548 2858 evangelica
569 2829 586 2853 ,
613 2777 978 2862 subsequente
995 2777 1236 2850 lectione
1263 2810 1384 2865 quae
1423 2797 1502 2852 ita
1541 2777 1682 2856 inter
1723 2816 1829 2857 ca:-

238 2887 355 2934 tera
398 2878 474 2934 ait
511 2879 630 2934 :Tu
671 2898 724 2936 es
766 2871 956 2938 Petrus
994 2893 1042 2939 et
1079 2901 1234 2953 super
1269 2886 1406 2959 hanc
1435 2898 1634 2959 petram
1663 2891 1828 2962 redi/i-

234 2971 366 3026 cabo
391 2971 680 3028 Ecclesiam
704 2991 872 3030 meam
897 2975 1120 3047 (Matth.
1149 2978 1277 3050 xvi)
1301 3019 1317 3045 ,
1341 2989 1395 3036 et
1424 2981 1652 3052 reliqua,
1681 2993 1821 3052 etc.;

233 3061 314 3115 ita
343 3062 502 3118 sedes
542 3065 838 3134 apostolica
861 3106 877 3132 ,
909 3053 1171 3124 canonica
1201 3068 1467 3144 legalique
1497 3076 1824 3133 auctoritate

231 3155 486 3221 suffulta,
527 3158 779 3214 omnibus
820 3149 1080 3217 Ecclesiis
1119 3161 1213 3217 Dei
1255 3179 1352 3234 per
1390 3166 1704 3223 universum
1733 3184 1824 3224 or-

1947 747 2057 814 sis,
2087 751 2172 806 cui
2205 767 2436 838 praeesse
2467 755 2831 842 dignosceris,
2874 761 2925 814 id
2963 772 3046 818 est
3082 779 3271 822 omnes
3306 769 3527 854 domos,

1946 841 2146 906 cellas,
2181 845 2473 913 ecclesias,
2514 849 2698 917 villas,
2729 860 2940 919 curtes,
2973 859 3291 928 parochias,
3322 841 3529 932 terras,

1947 931 2154 999 vineas,
2182 945 2369 1006 prata,
2401 939 2736 1006 silvas,»una
2761 957 2884 997 cum
2913 943 3158 1014 famulis,
3189 958 3243 1004 et
3275 952 3376 1006 alia
3415 931 3529 1010 om;

1945 1022 2036 1077 nia
2085 1039 2205 1094 qua:
2244 1026 2314 1082 ab
2363 1027 2815 1100 imperatoribus,
2855 1036 3071 1106 regibus
3109 1049 3162 1093 et
3200 1039 3321 1097 aliis
3359 1033 3530 1100 Deum

1944 1113 2264 1172 timentibus
2315 1117 2366 1172 in
2422 1121 2611 1176 eadem
2663 1117 2906 1180 Ecclesia
2956 1127 3150 1183 collata
3205 1141 3374 1200 sunt,
3432 1151 3530 1190 seu

1942 1206 2271 1264 conferenda
2297 1200 2488 1278 erunt,
2515 1215 2674 1270 simul
2703 1231 2824 1272 cum
2865 1217 3086 1275 ralicum
3109 1263 3124 1287 ,
3171 1238 3264 1277 seu
3305 1240 3532 1295 pascua-

1941 1298 2080 1351 rium
2121 1299 2222 1353 sub
2261 1307 2350 1354 tua
2382 1308 2705 1374 tuorumque
2734 1321 3109 1365 successorum
3139 1312 3339 1367 ditionc
3377 1323 3529 1384 pote-

1941 1395 2082 1443 state
2122 1389 2451 1446 omnimodis
2479 1393 2864 1451 conflrmamus
2889 1413 2903 1463 ;
2933 1408 3236 1454 statuentes
3263 1402 3363 1456 sub
3391 1417 3523 1472 apo»

1939 1477 2131 1534 stolica
2159 1493 2390 1535 censura
2417 1523 2432 1546 ,
2463 1497 2560 1537 seu
2592 1483 2758 1540 divini
2779 1484 2968 1553 judicii
3001 1493 3424 1559 protestationc,
3469 1503 3524 1547 et

1938 1568 2299 1624 anathematis
2329 1571 2628 1637 interdicti,
2663 1584 2721 1628 ut
2749 1576 2876 1630 nulli
2907 1593 3147 1647 unquam
3193 1595 3390 1651 magno
3434 1583 3518 1638 vel

1937 1674 2107 1732 parvo
2127 1661 2332 1717 homini
2355 1662 2515 1719 liceat
2540 1665 2837 1736 quamlibet
2864 1667 3078 1724 fortiam
3105 1670 3186 1725 vel
3210 1673 3522 1742 oppressio-

1934 1765 2060 1807 nem
2088 1752 2142 1807 in
2168 1755 2420 1810 omnibus
2449 1756 2614 1812 rebus
2640 1756 2756 1826 ejus
2799 1756 3009 1824 facere,
3060 1771 3154 1816 aut
3195 1771 3522 1833 potestatem

1935 1845 2170 1915 aliquam
2201 1845 2432 1911 habere,
2465 1847 2547 1902 vel
2578 1847 2813 1919 aliquam
2842 1851 3200 1924 distringere,
3233 1864 3326 1909 aut
3348 1857 3522 1926 quali-

1858 1925 1907 1986 B
1937 1945 2236 2026 tercunque
2265 1929 2535 1992 teloneum
2564 1939 2632 1994 ab
2661 1939 2742 1994 eis
2771 1941 2988 2012 exigere
3008 1985 3021 2009 ,
3055 1945 3168 1999 sive
3194 1985 3207 1998 .
3239 1984 3251 1998 .
3281 1985 3294 1999 .
3326 1985 3339 2000 .
3366 1925 3380 2001 ξ
3405 1949 3524 2002 ubi-

1938 2041 2150 2096 cunque
2177 2042 2272 2082 eos
2301 2043 2400 2098 pro
2429 2029 2760 2099 quibuslibet
2783 2034 2963 2088 causis
2989 2049 3289 2104 provocare
3315 2047 3529 2108 pragsu:

1939 2129 2079 2187 mat;
2130 2121 2224 2177 sed
2251 2136 2280 2176 a
2307 2122 2648 2192 providentia
2690 2124 2773 2180 sui
2815 2128 3054 2198 episc0pi
3102 2145 3262 2186 causa
3309 2125 3534 2186 illorum

1927 2194 2186 2268 audiatur
2233 2219 2288 2268 et
2339 2213 2600 2271 canonice
2649 2216 2986 2272 terminetur.
3039 2217 3095 2272 Si
3137 2221 3259 2291 quis
3303 2227 3537 2286 autem,‘

1932 2304 2072 2376 quod
2104 2320 2210 2360 non
2237 2313 2522 2376 optamus,
2566 2316 2756 2364 contra
2791 2310 2895 2365 hoc
2933 2311 3274 2384 privilegium
3306 2329 3334 2366 a
3366 2315 3518 2369 nobis

1929 2407 2192 2454 statutum
2223 2399 2515 2456 temerario
2541 2416 2673 2456 ausu
2703 2417 2866 2473 agere
2893 2405 3301 2476 prtesumpserit
3323 2447 3335 2471 ,
3383 2408 3523 2461 sciat

1930 2506 1990 2546 se
2020 2490 2380 2547 anathematis
2404 2491 2634 2548 vinculis
2663 2493 2977 2548 innodatum
2999 2537 3013 2559 ,
3054 2504 3108 2550 et
3146 2497 3248 2551 nisi
3288 2511 3347 2551 se
3380 2499 3520 2551 arri-

1929 2581 2111 2653 puerit
2135 2597 2165 2636 a
2195 2595 2254 2636 rc
2283 2621 2298 2637 .
2331 2623 2345 2637 .
2379 2623 2391 2635 .
2423 2622 2437 2636 .
2471 2621 2486 2637 .
2521 2624 2535 2638 .
2568 2623 2583 2637 .
2617 2623 2629 2636 .
2662 2625 2674 2637 .
2707 2623 2722 2638 .
2755 2583 2956 2640 Ctetera
2984 2585 3372 2640 desiderantur.

2001 2779 2430 2837 Λολωισλκιωι
2456 2798 2902 2840 Λιιεῐιιειιιδςοιδωι
2926 2802 3444 2844 ILHISZABL'IIGENSEM.
3533 2775 3536 2778 .

2531 2899 2550 2971 (
2575 2898 2733 2956 Anno
2760 2901 2884 2958 892.
2910 2904 2929 2974 )

1925 3010 2198 3072 Decernit,
2240 3021 2296 3067 ut
2345 3010 2848 3080 ﬂammaburgensis
2891 3015 3130 3073 Ecclesia
3173 3005 3550 3076 Brememem'

1992 3083 2378 3184 ad'subsidium
2407 3084 2625 3153 habeat,
2653 3071 2818 3141 donec
2848 3071 3536 3161 suﬂ'ragaueosinstituere‘

1996 3165 2186 3207 valeat.

229 3243 360 3300 bem
397 3244 604 3303 diﬂ‘usis
634 3247 890 3320 suﬂ'ragia
921 3260 976 3305 et
994 3249 1141 3319 justa
1173 3253 1550 3322 postulationis
1579 3245 1816 3314 subsidia

1998 3243 2313 3314 Foauosus,
2350 3261 2539 3326 servus
2573 3263 2854 3304 servorum
2893 3249 3018 3318 Dei,
3058 3253 3540 3328 reveremlissiino.‘

228 3346 297 3392 ut
346 3339 614 3409 praebeat,
669 3349 779 3397 tam
828 3343 995 3398 divini
1039 3360 1203 3415 quam
1239 3345 1458 3403 humani
1502 3349 1644 3416 juris
1680 3353 1820 3409 ratio

229 3429 496 3500 postulat.
524 3431 695 3502 Igitur
723 3433 949 3490 veniens
970 3475 985 3500 ,
1009 3435 1122 3512 jam
1155 3436 1295 3492 dicte
1324 3427 1617 3496 Serve-Dei
1657 3457 1819 3498 vene-

231 3521 425 3576 rabilis
449 3523 700 3594 episcope
723 3563 738 3588 ,
763 3513 933 3579 causa
961 3526 1224 3581 orationis
1249 3529 1314 3581 ad
1346 3517 1662 3585 earumdem
1689 3517 1816 3587 san--

228 3613 478 3668 ctissima
517 3615 800 3688 beatorum
847 3616 1210 3686 apostolorum
1263 3618 1446 3674 limina
1475 3660 1490 3686 ,
1543 3621 1818 3692 subjecisti

229 3705 393 3760 nobis
445 3715 714 3774 quatenus
769 3695 1078 3776 apostolicae
1128 3718 1329 3764 nostrze
1387 3710 1818 3769 confirmationis

229 3796 518 3868 privilegio
545 3797 871 3854 confirmare
900 3800 1220 3856 deberemus
1252 3817 1443 3857 omnes
1475 3818 1564 3858 res
1591 3805 1819 3862 mobiles

231 3877 477 3960 ejusdem
507 3889 876 3948 Gerundensis
903 3891 1163 3948 Ecclesiae
1184 3935 1198 3959 ,
1229 3894 1280 3948 in
1311 3895 1572 3950 honorem
1616 3906 1818 3953 sancta:

233 3979 331 4035 Dei
388 3980 684 4037 Genitricis
725 3993 780 4037 ct
827 3998 1043 4054 semper
1085 3985 1322 4056 Virginis
1362 3985 1545 4041 Mariae
1589 3987 1820 4044 dominm

233 4079 458 4138 nostrae,
487 4073 578 4130 ubi
611 4074 804 4130 beatus
829 4075 980 4132 Felix
1002 4075 1206 4133 Christi
1235 4087 1441 4148 martyr
1470 4093 1698 4150 corpore
1728 4097 1816 4136 re-

231 4163 501 4234 quiescit,
530 4165 633 4221 hoc
659 4175 744 4221 est
784 4167 1005 4234 domos,
1036 4168 1254 4237 pleves,
1287 4169 1486 4236 cellas,
1520 4171 1816 4239 ecclesias,

231 4254 427 4319 villas,
467 4265 524 4310 et
564 4256 802 4324 insulas,
844 4257 1160 4326 Majoricam
1191 4259 1433 4327 scilicet,
1467 4260 1815 4330 Minoricam,

229 4355 448 4412 curtes,
498 4347 817 4416 parochias,
868 4337 1072 4414 terras,
1118 4349 1340 4418 vineas,
1386 4361 1573 4422 prata,
1620 4353 1814 4421 silvas,

229 4451 340 4509 una
384 4452 508 4491 cum
553 4435 774 4492 familiis
821 4423 1104 4510 utriusque
1154 4455 1351 4508 sexus,
1401 4457 1524 4497 cum
1566 4445 1818 4502 omnibus

229 4519 556 4596 adjaCentiis
581 4527 694 4582 suis
717 4567 732 4593 ,
763 4543 885 4598 qum
915 4543 945 4582 a
976 4529 1082 4600 piis
1112 4529 1562 4600 imperatoribus,
1597 4534 1817 4606 regibus
1848 4597 1849 4600 η

1925 3345 1980 3391 et
2007 3337 2355 3392 sanctissimo
2375 3336 2693 3393 ADALGABiO
2721 3339 3129 3412 archiepiscopo
3154 3341 3510 3399 I'Iammabur—
3537 3401 3542 3406 _

1921 3427 2094 3497 gensi.
2441 3432 2450 3440 ’
3541 3497 3544 3500 .

1992 3507 2340 3575 Arbitramur
2369 3529 2514 3575 tuam
2540 3521 2952 3576 sanctimoniam
2974 3564 2986 3586 ,
3013 3533 3169 3592 prout
3203 3523 3502 3592 injunctum

1923 3613 2131 3677 fuerat,
2173 3612 2240 3666 ad
2280 3613 2631 3684 apostolicam
2667 3612 2847 3668 sedem
2901 3611 3190 3680 festinare,
3239 3625 3509 3685 quatenus

1921 3701 2269 3773 disceptatio,
2302 3718 2422 3773 qua:
2453 3702 2595 3757 inter
2629 3711 2682 3758 te
2714 3693 2770 3757 et
2802 3702 3168 3758 Ilermannum
3201 3706 3507 3776 Agrippina:

1920 3794 2158 3851 Coloniae
2181 3795 2690 3852 reverendissimum
2712 3796 3170 3868 archiepiscopum
3194 3800 3509 3863 ventilatur,
3538 3873 3544 3878 _

1921 3887 1987 3943 de
2013 3879 2292 3944 Bremensi
2321 3886 2560 3943 Ecclesia
2601 3887 2762 3943 finem
2801 3889 3086 3958 acciperet.
3128 3888 3233 3945 Sed
3270 3890 3385 3960 ipso
3413 3905 3511 3960 per

1919 3995 2048 4035 suos
2070 3979 2302 4035 vicarius
2324 3979 2606 4034 insistente
2636 3987 2690 4034 et
2719 3979 3110 4050 querimoniam
3147 3981 3507 4050 multiplican-
3536 3984 3538 3987 ’

1923 4079 1994 4134 te,
2026 4086 2124 4126 cur
2152 4078 2295 4125 tuam
2325 4085 2432 4125 non
2459 4063 2772 4127 exhibueris
2795 4073 3136 4141 praisentiam
3158 4113 3172 4137 ,
3201 4061 3396 4129 saltem.
3411 4089 3508 4144 per

1921 4159 2259 4217 defensorem
2307 4161 2591 4228 vicarium,
2645 4177 2750 4218 nou
2797 4163 3066 4218 modicum
3117 4163 3401 4218 miramur.
3449 4164 3508 4219 In

1921 4271 2028 4326 quo
2071 4255 2352 4331 suspicare
2395 4255 2651 4310 tribuitur
2686 4269 3061 4326 summopere,
3104 4256 3502 4312 contentionem

1922 4363 2027 4402 non
2067 4348 2221 4404 odire
2255 4348 2346 4417 qui
2387 4346 2578 4416 judicii
2615 4348 2927 4418 aequitatem
2963 4357 3193 4402 conatur
3230 4348 3504 4404 subterfu-

1920 4455 2049 4510 gere
2075 4459 2088 4494 :
2119 4439 2422 4510 pra-sertim
2451 4453 2573 4495 cum
2608 4446 2664 4495 et
2689 4437 2978 4508 Maguntite
3004 4438 3380 4493 sanctissimus
3412 4455 3504 4492 ar-

1919 4531 2296 4600 chiepiscopus
2315 4570 2330 4595 ,
2359 4528 2448 4584 cui
2479 4530 2544 4584 de
2574 4529 2677 4583 hac
2709 4545 2767 4585 re
2802 4541 2862 4584 ut
2892 4529 3175 4585 veritatem
3207 4529 3504 4599 inquireret

229 4620 317 4677 vel
348 4619 470 4674 aliis
495 4619 664 4675 Deum
693 4621 1007 4677 timentibus
1037 4621 1089 4675 in
1119 4623 1309 4677 eadem
1339 4622 1678 4681 Gerundensi
1707 4627 1807 4682 Ec-
1845 4639 1894 4699 ι)
1921 4636 2018 4691 per
2046 4621 2346 4676 confratres
2377 4628 2431 4675 et
2460 4619 2850 4676 collimitaneos
2886 4621 3168 4691 episcopos
3203 4621 3502 4690 injunctum

227 4709 396 4764 clesia
425 4707 620 4764 collata
650 4718 778 4763 sunt
798 4751 812 4775 ,
844 4709 985 4766 sicut
1017 4709 1128 4782 ipse
1157 4727 1300 4767 nunc
1326 4727 1496 4783 usque
1525 4713 1681 4786 legali
1725 4730 1815 4771 or-

228 4803 356 4877 dine
407 4797 609 4859 tenere‘
639 4803 858 4859 videris.
911 4799 1065 4860 Unde
1111 4805 1419 4860 salubribus
1463 4807 1813 4877 petitionibus

227 4876 341 4953 tuis
370 4891 626 4952 inclinati
647 4895 992 4953 decernimus
1019 4906 1073 4953 et
1103 4913 1134 4952 a
1163 4898 1414 4969 praesenti
1461 4899 1564 4955 hac
1603 4900 1812 4958 decima

226 4991 526 5046 indictione
553 5004 652 5059 per
679 4987 782 5045 hoc
810 4991 1171 5072 apostolicum
1201 4999 1442 5047 nostrum
1472 4993 1809 5066 privilegium

299 5115 326 5144 ο
358 5102 434 5176 In_
446 5099 676 5176 ecclesia
703 5099 1038 5176 Gerundensi
1071 5105 1650 5176 asservaturdiploma
1677 5109 1814 5162 For-

225 5175 368 5231 mosi
399 5172 626 5244 Romani
659 5173 929 5241 pontificis
956 5189 1318 5244 papyraeeum
1341 5217 1353 5241 ,
1385 5172 1679 5233 Servo-Dei
1709 5177 1812 5233 Ge-

227 5242 494 5316 runiletisi
521 5243 775 5316 episcopo
804 5242 1008 5316 datum.
1029 5242 1222 5316 Nuper
1251 5246 1353 5300 hoc
1381 5247 1614 5316 diploma
1644 5249 1813 5304 edidit

228 5313 528 5386 Menenius
544 5311 603 5386 in
628 5311 955 5369 Collectione
977 5311 1306 5386 amplissima
1327 5311 1590 5374 Anedoct.
1621 5328 1749 5373 tom.
1771 5320 1811 5384 l,

228 5401 350 5460 pag.
382 5383 507 5460 259.
541 5384 822 5460 ljigovero
861 5386 1004 5440 illius
1050 5383 1325 5460 exernpjar
1361 5403 1430 5443 ex
1472 5383 1808 5460 autographa

227 5452 932 5527 cei-undensidescriptum
972 5471 1116 5511 anno
1156 5452 1296 5511 1756
1334 5461 1548 5527 accepi,
1589 5452 1646 5515 e't
1684 5452 1806 5515 cum

227 5524 377 5583 edito
417 5523 655 5598 contuli,
700 5523 861 5596 atque
901 5527 1077 5580 inveni
1121 5527 1404 5598 exemplar
1451 5523 1699 5586 Martenii
1743 5530 1809 5584 ad

227 5611 293 5652 ea
331 5597 534 5672 verba_:
565 5596 946 5672 inperpetuum
976 5596 1266 5672 stabilimus
1289 5596 1570 5672 desinere,
1603 5600 1807 5672 reliqua

229 5669 446 5747 deesse.
484 5665 869 5747 Desiderantur
901 5667 1179 5747 autem_in_
1212 5671 1553 5747 autographo
1591 5665 1809 5747 pontiﬁ-

228 5740 327 5793 ciae
347 5739 520 5802 datae;
539 5736 603 5807 in
622 5745 874 5792 contextu
895 5748 1071 5792 tamen
1095 5739 1323 5794 habetur
1345 5736 1560 5807 indictio
1583 5736 1806 5807 decima,

229 5824 296 5862 cx
329 5823 436 5878 quo
468 5805 737 5878 colligitur
763 5808 863 5862 hoc
892 5808 1122 5878 diploma
1157 5826 1298 5864 anno
1323 5805 1523 5864 Christi
1571 5811 1676 5866 892
1720 5805 1808 5866 da?

231 5876 360 5933 tum'
393 5877 578 5933 fuisse.
625 5876 813 5933 Petrus
852 5879 918 5933 de
952 5876 1136 5933 Marca
1186 5881 1235 5934 in
1287 5881 1582 5954 appendice
1617 5881 1806 5938 Marcze

548 5979 826 6040 Parnm.
871 5979 1162 6043 CXXIX.

1921 4711 2129 4777 fuerat,
2169 4713 2236 4768 ad
2275 4714 2372 4767 nos
2407 4712 2650 4767 scribens
2682 4712 3062 4782 signiﬁcaverit
3109 4722 3378 4781 quatenus
3415 4729 3506 4768 ve-

1922 4805 2195 4862 nientibus
2224 4805 2686 4862 reverendissimis
2707 4805 2976 4876 episcopis
3004 4806 3068 4860 ad
3096 4805 3467 4861 Frankenford
3489 4849 3502 4874 ,

1921 4899 1988 4954 de
2015 4899 2118 4955 hac
2145 4900 2334 4955 eadem
2375 4914 2435 4955 re
2465 4897 2880 4969 diligentissima
2919 4896 3057 4976 facta
3118 4895 3280 4952 fuerit
3326 4898 3504 4968 inqui-

1919 4997 2076 5062 sitio,
2140 5005 2437 5061 omucsque
2500 4989 2791 5048 dicecesani
2855 4988 3096 5058 ejusdem
3163 4985 3501 5045 Coloniensis

1913 5107 2221 5182 Hispanicae
2243 5151 2258 5177 ,
2289 5127 2410 5182 pag.
2453 5108 2591 5182 584,
2635 5123 2702 5164 ex
2738 5106 3078 5182 chartulario
3109 5105 3494 5182 ecclesire‘ge-

1917 5175 2206 5238 run'densis
2235 5175 2444 5252 profErt
2470 5177 2702 5252 diploma
2728 5179 2965 5252 Bumani
2998 5175 3197 5252 summi
3227 5177 3500 5252 pontificis

1917 5252 2208 5307 Servo-Dei
2235 5246 2492 5322 Episcopo
2521 5246 2883 5322 Gcrunxlensi,
2912 5246 3067 5322 quod
3098 5246 3285 5322 iisdem
3329 5246 3500 5302 ferme

1913 5324 2094 5380 verbis
2145 5317 2464 5391 conceptum
2507 5329 2592 5375 est
2637 5334 2706 5391 ac
2739 5317 3193 5391 illud_Fo_rmos_i,
3241 5319 3286 5373 si
3325 5333 3498 5391 pauca

1913 5395 2190 5464 excipias;
2234 5387 2380 5464 aliud
2421 5393 2548 5464 item
2585 5389 3102 5464 esliibctejusdem
3127 5387 3354 5464 Ruinam
3388 5387 3498 5459 pro

1916 5457 2142 5520 ecclesia
2175 5463 2490 5525 lIelenensi,
2524 5469 2578 5515 et
2606 5459 2696 5514 lib.
2732 5477 2790 5515 ιιι
2822 5457 3012 5515 Marem
3043 5457 3344 5528 Hispanicae
3369 5457 3491 5529 pag.

1915 5535 2022 5590 570
2061 5537 2128 5590 de
2169 5533 2389 5604 epochis
2428 5533 2618 5604 horum
2667 5531 3018 5604 diplomatum
3065 5531 3315 5604 disserit,
3355 5545 3498 5604 quas

1916 5608 1983 5661 ad
2014 5600 2242 5660 examen
2284 5601 2679 5680 vocat__Pagius
2720 5603 2788 5654 ad
2830 5615 3029 5680 anitum
3071 5601 3198 5680 §97,
3240 5615 3401 5680 n_um..
3437 5600 3490 5680 ϐἶ

1913 5677 2134 5733 Interim
2157 5675 2403 5732 Formosi
2434 5669 2666 5742 diploma
2692 5685 2788 5740 pro
2812 5671 3042 5734 ecclesia
3065 5669 3401 5724 Gcrundcnsi
3426 5671 3494 5724 all

1915 5750 2073 5804 tidem
2104 5747 2372 5818 prototypi
2405 5742 2755 5818 hic_dandum
2786 5755 3092 5818 censemus.

2483 5815 2776 5869 Douixlcus
2803 5811 3076 5868 GEORGIUS
3105 5809 3420 5864 Romctsvs.

2909 5973 2985 6030 ‘27
