3930 5540
484 427 609 499 «865

1863 430 2163 493 ronnosr
2202 435 2404 496 pm;
2475 408 2501 433 '

3668 444 3761 504 841

486 562 491 567 ·
499 543 739 635 episcopi
763 586 775 608 ,
802 542 1061 635 Francho
1079 543 1327 635 videlicet
1348 543 2093 627 Tungrensis,IVodelbaldus
2121 552 2170 613 Α
2199 569 2319 610 mur
2341 557 2614 629 equidem,
2660 559 3085 618 sanctimoniam
3112 564 3255 617 tuam
3296 561 3367 618 ad
3410 559 3761 632 apostolum

507 635 553 691 Τ
559 636 902 707 raiectensis,
933 633 1232 693 Wol‘elmus
1257 634 1855 709 Mimigardevordensis
1871 681 1887 707 ,
1915 641 2087 714 Druof

504 718 574 800 go
622 726 1079 794 Mimidomensis,
1121 714 1443 799 Egilmarus‘
1479 728 1938 803 Osnabrugensis,
1978 732 2086 806 sub

502 817 903 875 testiﬁcationis
932 828 1194 889 prietextu
1224 821 1494 878 testiﬁcati
1533 831 1693 890 sunt,
1723 839 1893 894 usque
1928 824 2087 898 adite

424 906 431 924 ²
500 907 708 965 nullum
735 908 1046 967 Brumensis
1070 908 1325 967 Ecclesiae
1349 900 1632 983 pthulem
1660 914 1876 971 modum
1908 913 2088 987 subje~

488 997 698 1055 ctionis
723 996 1029 1055 Coloniensi
1052 999 1280 1056 antistiti
1307 986 1732 1072 contempsisse,
1755 1002 1850 1059 sed
1874 986 2089 1079 semper

501 1082 819 1146 decessores
848 1098 1002 1156 tuos,
1030 1090 1122 1162 qui
1150 1091 1326 1148 eidem
1352 1090 1630 1151 Bremcusi
1660 1080 1920 1151 Ecclesia).
1948 1110 2085 1166 prie-

499 1178 721 1235 fuerunt
744 1194 775 1233 a
806 1173 1138 1251 temporibus
1162 1196 1273 1237 sua:
1300 1181 1761 1250 Christianitatis,
1792 1183 1905 1240 sedi
1936 1185 2087 1257 Colo:

499 1269 676 1327 mensi
707 1268 875 1327 fuisse
910 1269 1203 1341 subjectos.
1232 1272 1432 1329 Verum
1469 1266 1597 1345 quia
1635 1282 1907 1331 tantorum
1942 1276 2087 1349 virug

497 1377 618 1417 rum
649 1361 1014 1417 testimonium
1041 1363 1292 1419 frustrari
1321 1380 1426 1420 non
1453 1365 1706 1437 expedit,
1732 1374 1786 1422 et
1811 1366 1880 1422 ad
1905 1375 2085 1445 statu-l

497 1460 613 1506 tum
643 1452 892 1508 veniendi
920 1461 1133 1525 tempus
1160 1454 1418 1511 festinare
1437 1456 1523 1512 vel
1545 1456 1796 1530 delegare
1821 1457 2087 1535 vicarium

496 1544 786 1611 distulisti,
811 1546 944 1601 tanti
971 1547 1231 1618 temporis
1251 1547 1671 1618 querimoniam,
1695 1564 1758 1606 ac
1780 1549 2081 1621 legatorum

494 1646 831 1694 constantem
880 1638 1195 1695 instantiam
1240 1639 1395 1696 nihili
1444 1642 1681 1711 pendere
1725 1642 2079 1699 inlmmanum

492 1729 801 1785 videbatur.
822 1729 1160 1800 Quapropter
1187 1729 1419 1797 arctati,
1464 1731 1594 1787 hinc
1634 1745 1703 1786 ne
1742 1730 2087 1809 Coloniensis

495 1816 738 1877 Ecclesia
785 1821 1055 1892 justitiam
1092 1821 1390 1893 perderet,
1440 1821 1566 1879 inde
1606 1837 1674 1879 ne
1716 1822 2076 1879 Hammabnr-

2190 644 2403 727 limina,-
2437 658 2598 719 prout
2634 652 3107 723 mandaveramus,
3148 652 3336 708 venire
3368 660 3429 708 et
3474 653 3601 708 viva
3644 668 3764 711 voce

2191 741 2369 801 tecum
2402 737 2470 794 de
2491 740 2733 817 generali
2762 742 2922 816 illius
2947 742 3245 800 barbarica:
3265 743 3446 816 gentis
3472 742 3647 800 salute
3665 752 3764 802 ιη-

2188 835 2359 891 ctare.
2404 830 2511 887 Sed
2545 833 2691 904 quia,
2718 833 2879 892 aliter
2909 849 3076 907 quam
3120 845 3511 908 optaveramus
3557 835 3763 901 accidit,

2190 919 2492 978 infirmitati
2550 923 2903 996 imputantes,
2934 924 3258 984 calumniam
3287 941 3391 998 pro
3433 926 3544 983 hoc
3577 924 3764 983 inferre

2188 1010 2510 1072 desinimus.
2580 1068 2583 1075 ,
2882 1052 2891 1057 -
3147 998 3160 1008 ’

2257 1103 2569 1169 Contentio
2598 1115 2804 1180 .taque,
2845 1122 2968 1181 qua!
3014 1112 3169 1169 inter
3211 1117 3265 1166 te
3311 1119 3368 1167 et
3404 1108 3763 1183 Adalgarinm,

2183 1194 2680 1262 reverentissimum
2711 1200 3174 1271 archiepiscopum
3213 1200 3648 1273 Hamburgensis
3673 1201 3765 1258 Ec-

2184 1280 2397 1357 clesiae,
2454 1286 2717 1343 ventilata
2779 1299 2863 1347 est
2908 1305 3009 1361 pro
3057 1290 3296 1347 Ecclesia
3349 1291 3766 1365 Bremens_i,pro

2183 1388 2288 1447 qua
2311 1374 2378 1431 ad
2408 1378 2768 1435 venerabilem
2812 1381 3277 1454 archiepiscopum
3316 1380 3613 1453 Elegantia
3647 1384 3765 1439 scri-

2184 1463 2315 1521 bere
2363 1467 2641 1537 prietcrito
2688 1485 2831 1527 anno
2887 1470 3266 1542 prievidimus',
3322 1480 3601 1543 quatenus
3660 1473 3768 1544 eius

2184 1558 2366 1619 studio
2399 1559 2475 1629 rei
2505 1561 2708 1618 veritas
2751 1562 3031 1634 inquisita,
3067 1564 3256 1641 ablata
3299 1566 3681 1638 ambiguitate,
3714 1567 3763 1622 in

2182 1645 2469 1704 clariorem
2518 1652 2692 1707 lucem
2748 1665 3078 1725 erumperet,
3128 1655 3248 1726 ipso
3285 1664 3455 1728 prout
3503 1656 3766 1713 scribente

2181 1737 2512 1805 didicimus,
2577 1742 2996 1802 testiﬁcantibus
3044 1746 3411 1803 sanctissimis
3462 1748 3760 1819 episcopis».

2179 1828 2270 1897 qui
2304 1828 2703 1888 Francanorfut
2742 1845 3134 1903 convenerunt,
3161 1846 3408 1908 apparet,
3443 1846 3553 1893 tua:
3579 1838 3764 1893 dimet-

493 1910 978 1998 gensisEcclesia,
1009 1928 1129 1983 qum
1157 1914 1225 1969 ad
1268 1914 1508 1984 gentium
1550 1923 1888 1971 vocationem
1932 1914 2080 1970 insti-
2109 1917 2165 1990 Β
2184 1919 2264 1975 eis
2284 1920 2568 1978 ecclesiam
2606 1936 2747 1980 esse.
2788 1922 3019 1996 ideoque
3032 1922 3409 1998 ’dispensative
3431 1929 3486 1983 id
3517 1930 3760 1984 determi-

492 2011 607 2059 tuta
631 1994 808 2058 fuerat
822 2043 838 2069 ,
859 2002 1102 2060 subsidio
1122 2001 1380 2060 destituta
1402 2002 1689 2071 deficeret;
1712 2004 2079 2074 dispensativc

493 2092 806 2149 censuimus
823 2133 838 2159 ,
865 2102 1135 2164 quatenus
1161 2095 1515 2165 quoadusque
1543 2092 1725 2150 divina
1752 2093 2078 2167 suti‘ragante

489 2183 662 2256 gratia
681 2183 957 2256 prielibata
980 2184 1495 2259 llammaburgensis
1516 2185 1757 2261 Ecclesia
1785 2186 1839 2268 in
1856 2178 2085 2257 tantum

488 2274 767 2345 dilatetur,
811 2287 872 2334 ut
895 2279 1224 2351 episcopium
1253 2281 1537 2338 instituere
1568 2266 1790 2347 valeat,
1817 2278 1932 2351 iam
1962 2266 2091 2337 tne--

489 2377 756 2424 moratam
784 2367 1135 2426 Bremensem
1178 2368 1478 2427 Ecclesiani
1522 2370 1591 2426 ad
1629 2360 1926 2453 subsidium
1973 2370 2076 2426 ha-

488 2462 655 2530 beat;
687 2472 741 2520 et
768 2462 982 2533 quoties
1009 2463 1063 2520 in
1095 2464 1306 2538 magnis
1333 2480 1398 2522 ac
1429 2466 1866 2538 przenecessariis
1905 2482 2071 2545 cano-

488 2552 632 2610 nicis
675 2554 909 2626 negotiis
954 2556 1281 2627 Oportuerit,
1336 2572 1444 2612 non
1495 2556 1827 2628 subiectione
1858 2557 2071 2630 aliqua,

488 2645 585 2702 sed
612 2643 808 2702 affectu
846 2645 1104 2703 fraterna:
1131 2648 1417 2705 cbaritatis
1446 2632 1961 2722 llammaburgensis
1989 2650 2093 2705 ar-'

482 2736 887 2809 chiepiscopus,
914 2737 1275 2815 quieiusdem
1312 2738 1618 2796 Bremensis
1646 2739 1904 2797 Ecclesiae
1935 2742 2074 2815 [θεὶς

486 2838 615 2884 men
641 2829 886 2897 obtinet,
916 2843 1017 2899 per
1044 2844 1102 2886 se
1132 2839 1224 2885 aut
1263 2831 1526 2887 vicarium
1570 2846 1723 2887 suam
1764 2831 1937 2888 vicem
1980 2834 2072 2905 ge-

484 2930 742 2987 rentem,
798 2923 853 2978 in
907 2921 1234 2991 adiutorium
1285 2921 1627 2980 Coloniensis
1680 2924 2069 2996 archiepiscopi

484 3012 751 3070 invitatus
793 3015 1056 3070 accedat:
1101 3014 1325 3069 dilatata
1360 3023 1543 3071 autem
1586 3015 2086 3088 ﬂammaburgensi’

484 3102 730 3159 Ecclesia
746 3144 761 3170 ,
793 3102 1051 3174 largitore
1073 3103 1314 3159 omnium
1342 3104 1606 3160 bonorum
1631 3104 2069 3171 adminiculante,

484 3202 545 3249 et
584 3194 822 3250 fundatis
859 3195 1173 3267 episc0piis,
1210 3211 1352 3268 saepe
1378 3206 1676 3253 memorata
1714 3196 1951 3254 Colonia:
1986 3213 2070 3255 se-

485 3285 583 3343 d‘es
650 3286 1000 3343 Bremensem
1057 3287 1284 3358 recipiat
1336 3287 1655 3344 Ecclesiam.
1713 3289 2067 3345 Inhumanum
2097 3276 2141 3339 C

482 3378 685 3451 quippe
713 3388 799 3436 est
839 3378 984 3435 inter
1025 3378 1314 3436 smeulares
1360 3378 1534 3435 aliena
1570 3377 1692 3448 iura
1730 3379 2066 3450 pervadere:

479 3482 687 3544 quanto
713 3474 887 3546 magis
917 3474 1290 3531 sanctissimos
1321 3473 1606 3546 episcopos
1644 3481 1877 3531 statutos
1908 3489 1939 3529 a
1968 3473 2070 3531 Pa-

478 3563 658 3620 tribus
685 3565 986 3637 tranSgredi
1016 3564 1307 3631 terminos,
1337 3573 1392 3621 et
1416 3580 1511 3621 eos
1536 3563 1767 3637 litigare,
1801 3566 1892 3636 qui
1923 3566 2070 3637 pacis

479 3653 677 3709 debent
717 3654 948 3711 subditis
987 3655 1230 3729 exempla
1276 3655 1559 3727 priebere?
1605 3655 1741 3712 Haec
1776 3668 1956 3714 autem
2002 3657 2068 3712 ad

477 3746 831 3819 hoc,decreta
872 3755 957 3802 est
980 3747 1346 3818 dispensatio,
1392 3755 1451 3803 ut
1492 3763 1597 3818 pax
1642 3746 1857 3819 vigeat,
1892 3757 2067 3804 cesset

478 3835 790 3902 contentio,
836 3846 894 3892 et
929 3836 1156 3907 iustitiae
1196 3837 1439 3908 vigorem
1485 3837 1875 3894 misericordia:
1920 3853 2067 3893 eom-

476 3926 661 3998 passio
708 3934 1003 3997 temperet,
1047 3927 1281 3984 scientes
1321 3927 1439 3984 sine
1489 3929 1638 4000 pacis
1677 3927 1820 3985 bono
1861 3928 2065 3987 nullum

480 4014 593 4074 Deo
625 4032 821 4074 munus
851 4015 966 4074 fore
990 4018 1342 4089 acceptabile.

1226 4169 1310 4224 VI.

586 4298 654 4339 Δί)
692 4298 1036 4339 ΠΕΜΗΑΝΜΗΙ
1078 4299 1440 4341 εοιοκιεκεευ
1478 4300 1955 4344 Αιιοιιιιῖῐτιεοοιιωι.

1086 4401 1265 4472 (Anno
1321 4401 1470 4472 892.)
1696 4392 1703 4395 '
1949 4384 1953 4388 ’

524 4578 529 4581 .
562 4523 964 4600 ibappeﬂberg,
1007 4521 1452 4594 Hamburgiscltes
1494 4520 1964 4594 Urkundeubuclt.]

2183 2026 2316 2068 nare
2348 2014 2586 2087 oportuit
2626 2030 2694 2073 eo
2717 2016 2968 2075 videlicet
2999 2018 3210 2085 ordine,
3247 2027 3308 2075 ut
3331 2027 3389 2075 et
3430 2016 3761 2076 Coloniensis

2180 2103 2419 2161 Ecclesia
2445 2121 2550 2160 non
2580 2107 2885 2178 privaretur
2917 2108 3283 2177 facultatibus,
3313 2118 3370 2166 et
3398 2107 3760 2180 llamburgen—

2179 2194 2255 2250 sis
2298 2194 2562 2272 Ecclesia,
2605 2196 2695 2268 pio
2724 2197 2895 2253 labori
2936 2198 3136 2265 dedita,
3175 2182 3281 2255 non
3328 2200 3576 2271 patietur
3600 2215 3760 2270 penn-

2180 2286 2340 2353 riam,
2391 2274 2531 2343 unde
2560 2296 2811 2358 ‘oportcat
2843 2274 2954 2344 Deo
2987 2274 3318 2361 aceeptabile
3356 2302 3498 2360 opus
3546 2289 3769 2357 cessari.

2179 2376 2521 2450 Quapropter
2582 2380 2872 2438 statuimus
2927 2389 2989 2437 ut
3048 2396 3333 2454 quousque
3393 2381 3760 2454 dispensatore

2177 2469 2442 2525 bonorum
2471 2469 2714 2525 omnium
2753 2469 3042 2543 largiente,
3091 2470 3411 2543 cuius‘nutu
3446 2472 3630 2527 omnia
3661 2472 3759 2528 dis-

2177 2567 2497 2629 pensaulur,
2525 2559 2949 2633 Hamburgensis
2994 2550 3234 2618 Ecclesia
3264 2562 3404 2618 infra
3434 2577 3767 2643 paganorum.

2178 2651 2439 2707 terminos
2468 2650 2685 2706 dilatari
2713 2642 2908 2718 valeat,
2940 2652 3030 2708 ubi
3064 2642 3348 2724 episcopis
3381 2652 3601 2708 fundari
3632 2640 3757 2723 pos-

2176 2741 2304 2807 sint,
2355 2740 2702 2816 Bremensem
2738 2742 3038 2799 Ecclesium
3087 2751 3268 2798 teneat
3315 2744 3385 2798 ad
3446 2741 3750 2799 subsidium.

2175 2833 2242 2889 Et
2269 2834 2338 2890 ob
2355 2833 2457 2890 hoc
2479 2833 2720 2890 fraterno
2746 2834 3029 2890 charitatis
3050 2832 3269 2899 all‘ectu,
3291 2847 3402 2888 non
3436 2830 3769 2907 subiectione

2175 2928 2375 2997 aliqua,
2425 2927 2639 2998 quoties
2671 2912 2781 2999 pro
2811 2916 3111 2997 maioribus
3155 2925 3556 2983 ecclesiasticis
3605 2940 3754 2996 nego-

2178 3019 2267 3076 tiis
2312 3018 2578 3075 librandis
2624 3027 2771 3074 certa
2805 3019 2944 3074 ratio
2985 3018 3171 3089 exigit,
3196 3016 3485 3097 invitatus
3518 3018 3631 3088 ipse
3668 3026 3755 3087 per

2175 3128 2234 3169 se
2270 3112 2324 3167 in
2354 3110 2680 3184 adiutorium
2709 3109 3048 3167 Coloniensis
3076 3096 3336 3165 Ecclesiie
3368 3096 3631 3164 accedere
3657 3123 3752 3162 non

2175 3204 2375 3277 pigeat,
2416 3202 2499 3258 vel
2530 3203 2573 3259 si
2607 3200 3005 3274 praedicationis
3033 3214 3198 3271 opere
3241 3199 3557 3271 implicatus
3588 3213 3680 3270 per
3699 3212 3754 3252 se

2172 3299 2357 3353 venire
2381 3295 2703 3366 nequiverit,
2731 3293 2994 3349 vicarium
3042 3293 3234 3348 saltem
3264 3290 3502 3371 delcget,
3531 3291 3621 3362 qui
3648 3289 3773 3365 eius

2171 3388 2344 3443 vicem
2386 3394 2737 3458 repraesentet
2759 3393 2813 3440 et
2838 3384 3100 3440 canonice
3126 3374 3516 3439 deliberationi
3549 3381 3753 3451 adiutor

2172 3479 2405 3535 intersit.
2469 3477 2657 3533 Divina
2725 3486 2904 3532 autem
2969 3475 3175 3531 ditione
3253 3472 3593 3544 suffragante
3641 3484 3751 3525 eum

2171 3568 2593 3641 Hamburgensis
2614 3567 2853 3624 Ecclesia
2880 3574 3249 3639 augmentata,
3277 3578 3378 3621 ceu
3402 3561 3747 3634 prae-tulimus,

2170 3662 2351 3729 fuerit,
2381 3661 2720 3717 Coloniensis
2754 3659 2993 3717 Ecclesia
3024 3674 3120 3716 sua
3171 3658 3420 3741 recipiat,
3454 3657 3586 3741 quia
3622 3656 3752 3711 inter

2169 3754 2448 3811 saecularia
2481 3754 2694 3826 negotia
2739 3768 2843 3808 non
2869 3742 3091 3823 expedit
3134 3737 3389 3820 cuiquam
3437 3736 3613 3832 aliena
3632 3746 3774 3824 iura,

2168 3847 2485 3917 pervadere,
2538 3852 2743 3916 quanto
2781 3844 2960 3899 minus
3002 3832 3277 3915 religiosis
3323 3841 3618 3912 episcOpis.
3662 3837 3745 3908 qui

2168 3952 2266 3993 suo
2295 3936 2493 3991 ducatu
2519 3951 2616 4008 per
2636 3936 2777 3990 viam
2802 3933 3027 4003 iustitiae
3048 3934 3114 3988 ad
3139 3931 3387 3988 cmlestia
3421 3945 3590 4003 regna
3616 3945 3751 3985 cout-

2168 4028 2393 4083 missum
2425 4026 2525 4082 sibi
2559 4024 2815 4096 populant
2843 4024 3043 4080 debent
3080 4016 3409 4094 perducere.
3490 4034 3495 4039 '

2238 4119 2411 4174 Aliter
2447 4128 2626 4174 autem
2654 4128 2840 4173 nostro
2878 4114 3199 4187 apostolatui
3226 4106 3556 4171 deliberare
3584 4112 3746 4168 visum

2094 4206 2099 4213 ’
2170 4226 2275 4266 non
2319 4220 2423 4275 est,
2476 4224 2543 4263 ne
2591 4207 2876 4279 smpedicta
2926 4204 3351 4277 Hamburgensts
3397 4204 3637 4271 Ecclesia
3683 4203 3750 4256 ad

2167 4301 2501 4357 vocationem
2576 4299 2813 4371 gentium
2882 4297 3150 4375 instituta.
3195 4295 3381 4351 ablato
3429 4294 3750 4350 annihiletur

2168 4393 2407 4450 subsidio
2432 4401 2486 4448 et
2507 4391 2685 4462 inopia
2712 4398 2940 4460 cogente
2961 4405 2992 4444 a
3019 4389 3127 4445 Deo
3167 4388 3331 4459 digno
3355 4401 3526 4457 opere
3556 4394 3745 4445 cesset.

2166 4487 2472 4558 pricsertim
2513 4500 2634 4542 eum
2676 4492 2732 4540 et
2775 4472 3026 4541 decessor
3062 4468 3248 4557 noster
3292 4480 3598 4538 recolendas
3636 4491 3747 4533 meo

2168 4581 2352 4636 moria:
2384 4577 2657 4643 Nicolaus,
2697 4577 2992 4642 Ludovico,
3035 4575 3271 4648 glorioso
3296 4580 3471 4647 "rege,
3512 4589 3605 4646 per
3648 4566 3775 4649 Sa—i

539 4683 825 4740 Formosus
865 4680 1169 4753 episcopus,
1214 4695 1404 4736 servus
1448 4694 1726 4734 servorum
1758 4677 1874 4744 Dei,
1908 4693 2062 4734 reve-
2091 4638 2141 4698 Β
2169 4672 2442 4726 lomonem
2495 4667 2987 4723 reverentissimum
3035 4664 3371 4721 Constantize
3417 4664 3741 4735 episcopum,

475 4774 791 4831 rentissimo
837 4782 894 4829 et
941 4772 1291 4828 sanctissimo
1352 4769 1614 4825 confratri
1662 4777 1869 4836 nostro,
1902 4762 2097 4824 Hsni-'
2164 4763 2556 4840 intercedente,

2088 4856 2095 4864 ’
2163 4856 2453 4928 Ansgario,
2501 4853 2894 4926 llamburgensi
2925 4852 3362 4923 archiepiscopo,
3392 4851 3743 4909 conﬁrmave-

473 4858 683 4932 Iinno,
726 4862 1137 4933 archiepiscopo
1164 4846 1491 4917 Coloniensi.

549 4955 872 5013 Visitatione
924 4961 1037 5019 tua,
1081 4950 1401 5006 charissime
1451 4948 1749 5014 eonfrater,
1800 4947 2059 5003 lmtiﬂcati

473 5061 684 5110 sumus,
739 5060 771 5099 a
832 5054 884 5099 te
942 5042 1169 5098 directis
1220 5040 1621 5097 venerabilibus
1682 5040 2060 5096 sacerdotibus

471 5136 725 5205 receptis.
757 5134 957 5189 Verum
997 5150 1119 5190 cum
1158 5134 1225 5191 de
1273 5143 1369 5209 tua.
1414 5133 1782 5189 incolumitate
1821 5149 1916 5189 eos
1960 5150 2057 5204 per

473 5225 720 5279 ordinem
764 5224 1036 5293 inquirere
1078 5226 1440 5290 studeremus,
1484 5226 1869 5295 comperimus,
1925 5225 2057 5295 ipsis

472 5312 869 5364 intlanantilme,
918 5322 971 5354 to
1009 5315 1446 5366 iucommmlimm
1495 5315 1739 5380 nnppoﬁs
1779 5316 2051 5369 laborare.
2096 5350 2101 5357 ι

2164 4763 2560 4827 intercedente,
2609 4776 2707 4817 suo
2747 4759 3028 4830 privilegio
3072 4758 3425 4815 Bremensem
3459 4755 3743 4812 Ecclesiam

2166 4951 2260 5005 rit.
2323 4948 2429 5005 Sed
2497 4949 2621 5020 quia
2673 4947 2952 5018 indignum
3009 4946 3348 5012 censuimus,
3405 4943 3739 5000 sacerdotum

2164 5041 2472 5112 quempiam
2532 5040 2709 5094 aliena
2759 5037 2885 5106 jura
2941 5035 3237 5108 pervadere
3277 5037 3521 5107 propriis
3569 5042 3736 5088 trans.

2161 5132 2363 5203 gressis
2376 5129 2666 5193 liminibus,
2685 5128 2984 5199 proindeid
3008 5127 3376 5197 dispensative
3393 5124 3733 5181 instituimus

2162 5214 2389 5293 tempori
2421 5219 2786 5283 consulentes,
2810 5228 2870 5274 ut
2898 5227 2952 5273 et
2969 5217 3179 5289 iustitia
3199 5218 3489 5289 proprium
3511 5217 3732 5287 vigorem
3762 5203 3775 5275 Ῐ

2162 5319 2340 5368 teneat
2397 5321 2453 5367 ei,
2517 5309 2880 5364 misericordia
2951 5309 3389 5365 mmoassionem
3450 5306 3735 5364 insuenda-
