3930 5626
196 453 305 510 8ίὸ

1378 426 1751 515 Ειηδτοιεε,
1784 450 1867 507 ετ
1902 444 2311 519 nutrimen.

3363 454 3472 514 8&6

196 565 465 632 ﬁdelium,
494 563 615 623 sine
656 578 766 636 qua
794 561 1001 619 nullum
1039 577 1237 620 munus
1261 562 1373 625 Deo
1412 573 1498 620 est
1535 566 1864 639 accepta-,A
1892 564 2186 635 quamlibet
2218 564 2532 637 dignitatem
2570 561 2754 620 fulcite
2800 562 3012 622 licitum
3054 566 3123 623 sit
3159 576 3252 625 aut
3302 571 3470 628 etiam

194 657 322 714 bile.
367 657 440 714 Et
487 672 594 728 pax
639 657 758 724 Dei,
802 671 925 728 quae
959 666 1251 729 exsuperat
1285 669 1516 717 omnem
1548 672 1797 724 sensum,

194 750 470 807 custodiat
492 764 589 806 cor
611 757 760 805 tuum
792 758 845 806 et
874 748 1283 821 intelligentiam
1307 758 1456 805 tuam
1485 750 1541 806 in
1567 749 1799 809 Christo

192 838 349 905 ιω..
391 839 627 899 Domino
658 849 864 897 nostro.
984 878 987 879 ν
1044 898 1049 901 _

934 949 1046 1006 VII.

425 1066 497 1107 AD
535 1064 816 1108 ηικοηι
853 1058 1104 1106 ΔΒΒΔΤΕΙ
1143 1063 1552 1106 ΒΙΕΝΙΔΕΕΝΒΕΙ.

484 1143 563 1199 De
590 1142 874 1214 privilegiis
916 1142 1149 1213 ejusdem
1179 1142 1503 1197 monasterii.

258 1274 555 1332 Fennosus
583 1254 773 1331 servus
798 1290 1078 1332 servorum
1116 1273 1216 1330 Dei
1249 1274 1488 1330 Bassam
1540 1273 1792 1344 religioso

190 1381 254 1422 ac
306 1364 616 1437 venerabili
676 1364 857 1421 abbati
915 1365 1311 1421 emnobitarum
1361 1364 1467 1420 sita
1515 1364 1811 1423 territorio.

191 1453 570 1531 Lugdunensi,
597 1453 740 1525 quod
763 1453 816 1509 in
846 1452 1055 1509 honore
1076 1452 1221 1508 beati
1249 1452 1396 1508 Petri
1426 1452 1788 1524 apostolorum

190 1542 458 1615 principis
483 1549 854 1599 constructum
896 1557 1016 1599 esse
1059 1532 1402 1614 dignoscitur
1447 1542 1500 1597 in
1539 1541 1659 1598 loco
1698 1543 1789 1613 qui

191 1632 493 1708 Gigniacus
527 1634 870 1707 perhibetur,
899 1648 965 1690 ac
1010 1632 1066 1689 in
1097 1631 1286 1690 eodem
1337 1632 1638 1688 venerabili
1670 1648 1780 1688 mo-

190 1728 438 1784 nasterio
456 1728 512 1784 in
532 1735 874 1800 perpetuum.
1192 1718 1195 1721 “
1494 1740 1504 1745 ·

260 1820 538 1882 Convenit
558 1810 855 1891 apostolico
884 1817 1240 1875 moderamini
1274 1816 1361 1890 pia
1393 1816 1654 1890 religione
1676 1816 1789 1888 pol-

1893 656 2125 726 devipsis
2169 657 2520 715 donatori-bus
2546 650 2926 727 quamcunque
2966 656 3074 713 vim
3110 667 3206 714 aut
3235 660 3475 732 aliquam

1891 749 2295 821 oppressionem
2344 748 2544 815 ibidem
2588 745 2791 803 inferre
2841 756 2937 804 aut
2983 762 3072 805 res
3114 752 3342 809 donatas
3388 752 3476 809 vel

1891 842 2089 898 amodo
2143 840 2339 898 devote
2373 841 2669 903 .donandas
2717 854 2934 911 quoquo
2988 841 3150 903 modo
3197 843 3415 898 auferre
3457 861 3487 897 ε·

1890 932 2070 1004 potius
2104 940 2285 989 autem
2332 930 2548 988 ﬁrmum
2591 931 2751 1007 etab
2792 930 3043 987 omnibus
3090 930 3476 988 immutilatum

1891 1022 2230 1079 custodiatur
2249 1022 2319 1078 ad
2338 1021 2428 1093 jus
2453 1032 2508 1077 et
2531 1020 2866 1092 protectione
2888 1022 3032 1079 beati
3073 1022 3219 1080 Petri
3261 1032 3485 1095 aposto-'

1890 1111 2066 1168 lorum
2087 1112 2366 1184 principis.
2392 1111 2450 1169 Si
2470 1113 2841 1185 autem,'quod
2864 1112 3159 1168 humanum
3179 1119 3281 1179 est,
3307 1113 3477 1170 abbas

1890 1203 2132 1275 praedicti
2190 1202 2426 1259 coenobii
2483 1202 2702 1268 obierit,
2754 1204 3102 1274 congregatio
3138 1202 3304 1274 ipsius
3352 1217 3474 1259 mo-

1893 1294 2114 1350 nasterii
2137 1310 2205 1365 ex
2234 1294 2429 1364 seipsis
2471 1293 2763 1382 secundum
2786 1296 2954 1351 Deum
2980 1304 3038 1350 et
3061 1293 3301 1365 regulam
3328 1294 3476 1357 beati

1890 1385 2191 1453 Benedicti,
2215 1401 2375 1463 quem
2403 1386 2653 1443 idoneum
2676 1388 3042 1458 prteviderint,
3064 1389 3319 1444 concordi
3346 1396 3477 1445 voto

1893 1478 2095 1534 habeat
2122 1494 2334 1550 semper
2362 1477 2592 1549 eligendi
2635 1488 2690 1534 et
2720 1480 3023 1538 secundum
3053 1493 3262 1537 morem
3288 1480 3342 1536 in
3374 1479 3493 1536 abe-

1893 1566 2076 1625 batem
2121 1566 2226 1624 sibi
2274 1567 2621 1639 praeﬁciendi.
2670 1569 2747 1624 De
2791 1570 3017 1627 decimis
3052 1580 3234 1627 autem
3280 1571 3476 1643 quaesti

1891 1657 2043 1725 estis,
2085 1671 2152 1715 eo
2195 1659 2337 1728 quod
2385 1659 2452 1714 de
2483 1659 2715 1731 propriis
2741 1661 2937 1717 vestris
2974 1676 3006 1715 a
3059 1662 3212 1718 vobis
3237 1660 3478 1732 persolvi

1892 1758 2225 1821 quaerantur.
2263 1749 2420 1818 Quod
2468 1750 2515 1807 si
2562 1749 2640 1806 ita
2691 1764 2752 1807 se
2786 1765 2875 1807 res
2918 1750 3105 1818 habet,
3138 1752 3242 1808 hoc
3275 1766 3344 1808 ne
3377 1751 3480 1807 ﬁat

1894 1841 2310 1909 interdicimus,
2351 1842 2587 1898 maxime
2627 1857 2751 1898 cum
2785 1842 3045 1913 scriptum
3087 1842 3159 1900 sit
3185 1857 3255 1899 ne
3294 1858 3489 1900 sacerd

189 1910 442 2007 “imum?
458 1909 1123 2007 δῗωῖθίίίῈΨηΡίΫΜωΨ
1149 1920 1468 2007 “CW”
1492 1918 1547 1965 ⁸⁸
1567 1920 1791 2007 W’
1818 1936 1865 1997 B
1893 1934 2046 1991 dotes
2070 1935 2309 1991 decimas
2345 1935 2474 1991 dare
2498 1943 2784 2006 cogantur.
2819 1909 3076 2007 Quisquis
3102 1944 3303 2001 autem,
3329 1935 3476 2006 quod
3496 1962 3503 1981 ι

188 2004 328 2060 tium
355 2002 557 2060 animis
572 2002 739 2084 alacri
761 2001 1047 2060 devotione
1083 2002 1344 2074 impertiri
1372 2016 1672 2069 assensum.
1705 2002 1787 2057 Ex

189 2094 298 2151 hoc
328 2094 477 2152 enim
516 2093 655 2151 lucri
689 2094 1032 2166 potissimum
1059 2092 1292 2164 pretium
1314 2108 1345 2148 a
1374 2092 1653 2150 conditore
1677 2107 1791 2149 om-

187 2188 343 2245 nium
396 2187 630 2245 Domino
672 2199 1066 2258 promeremur,
1114 2183 1245 2240 dum
1293 2184 1624 2241 venerabilia
1668 2184 1786 2241 loca

187 2285 499 2349 opportune
531 2275 785 2332 ordinata
814 2274 884 2330 ad
908 2274 1189 2331 meliorem
1230 2273 1434 2331 fuerint
1461 2275 1581 2331 sine
1618 2274 1783 2332 dubio

186 2375 394 2425 statum
421 2365 704 2438 perducta.
734 2364 906 2437 Igitur
936 2378 1235 2438 properans
1267 2365 1383 2437 ipse
1425 2363 1604 2421 Berno
1625 2380 1788 2422 vene-

185 2461 383 2518 rabilis
436 2460 606 2517 abbas
664 2460 734 2516 ad
793 2459 1076 2516 beatorum
1138 2458 1510 2531 apostolorum
1558 2457 1784 2524 limina,

186 2560 551 2621 nostramque
573 2549 762 2606 adiens
787 2547 1139 2620 apostolicam
1166 2548 1532 2619 praesentiam,
1553 2549 1786 2606 retulisti

185 2643 351 2700 nobis
394 2642 577 2712 ipsum
626 2647 987 2697 memoratum
1044 2639 1352 2697 coenobium
1406 2655 1438 2695 a
1482 2648 1536 2696 te
1589 2648 1787 2711 tuoque

186 2735 527 2793 consobrino
552 2734 772 2791 nomine
793 2733 1005 2790 Laitino
1038 2735 1105 2789 de
1130 2731 1366 2804 propriis
1392 2733 1555 2789 rebus
1591 2733 1803 2790 vestris

187 2827 459 2883 duntaxat
491 2825 548 2880 in
585 2824 793 2881 honore
831 2822 1006 2880 sancti
1034 2822 1182 2878 Petri
1227 2831 1598 2879 constructum
1626 2831 1787 2893 atque

186 2917 432 2974 dicatum
500 2915 779 2982 existere,
842 2923 900 2970 et
952 2922 1016 2970 ut
1071 2914 1140 2970 ab
1191 2914 1443 2971 omnibus
1496 2915 1788 2970 immutila-

187 3015 306 3064 tum
347 3014 620 3074 servetur,
650 3020 748 3077 per
781 3004 1084 3062 testamenti
1110 3004 1361 3077 paginam
1385 3046 1400 3071 ,
1440 3006 1584 3077 quod
1631 3007 1786 3062 nobis
1824 3057 1828 3061 t

189 3097 525 3154 servandum
575 3093 900 3161 contulistis,
931 3094 1108 3150 eidem
1153 3096 1311 3150 beato
1341 3093 1502 3150 Petro
1545 3092 1786 3151 caelestis

189 3188 348 3260 regni
395 3185 671 3255 elavigero
720 3184 987 3255 nobisque
1039 3198 1137 3256 per
1179 3184 1273 3239 Dei
1306 3184 1539 3254 gratiam
1582 3185 1787 3241 vicario

190 3278 473 3337 obtulistis
520 3278 590 3332 ad
638 3276 1026 3346 sempiternum
1066 3273 1220 3330 vobis
1264 3275 1562 3331 remedium
1594 3273 1749 3331 conte

191 3367 447 3429 tendum.
491 3365 618 3421 ldeo
644 3364 986 3436 suggessistis
1011 3372 1195 3421 nostro
1215 3364 1535 3435 apostolatui
1574 3375 1632 3421 ut
1659 3380 1789 3437 apo-

192 3459 374 3516 stolici
421 3457 597 3513 nostri
640 3454 907 3527 privilegii
946 3454 1077 3510 illud
1119 3455 1400 3511 sanctione
1429 3455 1784 3511 muniremus.

192 3549 544 3622 Quapropter
570 3547 714 3618 quod
741 3546 1010 3603 statuistis
1040 3546 1231 3603 devote
1259 3546 1625 3611 admittentes,
1655 3546 1791 3615 peti-

192 3642 516 3713 tionemque
573 3648 1035 3698 vestram,ratam
1078 3639 1472 3705 arbitrantes,
1528 3638 1790 3695 inclinare

191 3734 454 3807 precibus
495 3732 695 3789 vestris
718 3747 816 3802 per
844 3731 1002 3801 hujus
1028 3731 1404 3802 praeceptionis
1432 3731 1625 3787 seriem
1654 3746 1791 3801 prte-

194 3827 401 3883 diclum
447 3824 758 3882 venerabile
798 3823 1104 3881 ctenobium
1143 3836 1266 3877 cum
1295 3822 1445 3878 cellis
1472 3836 1566 3878 seu
1607 3823 1784 3889 casis,

194 3915 385 3981 terris,
407 3913 608 3979 vineis,
655 3911 943 3977 casalibus,
989 3910 1191 3976 fundis,
1220 3910 1410 3982 pratis,
1461 3909 1631 3977 silvis,
1680 3925 1785 3966 una
1832 3968 1837 3973 ,

195 4021 326 4062 eum
351 4005 564 4062 colonis
602 4013 661 4060 et
701 4003 1016 4070 colonabus,
1060 4017 1269 4059 necnon
1304 4009 1362 4058 et
1391 4001 1637 4058 cellulam
1668 4015 1788 4071 qua:

195 4110 427 4157 vocatur
472 4097 661 4157 Balma
708 4111 831 4154 eum
881 4095 1196 4166 adjacentiis
1243 4094 1375 4160 suis,
1406 4094 1589 4150 omnia
1632 4102 1688 4149 et
1733 4094 1789 4149 in
1832 4114 1839 4119 κ

194 4191 456 4247 omnibus
492 4204 614 4262 qua:
654 4196 765 4245 tam
787 4202 816 4241 a
848 4186 1098 4259 gloriosis
1128 4182 1343 4256 regibus
1372 4199 1535 4256 quam
1575 4185 1644 4240 ab
1674 4184 1794 4240 aliis

198 4283 373 4339 Deum
404 4280 723 4337 timentibus
766 4278 900 4335 inibi
946 4278 1070 4333 data
1106 4276 1192 4333 vel
1232 4285 1501 4347 praecepta
1530 4284 1676 4342 sunt,
1708 4275 1793 4331 vel

198 4373 461 4443 deinceps
489 4369 719 4426 Domino
737 4367 1024 4439 adiuvante
1052 4367 1301 4423 donanda
1324 4375 1503 4433 erunt,
1530 4367 1634 4422 hac
1656 4381 1795 4437 prae-
1830 4390 1835 4395 -

199 4462 342 4519 senti
379 4460 540 4518 tertia
566 4451 781 4515 decima
812 4457 1107 4513 indictione
1134 4456 1429 4527 apostolica
1473 4456 1795 4519 auctoritate

200 4553 618 4627 conﬁrmamus,
640 4551 926 4614 munimus,
959 4557 1015 4605 et
1042 4549 1094 4627 in
1122 4558 1439 4619 perpetuum
1465 4549 1565 4604 sub
1589 4546 1711 4617 jure
1738 4557 1793 4601 et

203 4645 412 4700 ditione
432 4654 599 4713 atque
624 4651 890 4715 potestate
918 4642 1061 4698 beati
1098 4642 1245 4698 Petri
1272 4641 1499 4712 apostoli
1530 4650 1585 4696 et
1610 4650 1792 4695 nostra

1890 2042 2000 2083 non
2021 2035 2292 2098 optamus,
2320 2034 2431 2082 tam
2454 2041 2520 2083 ex
2548 2026 2680 2098 ipsis
2699 2025 3052 2083 donatoribus
3076 2041 3241 2097 quam
3264 2041 3333 2083 ex
3354 2026 3476 2083 aliis

1890 2117 2182 2175 temerario
2206 2133 2340 2175 ausu
2360 2117 2429 2174 de
2448 2117 2663 2179 donatis
2689 2116 2850 2173 rebus
2870 2116 2954 2173 vel
2978 2117 3246 2174 donandis
3268 2116 3475 2189 aliquid
3500 2136 3503 2139 λ

1889 2206 2106 2279 auferre
2148 2207 2570 2289 praesumpserit,
2605 2208 2721 2264 sive
2769 2207 3068 2280 quamlibet
3096 2208 3509 2282 (calumniam).

1888 2299 2066 2358 eidem
2096 2300 2423 2356 monasterio
2457 2299 2691 2371 ipsiusve
2717 2300 2998 2358 monachis
3025 2303 3272 2373 ingerere
3301 2310 3478 2358 tenta-

1888 2391 2049 2458 verit,
2074 2400 2132 2447 et
2148 2399 2338 2447 contra
2357 2389 2464 2447 hoc
2488 2397 2733 2447 nostrum
2757 2391 3109 2461 apostolicum
3132 2392 3475 2464 privilegium
3498 2422 3509 2427 “

1889 2496 2055 2553 agere
2075 2497 2182 2538 non
2202 2478 2597 2548 formidaverit,
2623 2482 2761 2538 sciat
2779 2497 2841 2538 se
2862 2483 3224 2541 anathematis
3244 2484 3477 2541 vinculis
3504 2526 3507 2531 .

1890 2572 2277 2636 innodandum,
2308 2582 2365 2628 et
2389 2572 2492 2627 nisi
2524 2572 2813 2642 resipuerit
2840 2590 2871 2628 a
2904 2587 3072 2642 regno
3099 2573 3193 2629 Dei
3223 2574 3472 2630 alienan-

1889 2665 2038 2721 dum.
2064 2663 2169 2731 Qui
2197 2671 2376 2734 autem
2398 2671 2768 2719 veruscustos
2793 2671 2849 2717 et
2871 2663 3191 2720 observator
3218 2663 3376 2734 hujus
3394 2662 3473 2735 pii

1887 2755 2062 2811 nostri
2093 2753 2280 2810 statuti
2309 2752 2602 2819 exstiterit,
2633 2751 3067 2811 benedictionem
3098 2761 3153 2808 et
3176 2753 3406 2824 gratiam
3437 2768 3472 2809 a
3501 2786 3511 2805 η

1887 2844 2117 2901 Domino
2164 2844 2274 2900 Deo
2309 2851 2497 2899 nostro
2538 2841 2796 2917 consequi
2850 2850 3143 2898 mereatur.
3192 2841 3471 2914 Scriptum

1887 2952 1985 3009 per
2011 2951 2229 2992 manum
2259 2934 2434 3009 Sergii
2474 2933 2742 2991 scriniarii
2769 2943 2970 2989 sanctae
2998 2932 3257 2990 Romanae
3289 2933 3485 2991 Eccle--

1890 3031 1987 3087 siae
2030 3030 2084 3084 in
2112 3044 2297 3085 mense
2342 3027 2689 3091 Novembrio,
2742 3025 3041 3104 indictione
3079 3027 3472 3097 suprascripta,
3508 3058 3514 3063 -

1888 3137 1986 3194 per
2012 3137 2231 3178 manum
2264 3120 2524 3193 Stephani
2550 3118 2864 3175 cancellarii
2911 3127 3113 3174 sanctae
3152 3119 3297 3176 sedis
3339 3133 3475 3189 apo-
3510 3152 3517 3181 ς

1891 3214 2116 3282 stolicte,
2146 3214 2446 3284 imperante
2465 3212 2694 3269 Domino
2709 3211 2955 3284 piissimo
2977 3211 3220 3283 Augusto
3247 3210 3476 3267 Amulio

1755 3305 1781 3318 ‘
1810 3291 1855 3354 C
1886 3321 1917 3363 a
1942 3306 2057 3362 Deo
2075 3313 2355 3365 coronato.
2382 3303 2529 3361 Bene
2564 3304 2757 3361 valete.

2139 3479 2192 3518 IN
2226 3475 2537 3526 SEQUENTE“
2574 3473 2869 3519 EPISTOLAM
2909 3470 3222 3514 ADNONlTIO.

1895 3615 2125 3687 Sequens
2162 3613 2404 3687 Formati
2432 3630 2580 3684 papa:
2608 3612 2826 3687 epistola
2867 3610 3228 3687 argumentum
3244 3613 3479 3687 Aprwbut't
3516 3612 3527 3637 ’

1963 3682 2326 3756 disceptationi
2371 3682 2505 3739 inter
2556 3682 2790 3756 eruditos
2814 3725 2829 3748 ,
2865 3682 3289 3756 eujus_d_eﬁnitio
3335 3694 3480 3737 certa
3514 3700 3527 3727 τ

1966 3751 2115 3812 nunc'
2129 3755 2283 3810 etiam
2307 3763 2654 3824 exspectatur.
2684 3753 2814 3808 Cum
2842 3751 2957 3809 vero
2987 3752 3054 3806 cl.
3080 3751 3303 3824 Wilkins
3328 3769 3482 3808 suam
3518 3786 3527 3819 ί

1964 3844 2025 3881 ea
2054 3827 2117 3881 de
2146 3842 2199 3881 re
2227 3823 2465 3879 exhibere
2500 3824 2941 3894 eonjecturamiiu
2980 3823 3266 3894 novissima
3304 3825 3484 3878 conci-

1965 3897 2156 3951 liorum
2186 3912 2377 3966 magna
2419 3892 2711 3966 Britannia:
2755 3903 2802 3948 et
2843 3893 3037 3966 Scotia:
3076 3892 3377 3966 collectione
3402 3893 3520 3948 ιοοολ

1964 3968 2142 4031 tuerit,
2166 3963 2341 4037 quant'
2359 3965 2459 4037 huc
2490 3963 2791 4037 transferre,
2819 3972 2866 4017 et
2897 3963 3117 4037 resima
3145 3965 3405 4032 pascebat,
3435 3973 3485 4017 et

1966 4033 2243 4093 lectoribus
2265 4052 2370 4091 non
2390 4036 2654 4106 ingratum
2684 4033 2797 4106 [ore
2823 4033 3034 4104 putaui;
3056 4033 3173 4089 ideo
3196 4044 3248 4106 ut
3272 4044 3486 4106 comro-
3514 4088 3521 4093 _

1965 4110 2147 4165 venite
2194 4103 2795 4177 argumenium_melius
2863 4113 3102 4158 teneatur
3163 4103 3482 4177 velutisub
3519 4151 3531 4174 ι

1967 4189 2177 4249 aspectu
2201 4218 2216 4243 ,
2259 4174 2370 4249 tum
2408 4174 2679 4249 epistolam
2718 4177 2919 4249 ipsum,
2956 4183 3172 4249 cantet
3195 4174 3485 4249 doctissimi

1968 4243 2111 4304 illius
2138 4246 2294 4318 Angli
2318 4243 2743 4301 dissertationem'
2763 4243 3106 4299 exhibendam
3136 4245 3286 4297 duxi.
3522 4264 3527 4269 ·

2626 4380 2760 4435 Vill.
2848 4428 2855 4443 ί

2331 4511 2398 4549 Αἰ)
2437 4508 2715 4549 151⁵180οΡοὸ
2754 4505 3033 4561 Ακριυελδ.

1971 4627 2254 4684 Fratribus
2301 4637 2356 4681 et
2395 4625 2518 4679 [iliis
2565 4625 2617 4678 in
2664 4621 2881 4677 Christo
2919 4622 3172 4677 omnibus
3220 4623 3487 4694 episcopis
3522 4602 3533 4699 Ἀ

203 4733 588 4788 conﬁrmatum
631 4731 963 4796 stabilimus,
1011 4730 1083 4785 ita
1114 4730 1320 4786 scilicet
1342 4737 1403 4784 ut
1429 4728 1560 4783 nulli
1593 4719 1876 4784 homini'D
1901 4720 2131 4792 Anglize.
2160 4717 2462 4773 Fonuosus.

280 4851 308 4879 ι
349 4837 570 4909 Scripta
605 4838 817 4893 videtur
857 4836 1021 4892 fuisse
1062 4837 1179 4909 haec
1222 4826 1444 4909 epistola
1490 4844 1611 4906 post
1651 4833 1791 4889 celea

204 4910 426 4964 brutam
456 4905 809 4980 Anglicanam
837 4905 1394 4980 sytm(lum,_de_eujus
1422 4914 1660 4980 tempore
1686 4916 1784 4980 non

206 4980 371 5049 plane
400 4971 639 5034 constat.
671 4979 745 5034 Dc
772 4971 881 5033 hac
903 4978 1108 5048 synodo
1135 4971 1437 5049 Willel'mns
1471 4971 1788 5049 hlaliiiesbtt-
1830 5000 1831 5003 η

208 5046 414 5104 riettsis
445 5068 459 5104 :
499 5069 517 5101 ε
551 5049 657 5105 Sed
690 5059 749 5103 ut
776 5049 843 5102 ad
875 5046 1118 5101 nostrum
1148 5088 1163 5109 ,
1209 5046 1421 5114 inquit,
1466 5046 1800 5107 Etlwardnm

207 5132 480 5182 revertar,
510 5120 637 5188 quid
665 5118 783 5187 ejus
810 5127 1050 5188 tempore
1078 5116 1144 5172 de
1172 5114 1799 5189 renovandisgepiscopa-j

208 5191 363 5245 tibus
411 5206 441 5244 a
489 5185 621 5261 papa
670 5185 937 5264 Formosa
973 5197 1298 5264 praeceptum
1340 5185 1793 5264 sit,__jufcu_riduni

207 5268 345 5329 puto
372 5256 700 5328 memoratu;
740 5260 927 5328 itaque
956 5256 1132 5314 verbis
1148 5256 1362 5314 eisdem
1390 5258 1587 5327 quibus
1613 5256 1795 5315 inveni

141 5376 158 5390 ,ς
207 5330 477 5399 scriptum
509 5333 851 5386 interseram.

289 5395 517 5455 (Anno
557 5417 664 5483 quo
711 5415 744 5454 a
788 5395 1066 5452 nativitate
1109 5395 1322 5453 Domini
1362 5400 1623 5475 transacti
1673 5400 1817 5478 53ml.

1791 5160 1801 5211 κ
1844 5180 1845 5185 ,

1905 4829 2081 4885 omnis
2109 4825 2259 4897 regio
2293 4823 2754 4897 GevissortImLid
2784 4832 2876 4897 est
2895 4823 3339 4897 Westsaronnm.
3370 4822 3488 4890 Quo
3532 4883 3536 4887 ,

1908 4901 2107 4964 audito,
2146 4894 2492 4967 congregavit
2520 4911 2612 4951 rex
2649 4894 2947 4967 Edwardus
2974 4896 3236 4967 synodum
3275 4904 3491 4967 senato-

1893 4984 2025 5026 uum
2056 4962 2232 5041 gentis
2255 4962 2581 5041 Anglorum,
2609 4965 2697 5041 cui
2739 4962 3066 5041 praesidebat
3112 4962 3494 5041 Pleigmuiidus

1899 5030 2789 5112 εινοῇἱῷἱεαψηᾷβαῃιυέιτξθηβὶε
2819 5035 3206 5112 interpretans
3234 5030 3497 5112 'districte
3534 5056 3543 5087 :

1897 5110 2071 5183 verba
2095 5103 2425 5183 apostolicae
2468 5104 2784 5183 legationis.
2819 5103 2999 5183 Tunc:
3017 5124 3113 5164 rex
3161 5110 3233 5183 et.
3259 5103 3503 5183 episcopi

1901 5174 2120 5255 elegere
2150 5172 2267 5255 sibi
2292 5172 3109 5255 suisqug‘salubreconsilium,
3137 5183 3193 5231 et
3218 5172 3379 5255 juxta.
3407 5172 3502 5231 vo-

1902 5243 2029 5307 cetn
2058 5249 2391 5308 Dominicam
2425 5243 2440 5298 Ξ
2481 5248 2676 5310 Messi:
2708 5243 2915 5316 quidem
2937 5243 3124 5313 multa,
3156 5243 3380 5316 operarii
3409 5261 3510 5316 au-

1906 5331 2013 5376 tem
2060 5320 2218 5393 pauci
2261 5315 2489 5393 (Matth.
2533 5323 2645 5392 ιι),
2688 5311 2973 5393 elegerunt
3017 5329 3073 5393 et
3112 5311 3514 5390 constituerunt

1909 5382 2154 5474 Singulos
2188 5382 2479 5474 episcopos
2529 5382 2749 5474 sjﬁgulic
2786 5382 3053 5420 ίηηηηιηηε·

1825 5474 1829 5479 υ
1909 5470 1955 5488 ΑΙ
1994 5460 2132 5500 ,ζῆ-η’
