  <div class='ocr_page' id='page_1' title='image "/cluster/home/n/w/nwhite01/storage/ocr_20150623/129/hvd.32044015471709/429.png"; bbox 0 0 3930 5698; ppageno 0'>
   <div class='ocr_carea' id='block_1_1' title="bbox 499 431 602 486">
    <p class='ocr_par' dir='ltr' id='par_1_1' title="bbox 499 431 602 486">
     <span class='ocr_line' id='line_1_1' title="bbox 499 431 602 486; baseline 0 0"><span class='ocrx_word' id='word_1_1' title='bbox 499 431 602 486; x_wconf 63' lang='grc'><strong>837</strong></span> 
     </span>
    </p>
   </div>
   <div class='ocr_carea' id='block_1_2' title="bbox 1880 439 2416 498">
    <p class='ocr_par' dir='ltr' id='par_1_2' title="bbox 1880 439 2416 498">
     <span class='ocr_line' id='line_1_2' title="bbox 1880 439 2416 498; baseline 0.004 -2"><span class='ocrx_word' id='word_1_2' title='bbox 1880 439 2180 498; x_wconf 69' lang='lat' dir='ltr'><strong>FORMOSI</strong></span> <span class='ocrx_word' id='word_1_3' title='bbox 2217 440 2416 498; x_wconf 61' lang='grc' dir='ltr'><strong>ΡΔΡιῑ</strong></span> 
     </span>
    </p>
   </div>
   <div class='ocr_carea' id='block_1_3' title="bbox 3647 442 3743 498">
    <p class='ocr_par' dir='ltr' id='par_1_3' title="bbox 3647 442 3743 498">
     <span class='ocr_line' id='line_1_3' title="bbox 3647 442 3743 498; baseline -0.01 0"><span class='ocrx_word' id='word_1_4' title='bbox 3647 442 3743 498; x_wconf 61' lang='lat'><strong>818</strong></span> 
     </span>
    </p>
   </div>
   <div class='ocr_carea' id='block_1_4' title="bbox 553 545 3742 629">
    <p class='ocr_par' dir='ltr' id='par_1_4' title="bbox 553 545 3742 629">
     <span class='ocr_line' id='line_1_4' title="bbox 553 545 3742 629; baseline 0.003 -25"><span class='ocrx_word' id='word_1_5' title='bbox 553 547 754 605; x_wconf 76' lang='lat' dir='ltr'><strong>Audito</strong></span> <span class='ocrx_word' id='word_1_6' title='bbox 785 545 1042 604; x_wconf 85' lang='lat' dir='ltr'><strong>ncl&#39;an&#39;dos</strong></span> <span class='ocrx_word' id='word_1_7' title='bbox 1072 548 1203 604; x_wconf 88' lang='lat' dir='ltr'><strong>ritus</strong></span> <span class='ocrx_word' id='word_1_8' title='bbox 1228 564 1556 622; x_wconf 75' lang='lat' dir='ltr'><strong>paganorum</strong></span> <span class='ocrx_word' id='word_1_9' title='bbox 1586 549 1732 625; x_wconf 83' lang='lat' dir='ltr'><strong>[ms.,</strong></span> <span class='ocrx_word' id='word_1_10' title='bbox 1755 552 1952 610; x_wconf 89' lang='lat' dir='ltr'><strong>auditis</strong></span> <span class='ocrx_word' id='word_1_11' title='bbox 1975 570 2070 610; x_wconf 88' lang='lat' dir='ltr'><strong>ne-</strong></span> <span class='ocrx_word' id='word_1_12' title='bbox 2096 558 2142 618; x_wconf 85' lang='grc' dir='ltr'><strong>Α</strong></span> <span class='ocrx_word' id='word_1_13' title='bbox 2171 569 2290 610; x_wconf 88' lang='lat' dir='ltr'><strong>esse</strong></span> <span class='ocrx_word' id='word_1_14' title='bbox 2319 555 2593 627; x_wconf 74' lang='lat' dir='ltr'><strong>subjectos</strong></span> <span class='ocrx_word' id='word_1_15' title='bbox 2614 557 2916 622; x_wconf 86' lang='lat' dir='ltr'><strong>constituit,</strong></span> <span class='ocrx_word' id='word_1_16' title='bbox 2941 555 3022 613; x_wconf 85' lang='lat' dir='ltr'><strong>sic</strong></span> <span class='ocrx_word' id='word_1_17' title='bbox 3049 570 3146 612; x_wconf 90' lang='lat' dir='ltr'><strong>nos</strong></span> <span class='ocrx_word' id='word_1_18' title='bbox 3172 556 3572 629; x_wconf 66' lang='lat' dir='ltr'><strong>prienominato</strong></span> <span class='ocrx_word' id='word_1_19' title='bbox 3600 556 3742 613; x_wconf 76' lang='lat' dir='ltr'><strong>fratri</strong></span> 
     </span>
    </p>
   </div>
   <div class='ocr_carea' id='block_1_5' title="bbox 483 641 2064 715">
    <p class='ocr_par' dir='ltr' id='par_1_5' title="bbox 483 641 2064 715">
     <span class='ocr_line' id='line_1_5' title="bbox 483 641 2064 715; baseline 0.003 -19"><span class='ocrx_word' id='word_1_20' title='bbox 483 642 762 696; x_wconf 74' lang='lat' dir='ltr'><strong>fundorum</strong></span> <span class='ocrx_word' id='word_1_21' title='bbox 813 641 1006 696; x_wconf 76' lang='lat' dir='ltr'><strong>ritibus</strong></span> <span class='ocrx_word' id='word_1_22' title='bbox 1052 642 1417 715; x_wconf 78' lang='lat' dir='ltr'><strong>paganorum]</strong></span> <span class='ocrx_word' id='word_1_23' title='bbox 1472 645 1718 714; x_wconf 77' lang='lat' dir='ltr'><strong>partibus</strong></span> <span class='ocrx_word' id='word_1_24' title='bbox 1768 645 1819 700; x_wconf 91' lang='lat' dir='ltr'><strong>in</strong></span> <span class='ocrx_word' id='word_1_25' title='bbox 1868 647 2064 702; x_wconf 89' lang='lat' dir='ltr'><strong>vestris</strong></span> 
     </span>
    </p>
   </div>
   <div class='ocr_carea' id='block_1_6' title="bbox 481 734 2054 804">
    <p class='ocr_par' dir='ltr' id='par_1_6' title="bbox 481 734 2054 804">
     <span class='ocr_line' id='line_1_6' title="bbox 481 734 2054 804; baseline 0.003 -16"><span class='ocrx_word' id='word_1_26' title='bbox 481 734 855 804; x_wconf 83' lang='lat' dir='ltr'><strong>repullulasse,</strong></span> <span class='ocrx_word' id='word_1_27' title='bbox 886 745 941 789; x_wconf 89' lang='lat' dir='ltr'><strong>et</strong></span> <span class='ocrx_word' id='word_1_28' title='bbox 966 750 1060 789; x_wconf 89' lang='lat' dir='ltr'><strong>vos</strong></span> <span class='ocrx_word' id='word_1_29' title='bbox 1093 735 1326 790; x_wconf 84' lang='lat' dir='ltr'><strong>tenuisse</strong></span> <span class='ocrx_word' id='word_1_30' title='bbox 1355 735 1647 803; x_wconf 88' lang='lat' dir='ltr'><strong>silentium,</strong></span> <span class='ocrx_word' id='word_1_31' title='bbox 1670 747 1728 793; x_wconf 90' lang='lat' dir='ltr'><strong>ut</strong></span> <span class='ocrx_word' id='word_1_32' title='bbox 1759 753 1922 793; x_wconf 87' lang='lat' dir='ltr'><strong>canes</strong></span> <span class='ocrx_word' id='word_1_33' title='bbox 1949 752 2054 794; x_wconf 89' lang='lat' dir='ltr'><strong>non</strong></span> 
     </span>
    </p>
   </div>
   <div class='ocr_carea' id='block_1_7' title="bbox 479 823 2060 898">
    <p class='ocr_par' dir='ltr' id='par_1_7' title="bbox 479 823 2060 898">
     <span class='ocr_line' id='line_1_7' title="bbox 479 823 2060 898; baseline 0.006 -24"><span class='ocrx_word' id='word_1_34' title='bbox 479 823 714 878; x_wconf 85' lang='lat' dir='ltr'><strong>valentes</strong></span> <span class='ocrx_word' id='word_1_35' title='bbox 751 823 945 877; x_wconf 85' lang='lat' dir='ltr'><strong>latrare</strong></span> <span class='ocrx_word' id='word_1_36' title='bbox 971 864 986 885; x_wconf 85' lang='lat'><strong>.</strong></span> <span class='ocrx_word' id='word_1_37' title='bbox 1026 824 1202 895; x_wconf 86' lang='lat' dir='ltr'><strong>gladio</strong></span> <span class='ocrx_word' id='word_1_38' title='bbox 1246 825 1604 896; x_wconf 87' lang='lat' dir='ltr'><strong>separationis</strong></span> <span class='ocrx_word' id='word_1_39' title='bbox 1632 842 1662 882; x_wconf 90' lang='lat' dir='ltr'><strong>a</strong></span> <span class='ocrx_word' id='word_1_40' title='bbox 1705 842 1930 898; x_wconf 89' lang='lat' dir='ltr'><strong>corpore</strong></span> <span class='ocrx_word' id='word_1_41' title='bbox 1966 827 2060 884; x_wconf 85' lang='lat' dir='ltr'><strong>Dei</strong></span> 
     </span>
    </p>
   </div>
   <div class='ocr_carea' id='block_1_8' title="bbox 477 907 2054 988">
    <p class='ocr_par' dir='ltr' id='par_1_8' title="bbox 477 907 2054 988">
     <span class='ocr_line' id='line_1_8' title="bbox 477 907 2054 988; baseline 0.004 -21"><span class='ocrx_word' id='word_1_42' title='bbox 477 913 713 969; x_wconf 81' lang='lat' dir='ltr'><strong>Ecclesia</strong></span> <span class='ocrx_word' id='word_1_43' title='bbox 763 907 910 985; x_wconf 82' lang='lat' dir='ltr'><strong>[ms.,</strong></span> <span class='ocrx_word' id='word_1_44' title='bbox 941 914 1222 988; x_wconf 70' lang='lat' dir='ltr'><strong>Ecclesim]</strong></span> <span class='ocrx_word' id='word_1_45' title='bbox 1273 932 1370 972; x_wconf 89' lang='lat' dir='ltr'><strong>vos</strong></span> <span class='ocrx_word' id='word_1_46' title='bbox 1416 915 1574 973; x_wconf 79' lang='lat' dir='ltr'><strong>ferire</strong></span> <span class='ocrx_word' id='word_1_47' title='bbox 1621 918 2054 975; x_wconf 87' lang='lat' dir='ltr'><strong>deliberavimus.</strong></span> 
     </span>
    </p>
   </div>
   <div class='ocr_carea' id='block_1_9' title="bbox 476 1004 2058 1077">
    <p class='ocr_par' dir='ltr' id='par_1_9' title="bbox 476 1004 2058 1077">
     <span class='ocr_line' id='line_1_9' title="bbox 476 1004 2058 1077; baseline 0.005 -18"><span class='ocrx_word' id='word_1_48' title='bbox 476 1004 580 1060; x_wconf 89' lang='lat' dir='ltr'><strong>Sed</strong></span> <span class='ocrx_word' id='word_1_49' title='bbox 611 1006 734 1077; x_wconf 89' lang='lat' dir='ltr'><strong>quia</strong></span> <span class='ocrx_word' id='word_1_50' title='bbox 754 1048 768 1071; x_wconf 94' lang='lat'><strong>,</strong></span> <span class='ocrx_word' id='word_1_51' title='bbox 813 1016 872 1061; x_wconf 92' lang='lat' dir='ltr'><strong>ut</strong></span> <span class='ocrx_word' id='word_1_52' title='bbox 898 1009 1052 1064; x_wconf 90' lang='lat' dir='ltr'><strong>nobis</strong></span> <span class='ocrx_word' id='word_1_53' title='bbox 1073 1009 1298 1065; x_wconf 89' lang='lat' dir='ltr'><strong>dilectus</strong></span> <span class='ocrx_word' id='word_1_54' title='bbox 1327 1009 1496 1064; x_wconf 79' lang='lat' dir='ltr'><strong>frater</strong></span> <span class='ocrx_word' id='word_1_55' title='bbox 1521 1019 1704 1067; x_wconf 89' lang='lat' dir='ltr'><strong>noster</strong></span> <span class='ocrx_word' id='word_1_56' title='bbox 1731 1010 2058 1067; x_wconf 84' lang='lat' dir='ltr'><strong>Plemundns</strong></span> 
     </span>
    </p>
   </div>
   <div class='ocr_carea' id='block_1_10' title="bbox 474 1094 2054 1171">
    <p class='ocr_par' dir='ltr' id='par_1_10' title="bbox 474 1094 2054 1171">
     <span class='ocr_line' id='line_1_10' title="bbox 474 1094 2054 1171; baseline 0.007 -26"><span class='ocrx_word' id='word_1_57' title='bbox 474 1094 617 1166; x_wconf 85' lang='lat' dir='ltr'><strong>[ms.,</strong></span> <span class='ocrx_word' id='word_1_58' title='bbox 657 1095 1052 1166; x_wconf 85' lang='lat' dir='ltr'><strong>Plegemnndus</strong></span> <span class='ocrx_word' id='word_1_59' title='bbox 1088 1097 1170 1151; x_wconf 83' lang='lat' dir='ltr'><strong>hic</strong></span> <span class='ocrx_word' id='word_1_60' title='bbox 1197 1106 1244 1153; x_wconf 84' lang='lat' dir='ltr'><strong>et</strong></span> <span class='ocrx_word' id='word_1_61' title='bbox 1269 1097 1433 1171; x_wconf 82' lang='lat' dir='ltr'><strong>infra]</strong></span> <span class='ocrx_word' id='word_1_62' title='bbox 1485 1099 1787 1168; x_wconf 89' lang='lat' dir='ltr'><strong>intimavit,</strong></span> <span class='ocrx_word' id='word_1_63' title='bbox 1837 1102 2054 1156; x_wconf 80' lang='lat' dir='ltr'><strong>tandem</strong></span> 
     </span>
    </p>
   </div>
   <div class='ocr_carea' id='block_1_11' title="bbox 469 1186 2056 1256">
    <p class='ocr_par' dir='ltr' id='par_1_11' title="bbox 469 1186 2056 1256">
     <span class='ocr_line' id='line_1_11' title="bbox 469 1186 2056 1256; baseline 0.006 -18"><span class='ocrx_word' id='word_1_64' title='bbox 469 1186 792 1256; x_wconf 83' lang='lat' dir='ltr'><strong>cvigilaslis,</strong></span> <span class='ocrx_word' id='word_1_65' title='bbox 832 1197 888 1243; x_wconf 91' lang='lat' dir='ltr'><strong>et</strong></span> <span class='ocrx_word' id='word_1_66' title='bbox 935 1189 1140 1244; x_wconf 82' lang='lat' dir='ltr'><strong>semina</strong></span> <span class='ocrx_word' id='word_1_67' title='bbox 1174 1189 1321 1245; x_wconf 83' lang='lat' dir='ltr'><strong>verbi</strong></span> <span class='ocrx_word' id='word_1_68' title='bbox 1381 1189 1475 1246; x_wconf 87' lang='lat' dir='ltr'><strong>Dei</strong></span> <span class='ocrx_word' id='word_1_69' title='bbox 1521 1191 1647 1245; x_wconf 91' lang='lat' dir='ltr'><strong>olim</strong></span> <span class='ocrx_word' id='word_1_70' title='bbox 1677 1191 2056 1247; x_wconf 79' lang='lat' dir='ltr'><strong>venerabiliter</strong></span> 
     </span>
    </p>
   </div>
   <div class='ocr_carea' id='block_1_12' title="bbox 467 1277 2052 1351">
    <p class='ocr_par' dir='ltr' id='par_1_12' title="bbox 467 1277 2052 1351">
     <span class='ocr_line' id='line_1_12' title="bbox 467 1277 2052 1351; baseline 0.005 -21"><span class='ocrx_word' id='word_1_71' title='bbox 467 1277 607 1346; x_wconf 77' lang='lat' dir='ltr'><strong>iacta</strong></span> <span class='ocrx_word' id='word_1_72' title='bbox 640 1279 693 1332; x_wconf 90' lang='lat' dir='ltr'><strong>in</strong></span> <span class='ocrx_word' id='word_1_73' title='bbox 724 1286 865 1332; x_wconf 89' lang='lat' dir='ltr'><strong>terra</strong></span> <span class='ocrx_word' id='word_1_74' title='bbox 895 1278 1184 1349; x_wconf 80' lang='lat' dir='ltr'><strong>Anglorum</strong></span> <span class='ocrx_word' id='word_1_75' title='bbox 1217 1281 1459 1351; x_wconf 73' lang='lat' dir='ltr'><strong>cmpistis</strong></span> <span class='ocrx_word' id='word_1_76' title='bbox 1509 1296 1800 1348; x_wconf 89' lang='lat' dir='ltr'><strong>renovare,</strong></span> <span class='ocrx_word' id='word_1_77' title='bbox 1837 1298 2052 1338; x_wconf 85' lang='lat' dir='ltr'><strong>mucro-</strong></span> 
     </span>
    </p>
   </div>
   <div class='ocr_carea' id='block_1_13' title="bbox 469 1368 2043 1444">
    <p class='ocr_par' dir='ltr' id='par_1_13' title="bbox 469 1368 2043 1444">
     <span class='ocr_line' id='line_1_13' title="bbox 469 1368 2043 1444; baseline 0.004 -24"><span class='ocrx_word' id='word_1_78' title='bbox 469 1382 592 1421; x_wconf 90' lang='lat' dir='ltr'><strong>nem</strong></span> <span class='ocrx_word' id='word_1_79' title='bbox 645 1368 1008 1424; x_wconf 87' lang='lat' dir='ltr'><strong>devorationis</strong></span> <span class='ocrx_word' id='word_1_80' title='bbox 1063 1369 1210 1441; x_wconf 87' lang='lat' dir='ltr'><strong>[ms.,</strong></span> <span class='ocrx_word' id='word_1_81' title='bbox 1253 1370 1632 1444; x_wconf 86' lang='lat' dir='ltr'><strong>devotationis]</strong></span> <span class='ocrx_word' id='word_1_82' title='bbox 1686 1372 2043 1438; x_wconf 84' lang='lat' dir='ltr'><strong>retrahentes,</strong></span> 
     </span>
    </p>
   </div>
   <div class='ocr_carea' id='block_1_14' title="bbox 467 1457 2046 1534">
    <p class='ocr_par' dir='ltr' id='par_1_14' title="bbox 467 1457 2046 1534">
     <span class='ocr_line' id='line_1_14' title="bbox 467 1457 2046 1534; baseline 0.005 -24"><span class='ocrx_word' id='word_1_83' title='bbox 467 1457 560 1511; x_wconf 86' lang='lat' dir='ltr'><strong>Dei</strong></span> <span class='ocrx_word' id='word_1_84' title='bbox 583 1459 964 1528; x_wconf 86' lang='lat' dir='ltr'><strong>omnipotentis</strong></span> <span class='ocrx_word' id='word_1_85' title='bbox 985 1468 1040 1515; x_wconf 90' lang='lat' dir='ltr'><strong>et</strong></span> <span class='ocrx_word' id='word_1_86' title='bbox 1067 1461 1208 1515; x_wconf 84' lang='lat' dir='ltr'><strong>beati</strong></span> <span class='ocrx_word' id='word_1_87' title='bbox 1232 1460 1374 1516; x_wconf 86' lang='lat' dir='ltr'><strong>Petri</strong></span> <span class='ocrx_word' id='word_1_88' title='bbox 1399 1461 1762 1532; x_wconf 86' lang='lat' dir='ltr'><strong>apostolorum</strong></span> <span class='ocrx_word' id='word_1_89' title='bbox 1788 1463 2046 1534; x_wconf 85' lang='lat' dir='ltr'><strong>principis</strong></span> 
     </span>
    </p>
   </div>
   <div class='ocr_carea' id='block_1_15' title="bbox 463 1548 2044 1616">
    <p class='ocr_par' dir='ltr' id='par_1_15' title="bbox 463 1548 2044 1616">
     <span class='ocr_line' id='line_1_15' title="bbox 463 1548 2044 1616; baseline 0.003 -13"><span class='ocrx_word' id='word_1_90' title='bbox 463 1548 894 1605; x_wconf 83' lang='lat' dir='ltr'><strong>benedictionem</strong></span> <span class='ocrx_word' id='word_1_91' title='bbox 932 1551 1084 1606; x_wconf 82' lang='lat' dir='ltr'><strong>vobis</strong></span> <span class='ocrx_word' id='word_1_92' title='bbox 1129 1552 1393 1606; x_wconf 89' lang='lat' dir='ltr'><strong>mittimus</strong></span> <span class='ocrx_word' id='word_1_93' title='bbox 1415 1592 1430 1616; x_wconf 92' lang='lat'><strong>,</strong></span> <span class='ocrx_word' id='word_1_94' title='bbox 1483 1562 1702 1610; x_wconf 85' lang='lat' dir='ltr'><strong>orantes</strong></span> <span class='ocrx_word' id='word_1_95' title='bbox 1730 1562 1788 1608; x_wconf 91' lang='lat' dir='ltr'><strong>ut</strong></span> <span class='ocrx_word' id='word_1_96' title='bbox 1821 1553 1875 1608; x_wconf 90' lang='lat' dir='ltr'><strong>in</strong></span> <span class='ocrx_word' id='word_1_97' title='bbox 1906 1554 2044 1609; x_wconf 86' lang='lat' dir='ltr'><strong>bene</strong></span> 
     </span>
    </p>
   </div>
   <div class='ocr_carea' id='block_1_16' title="bbox 460 1643 2043 1712">
    <p class='ocr_par' dir='ltr' id='par_1_16' title="bbox 460 1643 2043 1712">
     <span class='ocr_line' id='line_1_16' title="bbox 460 1643 2043 1712; baseline 0.001 -14"><span class='ocrx_word' id='word_1_98' title='bbox 460 1643 652 1712; x_wconf 72' lang='lat' dir='ltr'><strong>emptis</strong></span> <span class='ocrx_word' id='word_1_99' title='bbox 672 1643 1125 1712; x_wconf 88' lang='lat' dir='ltr'><strong>perseverantiam</strong></span> <span class='ocrx_word' id='word_1_100' title='bbox 1155 1645 1418 1700; x_wconf 80' lang='lat' dir='ltr'><strong>habeatis.</strong></span> <span class='ocrx_word' id='word_1_101' title='bbox 1450 1645 1559 1701; x_wconf 77' lang='lat' dir='ltr'><strong>Vos</strong></span> <span class='ocrx_word' id='word_1_102' title='bbox 1587 1645 1728 1701; x_wconf 91' lang='lat' dir='ltr'><strong>enim</strong></span> <span class='ocrx_word' id='word_1_103' title='bbox 1767 1646 1897 1701; x_wconf 88' lang='lat' dir='ltr'><strong>estis</strong></span> <span class='ocrx_word' id='word_1_104' title='bbox 1935 1645 2043 1700; x_wconf 77' lang='lat' dir='ltr'><strong>fra-</strong></span> 
     </span>
    </p>
   </div>
   <div class='ocr_carea' id='block_1_17' title="bbox 461 1730 2035 1805">
    <p class='ocr_par' dir='ltr' id='par_1_17' title="bbox 461 1730 2035 1805">
     <span class='ocr_line' id='line_1_17' title="bbox 461 1730 2035 1805; baseline 0.003 -21"><span class='ocrx_word' id='word_1_105' title='bbox 461 1739 600 1793; x_wconf 87' lang='lat' dir='ltr'><strong>tres,</strong></span> <span class='ocrx_word' id='word_1_106' title='bbox 641 1731 706 1785; x_wconf 88' lang='lat' dir='ltr'><strong>de</strong></span> <span class='ocrx_word' id='word_1_107' title='bbox 733 1730 928 1801; x_wconf 91' lang='lat' dir='ltr'><strong>quibus</strong></span> <span class='ocrx_word' id='word_1_108' title='bbox 967 1731 1193 1803; x_wconf 89' lang='lat' dir='ltr'><strong>loquens</strong></span> <span class='ocrx_word' id='word_1_109' title='bbox 1230 1733 1488 1790; x_wconf 87' lang='lat' dir='ltr'><strong>Dominus</strong></span> <span class='ocrx_word' id='word_1_110' title='bbox 1523 1734 1664 1789; x_wconf 88' lang='lat' dir='ltr'><strong>inter</strong></span> <span class='ocrx_word' id='word_1_111' title='bbox 1690 1734 1792 1790; x_wconf 84' lang='lat' dir='ltr'><strong>alia</strong></span> <span class='ocrx_word' id='word_1_112' title='bbox 1820 1735 1992 1805; x_wconf 82' lang='lat' dir='ltr'><strong>inquit</strong></span> <span class='ocrx_word' id='word_1_113' title='bbox 2022 1753 2035 1789; x_wconf 91' lang='lat'><strong>:</strong></span> 
     </span>
    </p>
   </div>
   <div class='ocr_carea' id='block_1_18' title="bbox 468 1819 2042 1896">
    <p class='ocr_par' dir='ltr' id='par_1_18' title="bbox 468 1819 2042 1896">
     <span class='ocr_line' id='line_1_18' title="bbox 468 1819 2042 1896; baseline 0.005 -24"><span class='ocrx_word' id='word_1_114' title='bbox 468 1819 567 1876; x_wconf 82' lang='lat' dir='ltr'><strong>Vos</strong></span> <span class='ocrx_word' id='word_1_115' title='bbox 589 1824 709 1876; x_wconf 88' lang='lat' dir='ltr'><strong>estis</strong></span> <span class='ocrx_word' id='word_1_116' title='bbox 743 1822 823 1876; x_wconf 86' lang='lat' dir='ltr'><strong>sal</strong></span> <span class='ocrx_word' id='word_1_117' title='bbox 851 1832 1034 1888; x_wconf 70' lang='lat' dir='ltr'><strong>terrm;</strong></span> <span class='ocrx_word' id='word_1_118' title='bbox 1057 1833 1103 1878; x_wconf 85' lang='lat' dir='ltr'><strong>et</strong></span> <span class='ocrx_word' id='word_1_119' title='bbox 1127 1825 1170 1877; x_wconf 89' lang='lat' dir='ltr'><strong>si</strong></span> <span class='ocrx_word' id='word_1_120' title='bbox 1188 1823 1268 1878; x_wconf 87' lang='lat' dir='ltr'><strong>sal</strong></span> <span class='ocrx_word' id='word_1_121' title='bbox 1287 1825 1572 1890; x_wconf 68' lang='lat' dir='ltr'><strong>cucurrerit,</strong></span> <span class='ocrx_word' id='word_1_122' title='bbox 1589 1826 1643 1878; x_wconf 88' lang='lat' dir='ltr'><strong>in</strong></span> <span class='ocrx_word' id='word_1_123' title='bbox 1659 1841 1760 1896; x_wconf 84' lang='lat' dir='ltr'><strong>quo</strong></span> <span class='ocrx_word' id='word_1_124' title='bbox 1780 1825 1998 1880; x_wconf 77' lang='lat' dir='ltr'><strong>satietur</strong></span> <span class='ocrx_word' id='word_1_125' title='bbox 2014 1828 2042 1880; x_wconf 72' lang='lat'><strong><em>?</em></strong></span> 
     </span>
    </p>
   </div>
   <div class='ocr_carea' id='block_1_19' title="bbox 454 1913 2112 1990">
    <p class='ocr_par' dir='ltr' id='par_1_19' title="bbox 454 1913 2112 1990">
     <span class='ocr_line' id='line_1_19' title="bbox 454 1913 2112 1990; baseline 0.004 -21"><span class='ocrx_word' id='word_1_126' title='bbox 454 1913 671 1985; x_wconf 71' lang='lat' dir='ltr'><strong>(Matth.</strong></span> <span class='ocrx_word' id='word_1_127' title='bbox 693 1921 771 1986; x_wconf 77' lang='grc' dir='ltr'><strong>ν.)</strong></span> <span class='ocrx_word' id='word_1_128' title='bbox 794 1916 856 1970; x_wconf 86' lang='lat' dir='ltr'><strong>Et</strong></span> <span class='ocrx_word' id='word_1_129' title='bbox 881 1917 1073 1972; x_wconf 86' lang='lat' dir='ltr'><strong>iterum</strong></span> <span class='ocrx_word' id='word_1_130' title='bbox 1103 1934 1115 1971; x_wconf 92' lang='lat'><strong>:</strong></span> <span class='ocrx_word' id='word_1_131' title='bbox 1150 1916 1252 1972; x_wconf 82' lang='lat' dir='ltr'><strong>Vos</strong></span> <span class='ocrx_word' id='word_1_132' title='bbox 1273 1919 1393 1973; x_wconf 87' lang='lat' dir='ltr'><strong>estis</strong></span> <span class='ocrx_word' id='word_1_133' title='bbox 1417 1917 1510 1973; x_wconf 76' lang='lat' dir='ltr'><strong>lux</strong></span> <span class='ocrx_word' id='word_1_134' title='bbox 1530 1919 1710 1973; x_wconf 83' lang='lat' dir='ltr'><strong>mundi</strong></span> <span class='ocrx_word' id='word_1_135' title='bbox 1734 1918 1906 1990; x_wconf 86' lang='lat' dir='ltr'><strong>(ibid.)</strong></span> <span class='ocrx_word' id='word_1_136' title='bbox 1934 1937 1947 1973; x_wconf 86' lang='lat'><strong>:</strong></span> <span class='ocrx_word' id='word_1_137' title='bbox 1971 1919 2036 1976; x_wconf 84' lang='lat' dir='ltr'><strong>si-</strong></span> <span class='ocrx_word' id='word_1_138' title='bbox 2073 1916 2112 1975; x_wconf 76' lang='grc' dir='ltr'><strong>Β</strong></span> 
     </span>
    </p>
   </div>
   <div class='ocr_carea' id='block_1_20' title="bbox 453 2003 2040 2079">
    <p class='ocr_par' dir='ltr' id='par_1_20' title="bbox 453 2003 2040 2079">
     <span class='ocr_line' id='line_1_20' title="bbox 453 2003 2040 2079; baseline 0.004 -22"><span class='ocrx_word' id='word_1_139' title='bbox 453 2003 711 2072; x_wconf 83' lang='lat' dir='ltr'><strong>gniﬁcare</strong></span> <span class='ocrx_word' id='word_1_140' title='bbox 733 2006 919 2062; x_wconf 87' lang='lat' dir='ltr'><strong>volens</strong></span> <span class='ocrx_word' id='word_1_141' title='bbox 948 2021 1045 2076; x_wconf 90' lang='lat' dir='ltr'><strong>per</strong></span> <span class='ocrx_word' id='word_1_142' title='bbox 1070 2007 1218 2062; x_wconf 89' lang='lat' dir='ltr'><strong>verbi</strong></span> <span class='ocrx_word' id='word_1_143' title='bbox 1249 2008 1567 2079; x_wconf 86' lang='lat' dir='ltr'><strong>sapientiam</strong></span> <span class='ocrx_word' id='word_1_144' title='bbox 1597 2009 1804 2063; x_wconf 90' lang='lat' dir='ltr'><strong>condiri</strong></span> <span class='ocrx_word' id='word_1_145' title='bbox 1833 2017 2040 2065; x_wconf 85' lang='lat' dir='ltr'><strong>mentes</strong></span> 
     </span>
    </p>
   </div>
   <div class='ocr_carea' id='block_1_21' title="bbox 451 2096 2040 2164">
    <p class='ocr_par' dir='ltr' id='par_1_21' title="bbox 451 2096 2040 2164">
     <span class='ocr_line' id='line_1_21' title="bbox 451 2096 2040 2164; baseline 0.003 -14"><span class='ocrx_word' id='word_1_146' title='bbox 451 2097 729 2152; x_wconf 89' lang='lat' dir='ltr'><strong>homimnn</strong></span> <span class='ocrx_word' id='word_1_147' title='bbox 753 2113 781 2152; x_wconf 86' lang='lat' dir='ltr'><strong>a</strong></span> <span class='ocrx_word' id='word_1_148' title='bbox 805 2097 956 2152; x_wconf 85' lang='lat' dir='ltr'><strong>vobis</strong></span> <span class='ocrx_word' id='word_1_149' title='bbox 976 2096 1206 2164; x_wconf 81' lang='lat' dir='ltr'><strong>debere;</strong></span> <span class='ocrx_word' id='word_1_150' title='bbox 1230 2107 1285 2152; x_wconf 90' lang='lat' dir='ltr'><strong>et</strong></span> <span class='ocrx_word' id='word_1_151' title='bbox 1305 2098 1357 2152; x_wconf 92' lang='lat' dir='ltr'><strong>in</strong></span> <span class='ocrx_word' id='word_1_152' title='bbox 1381 2099 1641 2157; x_wconf 86' lang='lat' dir='ltr'><strong>moribus.</strong></span> <span class='ocrx_word' id='word_1_153' title='bbox 1662 2099 1790 2154; x_wconf 83' lang='lat' dir='ltr'><strong>etin</strong></span> <span class='ocrx_word' id='word_1_154' title='bbox 1816 2099 1924 2154; x_wconf 91' lang='lat' dir='ltr'><strong>vita</strong></span> <span class='ocrx_word' id='word_1_155' title='bbox 1949 2113 2040 2154; x_wconf 86' lang='lat' dir='ltr'><strong>ve-</strong></span> 
     </span>
    </p>
   </div>
   <div class='ocr_carea' id='block_1_22' title="bbox 451 2187 2037 2260">
    <p class='ocr_par' dir='ltr' id='par_1_22' title="bbox 451 2187 2037 2260">
     <span class='ocr_line' id='line_1_22' title="bbox 451 2187 2037 2260; baseline 0.003 -20"><span class='ocrx_word' id='word_1_156' title='bbox 451 2195 563 2242; x_wconf 84' lang='lat' dir='ltr'><strong>stra</strong></span> <span class='ocrx_word' id='word_1_157' title='bbox 593 2187 747 2242; x_wconf 64' lang='lat' dir='ltr'><strong>bona:</strong></span> <span class='ocrx_word' id='word_1_158' title='bbox 777 2188 1004 2244; x_wconf 89' lang='lat' dir='ltr'><strong>actionis</strong></span> <span class='ocrx_word' id='word_1_159' title='bbox 1038 2189 1305 2255; x_wconf 89' lang='lat' dir='ltr'><strong>studium,</strong></span> <span class='ocrx_word' id='word_1_160' title='bbox 1347 2190 1502 2260; x_wconf 91' lang='lat' dir='ltr'><strong>quasi</strong></span> <span class='ocrx_word' id='word_1_161' title='bbox 1553 2190 1729 2245; x_wconf 88' lang='lat' dir='ltr'><strong>lumen</strong></span> <span class='ocrx_word' id='word_1_162' title='bbox 1773 2205 2037 2260; x_wconf 64' lang='lat' dir='ltr'><strong>apparere</strong></span> 
     </span>
    </p>
   </div>
   <div class='ocr_carea' id='block_1_23' title="bbox 449 2279 2034 2350">
    <p class='ocr_par' dir='ltr' id='par_1_23' title="bbox 449 2279 2034 2350">
     <span class='ocr_line' id='line_1_23' title="bbox 449 2279 2034 2350; baseline 0.003 -18"><span class='ocrx_word' id='word_1_163' title='bbox 449 2279 598 2344; x_wconf 83' lang='lat' dir='ltr'><strong>ﬁdei,</strong></span> <span class='ocrx_word' id='word_1_164' title='bbox 634 2292 730 2348; x_wconf 89' lang='lat' dir='ltr'><strong>per</strong></span> <span class='ocrx_word' id='word_1_165' title='bbox 759 2280 900 2350; x_wconf 91' lang='lat' dir='ltr'><strong>quod</strong></span> <span class='ocrx_word' id='word_1_166' title='bbox 929 2280 1233 2350; x_wconf 80' lang='lat' dir='ltr'><strong>gradientes</strong></span> <span class='ocrx_word' id='word_1_167' title='bbox 1264 2281 1329 2335; x_wconf 88' lang='lat' dir='ltr'><strong>ad</strong></span> <span class='ocrx_word' id='word_1_168' title='bbox 1361 2282 1550 2346; x_wconf 90' lang='lat' dir='ltr'><strong>vitam,</strong></span> <span class='ocrx_word' id='word_1_169' title='bbox 1583 2281 1849 2350; x_wconf 90' lang='lat' dir='ltr'><strong>quomodo</strong></span> <span class='ocrx_word' id='word_1_170' title='bbox 1881 2289 2034 2336; x_wconf 84' lang='lat' dir='ltr'><strong>caute</strong></span> 
     </span>
    </p>
   </div>
   <div class='ocr_carea' id='block_1_24' title="bbox 448 2369 2035 2442">
    <p class='ocr_par' dir='ltr' id='par_1_24' title="bbox 448 2369 2035 2442">
     <span class='ocr_line' id='line_1_24' title="bbox 448 2369 2035 2442; baseline 0.001 -18"><span class='ocrx_word' id='word_1_171' title='bbox 448 2369 742 2437; x_wconf 86' lang='lat' dir='ltr'><strong>ambulent,</strong></span> <span class='ocrx_word' id='word_1_172' title='bbox 766 2371 999 2436; x_wconf 81' lang='lat' dir='ltr'><strong>videant,</strong></span> <span class='ocrx_word' id='word_1_173' title='bbox 1027 2380 1086 2426; x_wconf 90' lang='lat' dir='ltr'><strong>ut</strong></span> <span class='ocrx_word' id='word_1_174' title='bbox 1111 2372 1176 2428; x_wconf 89' lang='lat' dir='ltr'><strong>ad</strong></span> <span class='ocrx_word' id='word_1_175' title='bbox 1202 2371 1612 2442; x_wconf 85' lang='lat' dir='ltr'><strong>promissionem</strong></span> <span class='ocrx_word' id='word_1_176' title='bbox 1635 2380 1850 2426; x_wconf 76' lang='lat' dir='ltr'><strong>aeterna:</strong></span> <span class='ocrx_word' id='word_1_177' title='bbox 1869 2370 2035 2428; x_wconf 87' lang='lat' dir='ltr'><strong>beati-</strong></span> 
     </span>
    </p>
   </div>
   <div class='ocr_carea' id='block_1_25' title="bbox 447 2461 1914 2535">
    <p class='ocr_par' dir='ltr' id='par_1_25' title="bbox 447 2461 1914 2535">
     <span class='ocr_line' id='line_1_25' title="bbox 447 2461 1914 2535; baseline 0.001 -19"><span class='ocrx_word' id='word_1_178' title='bbox 447 2461 644 2517; x_wconf 90' lang='lat' dir='ltr'><strong>tudinis</strong></span> <span class='ocrx_word' id='word_1_179' title='bbox 680 2463 796 2518; x_wconf 90' lang='lat' dir='ltr'><strong>sine</strong></span> <span class='ocrx_word' id='word_1_180' title='bbox 829 2462 1032 2518; x_wconf 75' lang='lat' dir='ltr'><strong>oll‘ensa</strong></span> <span class='ocrx_word' id='word_1_181' title='bbox 1070 2473 1350 2520; x_wconf 88' lang='lat' dir='ltr'><strong>currentes</strong></span> <span class='ocrx_word' id='word_1_182' title='bbox 1378 2463 1591 2519; x_wconf 84' lang='lat' dir='ltr'><strong>valeant</strong></span> <span class='ocrx_word' id='word_1_183' title='bbox 1613 2464 1914 2535; x_wconf 89' lang='lat' dir='ltr'><strong>pervenire.</strong></span> 
     </span>
    </p>
   </div>
   <div class='ocr_carea' id='block_1_26' title="bbox 516 2550 2026 2626">
    <p class='ocr_par' dir='ltr' id='par_1_26' title="bbox 516 2550 2026 2626">
     <span class='ocr_line' id='line_1_26' title="bbox 516 2550 2026 2626; baseline 0.003 -21"><span class='ocrx_word' id='word_1_184' title='bbox 516 2550 667 2609; x_wconf 86' lang='lat' dir='ltr'><strong>Nunc</strong></span> <span class='ocrx_word' id='word_1_185' title='bbox 704 2554 1048 2623; x_wconf 85' lang='lat' dir='ltr'><strong>accingimini</strong></span> <span class='ocrx_word' id='word_1_186' title='bbox 1077 2569 1227 2625; x_wconf 87' lang='lat' dir='ltr'><strong>ergo,</strong></span> <span class='ocrx_word' id='word_1_187' title='bbox 1265 2563 1321 2610; x_wconf 89' lang='lat' dir='ltr'><strong>et</strong></span> <span class='ocrx_word' id='word_1_188' title='bbox 1349 2554 1565 2626; x_wconf 80' lang='lat' dir='ltr'><strong>vigilate</strong></span> <span class='ocrx_word' id='word_1_189' title='bbox 1594 2564 1783 2610; x_wconf 89' lang='lat' dir='ltr'><strong>contra</strong></span> <span class='ocrx_word' id='word_1_190' title='bbox 1816 2554 2026 2610; x_wconf 89' lang='lat' dir='ltr'><strong>leonem</strong></span> 
     </span>
    </p>
   </div>
   <div class='ocr_carea' id='block_1_27' title="bbox 447 2642 2024 2716">
    <p class='ocr_par' dir='ltr' id='par_1_27' title="bbox 447 2642 2024 2716">
     <span class='ocr_line' id='line_1_27' title="bbox 447 2642 2024 2716; baseline -0.001 -17"><span class='ocrx_word' id='word_1_191' title='bbox 447 2643 540 2713; x_wconf 88' lang='lat' dir='ltr'><strong>qui</strong></span> <span class='ocrx_word' id='word_1_192' title='bbox 566 2644 760 2700; x_wconf 88' lang='lat' dir='ltr'><strong>circuit</strong></span> <span class='ocrx_word' id='word_1_193' title='bbox 787 2642 929 2716; x_wconf 87' lang='lat' dir='ltr'><strong>[ms.,</strong></span> <span class='ocrx_word' id='word_1_194' title='bbox 962 2643 1254 2716; x_wconf 83' lang='lat' dir='ltr'><strong>circumit],</strong></span> <span class='ocrx_word' id='word_1_195' title='bbox 1297 2658 1544 2714; x_wconf 60' lang='lat' dir='ltr'><strong>quaerens</strong></span> <span class='ocrx_word' id='word_1_196' title='bbox 1573 2658 1732 2715; x_wconf 89' lang='lat' dir='ltr'><strong>quem</strong></span> <span class='ocrx_word' id='word_1_197' title='bbox 1774 2643 2024 2709; x_wconf 84' lang='lat' dir='ltr'><strong>devoret;</strong></span> 
     </span>
    </p>
   </div>
   <div class='ocr_carea' id='block_1_28' title="bbox 444 2736 2025 2809">
    <p class='ocr_par' dir='ltr' id='par_1_28' title="bbox 444 2736 2025 2809">
     <span class='ocr_line' id='line_1_28' title="bbox 444 2736 2025 2809; baseline 0.001 -19"><span class='ocrx_word' id='word_1_198' title='bbox 444 2745 500 2791; x_wconf 88' lang='lat' dir='ltr'><strong>ct</strong></span> <span class='ocrx_word' id='word_1_199' title='bbox 527 2752 631 2792; x_wconf 91' lang='lat' dir='ltr'><strong>non</strong></span> <span class='ocrx_word' id='word_1_200' title='bbox 677 2738 955 2808; x_wconf 87' lang='lat' dir='ltr'><strong>patiamini</strong></span> <span class='ocrx_word' id='word_1_201' title='bbox 986 2736 1211 2792; x_wconf 89' lang='lat' dir='ltr'><strong>ulterius</strong></span> <span class='ocrx_word' id='word_1_202' title='bbox 1253 2737 1308 2793; x_wconf 92' lang='lat' dir='ltr'><strong>in</strong></span> <span class='ocrx_word' id='word_1_203' title='bbox 1344 2737 1565 2809; x_wconf 79' lang='lat' dir='ltr'><strong>regione</strong></span> <span class='ocrx_word' id='word_1_204' title='bbox 1592 2747 1774 2792; x_wconf 90' lang='lat' dir='ltr'><strong>vestra</strong></span> <span class='ocrx_word' id='word_1_205' title='bbox 1801 2737 2025 2807; x_wconf 87' lang='lat' dir='ltr'><strong>penuria</strong></span> 
     </span>
    </p>
   </div>
   <div class='ocr_carea' id='block_1_29' title="bbox 440 2825 2024 2901">
    <p class='ocr_par' dir='ltr' id='par_1_29' title="bbox 440 2825 2024 2901">
     <span class='ocr_line' id='line_1_29' title="bbox 440 2825 2024 2901; baseline 0.002 -22"><span class='ocrx_word' id='word_1_206' title='bbox 440 2837 718 2897; x_wconf 80' lang='lat' dir='ltr'><strong>pastorum</strong></span> <span class='ocrx_word' id='word_1_207' title='bbox 745 2829 1108 2884; x_wconf 84' lang='lat' dir='ltr'><strong>Christianam</strong></span> <span class='ocrx_word' id='word_1_208' title='bbox 1149 2825 1307 2883; x_wconf 80' lang='lat' dir='ltr'><strong>(idem</strong></span> <span class='ocrx_word' id='word_1_209' title='bbox 1355 2826 1503 2900; x_wconf 82' lang='lat' dir='ltr'><strong>[ms.,</strong></span> <span class='ocrx_word' id='word_1_210' title='bbox 1534 2825 1872 2901; x_wconf 86' lang='lat' dir='ltr'><strong>religionem]</strong></span> <span class='ocrx_word' id='word_1_211' title='bbox 1912 2826 2024 2882; x_wconf 90' lang='lat' dir='ltr'><strong>vio-</strong></span> 
     </span>
    </p>
   </div>
   <div class='ocr_carea' id='block_1_30' title="bbox 438 2917 2023 2991">
    <p class='ocr_par' dir='ltr' id='par_1_30' title="bbox 438 2917 2023 2991">
     <span class='ocr_line' id='line_1_30' title="bbox 438 2917 2023 2991; baseline 0.001 -19"><span class='ocrx_word' id='word_1_212' title='bbox 438 2919 561 2986; x_wconf 85' lang='lat' dir='ltr'><strong>lari,</strong></span> <span class='ocrx_word' id='word_1_213' title='bbox 586 2935 800 2991; x_wconf 87' lang='lat' dir='ltr'><strong>gregem</strong></span> <span class='ocrx_word' id='word_1_214' title='bbox 829 2921 921 2976; x_wconf 86' lang='lat' dir='ltr'><strong>Dei</strong></span> <span class='ocrx_word' id='word_1_215' title='bbox 945 2919 1154 2990; x_wconf 86' lang='lat' dir='ltr'><strong>vagari,</strong></span> <span class='ocrx_word' id='word_1_216' title='bbox 1183 2919 1440 2989; x_wconf 85' lang='lat' dir='ltr'><strong>dispergi,</strong></span> <span class='ocrx_word' id='word_1_217' title='bbox 1469 2918 1740 2990; x_wconf 87' lang='lat' dir='ltr'><strong>dissipari.</strong></span> <span class='ocrx_word' id='word_1_218' title='bbox 1765 2917 1872 2974; x_wconf 87' lang='lat' dir='ltr'><strong>Sed</strong></span> <span class='ocrx_word' id='word_1_219' title='bbox 1899 2933 2023 2974; x_wconf 88' lang='lat' dir='ltr'><strong>cum</strong></span> 
     </span>
    </p>
   </div>
   <div class='ocr_carea' id='block_1_31' title="bbox 440 3012 2020 3082">
    <p class='ocr_par' dir='ltr' id='par_1_31' title="bbox 440 3012 2020 3082">
     <span class='ocr_line' id='line_1_31' title="bbox 440 3012 2020 3082; baseline 0.001 -18"><span class='ocrx_word' id='word_1_220' title='bbox 440 3029 579 3068; x_wconf 88' lang='lat' dir='ltr'><strong>unus</strong></span> <span class='ocrx_word' id='word_1_221' title='bbox 607 3014 820 3077; x_wconf 89' lang='lat' dir='ltr'><strong>obierit,</strong></span> <span class='ocrx_word' id='word_1_222' title='bbox 854 3013 990 3068; x_wconf 87' lang='lat' dir='ltr'><strong>alter</strong></span> <span class='ocrx_word' id='word_1_223' title='bbox 1017 3015 1105 3082; x_wconf 90' lang='lat' dir='ltr'><strong>qui</strong></span> <span class='ocrx_word' id='word_1_224' title='bbox 1145 3013 1370 3068; x_wconf 88' lang='lat' dir='ltr'><strong>idoneus</strong></span> <span class='ocrx_word' id='word_1_225' title='bbox 1400 3012 1560 3067; x_wconf 79' lang='lat' dir='ltr'><strong>fuerit</strong></span> <span class='ocrx_word' id='word_1_226' title='bbox 1603 3013 1862 3069; x_wconf 85' lang='lat' dir='ltr'><strong>canonice</strong></span> <span class='ocrx_word' id='word_1_227' title='bbox 1896 3027 2020 3082; x_wconf 90' lang='lat' dir='ltr'><strong>pro-</strong></span> 
     </span>
    </p>
   </div>
   <div class='ocr_carea' id='block_1_32' title="bbox 438 3101 2020 3174">
    <p class='ocr_par' dir='ltr' id='par_1_32' title="bbox 438 3101 2020 3174">
     <span class='ocr_line' id='line_1_32' title="bbox 438 3101 2020 3174; baseline 0.002 -19"><span class='ocrx_word' id='word_1_228' title='bbox 438 3104 582 3158; x_wconf 90' lang='lat' dir='ltr'><strong>tinus</strong></span> <span class='ocrx_word' id='word_1_229' title='bbox 610 3105 950 3172; x_wconf 86' lang='lat' dir='ltr'><strong>subrogetur.</strong></span> <span class='ocrx_word' id='word_1_230' title='bbox 991 3101 1127 3158; x_wconf 81' lang='lat' dir='ltr'><strong>Nam</strong></span> <span class='ocrx_word' id='word_1_231' title='bbox 1154 3103 1448 3158; x_wconf 85' lang='lat' dir='ltr'><strong>secundum</strong></span> <span class='ocrx_word' id='word_1_232' title='bbox 1483 3103 1655 3174; x_wconf 87' lang='lat' dir='ltr'><strong>legem</strong></span> <span class='ocrx_word' id='word_1_233' title='bbox 1681 3103 1863 3174; x_wconf 89' lang='lat' dir='ltr'><strong>plures</strong></span> <span class='ocrx_word' id='word_1_234' title='bbox 1893 3103 2020 3158; x_wconf 81' lang='lat' dir='ltr'><strong>facti</strong></span> 
     </span>
    </p>
   </div>
   <div class='ocr_carea' id='block_1_33' title="bbox 437 3194 2011 3267">
    <p class='ocr_par' dir='ltr' id='par_1_33' title="bbox 437 3194 2011 3267">
     <span class='ocr_line' id='line_1_33' title="bbox 437 3194 2011 3267; baseline -0.001 -18"><span class='ocrx_word' id='word_1_235' title='bbox 437 3204 566 3249; x_wconf 84' lang='lat' dir='ltr'><strong>sunt</strong></span> <span class='ocrx_word' id='word_1_236' title='bbox 593 3196 924 3260; x_wconf 88' lang='lat' dir='ltr'><strong>sacerdotes,</strong></span> <span class='ocrx_word' id='word_1_237' title='bbox 954 3211 1020 3250; x_wconf 90' lang='lat' dir='ltr'><strong>eo</strong></span> <span class='ocrx_word' id='word_1_238' title='bbox 1050 3195 1189 3265; x_wconf 91' lang='lat' dir='ltr'><strong>quod</strong></span> <span class='ocrx_word' id='word_1_239' title='bbox 1222 3202 1394 3250; x_wconf 89' lang='lat' dir='ltr'><strong>morte</strong></span> <span class='ocrx_word' id='word_1_240' title='bbox 1423 3195 1838 3265; x_wconf 87' lang='lat' dir='ltr'><strong>prohiberentur</strong></span> <span class='ocrx_word' id='word_1_241' title='bbox 1869 3194 2011 3267; x_wconf 83' lang='lat' dir='ltr'><strong>[ms.,</strong></span> 
     </span>
    </p>
   </div>
   <div class='ocr_carea' id='block_1_34' title="bbox 430 3286 2014 3359">
    <p class='ocr_par' dir='ltr' id='par_1_34' title="bbox 430 3286 2014 3359">
     <span class='ocr_line' id='line_1_34' title="bbox 430 3286 2014 3359; baseline 0.003 -19"><span class='ocrx_word' id='word_1_242' title='bbox 430 3286 884 3359; x_wconf 87' lang='lat' dir='ltr'><strong>prohibebantur]</strong></span> <span class='ocrx_word' id='word_1_243' title='bbox 916 3302 1254 3358; x_wconf 88' lang='lat' dir='ltr'><strong>permanere.</strong></span> <span class='ocrx_word' id='word_1_244' title='bbox 1285 3287 1437 3356; x_wconf 84' lang='lat' dir='ltr'><strong>Quod</strong></span> <span class='ocrx_word' id='word_1_245' title='bbox 1465 3288 1633 3344; x_wconf 89' lang='lat' dir='ltr'><strong>David</strong></span> <span class='ocrx_word' id='word_1_246' title='bbox 1665 3289 2014 3345; x_wconf 82' lang='lat' dir='ltr'><strong>considerans</strong></span> 
     </span>
    </p>
   </div>
   <div class='ocr_carea' id='block_1_35' title="bbox 433 3377 2015 3451">
    <p class='ocr_par' dir='ltr' id='par_1_35' title="bbox 433 3377 2015 3451">
     <span class='ocr_line' id='line_1_35' title="bbox 433 3377 2015 3451; baseline 0 -17"><span class='ocrx_word' id='word_1_247' title='bbox 433 3377 556 3451; x_wconf 87' lang='lat' dir='ltr'><strong>[ms.</strong></span> <span class='ocrx_word' id='word_1_248' title='bbox 586 3379 736 3444; x_wconf 85' lang='lat' dir='ltr'><strong>add.,</strong></span> <span class='ocrx_word' id='word_1_249' title='bbox 785 3390 838 3433; x_wconf 89' lang='lat' dir='ltr'><strong>et</strong></span> <span class='ocrx_word' id='word_1_250' title='bbox 885 3380 937 3434; x_wconf 93' lang='lat' dir='ltr'><strong>in</strong></span> <span class='ocrx_word' id='word_1_251' title='bbox 985 3379 1178 3451; x_wconf 88' lang='lat' dir='ltr'><strong>spiritu</strong></span> <span class='ocrx_word' id='word_1_252' title='bbox 1207 3378 1409 3435; x_wconf 88' lang='lat' dir='ltr'><strong>Christi</strong></span> <span class='ocrx_word' id='word_1_253' title='bbox 1439 3379 1733 3436; x_wconf 86' lang='lat' dir='ltr'><strong>Ecclesiam</strong></span> <span class='ocrx_word' id='word_1_254' title='bbox 1779 3379 2015 3435; x_wconf 81' lang='lat' dir='ltr'><strong>futuram</strong></span> 
     </span>
    </p>
   </div>
   <div class='ocr_carea' id='block_1_36' title="bbox 432 3471 2014 3545">
    <p class='ocr_par' dir='ltr' id='par_1_36' title="bbox 432 3471 2014 3545">
     <span class='ocr_line' id='line_1_36' title="bbox 432 3471 2014 3545; baseline 0.001 -20"><span class='ocrx_word' id='word_1_255' title='bbox 432 3471 549 3526; x_wconf 80' lang='lat' dir='ltr'><strong>fore</strong></span> <span class='ocrx_word' id='word_1_256' title='bbox 579 3487 991 3541; x_wconf 78' lang='lat' dir='ltr'><strong>permansurum</strong></span> <span class='ocrx_word' id='word_1_257' title='bbox 1028 3473 1096 3528; x_wconf 89' lang='lat' dir='ltr'><strong>ad</strong></span> <span class='ocrx_word' id='word_1_258' title='bbox 1143 3471 1303 3527; x_wconf 86' lang='lat' dir='ltr'><strong>linem</strong></span> <span class='ocrx_word' id='word_1_259' title='bbox 1353 3487 1524 3543; x_wconf 86' lang='lat' dir='ltr'><strong>usque</strong></span> <span class='ocrx_word' id='word_1_260' title='bbox 1569 3471 1749 3528; x_wconf 59' lang='lat' dir='ltr'><strong>saeculi</strong></span> <span class='ocrx_word' id='word_1_261' title='bbox 1797 3473 2014 3545; x_wconf 88' lang='lat' dir='ltr'><strong>prospi-</strong></span> 
     </span>
    </p>
   </div>
   <div class='ocr_carea' id='block_1_37' title="bbox 427 3561 2014 3636">
    <p class='ocr_par' dir='ltr' id='par_1_37' title="bbox 427 3561 2014 3636">
     <span class='ocr_line' id='line_1_37' title="bbox 427 3561 2014 3636; baseline -0.001 -19"><span class='ocrx_word' id='word_1_262' title='bbox 427 3562 599 3636; x_wconf 87' lang='lat' dir='ltr'><strong>ciens]</strong></span> <span class='ocrx_word' id='word_1_263' title='bbox 645 3564 720 3617; x_wconf 91' lang='lat' dir='ltr'><strong>ait</strong></span> <span class='ocrx_word' id='word_1_264' title='bbox 776 3581 788 3616; x_wconf 95' lang='lat'><strong>:</strong></span> <span class='ocrx_word' id='word_1_265' title='bbox 848 3563 952 3616; x_wconf 87' lang='lat' dir='ltr'><strong>Pro</strong></span> <span class='ocrx_word' id='word_1_266' title='bbox 1000 3562 1238 3634; x_wconf 74' lang='lat' dir='ltr'><strong>patribus</strong></span> <span class='ocrx_word' id='word_1_267' title='bbox 1267 3562 1368 3617; x_wconf 85' lang='lat' dir='ltr'><strong>tuis</strong></span> <span class='ocrx_word' id='word_1_268' title='bbox 1404 3573 1684 3618; x_wconf 83' lang='lat' dir='ltr'><strong>nascentur</strong></span> <span class='ocrx_word' id='word_1_269' title='bbox 1722 3561 1872 3635; x_wconf 91' lang='lat' dir='ltr'><strong>[ms.,</strong></span> <span class='ocrx_word' id='word_1_270' title='bbox 1903 3564 2014 3616; x_wconf 83' lang='lat' dir='ltr'><strong>nati</strong></span> 
     </span>
    </p>
   </div>
   <div class='ocr_carea' id='block_1_38' title="bbox 427 3652 2011 3725">
    <p class='ocr_par' dir='ltr' id='par_1_38' title="bbox 427 3652 2011 3725">
     <span class='ocr_line' id='line_1_38' title="bbox 427 3652 2011 3725; baseline 0.003 -22"><span class='ocrx_word' id='word_1_271' title='bbox 427 3652 569 3724; x_wconf 83' lang='lat' dir='ltr'><strong>sunt]</strong></span> <span class='ocrx_word' id='word_1_272' title='bbox 613 3653 706 3706; x_wconf 83' lang='lat' dir='ltr'><strong>tibi</strong></span> <span class='ocrx_word' id='word_1_273' title='bbox 734 3653 856 3722; x_wconf 74' lang='lat' dir='ltr'><strong>lilii,</strong></span> <span class='ocrx_word' id='word_1_274' title='bbox 891 3655 1171 3710; x_wconf 80' lang='lat' dir='ltr'><strong>constitues</strong></span> <span class='ocrx_word' id='word_1_275' title='bbox 1216 3670 1305 3709; x_wconf 79' lang='lat' dir='ltr'><strong>eos</strong></span> <span class='ocrx_word' id='word_1_276' title='bbox 1330 3654 1587 3724; x_wconf 84' lang='lat' dir='ltr'><strong>principes</strong></span> <span class='ocrx_word' id='word_1_277' title='bbox 1615 3670 1772 3725; x_wconf 79' lang='lat' dir='ltr'><strong>super</strong></span> <span class='ocrx_word' id='word_1_278' title='bbox 1811 3670 2011 3708; x_wconf 86' lang='lat' dir='ltr'><strong>omnem</strong></span> 
     </span>
    </p>
   </div>
   <div class='ocr_carea' id='block_1_39' title="bbox 427 3743 2008 3818">
    <p class='ocr_par' dir='ltr' id='par_1_39' title="bbox 427 3743 2008 3818">
     <span class='ocr_line' id='line_1_39' title="bbox 427 3743 2008 3818; baseline 0.003 -24"><span class='ocrx_word' id='word_1_279' title='bbox 427 3752 618 3797; x_wconf 80' lang='lat' dir='ltr'><strong>terram</strong></span> <span class='ocrx_word' id='word_1_280' title='bbox 647 3743 723 3815; x_wconf 85' lang='lat' dir='ltr'><strong>[in</strong></span> <span class='ocrx_word' id='word_1_281' title='bbox 749 3762 948 3798; x_wconf 87' lang='lat' dir='ltr'><strong>omnem</strong></span> <span class='ocrx_word' id='word_1_282' title='bbox 973 3755 1164 3799; x_wconf 81' lang='lat' dir='ltr'><strong>terram</strong></span> <span class='ocrx_word' id='word_1_283' title='bbox 1189 3746 1380 3801; x_wconf 87' lang='lat' dir='ltr'><strong>desunt</strong></span> <span class='ocrx_word' id='word_1_284' title='bbox 1405 3747 1459 3800; x_wconf 89' lang='lat' dir='ltr'><strong>in</strong></span> <span class='ocrx_word' id='word_1_285' title='bbox 1484 3745 1611 3818; x_wconf 87' lang='lat' dir='ltr'><strong>ms.]</strong></span> <span class='ocrx_word' id='word_1_286' title='bbox 1643 3743 1816 3817; x_wconf 83' lang='lat' dir='ltr'><strong>(Psal.</strong></span> <span class='ocrx_word' id='word_1_287' title='bbox 1842 3745 2008 3816; x_wconf 75' lang='lat' dir='ltr'><strong>xuv).</strong></span> 
     </span>
    </p>
   </div>
   <div class='ocr_carea' id='block_1_40' title="bbox 431 3831 2011 3907">
    <p class='ocr_par' dir='ltr' id='par_1_40' title="bbox 431 3831 2011 3907">
     <span class='ocr_line' id='line_1_40' title="bbox 431 3831 2011 3907; baseline 0.003 -22"><span class='ocrx_word' id='word_1_288' title='bbox 431 3831 586 3886; x_wconf 84' lang='lat' dir='ltr'><strong>Nulla</strong></span> <span class='ocrx_word' id='word_1_289' title='bbox 616 3835 796 3902; x_wconf 90' lang='lat' dir='ltr'><strong>itaque</strong></span> <span class='ocrx_word' id='word_1_290' title='bbox 828 3849 977 3888; x_wconf 89' lang='lat' dir='ltr'><strong>mora</strong></span> <span class='ocrx_word' id='word_1_291' title='bbox 1009 3835 1081 3890; x_wconf 90' lang='lat' dir='ltr'><strong>sit</strong></span> <span class='ocrx_word' id='word_1_292' title='bbox 1105 3835 1430 3907; x_wconf 86' lang='lat' dir='ltr'><strong>subrogandi</strong></span> <span class='ocrx_word' id='word_1_293' title='bbox 1459 3835 1650 3900; x_wconf 89' lang='lat' dir='ltr'><strong>alium,</strong></span> <span class='ocrx_word' id='word_1_294' title='bbox 1697 3852 1818 3891; x_wconf 91' lang='lat' dir='ltr'><strong>eum</strong></span> <span class='ocrx_word' id='word_1_295' title='bbox 1847 3836 2011 3906; x_wconf 84' lang='lat' dir='ltr'><strong>quili-</strong></span> 
     </span>
    </p>
   </div>
   <div class='ocr_carea' id='block_1_41' title="bbox 427 3924 2012 3997">
    <p class='ocr_par' dir='ltr' id='par_1_41' title="bbox 427 3924 2012 3997">
     <span class='ocr_line' id='line_1_41' title="bbox 427 3924 2012 3997; baseline 0.003 -19"><span class='ocrx_word' id='word_1_296' title='bbox 427 3924 516 3979; x_wconf 85' lang='lat' dir='ltr'><strong>bet</strong></span> <span class='ocrx_word' id='word_1_297' title='bbox 546 3925 884 3980; x_wconf 87' lang='lat' dir='ltr'><strong>sacerdotum</strong></span> <span class='ocrx_word' id='word_1_298' title='bbox 913 3939 976 3979; x_wconf 80' lang='lat' dir='ltr'><strong>ex</strong></span> <span class='ocrx_word' id='word_1_299' title='bbox 1009 3925 1114 3981; x_wconf 88' lang='lat' dir='ltr'><strong>hac</strong></span> <span class='ocrx_word' id='word_1_300' title='bbox 1141 3927 1249 3980; x_wconf 84' lang='lat' dir='ltr'><strong>vita</strong></span> <span class='ocrx_word' id='word_1_301' title='bbox 1281 3927 1624 3997; x_wconf 87' lang='lat' dir='ltr'><strong>migraverit;</strong></span> <span class='ocrx_word' id='word_1_302' title='bbox 1675 3927 1768 3982; x_wconf 82' lang='lat' dir='ltr'><strong>sed</strong></span> <span class='ocrx_word' id='word_1_303' title='bbox 1801 3943 1922 3984; x_wconf 78' lang='lat' dir='ltr'><strong>mox</strong></span> <span class='ocrx_word' id='word_1_304' title='bbox 1955 3937 2012 3982; x_wconf 93' lang='lat' dir='ltr'><strong>nt</strong></span> 
     </span>
    </p>
   </div>
   <div class='ocr_carea' id='block_1_42' title="bbox 432 4015 2009 4088">
    <p class='ocr_par' dir='ltr' id='par_1_42' title="bbox 432 4015 2009 4088">
     <span class='ocr_line' id='line_1_42' title="bbox 432 4015 2009 4088; baseline 0.004 -20"><span class='ocrx_word' id='word_1_305' title='bbox 432 4015 525 4078; x_wconf 86' lang='lat' dir='ltr'><strong>illi,</strong></span> <span class='ocrx_word' id='word_1_306' title='bbox 557 4016 648 4084; x_wconf 89' lang='lat' dir='ltr'><strong>qui</strong></span> <span class='ocrx_word' id='word_1_307' title='bbox 679 4016 865 4084; x_wconf 72' lang='lat' dir='ltr'><strong>primm</strong></span> <span class='ocrx_word' id='word_1_308' title='bbox 897 4016 1040 4072; x_wconf 90' lang='lat' dir='ltr'><strong>sedis</strong></span> <span class='ocrx_word' id='word_1_309' title='bbox 1084 4016 1442 4086; x_wconf 89' lang='lat' dir='ltr'><strong>principatum</strong></span> <span class='ocrx_word' id='word_1_310' title='bbox 1474 4031 1688 4088; x_wconf 85' lang='lat' dir='ltr'><strong>gerens,</strong></span> <span class='ocrx_word' id='word_1_311' title='bbox 1726 4018 1870 4074; x_wconf 91' lang='lat' dir='ltr'><strong>inter</strong></span> <span class='ocrx_word' id='word_1_312' title='bbox 1915 4035 2009 4074; x_wconf 87' lang='lat' dir='ltr'><strong>vos</strong></span> 
     </span>
    </p>
   </div>
   <div class='ocr_carea' id='block_1_43' title="bbox 423 4104 2009 4178">
    <p class='ocr_par' dir='ltr' id='par_1_43' title="bbox 423 4104 2009 4178">
     <span class='ocr_line' id='line_1_43' title="bbox 423 4104 2009 4178; baseline 0.002 -19"><span class='ocrx_word' id='word_1_313' title='bbox 423 4105 636 4159; x_wconf 62' lang='lat' dir='ltr'><strong>ueteris</strong></span> <span class='ocrx_word' id='word_1_314' title='bbox 664 4104 931 4175; x_wconf 83' lang='lat' dir='ltr'><strong>episcopis</strong></span> <span class='ocrx_word' id='word_1_315' title='bbox 961 4120 1195 4176; x_wconf 63' lang='lat' dir='ltr'><strong>praeesse</strong></span> <span class='ocrx_word' id='word_1_316' title='bbox 1226 4107 1578 4178; x_wconf 83' lang='lat' dir='ltr'><strong>dignoscitur,</strong></span> <span class='ocrx_word' id='word_1_317' title='bbox 1611 4106 1794 4164; x_wconf 81' lang='lat' dir='ltr'><strong>fratris</strong></span> <span class='ocrx_word' id='word_1_318' title='bbox 1829 4109 2009 4164; x_wconf 84' lang='lat' dir='ltr'><strong>obitus</strong></span> 
     </span>
    </p>
   </div>
   <div class='ocr_carea' id='block_1_44' title="bbox 420 4194 2008 4265">
    <p class='ocr_par' dir='ltr' id='par_1_44' title="bbox 420 4194 2008 4265">
     <span class='ocr_line' id='line_1_44' title="bbox 420 4194 2008 4265; baseline 0.005 -17"><span class='ocrx_word' id='word_1_319' title='bbox 420 4195 582 4250; x_wconf 80' lang='lat' dir='ltr'><strong>fuerit</strong></span> <span class='ocrx_word' id='word_1_320' title='bbox 607 4197 975 4265; x_wconf 89' lang='lat' dir='ltr'><strong>denuntiatus,</strong></span> <span class='ocrx_word' id='word_1_321' title='bbox 992 4194 1130 4253; x_wconf 82' lang='lat' dir='ltr'><strong>facta</strong></span> <span class='ocrx_word' id='word_1_322' title='bbox 1153 4197 1416 4254; x_wconf 89' lang='lat' dir='ltr'><strong>electione</strong></span> <span class='ocrx_word' id='word_1_323' title='bbox 1442 4201 1698 4256; x_wconf 88' lang='lat' dir='ltr'><strong>canonica</strong></span> <span class='ocrx_word' id='word_1_324' title='bbox 1727 4201 1864 4256; x_wconf 80' lang='lat' dir='ltr'><strong>alter</strong></span> <span class='ocrx_word' id='word_1_325' title='bbox 1880 4219 2008 4258; x_wconf 92' lang='lat' dir='ltr'><strong>con-</strong></span> 
     </span>
    </p>
   </div>
   <div class='ocr_carea' id='block_1_45' title="bbox 423 4290 2003 4366">
    <p class='ocr_par' dir='ltr' id='par_1_45' title="bbox 423 4290 2003 4366">
     <span class='ocr_line' id='line_1_45' title="bbox 423 4290 2003 4366; baseline 0.006 -24"><span class='ocrx_word' id='word_1_326' title='bbox 423 4300 666 4344; x_wconf 90' lang='lat' dir='ltr'><strong>secratus</strong></span> <span class='ocrx_word' id='word_1_327' title='bbox 697 4290 968 4346; x_wconf 89' lang='lat' dir='ltr'><strong>succedat.</strong></span> <span class='ocrx_word' id='word_1_328' title='bbox 996 4291 1128 4358; x_wconf 85' lang='lat' dir='ltr'><strong>Quis</strong></span> <span class='ocrx_word' id='word_1_329' title='bbox 1152 4301 1331 4347; x_wconf 89' lang='lat' dir='ltr'><strong>autem</strong></span> <span class='ocrx_word' id='word_1_330' title='bbox 1363 4293 1502 4349; x_wconf 86' lang='lat' dir='ltr'><strong>inter</strong></span> <span class='ocrx_word' id='word_1_331' title='bbox 1523 4310 1619 4350; x_wconf 91' lang='lat' dir='ltr'><strong>vos</strong></span> <span class='ocrx_word' id='word_1_332' title='bbox 1646 4296 2003 4366; x_wconf 88' lang='lat' dir='ltr'><strong>principatum</strong></span> 
     </span>
    </p>
   </div>
   <div class='ocr_carea' id='block_1_46' title="bbox 421 4381 2004 4456">
    <p class='ocr_par' dir='ltr' id='par_1_46' title="bbox 421 4381 2004 4456">
     <span class='ocr_line' id='line_1_46' title="bbox 421 4381 2004 4456; baseline 0.006 -25"><span class='ocrx_word' id='word_1_333' title='bbox 421 4388 605 4434; x_wconf 88' lang='lat' dir='ltr'><strong>tenere</strong></span> <span class='ocrx_word' id='word_1_334' title='bbox 632 4381 844 4445; x_wconf 86' lang='lat' dir='ltr'><strong>debeat,</strong></span> <span class='ocrx_word' id='word_1_335' title='bbox 871 4396 1057 4453; x_wconf 70' lang='lat' dir='ltr'><strong>qumve</strong></span> <span class='ocrx_word' id='word_1_336' title='bbox 1088 4383 1246 4438; x_wconf 89' lang='lat' dir='ltr'><strong>sedes</strong></span> <span class='ocrx_word' id='word_1_337' title='bbox 1270 4383 1590 4454; x_wconf 86' lang='lat' dir='ltr'><strong>episcopalis</strong></span> <span class='ocrx_word' id='word_1_338' title='bbox 1627 4385 1839 4440; x_wconf 63' lang='lat' dir='ltr'><strong>caeteris</strong></span> <span class='ocrx_word' id='word_1_339' title='bbox 1870 4401 2004 4456; x_wconf 76' lang='lat' dir='ltr'><strong>pra:-</strong></span> 
     </span>
    </p>
   </div>
   <div class='ocr_carea' id='block_1_47' title="bbox 417 4468 2004 4548">
    <p class='ocr_par' dir='ltr' id='par_1_47' title="bbox 417 4468 2004 4548">
     <span class='ocr_line' id='line_1_47' title="bbox 417 4468 2004 4548; baseline 0.005 -26"><span class='ocrx_word' id='word_1_340' title='bbox 417 4468 618 4538; x_wconf 89' lang='lat' dir='ltr'><strong>polleat</strong></span> <span class='ocrx_word' id='word_1_341' title='bbox 644 4471 942 4540; x_wconf 89' lang='lat' dir='ltr'><strong>habeatque</strong></span> <span class='ocrx_word' id='word_1_342' title='bbox 968 4472 1279 4542; x_wconf 89' lang='lat' dir='ltr'><strong>primatum,</strong></span> <span class='ocrx_word' id='word_1_343' title='bbox 1313 4474 1600 4530; x_wconf 89' lang='lat' dir='ltr'><strong>abolitanis</strong></span> <span class='ocrx_word' id='word_1_344' title='bbox 1632 4474 1779 4548; x_wconf 86' lang='lat' dir='ltr'><strong>[ms.,</strong></span> <span class='ocrx_word' id='word_1_345' title='bbox 1807 4477 1875 4531; x_wconf 90' lang='lat' dir='ltr'><strong>ab</strong></span> <span class='ocrx_word' id='word_1_346' title='bbox 1904 4475 2004 4531; x_wconf 91' lang='lat' dir='ltr'><strong>oli-</strong></span> 
     </span>
    </p>
   </div>
   <div class='ocr_carea' id='block_1_48' title="bbox 420 4558 2001 4631">
    <p class='ocr_par' dir='ltr' id='par_1_48' title="bbox 420 4558 2001 4631">
     <span class='ocr_line' id='line_1_48' title="bbox 420 4558 2001 4631; baseline 0.006 -20"><span class='ocrx_word' id='word_1_347' title='bbox 420 4558 584 4631; x_wconf 88' lang='lat' dir='ltr'><strong>tanis]</strong></span> <span class='ocrx_word' id='word_1_348' title='bbox 623 4560 949 4628; x_wconf 87' lang='lat' dir='ltr'><strong>temporibus</strong></span> <span class='ocrx_word' id='word_1_349' title='bbox 981 4561 1318 4616; x_wconf 88' lang='lat' dir='ltr'><strong>notissimnnt</strong></span> <span class='ocrx_word' id='word_1_350' title='bbox 1344 4571 1449 4618; x_wconf 88' lang='lat' dir='ltr'><strong>est.</strong></span> <span class='ocrx_word' id='word_1_351' title='bbox 1495 4562 1652 4631; x_wconf 86' lang='lat' dir='ltr'><strong>Nam,</strong></span> <span class='ocrx_word' id='word_1_352' title='bbox 1686 4573 1745 4618; x_wconf 90' lang='lat' dir='ltr'><strong>ut</strong></span> <span class='ocrx_word' id='word_1_353' title='bbox 1770 4580 1837 4618; x_wconf 80' lang='lat' dir='ltr'><strong>cx</strong></span> <span class='ocrx_word' id='word_1_354' title='bbox 1862 4565 2001 4620; x_wconf 89' lang='lat' dir='ltr'><strong>scri-</strong></span> 
     </span>
    </p>
   </div>
   <div class='ocr_carea' id='block_1_49' title="bbox 416 4653 1997 4724">
    <p class='ocr_par' dir='ltr' id='par_1_49' title="bbox 416 4653 1997 4724">
     <span class='ocr_line' id='line_1_49' title="bbox 416 4653 1997 4724; baseline 0.004 -19"><span class='ocrx_word' id='word_1_355' title='bbox 416 4653 522 4723; x_wconf 87' lang='lat' dir='ltr'><strong>ptis</strong></span> <span class='ocrx_word' id='word_1_356' title='bbox 547 4653 686 4707; x_wconf 86' lang='lat' dir='ltr'><strong>beati</strong></span> <span class='ocrx_word' id='word_1_357' title='bbox 709 4653 974 4724; x_wconf 88' lang='lat' dir='ltr'><strong>Gregorii,</strong></span> <span class='ocrx_word' id='word_1_358' title='bbox 999 4654 1220 4724; x_wconf 81' lang='lat' dir='ltr'><strong>ejusque</strong></span> <span class='ocrx_word' id='word_1_359' title='bbox 1248 4669 1619 4710; x_wconf 88' lang='lat' dir='ltr'><strong>successorum</strong></span> <span class='ocrx_word' id='word_1_360' title='bbox 1650 4665 1916 4720; x_wconf 88' lang='lat' dir='ltr'><strong>tenemns,</strong></span> <span class='ocrx_word' id='word_1_361' title='bbox 1945 4657 1997 4712; x_wconf 92' lang='lat' dir='ltr'><strong>in</strong></span> 
     </span>
    </p>
   </div>
   <div class='ocr_carea' id='block_1_50' title="bbox 418 4745 1995 4818">
    <p class='ocr_par' dir='ltr' id='par_1_50' title="bbox 418 4745 1995 4818">
     <span class='ocr_line' id='line_1_50' title="bbox 418 4745 1995 4818; baseline 0.004 -20"><span class='ocrx_word' id='word_1_362' title='bbox 418 4745 765 4799; x_wconf 66' lang='lat' dir='ltr'><strong>Doroberniie</strong></span> <span class='ocrx_word' id='word_1_363' title='bbox 815 4745 960 4818; x_wconf 74' lang='lat' dir='ltr'><strong>[ms.,</strong></span> <span class='ocrx_word' id='word_1_364' title='bbox 1007 4746 1362 4818; x_wconf 87' lang='lat' dir='ltr'><strong>Dorobernia]</strong></span> <span class='ocrx_word' id='word_1_365' title='bbox 1391 4748 1608 4801; x_wconf 81' lang='lat' dir='ltr'><strong>civitate</strong></span> <span class='ocrx_word' id='word_1_366' title='bbox 1659 4749 1995 4818; x_wconf 87' lang='lat' dir='ltr'><strong>metropolim</strong></span> 
     </span>
    </p>
   </div>
   <div class='ocr_carea' id='block_1_51' title="bbox 416 4828 1996 4910">
    <p class='ocr_par' dir='ltr' id='par_1_51' title="bbox 416 4828 1996 4910">
     <span class='ocr_line' id='line_1_51' title="bbox 416 4828 1996 4910; baseline 0.003 -20"><span class='ocrx_word' id='word_1_367' title='bbox 416 4828 702 4904; x_wconf 85' lang='lat' dir='ltr'><strong>sedemque</strong></span> <span class='ocrx_word' id='word_1_368' title='bbox 742 4836 970 4905; x_wconf 86' lang='lat' dir='ltr'><strong>primam</strong></span> <span class='ocrx_word' id='word_1_369' title='bbox 1012 4837 1366 4905; x_wconf 85' lang='lat' dir='ltr'><strong>episcopalem</strong></span> <span class='ocrx_word' id='word_1_370' title='bbox 1413 4847 1624 4893; x_wconf 88' lang='lat' dir='ltr'><strong>constat</strong></span> <span class='ocrx_word' id='word_1_371' title='bbox 1675 4853 1797 4894; x_wconf 89' lang='lat' dir='ltr'><strong>esse</strong></span> <span class='ocrx_word' id='word_1_372' title='bbox 1848 4841 1996 4910; x_wconf 81' lang='lat' dir='ltr'><strong>regni</strong></span> 
     </span>
    </p>
   </div>
   <div class='ocr_carea' id='block_1_52' title="bbox 414 4926 1999 4996">
    <p class='ocr_par' dir='ltr' id='par_1_52' title="bbox 414 4926 1999 4996">
     <span class='ocr_line' id='line_1_52' title="bbox 414 4926 1999 4996; baseline 0.004 -18"><span class='ocrx_word' id='word_1_373' title='bbox 414 4926 726 4996; x_wconf 81' lang='lat' dir='ltr'><strong>Anglorum,</strong></span> <span class='ocrx_word' id='word_1_374' title='bbox 758 4927 843 4981; x_wconf 89' lang='lat' dir='ltr'><strong>cui</strong></span> <span class='ocrx_word' id='word_1_375' title='bbox 876 4926 1198 4982; x_wconf 86' lang='lat' dir='ltr'><strong>venerabilis</strong></span> <span class='ocrx_word' id='word_1_376' title='bbox 1229 4926 1396 4983; x_wconf 79' lang='lat' dir='ltr'><strong>frater</strong></span> <span class='ocrx_word' id='word_1_377' title='bbox 1424 4937 1606 4986; x_wconf 81' lang='lat' dir='ltr'><strong>noster</strong></span> <span class='ocrx_word' id='word_1_378' title='bbox 1646 4929 1999 4986; x_wconf 88' lang='lat' dir='ltr'><strong>Pleimundns</strong></span> 
     </span>
    </p>
   </div>
   <div class='ocr_carea' id='block_1_53' title="bbox 413 5015 1993 5091">
    <p class='ocr_par' dir='ltr' id='par_1_53' title="bbox 413 5015 1993 5091">
     <span class='ocr_line' id='line_1_53' title="bbox 413 5015 1993 5091; baseline 0.006 -24"><span class='ocrx_word' id='word_1_379' title='bbox 413 5030 558 5068; x_wconf 87' lang='lat' dir='ltr'><strong>nunc</strong></span> <span class='ocrx_word' id='word_1_380' title='bbox 585 5029 814 5083; x_wconf 85' lang='lat' dir='ltr'><strong>praeesse</strong></span> <span class='ocrx_word' id='word_1_381' title='bbox 840 5015 1202 5086; x_wconf 87' lang='lat' dir='ltr'><strong>dignoscitur;</strong></span> <span class='ocrx_word' id='word_1_382' title='bbox 1237 5019 1390 5088; x_wconf 89' lang='lat' dir='ltr'><strong>cujus</strong></span> <span class='ocrx_word' id='word_1_383' title='bbox 1423 5021 1682 5074; x_wconf 85' lang='lat' dir='ltr'><strong>honorem</strong></span> <span class='ocrx_word' id='word_1_384' title='bbox 1713 5020 1993 5091; x_wconf 82' lang='lat' dir='ltr'><strong>dignitatis</strong></span> 
     </span>
    </p>
   </div>
   <div class='ocr_carea' id='block_1_54' title="bbox 415 5105 1990 5180">
    <p class='ocr_par' dir='ltr' id='par_1_54' title="bbox 415 5105 1990 5180">
     <span class='ocr_line' id='line_1_54' title="bbox 415 5105 1990 5180; baseline 0.007 -23"><span class='ocrx_word' id='word_1_385' title='bbox 415 5120 513 5159; x_wconf 90' lang='lat' dir='ltr'><strong>nos</strong></span> <span class='ocrx_word' id='word_1_386' title='bbox 544 5105 649 5157; x_wconf 93' lang='lat' dir='ltr'><strong>nllo</strong></span> <span class='ocrx_word' id='word_1_387' title='bbox 676 5115 834 5174; x_wconf 90' lang='lat' dir='ltr'><strong>pacto</strong></span> <span class='ocrx_word' id='word_1_388' title='bbox 873 5107 1117 5162; x_wconf 88' lang='lat' dir='ltr'><strong>imminui</strong></span> <span class='ocrx_word' id='word_1_389' title='bbox 1153 5111 1520 5180; x_wconf 86' lang='lat' dir='ltr'><strong>permittimus</strong></span> <span class='ocrx_word' id='word_1_390' title='bbox 1550 5152 1565 5176; x_wconf 94' lang='lat'><strong>,</strong></span> <span class='ocrx_word' id='word_1_391' title='bbox 1612 5112 1706 5168; x_wconf 89' lang='lat' dir='ltr'><strong>sed</strong></span> <span class='ocrx_word' id='word_1_392' title='bbox 1749 5112 1797 5167; x_wconf 88' lang='lat' dir='ltr'><strong>ci</strong></span> <span class='ocrx_word' id='word_1_393' title='bbox 1844 5114 1990 5169; x_wconf 87' lang='lat' dir='ltr'><strong>vices</strong></span> 
     </span>
    </p>
   </div>
   <div class='ocr_carea' id='block_1_55' title="bbox 413 5193 1626 5270">
    <p class='ocr_par' dir='ltr' id='par_1_55' title="bbox 413 5193 1626 5270">
     <span class='ocr_line' id='line_1_55' title="bbox 413 5193 1626 5270; baseline 0.008 -25"><span class='ocrx_word' id='word_1_394' title='bbox 413 5193 735 5262; x_wconf 83' lang='lat' dir='ltr'><strong>apostolicas</strong></span> <span class='ocrx_word' id='word_1_395' title='bbox 760 5211 855 5264; x_wconf 86' lang='lat' dir='ltr'><strong>per</strong></span> <span class='ocrx_word' id='word_1_396' title='bbox 874 5199 1052 5252; x_wconf 89' lang='lat' dir='ltr'><strong>omnia</strong></span> <span class='ocrx_word' id='word_1_397' title='bbox 1078 5215 1265 5270; x_wconf 84' lang='lat' dir='ltr'><strong>gerere</strong></span> <span class='ocrx_word' id='word_1_398' title='bbox 1291 5203 1626 5257; x_wconf 86' lang='lat' dir='ltr'><strong>mandamus.</strong></span> 
     </span>
    </p>
   </div>
   <div class='ocr_carea' id='block_1_56' title="bbox 485 5281 1986 5365">
    <p class='ocr_par' dir='ltr' id='par_1_56' title="bbox 485 5281 1986 5365">
     <span class='ocr_line' id='line_1_56' title="bbox 485 5281 1986 5365; baseline 0.011 -33"><span class='ocrx_word' id='word_1_399' title='bbox 485 5281 554 5333; x_wconf 85' lang='lat' dir='ltr'><strong>Et</strong></span> <span class='ocrx_word' id='word_1_400' title='bbox 580 5281 722 5335; x_wconf 87' lang='lat' dir='ltr'><strong>sicut</strong></span> <span class='ocrx_word' id='word_1_401' title='bbox 744 5283 930 5338; x_wconf 90' lang='lat' dir='ltr'><strong>beatus</strong></span> <span class='ocrx_word' id='word_1_402' title='bbox 957 5285 1246 5359; x_wconf 83' lang='lat' dir='ltr'><strong>Gregorius</strong></span> <span class='ocrx_word' id='word_1_403' title='bbox 1275 5305 1410 5361; x_wconf 86' lang='lat' dir='ltr'><strong>papa</strong></span> <span class='ocrx_word' id='word_1_404' title='bbox 1436 5293 1830 5360; x_wconf 77' lang='lat' dir='ltr'><strong>primo.vestr:e</strong></span> <span class='ocrx_word' id='word_1_405' title='bbox 1855 5310 1986 5365; x_wconf 87' lang='lat' dir='ltr'><strong>gen-</strong></span> 
     </span>
    </p>
   </div>
   <div class='ocr_carea' id='block_1_57' title="bbox 417 5367 1982 5456">
    <p class='ocr_par' dir='ltr' id='par_1_57' title="bbox 417 5367 1982 5456">
     <span class='ocr_line' id='line_1_57' title="bbox 417 5367 1982 5456; baseline 0.013 -36"><span class='ocrx_word' id='word_1_406' title='bbox 417 5367 482 5422; x_wconf 90' lang='lat' dir='ltr'><strong>tis</strong></span> <span class='ocrx_word' id='word_1_407' title='bbox 515 5368 764 5441; x_wconf 89' lang='lat' dir='ltr'><strong>episcopo</strong></span> <span class='ocrx_word' id='word_1_408' title='bbox 808 5372 1104 5442; x_wconf 85' lang='lat' dir='ltr'><strong>Augustino</strong></span> <span class='ocrx_word' id='word_1_409' title='bbox 1152 5393 1341 5434; x_wconf 84' lang='lat' dir='ltr'><strong>omnes</strong></span> <span class='ocrx_word' id='word_1_410' title='bbox 1377 5380 1669 5456; x_wconf 82' lang='lat' dir='ltr'><strong>Anglorum</strong></span> <span class='ocrx_word' id='word_1_411' title='bbox 1705 5382 1982 5456; x_wconf 80' lang='lat' dir='ltr'><strong>episcOpos</strong></span> 
     </span>
    </p>
   </div>
   <div class='ocr_carea' id='block_1_58' title="bbox 413 5500 1988 5584">
    <p class='ocr_par' dir='ltr' id='par_1_58' title="bbox 413 5500 1988 5584">
     <span class='ocr_line' id='line_1_58' title="bbox 413 5500 1988 5584; baseline 0.015 -33"><span class='ocrx_word' id='word_1_412' title='bbox 413 5500 684 5584; x_wconf 57' lang='lat' dir='ltr'><strong>p‘rclinavit</strong></span> <span class='ocrx_word' id='word_1_413' title='bbox 729 5522 742 5557; x_wconf 88' lang='lat'><strong>:</strong></span> <span class='ocrx_word' id='word_1_414' title='bbox 782 5505 1153 5584; x_wconf 65' lang='lat' dir='ltr'><strong>Ft&#39;itlestanum</strong></span> <span class='ocrx_word' id='word_1_415' title='bbox 1205 5512 1342 5584; x_wconf 83' lang='lat' dir='ltr'><strong>[nl.,</strong></span> <span class='ocrx_word' id='word_1_416' title='bbox 1372 5515 1887 5584; x_wconf 81' lang='lat' dir='ltr'><strong>Frethelsthanum]</strong></span> <span class='ocrx_word' id='word_1_417' title='bbox 1917 5523 1988 5576; x_wconf 80' lang='lat' dir='ltr'><strong>ad</strong></span> 
     </span>
    </p>
   </div>
   <div class='ocr_carea' id='block_1_59' title="bbox 415 5569 1985 5651">
    <p class='ocr_par' dir='ltr' id='par_1_59' title="bbox 415 5569 1985 5651">
     <span class='ocr_line' id='line_1_59' title="bbox 415 5569 1985 5651; baseline 0.017 -33"><span class='ocrx_word' id='word_1_418' title='bbox 415 5569 538 5651; x_wconf 65' lang='lat' dir='ltr'><strong>Win</strong></span> <span class='ocrx_word' id='word_1_419' title='bbox 547 5573 864 5651; x_wconf 53' lang='lat' dir='ltr'><strong>toniensem,</strong></span> <span class='ocrx_word' id='word_1_420' title='bbox 876 5575 1066 5651; x_wconf 82' lang='lat' dir='ltr'><strong>_Adelst</strong></span> <span class='ocrx_word' id='word_1_421' title='bbox 1075 5597 1176 5633; x_wconf 85' lang='lat' dir='ltr'><strong>anu</strong></span> <span class='ocrx_word' id='word_1_422' title='bbox 1185 5569 1233 5636; x_wconf 72' lang='grc' dir='ltr'><strong>[ᾗ</strong></span> <span class='ocrx_word' id='word_1_423' title='bbox 1258 5584 1323 5636; x_wconf 90' lang='lat' dir='ltr'><strong>ad</strong></span> <span class='ocrx_word' id='word_1_424' title='bbox 1333 5569 1340 5574; x_wconf 47' lang='grc'><strong>⁷</strong></span> <span class='ocrx_word' id='word_1_425' title='bbox 1349 5585 1422 5638; x_wconf 86' lang='lat' dir='ltr'><strong>Co</strong></span> <span class='ocrx_word' id='word_1_426' title='bbox 1429 5569 1805 5651; x_wconf 51' lang='lat' dir='ltr'><strong>rnnrbense—m</strong></span> <span class='ocrx_word' id='word_1_427' title='bbox 1813 5569 1985 5644; x_wconf 49' lang='lat' dir='ltr'><strong>&quot;We;</strong></span> 
     </span>
    </p>
   </div>
   <div class='ocr_carea' id='block_1_60' title="bbox 414 5643 1982 5698">
    <p class='ocr_par' dir='ltr' id='par_1_60' title="bbox 414 5643 1982 5698">
     <span class='ocr_line' id='line_1_60' title="bbox 414 5643 1982 5698; baseline 0.004 -6"><span class='ocrx_word' id='word_1_428' title='bbox 414 5648 627 5690; x_wconf 83' lang='lat' dir='ltr'><strong>stanum</strong></span> <span class='ocrx_word' id='word_1_429' title='bbox 665 5643 730 5686; x_wconf 78' lang='lat' dir='ltr'><strong>ad</strong></span> <span class='ocrx_word' id='word_1_430' title='bbox 763 5643 1274 5695; x_wconf 60' lang='lat' dir='ltr'><strong>Rt&#39;l-irelmruansem</strong></span> <span class='ocrx_word' id='word_1_431' title='bbox 1350 5653 1701 5698; x_wconf 73' lang='lat' dir='ltr'><strong>Atlmlplmnm</strong></span> <span class='ocrx_word' id='word_1_432' title='bbox 1735 5643 1802 5698; x_wconf 75' lang='lat' dir='ltr'><strong>mi</strong></span> <span class='ocrx_word' id='word_1_433' title='bbox 1837 5643 1982 5698; x_wconf 42' lang='lat' dir='ltr'><strong>will-</strong></span> 
     </span>
    </p>
   </div>
   <div class='ocr_carea' id='block_1_61' title="bbox 2167 645 3746 722">
    <p class='ocr_par' dir='ltr' id='par_1_61' title="bbox 2167 645 3746 722">
     <span class='ocr_line' id='line_1_61' title="bbox 2167 645 3746 722; baseline 0.002 -23"><span class='ocrx_word' id='word_1_434' title='bbox 2167 645 2534 713; x_wconf 76' lang='lat' dir='ltr'><strong>Dorobernizc,</strong></span> <span class='ocrx_word' id='word_1_435' title='bbox 2553 647 2668 703; x_wconf 86' lang='lat' dir='ltr'><strong>sive</strong></span> <span class='ocrx_word' id='word_1_436' title='bbox 2697 647 3060 705; x_wconf 71' lang='lat' dir='ltr'><strong>Canterberia:</strong></span> <span class='ocrx_word' id='word_1_437' title='bbox 3088 648 3234 722; x_wconf 85' lang='lat' dir='ltr'><strong>[ms.,</strong></span> <span class='ocrx_word' id='word_1_438' title='bbox 3261 647 3637 721; x_wconf 59' lang='lat' dir='ltr'><strong>Cantuburim]</strong></span> <span class='ocrx_word' id='word_1_439' title='bbox 3667 665 3746 703; x_wconf 89' lang='lat' dir='ltr'><strong>ar-</strong></span> 
     </span>
    </p>
   </div>
   <div class='ocr_carea' id='block_1_62' title="bbox 2164 724 3744 811">
    <p class='ocr_par' dir='ltr' id='par_1_62' title="bbox 2164 724 3744 811">
     <span class='ocr_line' id='line_1_62' title="bbox 2164 724 3744 811; baseline 0.001 -18"><span class='ocrx_word' id='word_1_440' title='bbox 2164 738 2756 809; x_wconf 85' lang='lat' dir='ltr'><strong>chiepiscopoejusque</strong></span> <span class='ocrx_word' id='word_1_441' title='bbox 2794 724 3193 797; x_wconf 76' lang='lat' dir='ltr'><strong>successoribus</strong></span> <span class='ocrx_word' id='word_1_442' title='bbox 3223 741 3482 811; x_wconf 87' lang='lat' dir='ltr'><strong>legitimis</strong></span> <span class='ocrx_word' id='word_1_443' title='bbox 3510 743 3744 804; x_wconf 82' lang='lat' dir='ltr'><strong>eamdem</strong></span> 
     </span>
    </p>
   </div>
   <div class='ocr_carea' id='block_1_63' title="bbox 2162 827 3744 899">
    <p class='ocr_par' dir='ltr' id='par_1_63' title="bbox 2162 827 3744 899">
     <span class='ocr_line' id='line_1_63' title="bbox 2162 827 3744 899; baseline 0.001 -16"><span class='ocrx_word' id='word_1_444' title='bbox 2162 827 2476 899; x_wconf 89' lang='lat' dir='ltr'><strong>dignitatem</strong></span> <span class='ocrx_word' id='word_1_445' title='bbox 2509 829 2925 897; x_wconf 77' lang='lat' dir='ltr'><strong>confirmamus;</strong></span> <span class='ocrx_word' id='word_1_446' title='bbox 2975 831 3309 892; x_wconf 88' lang='lat' dir='ltr'><strong>mandantes.</strong></span> <span class='ocrx_word' id='word_1_447' title='bbox 3344 838 3401 886; x_wconf 88' lang='lat' dir='ltr'><strong>et</strong></span> <span class='ocrx_word' id='word_1_448' title='bbox 3426 833 3744 885; x_wconf 77' lang='lat' dir='ltr'><strong>auctoritate</strong></span> 
     </span>
    </p>
   </div>
   <div class='ocr_carea' id='block_1_64' title="bbox 2160 914 3737 990">
    <p class='ocr_par' dir='ltr' id='par_1_64' title="bbox 2160 914 3737 990">
     <span class='ocr_line' id='line_1_64' title="bbox 2160 914 3737 990; baseline 0.002 -20"><span class='ocrx_word' id='word_1_449' title='bbox 2160 914 2276 982; x_wconf 91' lang='lat' dir='ltr'><strong>Dei,</strong></span> <span class='ocrx_word' id='word_1_450' title='bbox 2304 925 2360 972; x_wconf 89' lang='lat' dir='ltr'><strong>et</strong></span> <span class='ocrx_word' id='word_1_451' title='bbox 2381 917 2526 973; x_wconf 86' lang='lat' dir='ltr'><strong>beati</strong></span> <span class='ocrx_word' id='word_1_452' title='bbox 2562 917 2706 973; x_wconf 84' lang='lat' dir='ltr'><strong>Petri</strong></span> <span class='ocrx_word' id='word_1_453' title='bbox 2738 919 3101 989; x_wconf 88' lang='lat' dir='ltr'><strong>apostolorum</strong></span> <span class='ocrx_word' id='word_1_454' title='bbox 3128 920 3390 990; x_wconf 88' lang='lat' dir='ltr'><strong>principis</strong></span> <span class='ocrx_word' id='word_1_455' title='bbox 3423 921 3737 990; x_wconf 68' lang='lat' dir='ltr'><strong>prxecipien-</strong></span> 
     </span>
    </p>
   </div>
   <div class='ocr_carea' id='block_1_65' title="bbox 2159 1005 3739 1080">
    <p class='ocr_par' dir='ltr' id='par_1_65' title="bbox 2159 1005 3739 1080">
     <span class='ocr_line' id='line_1_65' title="bbox 2159 1005 3739 1080; baseline 0.002 -18"><span class='ocrx_word' id='word_1_456' title='bbox 2159 1015 2258 1072; x_wconf 90' lang='lat' dir='ltr'><strong>tes,</strong></span> <span class='ocrx_word' id='word_1_457' title='bbox 2282 1015 2340 1061; x_wconf 91' lang='lat' dir='ltr'><strong>ut</strong></span> <span class='ocrx_word' id='word_1_458' title='bbox 2361 1005 2475 1080; x_wconf 84' lang='lat' dir='ltr'><strong>ejus</strong></span> <span class='ocrx_word' id='word_1_459' title='bbox 2496 1009 2771 1065; x_wconf 89' lang='lat' dir='ltr'><strong>canonicis</strong></span> <span class='ocrx_word' id='word_1_460' title='bbox 2792 1009 3232 1080; x_wconf 87' lang='lat' dir='ltr'><strong>dispositionibus</strong></span> <span class='ocrx_word' id='word_1_461' title='bbox 3253 1025 3451 1065; x_wconf 89' lang='lat' dir='ltr'><strong>omnes</strong></span> <span class='ocrx_word' id='word_1_462' title='bbox 3470 1010 3739 1074; x_wconf 82' lang='lat' dir='ltr'><strong>obediant,</strong></span> 
     </span>
    </p>
   </div>
   <div class='ocr_carea' id='block_1_66' title="bbox 2155 1097 3738 1172">
    <p class='ocr_par' dir='ltr' id='par_1_66' title="bbox 2155 1097 3738 1172">
     <span class='ocr_line' id='line_1_66' title="bbox 2155 1097 3738 1172; baseline 0.003 -20"><span class='ocrx_word' id='word_1_463' title='bbox 2155 1106 2205 1152; x_wconf 87' lang='lat' dir='ltr'><strong>et</strong></span> <span class='ocrx_word' id='word_1_464' title='bbox 2241 1097 2419 1153; x_wconf 91' lang='lat' dir='ltr'><strong>nullus</strong></span> <span class='ocrx_word' id='word_1_465' title='bbox 2447 1113 2636 1171; x_wconf 83' lang='lat' dir='ltr'><strong>eorum</strong></span> <span class='ocrx_word' id='word_1_466' title='bbox 2671 1115 2789 1170; x_wconf 66' lang='lat' dir='ltr'><strong>quae</strong></span> <span class='ocrx_word' id='word_1_467' title='bbox 2817 1100 2866 1156; x_wconf 89' lang='lat' dir='ltr'><strong>ei</strong></span> <span class='ocrx_word' id='word_1_468' title='bbox 2897 1101 3117 1172; x_wconf 88' lang='lat' dir='ltr'><strong>suisque</strong></span> <span class='ocrx_word' id='word_1_469' title='bbox 3158 1101 3575 1157; x_wconf 88' lang='lat' dir='ltr'><strong>successoribus</strong></span> <span class='ocrx_word' id='word_1_470' title='bbox 3620 1117 3738 1170; x_wconf 76' lang='lat' dir='ltr'><strong>apo~</strong></span> 
     </span>
    </p>
   </div>
   <div class='ocr_carea' id='block_1_67' title="bbox 2153 1189 3735 1257">
    <p class='ocr_par' dir='ltr' id='par_1_67' title="bbox 2153 1189 3735 1257">
     <span class='ocr_line' id='line_1_67' title="bbox 2153 1189 3735 1257; baseline 0.001 -13"><span class='ocrx_word' id='word_1_471' title='bbox 2153 1189 2340 1244; x_wconf 89' lang='lat' dir='ltr'><strong>stolica</strong></span> <span class='ocrx_word' id='word_1_472' title='bbox 2374 1190 2696 1244; x_wconf 88' lang='lat' dir='ltr'><strong>auctoritate</strong></span> <span class='ocrx_word' id='word_1_473' title='bbox 2740 1207 2996 1248; x_wconf 88' lang='lat' dir='ltr'><strong>concessa</strong></span> <span class='ocrx_word' id='word_1_474' title='bbox 3048 1201 3212 1257; x_wconf 91' lang='lat' dir='ltr'><strong>sunt,</strong></span> <span class='ocrx_word' id='word_1_475' title='bbox 3262 1192 3498 1246; x_wconf 86' lang='lat' dir='ltr'><strong>violator</strong></span> <span class='ocrx_word' id='word_1_476' title='bbox 3526 1193 3735 1247; x_wconf 77' lang='lat' dir='ltr'><strong>existat.</strong></span> 
     </span>
    </p>
   </div>
   <div class='ocr_carea' id='block_1_68' title="bbox 2159 1277 3736 1352">
    <p class='ocr_par' dir='ltr' id='par_1_68' title="bbox 2159 1277 3736 1352">
     <span class='ocr_line' id='line_1_68' title="bbox 2159 1277 3736 1352; baseline 0.002 -18"><span class='ocrx_word' id='word_1_477' title='bbox 2159 1277 2216 1334; x_wconf 91' lang='lat' dir='ltr'><strong>Si</strong></span> <span class='ocrx_word' id='word_1_478' title='bbox 2250 1288 2431 1334; x_wconf 91' lang='lat' dir='ltr'><strong>autem</strong></span> <span class='ocrx_word' id='word_1_479' title='bbox 2458 1279 2635 1350; x_wconf 86' lang='lat' dir='ltr'><strong>quivis</strong></span> <span class='ocrx_word' id='word_1_480' title='bbox 2662 1279 2941 1336; x_wconf 87' lang='lat' dir='ltr'><strong>hominum</strong></span> <span class='ocrx_word' id='word_1_481' title='bbox 2971 1291 3156 1337; x_wconf 91' lang='lat' dir='ltr'><strong>contra</strong></span> <span class='ocrx_word' id='word_1_482' title='bbox 3187 1282 3304 1338; x_wconf 59' lang='lat' dir='ltr'><strong>hac</strong></span> <span class='ocrx_word' id='word_1_483' title='bbox 3329 1281 3626 1352; x_wconf 84' lang='lat' dir='ltr'><strong>aliquando</strong></span> <span class='ocrx_word' id='word_1_484' title='bbox 3649 1284 3736 1337; x_wconf 89' lang='lat' dir='ltr'><strong>uiti</strong></span> 
     </span>
    </p>
   </div>
   <div class='ocr_carea' id='block_1_69' title="bbox 2150 1373 3736 1447">
    <p class='ocr_par' dir='ltr' id='par_1_69' title="bbox 2150 1373 3736 1447">
     <span class='ocr_line' id='line_1_69' title="bbox 2150 1373 3736 1447; baseline 0.001 -19"><span class='ocrx_word' id='word_1_485' title='bbox 2150 1388 2213 1428; x_wconf 91' lang='lat' dir='ltr'><strong>ac</strong></span> <span class='ocrx_word' id='word_1_486' title='bbox 2239 1373 2556 1431; x_wconf 90' lang='lat' dir='ltr'><strong>imminuere</strong></span> <span class='ocrx_word' id='word_1_487' title='bbox 2583 1375 2874 1431; x_wconf 87' lang='lat' dir='ltr'><strong>tentaverit</strong></span> <span class='ocrx_word' id='word_1_488' title='bbox 2912 1377 3069 1440; x_wconf 88' lang='lat' dir='ltr'><strong>sciat,</strong></span> <span class='ocrx_word' id='word_1_489' title='bbox 3102 1391 3160 1432; x_wconf 88' lang='lat' dir='ltr'><strong>se</strong></span> <span class='ocrx_word' id='word_1_490' title='bbox 3188 1377 3375 1447; x_wconf 91' lang='lat' dir='ltr'><strong>procul</strong></span> <span class='ocrx_word' id='word_1_491' title='bbox 3412 1377 3582 1431; x_wconf 85' lang='lat' dir='ltr'><strong>dubio</strong></span> <span class='ocrx_word' id='word_1_492' title='bbox 3611 1377 3736 1430; x_wconf 89' lang='lat' dir='ltr'><strong>mul-</strong></span> 
     </span>
    </p>
   </div>
   <div class='ocr_carea' id='block_1_70' title="bbox 2151 1469 3734 1542">
    <p class='ocr_par' dir='ltr' id='par_1_70' title="bbox 2151 1469 3734 1542">
     <span class='ocr_line' id='line_1_70' title="bbox 2151 1469 3734 1542; baseline 0 -18"><span class='ocrx_word' id='word_1_493' title='bbox 2151 1469 2407 1524; x_wconf 88' lang='lat' dir='ltr'><strong>ctandum</strong></span> <span class='ocrx_word' id='word_1_494' title='bbox 2437 1469 2553 1525; x_wconf 86' lang='lat' dir='ltr'><strong>fore</strong></span> <span class='ocrx_word' id='word_1_495' title='bbox 2582 1470 2732 1542; x_wconf 87' lang='lat' dir='ltr'><strong>gravi</strong></span> <span class='ocrx_word' id='word_1_496' title='bbox 2759 1471 3122 1534; x_wconf 87' lang='lat' dir='ltr'><strong>anathemate,</strong></span> <span class='ocrx_word' id='word_1_497' title='bbox 3150 1479 3203 1526; x_wconf 90' lang='lat' dir='ltr'><strong>ct</strong></span> <span class='ocrx_word' id='word_1_498' title='bbox 3228 1486 3257 1524; x_wconf 91' lang='lat' dir='ltr'><strong>a</strong></span> <span class='ocrx_word' id='word_1_499' title='bbox 3287 1486 3519 1542; x_wconf 90' lang='lat' dir='ltr'><strong>corpore</strong></span> <span class='ocrx_word' id='word_1_500' title='bbox 3546 1481 3734 1526; x_wconf 73' lang='lat' dir='ltr'><strong>sancta:</strong></span> 
     </span>
    </p>
   </div>
   <div class='ocr_carea' id='block_1_71' title="bbox 2154 1561 3734 1642">
    <p class='ocr_par' dir='ltr' id='par_1_71' title="bbox 2154 1561 3734 1642">
     <span class='ocr_line' id='line_1_71' title="bbox 2154 1561 3734 1642; baseline 0.003 -26"><span class='ocrx_word' id='word_1_501' title='bbox 2154 1561 2426 1629; x_wconf 69' lang='lat' dir='ltr'><strong>Ecclesiae,</strong></span> <span class='ocrx_word' id='word_1_502' title='bbox 2457 1577 2618 1633; x_wconf 89' lang='lat' dir='ltr'><strong>quam</strong></span> <span class='ocrx_word' id='word_1_503' title='bbox 2649 1563 2950 1633; x_wconf 89' lang='lat' dir='ltr'><strong>inquietare</strong></span> <span class='ocrx_word' id='word_1_504' title='bbox 2976 1562 3214 1628; x_wconf 88' lang='lat' dir='ltr'><strong>molitur,</strong></span> <span class='ocrx_word' id='word_1_505' title='bbox 3239 1573 3500 1642; x_wconf 86' lang='lat' dir='ltr'><strong>perpetuo</strong></span> <span class='ocrx_word' id='word_1_506' title='bbox 3529 1564 3628 1619; x_wconf 89' lang='lat' dir='ltr'><strong>nisi</strong></span> <span class='ocrx_word' id='word_1_507' title='bbox 3659 1579 3734 1620; x_wconf 80' lang='lat' dir='ltr'><strong>re-</strong></span> 
     </span>
    </p>
   </div>
   <div class='ocr_carea' id='block_1_72' title="bbox 2143 1654 2834 1726">
    <p class='ocr_par' dir='ltr' id='par_1_72' title="bbox 2143 1654 2834 1726">
     <span class='ocr_line' id='line_1_72' title="bbox 2143 1654 2834 1726; baseline -0.003 -18"><span class='ocrx_word' id='word_1_508' title='bbox 2143 1654 2373 1726; x_wconf 87' lang='lat' dir='ltr'><strong>sipuerit</strong></span> <span class='ocrx_word' id='word_1_509' title='bbox 2399 1655 2778 1726; x_wconf 83' lang='lat' dir='ltr'><strong>separandum.</strong></span> <span class='ocrx_word' id='word_1_510' title='bbox 2809 1673 2834 1705; x_wconf 65' lang='grc' dir='ltr'><strong>ι</strong></span> 
     </span>
    </p>
   </div>
   <div class='ocr_carea' id='block_1_73' title="bbox 2612 1789 3276 1831">
    <p class='ocr_par' dir='ltr' id='par_1_73' title="bbox 2612 1789 3276 1831">
     <span class='ocr_line' id='line_1_73' title="bbox 2612 1789 3276 1831; baseline -0.003 -1"><span class='ocrx_word' id='word_1_511' title='bbox 2612 1789 2756 1830; x_wconf 70' lang='lat' dir='ltr'><strong>NOTA</strong></span> <span class='ocrx_word' id='word_1_512' title='bbox 2790 1789 3002 1830; x_wconf 71' lang='lat' dir='ltr'><strong>DAWDIS</strong></span> <span class='ocrx_word' id='word_1_513' title='bbox 3030 1789 3276 1831; x_wconf 65' lang='lat' dir='ltr'><strong>WILKINS.</strong></span> 
     </span>
    </p>
   </div>
   <div class='ocr_carea' id='block_1_74' title="bbox 2221 1894 3725 1968">
    <p class='ocr_par' dir='ltr' id='par_1_74' title="bbox 2221 1894 3725 1968">
     <span class='ocr_line' id='line_1_74' title="bbox 2221 1894 3725 1968; baseline 0.006 -20"><span class='ocrx_word' id='word_1_514' title='bbox 2221 1912 2241 1947; x_wconf 76' lang='lat' dir='ltr'><strong>c</strong></span> <span class='ocrx_word' id='word_1_515' title='bbox 2277 1894 2445 1968; x_wconf 82' lang='lat' dir='ltr'><strong>Error</strong></span> <span class='ocrx_word' id='word_1_516' title='bbox 2480 1894 2569 1951; x_wconf 92' lang='lat' dir='ltr'><strong>hic</strong></span> <span class='ocrx_word' id='word_1_517' title='bbox 2601 1895 3012 1952; x_wconf 79' lang='lat' dir='ltr'><strong>inextricabilis.</strong></span> <span class='ocrx_word' id='word_1_518' title='bbox 3055 1897 3418 1967; x_wconf 87' lang='lat' dir='ltr'><strong>Deprehendit</strong></span> <span class='ocrx_word' id='word_1_519' title='bbox 3446 1898 3725 1968; x_wconf 85' lang='lat' dir='ltr'><strong>Baronius,</strong></span> 
     </span>
    </p>
   </div>
   <div class='ocr_carea' id='block_1_75' title="bbox 2139 1966 3725 2036">
    <p class='ocr_par' dir='ltr' id='par_1_75' title="bbox 2139 1966 3725 2036">
     <span class='ocr_line' id='line_1_75' title="bbox 2139 1966 3725 2036; baseline 0.005 -17"><span class='ocrx_word' id='word_1_520' title='bbox 2139 1975 2192 2019; x_wconf 88' lang='lat' dir='ltr'><strong>et</strong></span> <span class='ocrx_word' id='word_1_521' title='bbox 2222 1966 2488 2031; x_wconf 88' lang='lat' dir='ltr'><strong>medetur,</strong></span> <span class='ocrx_word' id='word_1_522' title='bbox 2527 1968 2602 2021; x_wconf 90' lang='lat' dir='ltr'><strong>uti</strong></span> <span class='ocrx_word' id='word_1_523' title='bbox 2631 1967 2880 2036; x_wconf 88' lang='lat' dir='ltr'><strong>opinatus</strong></span> <span class='ocrx_word' id='word_1_524' title='bbox 2905 1977 3017 2033; x_wconf 87' lang='lat' dir='ltr'><strong>est;</strong></span> <span class='ocrx_word' id='word_1_525' title='bbox 3048 1966 3144 2024; x_wconf 88' lang='lat' dir='ltr'><strong>sed</strong></span> <span class='ocrx_word' id='word_1_526' title='bbox 3172 1970 3378 2024; x_wconf 87' lang='lat' dir='ltr'><strong>interea</strong></span> <span class='ocrx_word' id='word_1_527' title='bbox 3409 1985 3520 2025; x_wconf 91' lang='lat' dir='ltr'><strong>non</strong></span> <span class='ocrx_word' id='word_1_528' title='bbox 3558 1966 3725 2028; x_wconf 60' lang='lat' dir='ltr'><strong>minoé</strong></span> 
     </span>
    </p>
   </div>
   <div class='ocr_carea' id='block_1_76' title="bbox 2140 2035 3728 2110">
    <p class='ocr_par' dir='ltr' id='par_1_76' title="bbox 2140 2035 3728 2110">
     <span class='ocr_line' id='line_1_76' title="bbox 2140 2035 3728 2110; baseline 0.006 -23"><span class='ocrx_word' id='word_1_529' title='bbox 2140 2051 2252 2110; x_wconf 80' lang='lat' dir='ltr'><strong>rem</strong></span> <span class='ocrx_word' id='word_1_530' title='bbox 2286 2036 2513 2110; x_wconf 73' lang='lat' dir='ltr'><strong>ingerit._</strong></span> <span class='ocrx_word' id='word_1_531' title='bbox 2541 2035 2711 2110; x_wconf 70' lang='lat' dir='ltr'><strong>Anno,</strong></span> <span class='ocrx_word' id='word_1_532' title='bbox 2743 2038 2916 2110; x_wconf 82' lang='lat' dir='ltr'><strong>inquit</strong></span> <span class='ocrx_word' id='word_1_533' title='bbox 2943 2037 3414 2109; x_wconf 85' lang='lat' dir='ltr'><strong>Mahnesburgius,</strong></span> <span class='ocrx_word' id='word_1_534' title='bbox 3448 2056 3554 2110; x_wconf 82' lang='lat' dir='ltr'><strong>quo</strong></span> <span class='ocrx_word' id='word_1_535' title='bbox 3582 2060 3614 2096; x_wconf 79' lang='grc' dir='ltr'><em>α</em></span> <span class='ocrx_word' id='word_1_536' title='bbox 3639 2060 3728 2096; x_wconf 72' lang='lat' dir='ltr'><strong>ua-</strong></span> 
     </span>
    </p>
   </div>
   <div class='ocr_carea' id='block_1_77' title="bbox 2140 2105 3724 2180">
    <p class='ocr_par' dir='ltr' id='par_1_77' title="bbox 2140 2105 3724 2180">
     <span class='ocr_line' id='line_1_77' title="bbox 2140 2105 3724 2180; baseline 0.004 -21"><span class='ocrx_word' id='word_1_537' title='bbox 2140 2105 2569 2180; x_wconf 29' lang='lat' dir='ltr'><strong>tivitategbomini</strong></span> <span class='ocrx_word' id='word_1_538' title='bbox 2600 2105 3002 2180; x_wconf 68' lang='lat' dir='ltr'><strong>transactisunt</strong></span> <span class='ocrx_word' id='word_1_539' title='bbox 3036 2105 3559 2180; x_wconf 45' lang='lat' dir='ltr'><strong>nongenti&#39;quatrior,</strong></span> <span class='ocrx_word' id='word_1_540' title='bbox 3587 2112 3724 2166; x_wconf 66' lang='lat' dir='ltr'><strong>nisi!</strong></span> 
     </span>
    </p>
   </div>
   <div class='ocr_carea' id='block_1_78' title="bbox 2135 2173 3720 2249">
    <p class='ocr_par' dir='ltr' id='par_1_78' title="bbox 2135 2173 3720 2249">
     <span class='ocr_line' id='line_1_78' title="bbox 2135 2173 3720 2249; baseline 0.005 -21"><span class='ocrx_word' id='word_1_541' title='bbox 2135 2191 2270 2245; x_wconf 79' lang='lat' dir='ltr'><strong>papa</strong></span> <span class='ocrx_word' id='word_1_542' title='bbox 2314 2173 2600 2249; x_wconf 81' lang='lat' dir='ltr'><strong>Formosus</strong></span> <span class='ocrx_word' id='word_1_543' title='bbox 2650 2178 2704 2231; x_wconf 85' lang='lat' dir='ltr'><strong>in</strong></span> <span class='ocrx_word' id='word_1_544' title='bbox 2743 2178 2986 2248; x_wconf 81' lang='lat' dir='ltr'><strong>Angliam</strong></span> <span class='ocrx_word' id='word_1_545' title='bbox 3033 2173 3296 2249; x_wconf 70' lang='lat' dir='ltr'><strong>epistolas,</strong></span> <span class='ocrx_word' id='word_1_546' title='bbox 3316 2173 3528 2249; x_wconf 59' lang='lat' dir='ltr'><strong>&#39;qnibus</strong></span> <span class='ocrx_word' id='word_1_547' title='bbox 3565 2182 3720 2236; x_wconf 73' lang='lat' dir='ltr'><strong>debet</strong></span> 
     </span>
    </p>
   </div>
   <div class='ocr_carea' id='block_1_79' title="bbox 2133 2247 3716 2318">
    <p class='ocr_par' dir='ltr' id='par_1_79' title="bbox 2133 2247 3716 2318">
     <span class='ocr_line' id='line_1_79' title="bbox 2133 2247 3716 2318; baseline 0.004 -19"><span class='ocrx_word' id='word_1_548' title='bbox 2133 2247 2717 2318; x_wconf 74' lang='lat' dir='ltr'><strong>excommunicationem</strong></span> <span class='ocrx_word' id='word_1_549' title='bbox 2781 2247 2837 2302; x_wconf 83' lang='lat' dir='ltr'><strong>et</strong></span> <span class='ocrx_word' id='word_1_550' title='bbox 2865 2247 3287 2318; x_wconf 69' lang='lat' dir='ltr'><strong>interdictionem</strong></span> <span class='ocrx_word' id='word_1_551' title='bbox 3334 2247 3447 2318; x_wconf 79' lang='lat' dir='ltr'><strong>regi</strong></span> <span class='ocrx_word' id='word_1_552' title='bbox 3500 2249 3716 2305; x_wconf 70' lang='lat' dir='ltr'><strong>Edwar-</strong></span> 
     </span>
    </p>
   </div>
   <div class='ocr_carea' id='block_1_80' title="bbox 2130 2316 3721 2391">
    <p class='ocr_par' dir='ltr' id='par_1_80' title="bbox 2130 2316 3721 2391">
     <span class='ocr_line' id='line_1_80' title="bbox 2130 2316 3721 2391; baseline 0.005 -23"><span class='ocrx_word' id='word_1_553' title='bbox 2130 2316 2374 2391; x_wconf 65' lang='lat' dir='ltr'><strong>dq,_etc._</strong></span> <span class='ocrx_word' id='word_1_554' title='bbox 2418 2317 2496 2391; x_wconf 79' lang='lat' dir='ltr'><strong>Ad</strong></span> <span class='ocrx_word' id='word_1_555' title='bbox 2547 2317 2651 2391; x_wconf 88' lang='lat' dir='ltr'><strong>hoc</strong></span> <span class='ocrx_word' id='word_1_556' title='bbox 2706 2317 2966 2391; x_wconf 82' lang='lat' dir='ltr'><strong>Baronius</strong></span> <span class='ocrx_word' id='word_1_557' title='bbox 2997 2331 3017 2391; x_wconf 64' lang='grc' dir='ltr'>ζ</span> <span class='ocrx_word' id='word_1_558' title='bbox 3047 2316 3501 2391; x_wconf 62' lang='grc' dir='ltr'><strong>Ιιαπὲιίὶειηὶαι.</strong></span> <span class='ocrx_word' id='word_1_559' title='bbox 3533 2321 3721 2391; x_wconf 90' lang='lat' dir='ltr'><strong>inquit,</strong></span> 
     </span>
    </p>
   </div>
   <div class='ocr_carea' id='block_1_81' title="bbox 2136 2384 3716 2461">
    <p class='ocr_par' dir='ltr' id='par_1_81' title="bbox 2136 2384 3716 2461">
     <span class='ocr_line' id='line_1_81' title="bbox 2136 2384 3716 2461; baseline 0.006 -23"><span class='ocrx_word' id='word_1_560' title='bbox 2136 2384 2646 2461; x_wconf 66' lang='lat' dir='ltr'><strong>Malmesbnriensis;</strong></span> <span class='ocrx_word' id='word_1_561' title='bbox 2667 2389 2756 2441; x_wconf 87' lang='lat' dir='ltr'><strong>sed</strong></span> <span class='ocrx_word' id='word_1_562' title='bbox 2776 2398 2900 2461; x_wconf 80' lang='lat' dir='ltr'><strong>puto</strong></span> <span class='ocrx_word' id='word_1_563' title='bbox 2919 2390 3040 2442; x_wconf 83' lang='lat' dir='ltr'><strong>vitio</strong></span> <span class='ocrx_word' id='word_1_564' title='bbox 3057 2390 3346 2459; x_wconf 83' lang='lat' dir='ltr'><strong>scriptoris,</strong></span> <span class='ocrx_word' id='word_1_565' title='bbox 3366 2391 3510 2461; x_wconf 81' lang='lat' dir='ltr'><strong>quod</strong></span> <span class='ocrx_word' id='word_1_566' title='bbox 3527 2384 3716 2460; x_wconf 58' lang='lat' dir='ltr'><strong>factum</strong></span> 
     </span>
    </p>
   </div>
   <div class='ocr_carea' id='block_1_82' title="bbox 2131 2457 3716 2530">
    <p class='ocr_par' dir='ltr' id='par_1_82' title="bbox 2131 2457 3716 2530">
     <span class='ocr_line' id='line_1_82' title="bbox 2131 2457 3716 2530; baseline 0.004 -20"><span class='ocrx_word' id='word_1_567' title='bbox 2131 2468 2202 2510; x_wconf 86' lang='lat' dir='ltr'><strong>est</strong></span> <span class='ocrx_word' id='word_1_568' title='bbox 2234 2457 2330 2530; x_wconf 74' lang='lat' dir='ltr'><strong>hoc</strong></span> <span class='ocrx_word' id='word_1_569' title='bbox 2357 2473 2494 2530; x_wconf 76' lang='lat' dir='ltr'><strong>anno</strong></span> <span class='ocrx_word' id='word_1_570' title='bbox 2525 2459 2944 2530; x_wconf 80' lang='lat' dir='ltr'><strong>octingentesimo</strong></span> <span class='ocrx_word' id='word_1_571' title='bbox 2970 2457 3301 2529; x_wconf 78' lang='lat' dir='ltr'><strong>nonagesimo</strong></span> <span class='ocrx_word' id='word_1_572' title='bbox 3331 2457 3564 2530; x_wconf 75' lang='lat' dir='ltr'><strong>quarto,</strong></span> <span class='ocrx_word' id='word_1_573' title='bbox 3595 2464 3716 2516; x_wconf 82' lang='lat' dir='ltr'><strong>scri-</strong></span> 
     </span>
    </p>
   </div>
   <div class='ocr_carea' id='block_1_83' title="bbox 2129 2525 3716 2602">
    <p class='ocr_par' dir='ltr' id='par_1_83' title="bbox 2129 2525 3716 2602">
     <span class='ocr_line' id='line_1_83' title="bbox 2129 2525 3716 2602; baseline 0.005 -24"><span class='ocrx_word' id='word_1_574' title='bbox 2129 2539 2272 2594; x_wconf 80' lang='lat' dir='ltr'><strong>ptum</strong></span> <span class='ocrx_word' id='word_1_575' title='bbox 2299 2525 2400 2594; x_wconf 75' lang='lat' dir='ltr'><strong>legi</strong></span> <span class='ocrx_word' id='word_1_576' title='bbox 2431 2543 2567 2580; x_wconf 85' lang='lat' dir='ltr'><strong>anno</strong></span> <span class='ocrx_word' id='word_1_577' title='bbox 2598 2525 2984 2602; x_wconf 74' lang='lat' dir='ltr'><strong>nongentesimo</strong></span> <span class='ocrx_word' id='word_1_578' title='bbox 3013 2525 3221 2602; x_wconf 65' lang='lat' dir='ltr'><strong>quarto,</strong></span> <span class='ocrx_word' id='word_1_579' title='bbox 3251 2530 3322 2602; x_wconf 84' lang='lat' dir='ltr'><strong>a_d</strong></span> <span class='ocrx_word' id='word_1_580' title='bbox 3340 2525 3506 2602; x_wconf 60' lang='lat' dir='ltr'><strong>quod</strong></span> <span class='ocrx_word' id='word_1_581' title='bbox 3527 2541 3716 2602; x_wconf 71' lang='lat' dir='ltr'><strong>tempus</strong></span> 
     </span>
    </p>
   </div>
   <div class='ocr_carea' id='block_1_84' title="bbox 2128 2598 3713 2669">
    <p class='ocr_par' dir='ltr' id='par_1_84' title="bbox 2128 2598 3713 2669">
     <span class='ocr_line' id='line_1_84' title="bbox 2128 2598 3713 2669; baseline 0.005 -21"><span class='ocrx_word' id='word_1_582' title='bbox 2128 2608 2326 2669; x_wconf 71' lang='lat' dir='ltr'><strong>certum</strong></span> <span class='ocrx_word' id='word_1_583' title='bbox 2375 2607 2494 2662; x_wconf 88' lang='lat' dir='ltr'><strong>est,</strong></span> <span class='ocrx_word' id='word_1_584' title='bbox 2537 2615 2640 2652; x_wconf 83' lang='lat' dir='ltr'><strong>non</strong></span> <span class='ocrx_word' id='word_1_585' title='bbox 2687 2599 2920 2668; x_wconf 82' lang='lat' dir='ltr'><strong>potuisse</strong></span> <span class='ocrx_word' id='word_1_586' title='bbox 2959 2599 3222 2669; x_wconf 76' lang='lat' dir='ltr'><strong>pervenire</strong></span> <span class='ocrx_word' id='word_1_587' title='bbox 3257 2598 3713 2668; x_wconf 35' lang='lat' dir='ltr'><strong>For&#39;rnosum,‘sed</strong></span> 
     </span>
    </p>
   </div>
   <div class='ocr_carea' id='block_1_85' title="bbox 2129 2664 3712 2738">
    <p class='ocr_par' dir='ltr' id='par_1_85' title="bbox 2129 2664 3712 2738">
     <span class='ocr_line' id='line_1_85' title="bbox 2129 2664 3712 2738; baseline 0.004 -20"><span class='ocrx_word' id='word_1_588' title='bbox 2129 2664 2285 2736; x_wconf 85' lang='lat' dir='ltr'><strong>longo</strong></span> <span class='ocrx_word' id='word_1_589' title='bbox 2336 2677 2455 2721; x_wconf 85' lang='lat' dir='ltr'><strong>ante</strong></span> <span class='ocrx_word' id='word_1_590' title='bbox 2498 2684 2606 2722; x_wconf 81' lang='lat' dir='ltr'><strong>esse</strong></span> <span class='ocrx_word' id='word_1_591' title='bbox 2636 2664 2969 2737; x_wconf 49' lang='lat' dir='ltr'><strong>defunctum;</strong></span> <span class='ocrx_word' id='word_1_592' title='bbox 3008 2668 3172 2724; x_wconf 87' lang='lat' dir='ltr'><strong>Recte</strong></span> <span class='ocrx_word' id='word_1_593' title='bbox 3196 2664 3712 2738; x_wconf 71' lang='lat' dir='ltr'><strong>quoadFormdsum</strong></span> 
     </span>
    </p>
   </div>
   <div class='ocr_carea' id='block_1_86' title="bbox 2129 2738 3713 2810">
    <p class='ocr_par' dir='ltr' id='par_1_86' title="bbox 2129 2738 3713 2810">
     <span class='ocr_line' id='line_1_86' title="bbox 2129 2738 3713 2810; baseline 0.004 -22"><span class='ocrx_word' id='word_1_594' title='bbox 2129 2750 2350 2810; x_wconf 87' lang='lat' dir='ltr'><strong>papam;</strong></span> <span class='ocrx_word' id='word_1_595' title='bbox 2394 2738 2486 2792; x_wconf 88' lang='lat' dir='ltr'><strong>sed</strong></span> <span class='ocrx_word' id='word_1_596' title='bbox 2517 2753 2621 2810; x_wconf 72' lang='lat' dir='ltr'><strong>non</strong></span> <span class='ocrx_word' id='word_1_597' title='bbox 2649 2740 2827 2810; x_wconf 90' lang='lat' dir='ltr'><strong>minus</strong></span> <span class='ocrx_word' id='word_1_598' title='bbox 2850 2740 2964 2810; x_wconf 82' lang='lat' dir='ltr'><strong>jam</strong></span> <span class='ocrx_word' id='word_1_599' title='bbox 2994 2739 3258 2794; x_wconf 86' lang='lat' dir='ltr'><strong>erratrice</strong></span> <span class='ocrx_word' id='word_1_600' title='bbox 3285 2741 3471 2810; x_wconf 85' lang='lat' dir='ltr'><strong>quoad</strong></span> <span class='ocrx_word' id='word_1_601' title='bbox 3500 2740 3713 2796; x_wconf 79' lang='lat' dir='ltr'><strong>Edwar-</strong></span> 
     </span>
    </p>
   </div>
   <div class='ocr_carea' id='block_1_87' title="bbox 2127 2806 3714 2881">
    <p class='ocr_par' dir='ltr' id='par_1_87' title="bbox 2127 2806 3714 2881">
     <span class='ocr_line' id='line_1_87' title="bbox 2127 2806 3714 2881; baseline 0.006 -22"><span class='ocrx_word' id='word_1_602' title='bbox 2127 2807 2253 2861; x_wconf 89' lang='lat' dir='ltr'><strong>dum</strong></span> <span class='ocrx_word' id='word_1_603' title='bbox 2285 2822 2485 2881; x_wconf 87' lang='lat' dir='ltr'><strong>regem.</strong></span> <span class='ocrx_word' id='word_1_604' title='bbox 2539 2806 2627 2863; x_wconf 91' lang='lat' dir='ltr'><strong>Uti</strong></span> <span class='ocrx_word' id='word_1_605' title='bbox 2667 2809 2812 2863; x_wconf 90' lang='lat' dir='ltr'><strong>enim</strong></span> <span class='ocrx_word' id='word_1_606' title='bbox 2862 2809 3154 2881; x_wconf 79' lang='lat' dir='ltr'><strong>Formosus</strong></span> <span class='ocrx_word' id='word_1_607' title='bbox 3183 2806 3455 2881; x_wconf 72' lang='lat' dir='ltr'><strong>mortuus</strong></span> <span class='ocrx_word' id='word_1_608' title='bbox 3501 2823 3588 2867; x_wconf 85' lang='lat' dir='ltr'><strong>est</strong></span> <span class='ocrx_word' id='word_1_609' title='bbox 3629 2827 3714 2881; x_wconf 82' lang='lat' dir='ltr'><strong>per</strong></span> 
     </span>
    </p>
   </div>
   <div class='ocr_carea' id='block_1_88' title="bbox 2125 2878 3710 2944">
    <p class='ocr_par' dir='ltr' id='par_1_88' title="bbox 2125 2878 3710 2944">
     <span class='ocr_line' id='line_1_88' title="bbox 2125 2878 3710 2944; baseline 0.006 -14"><span class='ocrx_word' id='word_1_610' title='bbox 2125 2878 2450 2932; x_wconf 83' lang='lat' dir='ltr'><strong>novenniutn</strong></span> <span class='ocrx_word' id='word_1_611' title='bbox 2483 2888 2607 2934; x_wconf 88' lang='lat' dir='ltr'><strong>ante</strong></span> <span class='ocrx_word' id='word_1_612' title='bbox 2649 2893 2849 2934; x_wconf 86' lang='lat' dir='ltr'><strong>annum</strong></span> <span class='ocrx_word' id='word_1_613' title='bbox 2884 2880 3090 2934; x_wconf 87' lang='lat' dir='ltr'><strong>Domini</strong></span> <span class='ocrx_word' id='word_1_614' title='bbox 3138 2878 3263 2944; x_wconf 70' lang='grc'><strong>904,</strong></span> <span class='ocrx_word' id='word_1_615' title='bbox 3305 2880 3386 2936; x_wconf 82' lang='lat' dir='ltr'><strong>sic</strong></span> <span class='ocrx_word' id='word_1_616' title='bbox 3419 2878 3710 2939; x_wconf 74' lang='lat' dir='ltr'><strong>Edwardus</strong></span> 
     </span>
    </p>
   </div>
   <div class='ocr_carea' id='block_1_89' title="bbox 2124 2947 3706 3020">
    <p class='ocr_par' dir='ltr' id='par_1_89' title="bbox 2124 2947 3706 3020">
     <span class='ocr_line' id='line_1_89' title="bbox 2124 2947 3706 3020; baseline 0.004 -20"><span class='ocrx_word' id='word_1_617' title='bbox 2124 2961 2230 3001; x_wconf 89' lang='lat' dir='ltr'><strong>non</strong></span> <span class='ocrx_word' id='word_1_618' title='bbox 2253 2956 2335 3003; x_wconf 87' lang='lat' dir='ltr'><strong>est</strong></span> <span class='ocrx_word' id='word_1_619' title='bbox 2356 2947 2615 3020; x_wconf 83' lang='lat' dir='ltr'><strong>salutatus</strong></span> <span class='ocrx_word' id='word_1_620' title='bbox 2642 2962 2734 3004; x_wconf 77' lang='lat' dir='ltr'><strong>rex</strong></span> <span class='ocrx_word' id='word_1_621' title='bbox 2760 2949 2810 3004; x_wconf 93' lang='lat' dir='ltr'><strong>in</strong></span> <span class='ocrx_word' id='word_1_622' title='bbox 2834 2965 2975 3004; x_wconf 88' lang='lat' dir='ltr'><strong>anno</strong></span> <span class='ocrx_word' id='word_1_623' title='bbox 2997 2949 3118 3013; x_wconf 68' lang='lat'><strong>904,</strong></span> <span class='ocrx_word' id='word_1_624' title='bbox 3147 2964 3244 3006; x_wconf 88' lang='lat' dir='ltr'><strong>nec</strong></span> <span class='ocrx_word' id='word_1_625' title='bbox 3269 2966 3370 3020; x_wconf 85' lang='lat' dir='ltr'><strong>per</strong></span> <span class='ocrx_word' id='word_1_626' title='bbox 3397 2954 3706 3007; x_wconf 79' lang='lat' dir='ltr'><strong>sexennium</strong></span> 
     </span>
    </p>
   </div>
   <div class='ocr_carea' id='block_1_90' title="bbox 2124 3019 3704 3098">
    <p class='ocr_par' dir='ltr' id='par_1_90' title="bbox 2124 3019 3704 3098">
     <span class='ocr_line' id='line_1_90' title="bbox 2124 3019 3704 3098; baseline 0.003 -27"><span class='ocrx_word' id='word_1_627' title='bbox 2124 3019 2418 3098; x_wconf 29' lang='lat' dir='ltr'><strong>pqsleans‘i</strong></span> <span class='ocrx_word' id='word_1_628' title='bbox 2467 3019 2532 3098; x_wconf 78' lang='lat' dir='ltr'><strong>de</strong></span> <span class='ocrx_word' id='word_1_629' title='bbox 2563 3021 2780 3098; x_wconf 56' lang='lat' dir='ltr'><strong>nostris</strong></span> <span class='ocrx_word' id='word_1_630' title='bbox 2801 3021 2969 3073; x_wconf 86' lang='lat' dir='ltr'><strong>nostri</strong></span> <span class='ocrx_word' id='word_1_631' title='bbox 3004 3034 3106 3098; x_wconf 80' lang='lat' dir='ltr'><strong>non</strong></span> <span class='ocrx_word' id='word_1_632' title='bbox 3155 3019 3467 3098; x_wconf 55' lang='lat' dir='ltr'><strong>excutiant.</strong></span> <span class='ocrx_word' id='word_1_633' title='bbox 3522 3021 3704 3098; x_wconf 72' lang='lat' dir='ltr'><strong>Verum</strong></span> 
     </span>
    </p>
   </div>
   <div class='ocr_carea' id='block_1_91' title="bbox 2124 3087 3706 3161">
    <p class='ocr_par' dir='ltr' id='par_1_91' title="bbox 2124 3087 3706 3161">
     <span class='ocr_line' id='line_1_91' title="bbox 2124 3087 3706 3161; baseline 0.004 -20"><span class='ocrx_word' id='word_1_634' title='bbox 2124 3087 2286 3161; x_wconf 86' lang='lat' dir='ltr'><strong>igitur</strong></span> <span class='ocrx_word' id='word_1_635' title='bbox 2310 3089 2352 3142; x_wconf 91' lang='lat' dir='ltr'><strong>si</strong></span> <span class='ocrx_word' id='word_1_636' title='bbox 2385 3087 2715 3161; x_wconf 83' lang='lat' dir='ltr'><strong>fueritquod</strong></span> <span class='ocrx_word' id='word_1_637' title='bbox 2741 3089 3031 3144; x_wconf 87' lang='lat' dir='ltr'><strong>Formosus</strong></span> <span class='ocrx_word' id='word_1_638' title='bbox 3057 3091 3158 3144; x_wconf 91' lang='lat' dir='ltr'><strong>hoc</strong></span> <span class='ocrx_word' id='word_1_639' title='bbox 3181 3093 3613 3161; x_wconf 84' lang='lat' dir='ltr'><strong>promulgaverit</strong></span> <span class='ocrx_word' id='word_1_640' title='bbox 3637 3094 3706 3147; x_wconf 60' lang='lat' dir='ltr'><strong>in.</strong></span> 
     </span>
    </p>
   </div>
   <div class='ocr_carea' id='block_1_92' title="bbox 2124 3159 3703 3228">
    <p class='ocr_par' dir='ltr' id='par_1_92' title="bbox 2124 3159 3703 3228">
     <span class='ocr_line' id='line_1_92' title="bbox 2124 3159 3703 3228; baseline 0.004 -18"><span class='ocrx_word' id='word_1_641' title='bbox 2124 3159 2434 3221; x_wconf 89' lang='lat' dir='ltr'><strong>terdictum,</strong></span> <span class='ocrx_word' id='word_1_642' title='bbox 2455 3160 2567 3214; x_wconf 80' lang='lat' dir='ltr'><strong>ﬁeri</strong></span> <span class='ocrx_word' id='word_1_643' title='bbox 2593 3159 2808 3214; x_wconf 86' lang='lat' dir='ltr'><strong>necesse</strong></span> <span class='ocrx_word' id='word_1_644' title='bbox 2829 3170 2912 3214; x_wconf 90' lang='lat' dir='ltr'><strong>est</strong></span> <span class='ocrx_word' id='word_1_645' title='bbox 2935 3160 2986 3213; x_wconf 91' lang='lat' dir='ltr'><strong>in</strong></span> <span class='ocrx_word' id='word_1_646' title='bbox 3011 3169 3250 3227; x_wconf 89' lang='lat' dir='ltr'><strong>tempore</strong></span> <span class='ocrx_word' id='word_1_647' title='bbox 3263 3159 3492 3216; x_wconf 77' lang='lat' dir='ltr'><strong>Aluredi</strong></span> <span class='ocrx_word' id='word_1_648' title='bbox 3519 3163 3703 3228; x_wconf 72' lang='lat' dir='ltr'><strong>Magni,</strong></span> 
     </span>
    </p>
   </div>
   <div class='ocr_carea' id='block_1_93' title="bbox 2044 3228 3705 3319">
    <p class='ocr_par' dir='ltr' id='par_1_93' title="bbox 2044 3228 3705 3319">
     <span class='ocr_line' id='line_1_93' title="bbox 2044 3228 3705 3319; baseline 0.004 -38"><span class='ocrx_word' id='word_1_649' title='bbox 2044 3257 2089 3319; x_wconf 81' lang='lat' dir='ltr'><strong>C</strong></span> <span class='ocrx_word' id='word_1_650' title='bbox 2121 3229 2210 3319; x_wconf 68' lang='lat' dir='ltr'><strong>qui</strong></span> <span class='ocrx_word' id='word_1_651' title='bbox 2239 3228 2360 3319; x_wconf 41' lang='lat' dir='ltr'><strong>liget</strong></span> <span class='ocrx_word' id='word_1_652' title='bbox 2391 3231 2534 3311; x_wconf 76' lang='lat' dir='ltr'><strong>regis</strong></span> <span class='ocrx_word' id='word_1_653' title='bbox 2573 3229 2849 3319; x_wconf 49' lang='lat' dir='ltr'><strong>frtlebatur</strong></span> <span class='ocrx_word' id='word_1_654' title='bbox 2878 3230 3284 3319; x_wconf 67' lang='lat' dir='ltr'><strong>t_itu|o,_ditione</strong></span> <span class='ocrx_word' id='word_1_655' title='bbox 3318 3243 3506 3319; x_wconf 63' lang='lat' dir='ltr'><strong>tamen</strong></span> <span class='ocrx_word' id='word_1_656' title='bbox 3535 3235 3705 3302; x_wconf 81' lang='lat' dir='ltr'><strong>pulsus</strong></span> 
     </span>
    </p>
   </div>
   <div class='ocr_carea' id='block_1_94' title="bbox 2120 3299 3701 3372">
    <p class='ocr_par' dir='ltr' id='par_1_94' title="bbox 2120 3299 3701 3372">
     <span class='ocr_line' id='line_1_94' title="bbox 2120 3299 3701 3372; baseline 0.003 -21"><span class='ocrx_word' id='word_1_657' title='bbox 2120 3307 2203 3372; x_wconf 87' lang='lat' dir='ltr'><strong>e_st</strong></span> <span class='ocrx_word' id='word_1_658' title='bbox 2233 3314 2263 3354; x_wconf 88' lang='lat' dir='ltr'><strong>a</strong></span> <span class='ocrx_word' id='word_1_659' title='bbox 2295 3299 2481 3364; x_wconf 67' lang='lat' dir='ltr'><strong>Danis,</strong></span> <span class='ocrx_word' id='word_1_660' title='bbox 2513 3315 2613 3356; x_wconf 89' lang='lat' dir='ltr'><strong>nec</strong></span> <span class='ocrx_word' id='word_1_661' title='bbox 2641 3301 2802 3372; x_wconf 87' lang='lat' dir='ltr'><strong>hanc_</strong></span> <span class='ocrx_word' id='word_1_662' title='bbox 2823 3301 2954 3354; x_wconf 89' lang='lat' dir='ltr'><strong>satis</strong></span> <span class='ocrx_word' id='word_1_663' title='bbox 3000 3300 3226 3372; x_wconf 16' lang='lat' dir='ltr'><strong>integre,</strong></span> <span class='ocrx_word' id='word_1_664' title='bbox 3246 3299 3566 3372; x_wconf 76' lang='lat' dir='ltr'><strong>readeptiis,</strong></span> <span class='ocrx_word' id='word_1_665' title='bbox 3595 3321 3701 3358; x_wconf 88' lang='lat' dir='ltr'><strong>cum</strong></span> 
     </span>
    </p>
   </div>
   <div class='ocr_carea' id='block_1_95' title="bbox 2117 3367 3702 3443">
    <p class='ocr_par' dir='ltr' id='par_1_95' title="bbox 2117 3367 3702 3443">
     <span class='ocr_line' id='line_1_95' title="bbox 2117 3367 3702 3443; baseline 0.003 -20"><span class='ocrx_word' id='word_1_666' title='bbox 2117 3367 2582 3443; x_wconf 62' lang='lat' dir='ltr'><strong>lf‘ormos_u_s_pene</strong></span> <span class='ocrx_word' id='word_1_667' title='bbox 2620 3370 2990 3443; x_wconf 80' lang='lat' dir='ltr'><strong>pontiﬁcatum</strong></span> <span class='ocrx_word' id='word_1_668' title='bbox 3009 3367 3160 3443; x_wconf 73' lang='lat' dir='ltr'><strong>iniit.</strong></span> <span class='ocrx_word' id='word_1_669' title='bbox 3190 3367 3612 3443; x_wconf 54' lang='lat' dir='ltr'><strong>Errasse&#39;igitnr</strong></span> <span class='ocrx_word' id='word_1_670' title='bbox 3632 3376 3702 3427; x_wconf 85' lang='lat' dir='ltr'><strong>vi-</strong></span> 
     </span>
    </p>
   </div>
   <div class='ocr_carea' id='block_1_96' title="bbox 2117 3439 3701 3511">
    <p class='ocr_par' dir='ltr' id='par_1_96' title="bbox 2117 3439 3701 3511">
     <span class='ocr_line' id='line_1_96' title="bbox 2117 3439 3701 3511; baseline 0.004 -19"><span class='ocrx_word' id='word_1_671' title='bbox 2117 3439 2309 3511; x_wconf 86' lang='lat' dir='ltr'><strong>deatur</strong></span> <span class='ocrx_word' id='word_1_672' title='bbox 2335 3439 2893 3511; x_wconf 78' lang='lat' dir='ltr'><strong>Malmesburius,_aut</strong></span> <span class='ocrx_word' id='word_1_673' title='bbox 2917 3441 3148 3511; x_wconf 89' lang='lat' dir='ltr'><strong>scriptor</strong></span> <span class='ocrx_word' id='word_1_674' title='bbox 3175 3441 3392 3511; x_wconf 88' lang='lat' dir='ltr'><strong>aliquis.</strong></span> <span class='ocrx_word' id='word_1_675' title='bbox 3432 3439 3521 3496; x_wconf 64' lang='lat' dir='ltr'><strong>vid</strong></span> <span class='ocrx_word' id='word_1_676' title='bbox 3554 3444 3607 3497; x_wconf 83' lang='lat' dir='ltr'><strong>in</strong></span> <span class='ocrx_word' id='word_1_677' title='bbox 3633 3460 3701 3499; x_wconf 80' lang='lat' dir='ltr'><strong>re-</strong></span> 
     </span>
    </p>
   </div>
   <div class='ocr_carea' id='block_1_97' title="bbox 2115 3509 3698 3579">
    <p class='ocr_par' dir='ltr' id='par_1_97' title="bbox 2115 3509 3698 3579">
     <span class='ocr_line' id='line_1_97' title="bbox 2115 3509 3698 3579; baseline 0.004 -17"><span class='ocrx_word' id='word_1_678' title='bbox 2115 3523 2235 3577; x_wconf 88' lang='lat' dir='ltr'><strong>gem</strong></span> <span class='ocrx_word' id='word_1_679' title='bbox 2270 3509 2635 3579; x_wconf 89' lang='lat' dir='ltr'><strong>interdietinni</strong></span> <span class='ocrx_word' id='word_1_680' title='bbox 2669 3509 3042 3579; x_wconf 73' lang='lat' dir='ltr'><strong>subjicienda,</strong></span> <span class='ocrx_word' id='word_1_681' title='bbox 3089 3510 3173 3566; x_wconf 88' lang='lat' dir='ltr'><strong>vel</strong></span> <span class='ocrx_word' id='word_1_682' title='bbox 3208 3509 3543 3567; x_wconf 74' lang='lat' dir='ltr'><strong>Edwardnm</strong></span> <span class='ocrx_word' id='word_1_683' title='bbox 3572 3513 3698 3568; x_wconf 79' lang='lat' dir='ltr'><strong>forte</strong></span> 
     </span>
    </p>
   </div>
   <div class='ocr_carea' id='block_1_98' title="bbox 2115 3578 3695 3659">
    <p class='ocr_par' dir='ltr' id='par_1_98' title="bbox 2115 3578 3695 3659">
     <span class='ocr_line' id='line_1_98' title="bbox 2115 3578 3695 3659; baseline 0.004 -29"><span class='ocrx_word' id='word_1_684' title='bbox 2115 3591 2213 3659; x_wconf 73' lang='lat' dir='ltr'><strong>prp</strong></span> <span class='ocrx_word' id='word_1_685' title='bbox 2234 3578 2485 3659; x_wconf 82' lang='lat' dir='ltr'><strong>Aluredo.</strong></span> <span class='ocrx_word' id='word_1_686' title='bbox 2503 3579 2736 3659; x_wconf 61' lang='lat' dir='ltr'><strong>Scdpce</strong></span> <span class='ocrx_word' id='word_1_687' title='bbox 2757 3578 2857 3636; x_wconf 89' lang='lat' dir='ltr'><strong>hoc</strong></span> <span class='ocrx_word' id='word_1_688' title='bbox 2878 3595 3116 3659; x_wconf 73' lang='lat' dir='ltr'><strong>errorem</strong></span> <span class='ocrx_word' id='word_1_689' title='bbox 3136 3579 3273 3659; x_wconf 75' lang='lat' dir='ltr'><strong>tollit</strong></span> <span class='ocrx_word' id='word_1_690' title='bbox 3302 3599 3315 3634; x_wconf 93' lang='lat'>:</span> <span class='ocrx_word' id='word_1_691' title='bbox 3343 3597 3474 3636; x_wconf 89' lang='lat' dir='ltr'><strong>nam</strong></span> <span class='ocrx_word' id='word_1_692' title='bbox 3499 3595 3695 3659; x_wconf 59' lang='lat' dir='ltr'><strong>septeni</strong></span> 
     </span>
    </p>
   </div>
   <div class='ocr_carea' id='block_1_99' title="bbox 2115 3649 3692 3722">
    <p class='ocr_par' dir='ltr' id='par_1_99' title="bbox 2115 3649 3692 3722">
     <span class='ocr_line' id='line_1_99' title="bbox 2115 3649 3692 3722; baseline 0.003 -20"><span class='ocrx_word' id='word_1_693' title='bbox 2115 3649 2189 3702; x_wconf 91' lang='lat' dir='ltr'><strong>illi</strong></span> <span class='ocrx_word' id='word_1_694' title='bbox 2219 3664 2351 3718; x_wconf 88' lang='lat' dir='ltr'><strong>quos</strong></span> <span class='ocrx_word' id='word_1_695' title='bbox 2381 3651 2434 3703; x_wconf 93' lang='lat' dir='ltr'><strong>in</strong></span> <span class='ocrx_word' id='word_1_696' title='bbox 2465 3665 2568 3705; x_wconf 89' lang='lat' dir='ltr'><strong>una</strong></span> <span class='ocrx_word' id='word_1_697' title='bbox 2598 3650 2684 3705; x_wconf 89' lang='lat' dir='ltr'><strong>die</strong></span> <span class='ocrx_word' id='word_1_698' title='bbox 2712 3649 2885 3722; x_wconf 77' lang='lat' dir='ltr'><strong>factos</strong></span> <span class='ocrx_word' id='word_1_699' title='bbox 2910 3650 3039 3722; x_wconf 83' lang='lat' dir='ltr'><strong>dicit</strong></span> <span class='ocrx_word' id='word_1_700' title='bbox 3064 3651 3369 3722; x_wconf 87' lang='lat' dir='ltr'><strong>episcopos,</strong></span> <span class='ocrx_word' id='word_1_701' title='bbox 3401 3666 3514 3706; x_wconf 89' lang='lat' dir='ltr'><strong>non</strong></span> <span class='ocrx_word' id='word_1_702' title='bbox 3549 3649 3692 3708; x_wconf 79' lang='lat' dir='ltr'><strong>electi</strong></span> 
     </span>
    </p>
   </div>
   <div class='ocr_carea' id='block_1_100' title="bbox 2113 3720 3696 3791">
    <p class='ocr_par' dir='ltr' id='par_1_100' title="bbox 2113 3720 3696 3791">
     <span class='ocr_line' id='line_1_100' title="bbox 2113 3720 3696 3791; baseline 0.004 -19"><span class='ocrx_word' id='word_1_703' title='bbox 2113 3729 2239 3791; x_wconf 81' lang='lat' dir='ltr'><strong>sunt</strong></span> <span class='ocrx_word' id='word_1_704' title='bbox 2285 3730 2409 3791; x_wconf 82' lang='lat' dir='ltr'><strong>ante</strong></span> <span class='ocrx_word' id='word_1_705' title='bbox 2451 3734 2578 3791; x_wconf 89' lang='lat' dir='ltr'><strong>a_nn.</strong></span> <span class='ocrx_word' id='word_1_706' title='bbox 2630 3722 2783 3775; x_wconf 93' lang='lat' dir='ltr'><strong>Dom.</strong></span> <span class='ocrx_word' id='word_1_707' title='bbox 2827 3720 2953 3782; x_wconf 65' lang='lat'><strong>90-5,</strong></span> <span class='ocrx_word' id='word_1_708' title='bbox 2991 3720 3423 3776; x_wconf 33' lang='lat' dir='ltr'><strong>nee‘cnnsecrati</strong></span> <span class='ocrx_word' id='word_1_709' title='bbox 3462 3733 3696 3791; x_wconf 86' lang='lat' dir='ltr'><strong>postmo-</strong></span> 
     </span>
    </p>
   </div>
   <div class='ocr_carea' id='block_1_101' title="bbox 2111 3788 3691 3861">
    <p class='ocr_par' dir='ltr' id='par_1_101' title="bbox 2111 3788 3691 3861">
     <span class='ocr_line' id='line_1_101' title="bbox 2111 3788 3691 3861; baseline 0.002 -18"><span class='ocrx_word' id='word_1_710' title='bbox 2111 3788 2454 3861; x_wconf 64' lang='lat' dir='ltr'><strong>dnm,d0nec</strong></span> <span class='ocrx_word' id='word_1_711' title='bbox 2482 3789 2845 3861; x_wconf 87' lang='lat' dir='ltr'><strong>Plegmundus</strong></span> <span class='ocrx_word' id='word_1_712' title='bbox 2875 3791 3316 3860; x_wconf 85' lang='lat' dir='ltr'><strong>archiepiscopus</strong></span> <span class='ocrx_word' id='word_1_713' title='bbox 3339 3793 3446 3846; x_wconf 89' lang='lat' dir='ltr'><strong>iter</strong></span> <span class='ocrx_word' id='word_1_714' title='bbox 3462 3788 3691 3847; x_wconf 72' lang='lat' dir='ltr'><strong>Romam</strong></span> 
     </span>
    </p>
   </div>
   <div class='ocr_carea' id='block_1_102' title="bbox 2112 3860 3691 3932">
    <p class='ocr_par' dir='ltr' id='par_1_102' title="bbox 2112 3860 3691 3932">
     <span class='ocr_line' id='line_1_102' title="bbox 2112 3860 3691 3932; baseline 0.003 -18"><span class='ocrx_word' id='word_1_715' title='bbox 2112 3860 2491 3932; x_wconf 65' lang='lat' dir='ltr'><strong>expetliverat,</strong></span> <span class='ocrx_word' id='word_1_716' title='bbox 2528 3860 2889 3932; x_wconf 31' lang='lat' dir='ltr'><strong>et’epistolam</strong></span> <span class='ocrx_word' id='word_1_717' title='bbox 2919 3861 3102 3932; x_wconf 79' lang='lat' dir='ltr'><strong>(quam</strong></span> <span class='ocrx_word' id='word_1_718' title='bbox 3133 3875 3164 3932; x_wconf 82' lang='lat' dir='ltr'><strong>a</strong></span> <span class='ocrx_word' id='word_1_719' title='bbox 3197 3876 3337 3932; x_wconf 85' lang='lat' dir='ltr'><strong>papa</strong></span> <span class='ocrx_word' id='word_1_720' title='bbox 3375 3863 3448 3915; x_wconf 85' lang='lat' dir='ltr'><strong>ad</strong></span> <span class='ocrx_word' id='word_1_721' title='bbox 3494 3864 3691 3932; x_wconf 83' lang='lat' dir='ltr'><strong>episco-</strong></span> 
     </span>
    </p>
   </div>
   <div class='ocr_carea' id='block_1_103' title="bbox 2110 3929 3687 4001">
    <p class='ocr_par' dir='ltr' id='par_1_103' title="bbox 2110 3929 3687 4001">
     <span class='ocr_line' id='line_1_103' title="bbox 2110 3929 3687 4001; baseline 0.004 -21"><span class='ocrx_word' id='word_1_722' title='bbox 2110 3929 2208 3999; x_wconf 82' lang='lat' dir='ltr'><strong>pos</strong></span> <span class='ocrx_word' id='word_1_723' title='bbox 2252 3929 2654 4001; x_wconf 17' lang='lat' dir='ltr'><strong>hicﬂdedimns]</strong></span> <span class='ocrx_word' id='word_1_724' title='bbox 2685 3945 2788 3984; x_wconf 90' lang='lat' dir='ltr'><strong>una</strong></span> <span class='ocrx_word' id='word_1_725' title='bbox 2835 3929 2971 3986; x_wconf 28' lang='lat' dir='ltr'><strong>cum’</strong></span> <span class='ocrx_word' id='word_1_726' title='bbox 3003 3929 3342 4001; x_wconf 77' lang='lat' dir='ltr'><strong>absolutione</strong></span> <span class='ocrx_word' id='word_1_727' title='bbox 3388 3929 3687 3992; x_wconf 71' lang='lat' dir='ltr'><strong>detulisset,</strong></span> 
     </span>
    </p>
   </div>
   <div class='ocr_carea' id='block_1_104' title="bbox 2111 3999 3686 4056">
    <p class='ocr_par' dir='ltr' id='par_1_104' title="bbox 2111 3999 3686 4056">
     <span class='ocr_line' id='line_1_104' title="bbox 2111 3999 3686 4056; baseline 0.003 -5"><span class='ocrx_word' id='word_1_728' title='bbox 2111 4013 2255 4052; x_wconf 90' lang='lat' dir='ltr'><strong>anno</strong></span> <span class='ocrx_word' id='word_1_729' title='bbox 2279 4000 2488 4054; x_wconf 88' lang='lat' dir='ltr'><strong>scilicet</strong></span> <span class='ocrx_word' id='word_1_730' title='bbox 2508 3999 2720 4055; x_wconf 37' lang='lat' dir='ltr'><strong>905&#39;vel</strong></span> <span class='ocrx_word' id='word_1_731' title='bbox 2752 4001 2892 4054; x_wconf 93' lang='lat' dir='ltr'><strong>hunc</strong></span> <span class='ocrx_word' id='word_1_732' title='bbox 2918 4000 3154 4054; x_wconf 91' lang='lat' dir='ltr'><strong>circiter.</strong></span> <span class='ocrx_word' id='word_1_733' title='bbox 3182 4000 3508 4055; x_wconf 88' lang='lat' dir='ltr'><strong>lnscribitur</strong></span> <span class='ocrx_word' id='word_1_734' title='bbox 3535 4004 3686 4056; x_wconf 86' lang='lat' dir='ltr'><strong>etiam</strong></span> 
     </span>
    </p>
   </div>
   <div class='ocr_carea' id='block_1_105' title="bbox 2109 4068 3688 4142">
    <p class='ocr_par' dir='ltr' id='par_1_105' title="bbox 2109 4068 3688 4142">
     <span class='ocr_line' id='line_1_105' title="bbox 2109 4068 3688 4142; baseline 0.003 -20"><span class='ocrx_word' id='word_1_735' title='bbox 2109 4068 2336 4142; x_wconf 76' lang='lat' dir='ltr'><strong>epistola</strong></span> <span class='ocrx_word' id='word_1_736' title='bbox 2382 4070 2469 4124; x_wconf 87' lang='lat' dir='ltr'><strong>illa</strong></span> <span class='ocrx_word' id='word_1_737' title='bbox 2515 4070 2643 4142; x_wconf 80' lang='lat' dir='ltr'><strong>solis</strong></span> <span class='ocrx_word' id='word_1_738' title='bbox 2671 4069 2938 4142; x_wconf 85' lang='lat' dir='ltr'><strong>episcopis</strong></span> <span class='ocrx_word' id='word_1_739' title='bbox 2977 4070 3209 4142; x_wconf 51' lang='lat' dir='ltr'><strong>Anglia;</strong></span> <span class='ocrx_word' id='word_1_740' title='bbox 3228 4080 3284 4126; x_wconf 90' lang='lat' dir='ltr'><strong>et</strong></span> <span class='ocrx_word' id='word_1_741' title='bbox 3311 4071 3392 4142; x_wconf 85' lang='lat' dir='ltr'><strong>de</strong></span> <span class='ocrx_word' id='word_1_742' title='bbox 3429 4087 3561 4142; x_wconf 81' lang='lat' dir='ltr'><strong>rege</strong></span> <span class='ocrx_word' id='word_1_743' title='bbox 3591 4073 3688 4127; x_wconf 86' lang='lat' dir='ltr'><strong>illic</strong></span> 
     </span>
    </p>
   </div>
   <div class='ocr_carea' id='block_1_106' title="bbox 2110 4138 3686 4209">
    <p class='ocr_par' dir='ltr' id='par_1_106' title="bbox 2110 4138 3686 4209">
     <span class='ocr_line' id='line_1_106' title="bbox 2110 4138 3686 4209; baseline 0.002 -19"><span class='ocrx_word' id='word_1_744' title='bbox 2110 4154 2178 4209; x_wconf 82' lang='lat' dir='ltr'><strong>ne</strong></span> <span class='ocrx_word' id='word_1_745' title='bbox 2211 4138 2432 4194; x_wconf 90' lang='lat' dir='ltr'><strong>verbum</strong></span> <span class='ocrx_word' id='word_1_746' title='bbox 2463 4138 2720 4209; x_wconf 75' lang='lat' dir='ltr'><strong>quidem;</strong></span> <span class='ocrx_word' id='word_1_747' title='bbox 2756 4138 2892 4194; x_wconf 80' lang='lat' dir='ltr'><strong>adeo</strong></span> <span class='ocrx_word' id='word_1_748' title='bbox 2915 4149 2973 4195; x_wconf 92' lang='lat' dir='ltr'><strong>ut</strong></span> <span class='ocrx_word' id='word_1_749' title='bbox 3006 4138 3249 4194; x_wconf 56' lang='lat' dir='ltr'><strong>iu&#39;dubio</strong></span> <span class='ocrx_word' id='word_1_750' title='bbox 3278 4140 3349 4194; x_wconf 88' lang='lat' dir='ltr'><strong>sit</strong></span> <span class='ocrx_word' id='word_1_751' title='bbox 3371 4156 3442 4195; x_wconf 90' lang='lat' dir='ltr'><strong>an</strong></span> <span class='ocrx_word' id='word_1_752' title='bbox 3473 4138 3568 4197; x_wconf 72' lang='lat' dir='ltr'><strong>re:</strong></span> <span class='ocrx_word' id='word_1_753' title='bbox 3597 4143 3686 4196; x_wconf 89' lang='lat' dir='ltr'><strong>sub</strong></span> 
     </span>
    </p>
   </div>
   <div class='ocr_carea' id='block_1_107' title="bbox 2111 4207 3682 4279">
    <p class='ocr_par' dir='ltr' id='par_1_107' title="bbox 2111 4207 3682 4279">
     <span class='ocr_line' id='line_1_107' title="bbox 2111 4207 3682 4279; baseline 0.003 -19"><span class='ocrx_word' id='word_1_754' title='bbox 2111 4207 2398 4279; x_wconf 81' lang='lat' dir='ltr'><strong>interdicto</strong></span> <span class='ocrx_word' id='word_1_755' title='bbox 2423 4207 2740 4279; x_wconf 77' lang='lat' dir='ltr'><strong>ponebatur.</strong></span> <span class='ocrx_word' id='word_1_756' title='bbox 2773 4209 2930 4264; x_wconf 86' lang='lat' dir='ltr'><strong>Certe</strong></span> <span class='ocrx_word' id='word_1_757' title='bbox 2957 4210 3000 4264; x_wconf 91' lang='lat' dir='ltr'><strong>si</strong></span> <span class='ocrx_word' id='word_1_758' title='bbox 3031 4226 3152 4264; x_wconf 91' lang='lat' dir='ltr'><strong>eum</strong></span> <span class='ocrx_word' id='word_1_759' title='bbox 3182 4209 3570 4266; x_wconf 83' lang='lat' dir='ltr'><strong>Malmesburio</strong></span> <span class='ocrx_word' id='word_1_760' title='bbox 3597 4213 3682 4266; x_wconf 88' lang='lat' dir='ltr'><strong>hn-</strong></span> 
     </span>
    </p>
   </div>
   <div class='ocr_carea' id='block_1_108' title="bbox 2101 4275 3682 4351">
    <p class='ocr_par' dir='ltr' id='par_1_108' title="bbox 2101 4275 3682 4351">
     <span class='ocr_line' id='line_1_108' title="bbox 2101 4275 3682 4351; baseline 0.003 -22"><span class='ocrx_word' id='word_1_761' title='bbox 2101 4275 2191 4351; x_wconf 87' lang='lat' dir='ltr'><strong>j_us</strong></span> <span class='ocrx_word' id='word_1_762' title='bbox 2236 4275 2505 4334; x_wconf 78' lang='lat' dir='ltr'><strong>interdicti</strong></span> <span class='ocrx_word' id='word_1_763' title='bbox 2551 4289 2606 4334; x_wconf 90' lang='lat' dir='ltr'><strong>et</strong></span> <span class='ocrx_word' id='word_1_764' title='bbox 2671 4279 2911 4351; x_wconf 63' lang='lat' dir='ltr'><strong>epistolae</strong></span> <span class='ocrx_word' id='word_1_765' title='bbox 2965 4288 3240 4334; x_wconf 88' lang='lat' dir='ltr'><strong>auctorem</strong></span> <span class='ocrx_word' id='word_1_766' title='bbox 3289 4283 3682 4351; x_wconf 81' lang='lat' dir='ltr'><strong>susceperimus</strong></span> 
     </span>
    </p>
   </div>
   <div class='ocr_carea' id='block_1_109' title="bbox 2107 4346 3682 4420">
    <p class='ocr_par' dir='ltr' id='par_1_109' title="bbox 2107 4346 3682 4420">
     <span class='ocr_line' id='line_1_109' title="bbox 2107 4346 3682 4420; baseline 0.003 -20"><span class='ocrx_word' id='word_1_767' title='bbox 2107 4346 2424 4404; x_wconf 89' lang='lat' dir='ltr'><strong>Formosum</strong></span> <span class='ocrx_word' id='word_1_768' title='bbox 2447 4365 2678 4420; x_wconf 84' lang='lat' dir='ltr'><strong>papam,</strong></span> <span class='ocrx_word' id='word_1_769' title='bbox 2707 4346 2764 4404; x_wconf 86' lang='lat' dir='ltr'><strong>iu</strong></span> <span class='ocrx_word' id='word_1_770' title='bbox 2800 4350 3038 4405; x_wconf 88' lang='lat' dir='ltr'><strong>historiis</strong></span> <span class='ocrx_word' id='word_1_771' title='bbox 3068 4351 3267 4420; x_wconf 89' lang='lat' dir='ltr'><strong>nostris</strong></span> <span class='ocrx_word' id='word_1_772' title='bbox 3307 4346 3500 4420; x_wconf 81' lang='lat' dir='ltr'><strong>ingens</strong></span> <span class='ocrx_word' id='word_1_773' title='bbox 3539 4367 3682 4406; x_wconf 88' lang='lat' dir='ltr'><strong>error</strong></span> 
     </span>
    </p>
   </div>
   <div class='ocr_carea' id='block_1_110' title="bbox 2105 4419 3672 4490">
    <p class='ocr_par' dir='ltr' id='par_1_110' title="bbox 2105 4419 3672 4490">
     <span class='ocr_line' id='line_1_110' title="bbox 2105 4419 3672 4490; baseline 0.003 -19"><span class='ocrx_word' id='word_1_774' title='bbox 2105 4426 2208 4490; x_wconf 78' lang='lat' dir='ltr'><strong>est,</strong></span> <span class='ocrx_word' id='word_1_775' title='bbox 2240 4429 2387 4490; x_wconf 86' lang='lat' dir='ltr'><strong>etne</strong></span> <span class='ocrx_word' id='word_1_776' title='bbox 2413 4419 2480 4483; x_wconf 89' lang='lat' dir='ltr'><strong>ab</strong></span> <span class='ocrx_word' id='word_1_777' title='bbox 2507 4419 2714 4490; x_wconf 72' lang='lat' dir='ltr'><strong>(Edipo</strong></span> <span class='ocrx_word' id='word_1_778' title='bbox 2738 4420 3103 4489; x_wconf 80' lang='lat' dir='ltr'><strong>extricabilis;</strong></span> <span class='ocrx_word' id='word_1_779' title='bbox 3152 4419 3331 4490; x_wconf 79' lang='lat' dir='ltr'><strong>sed_si</strong></span> <span class='ocrx_word' id='word_1_780' title='bbox 3360 4419 3672 4476; x_wconf 80' lang='lat' dir='ltr'><strong>Formosum</strong></span> 
     </span>
    </p>
   </div>
   <div class='ocr_carea' id='block_1_111' title="bbox 2106 4486 3672 4560">
    <p class='ocr_par' dir='ltr' id='par_1_111' title="bbox 2106 4486 3672 4560">
     <span class='ocr_line' id='line_1_111' title="bbox 2106 4486 3672 4560; baseline 0.003 -21"><span class='ocrx_word' id='word_1_781' title='bbox 2106 4486 2414 4560; x_wconf 79' lang='lat' dir='ltr'><strong>subrepisse</strong></span> <span class='ocrx_word' id='word_1_782' title='bbox 2445 4486 2697 4560; x_wconf 77' lang='lat' dir='ltr'><strong>censeant</strong></span> <span class='ocrx_word' id='word_1_783' title='bbox 2733 4505 2830 4560; x_wconf 87' lang='lat' dir='ltr'><strong>pro</strong></span> <span class='ocrx_word' id='word_1_784' title='bbox 2858 4487 3037 4560; x_wconf 80' lang='lat' dir='ltr'><strong>Leone</strong></span> <span class='ocrx_word' id='word_1_785' title='bbox 3066 4504 3200 4560; x_wconf 82' lang='lat' dir='ltr'><strong>papa</strong></span> <span class='ocrx_word' id='word_1_786' title='bbox 3233 4488 3298 4555; x_wconf 72' lang='grc' dir='ltr'><strong>ν,</strong></span> <span class='ocrx_word' id='word_1_787' title='bbox 3336 4506 3447 4544; x_wconf 92' lang='lat' dir='ltr'><strong>non</strong></span> <span class='ocrx_word' id='word_1_788' title='bbox 3475 4507 3574 4560; x_wconf 88' lang='lat' dir='ltr'><strong>ego</strong></span> <span class='ocrx_word' id='word_1_789' title='bbox 3603 4494 3672 4545; x_wconf 83' lang='lat' dir='ltr'><strong>vi-</strong></span> 
     </span>
    </p>
   </div>
   <div class='ocr_carea' id='block_1_112' title="bbox 2108 4557 3542 4629">
    <p class='ocr_par' dir='ltr' id='par_1_112' title="bbox 2108 4557 3542 4629">
     <span class='ocr_line' id='line_1_112' title="bbox 2108 4557 3542 4629; baseline 0.004 -19"><span class='ocrx_word' id='word_1_790' title='bbox 2108 4557 2208 4629; x_wconf 78' lang='lat' dir='ltr'><strong>deo</strong></span> <span class='ocrx_word' id='word_1_791' title='bbox 2235 4557 2363 4628; x_wconf 86' lang='lat' dir='ltr'><strong>quin</strong></span> <span class='ocrx_word' id='word_1_792' title='bbox 2395 4573 2527 4629; x_wconf 82' lang='lat' dir='ltr'><strong>sana</strong></span> <span class='ocrx_word' id='word_1_793' title='bbox 2553 4559 2683 4613; x_wconf 81' lang='lat' dir='ltr'><strong>ﬁant</strong></span> <span class='ocrx_word' id='word_1_794' title='bbox 2705 4557 2906 4614; x_wconf 74' lang='lat' dir='ltr'><strong>omnia.</strong></span> <span class='ocrx_word' id='word_1_795' title='bbox 2941 4579 2961 4612; x_wconf 71' lang='grc' dir='ltr'><strong><em>ι</em></strong></span> <span class='ocrx_word' id='word_1_796' title='bbox 2998 4557 3542 4629; x_wconf 59' lang='grc' dir='ltr'><strong>Ηώοερειωθηηιιᾷ</strong></span> 
     </span>
    </p>
   </div>
   <div class='ocr_carea' id='block_1_113' title="bbox 2032 4609 3667 4698">
    <p class='ocr_par' dir='ltr' id='par_1_113' title="bbox 2032 4609 3667 4698">
     <span class='ocr_line' id='line_1_113' title="bbox 2032 4609 3667 4698; baseline 0.001 -18"><span class='ocrx_word' id='word_1_797' title='bbox 2032 4609 2080 4668; x_wconf 89' lang='lat' dir='ltr'><strong>D</strong></span> <span class='ocrx_word' id='word_1_798' title='bbox 2116 4609 2380 4698; x_wconf 54' lang='grc' dir='ltr'><strong>ξριῖίῦἰίὲ</strong></span> <span class='ocrx_word' id='word_1_799' title='bbox 2396 4609 2905 4698; x_wconf 60' lang='grc' dir='ltr'><strong>’ἑρέιιῖιᾷἧὲιῖἶὸιῖἔ</strong></span> <span class='ocrx_word' id='word_1_800' title='bbox 2937 4609 3225 4684; x_wconf 54' lang='lat' dir='ltr'><strong>sti-{Etiam};</strong></span> <span class='ocrx_word' id='word_1_801' title='bbox 3240 4609 3667 4687; x_wconf 64' lang='grc' dir='ltr'><strong>’Ξᾶἆίἑὶἰῗὰειιιι</strong></span> 
     </span>
    </p>
   </div>
   <div class='ocr_carea' id='block_1_114' title="bbox 2104 4694 3672 4772">
    <p class='ocr_par' dir='ltr' id='par_1_114' title="bbox 2104 4694 3672 4772">
     <span class='ocr_line' id='line_1_114' title="bbox 2104 4694 3672 4772; baseline 0.003 -22"><span class='ocrx_word' id='word_1_802' title='bbox 2104 4694 2408 4772; x_wconf 80' lang='lat' dir='ltr'><strong>Cossartius</strong></span> <span class='ocrx_word' id='word_1_803' title='bbox 2435 4694 2498 4772; x_wconf 68' lang='lat' dir='ltr'><strong>in</strong></span> <span class='ocrx_word' id='word_1_804' title='bbox 2513 4697 2644 4754; x_wconf 85' lang='lat' dir='ltr'><strong>edit.</strong></span> <span class='ocrx_word' id='word_1_805' title='bbox 2673 4699 2887 4772; x_wconf 73' lang='lat' dir='ltr'><strong>Concil.</strong></span> <span class='ocrx_word' id='word_1_806' title='bbox 2908 4700 3013 4754; x_wconf 90' lang='lat' dir='ltr'><strong>vol.</strong></span> <span class='ocrx_word' id='word_1_807' title='bbox 3032 4699 3149 4772; x_wconf 8' lang='lat' dir='ltr'><strong>lx],</strong></span> <span class='ocrx_word' id='word_1_808' title='bbox 3189 4715 3310 4772; x_wconf 87' lang='lat' dir='ltr'><strong>pag.</strong></span> <span class='ocrx_word' id='word_1_809' title='bbox 3340 4699 3443 4772; x_wconf 59' lang='grc'><strong>451</strong></span> <span class='ocrx_word' id='word_1_810' title='bbox 3482 4719 3496 4754; x_wconf 92' lang='lat'><strong>:</strong></span> <span class='ocrx_word' id='word_1_811' title='bbox 3535 4721 3553 4754; x_wconf 77' lang='grc' dir='ltr'>ι</span> <span class='ocrx_word' id='word_1_812' title='bbox 3583 4702 3672 4772; x_wconf 70' lang='lat' dir='ltr'><strong>Sy-</strong></span> 
     </span>
    </p>
   </div>
   <div class='ocr_carea' id='block_1_115' title="bbox 2103 4767 3668 4840">
    <p class='ocr_par' dir='ltr' id='par_1_115' title="bbox 2103 4767 3668 4840">
     <span class='ocr_line' id='line_1_115' title="bbox 2103 4767 3668 4840; baseline 0.003 -20"><span class='ocrx_word' id='word_1_813' title='bbox 2103 4767 2696 4840; x_wconf 67' lang='lat' dir='ltr'><strong>noduin_Anglic.anatn</strong></span> <span class='ocrx_word' id='word_1_814' title='bbox 2747 4771 2993 4825; x_wconf 85' lang='lat' dir='ltr'><strong>attribuit</strong></span> <span class='ocrx_word' id='word_1_815' title='bbox 3031 4767 3529 4840; x_wconf 77' lang='lat' dir='ltr'><strong>Malmesburiensis</strong></span> <span class='ocrx_word' id='word_1_816' title='bbox 3575 4767 3668 4824; x_wconf 71' lang='lat' dir='ltr'><strong>non</strong></span> 
     </span>
    </p>
   </div>
   <div class='ocr_carea' id='block_1_116' title="bbox 2103 4837 3670 4911">
    <p class='ocr_par' dir='ltr' id='par_1_116' title="bbox 2103 4837 3670 4911">
     <span class='ocr_line' id='line_1_116' title="bbox 2103 4837 3670 4911; baseline 0.002 -21"><span class='ocrx_word' id='word_1_817' title='bbox 2103 4852 2245 4891; x_wconf 89' lang='lat' dir='ltr'><strong>anno</strong></span> <span class='ocrx_word' id='word_1_818' title='bbox 2271 4837 2488 4911; x_wconf 53' lang='lat'><strong>994,11;</strong></span> <span class='ocrx_word' id='word_1_819' title='bbox 2518 4839 2594 4892; x_wconf 88' lang='lat' dir='ltr'><strong>ait</strong></span> <span class='ocrx_word' id='word_1_820' title='bbox 2625 4839 2925 4905; x_wconf 87' lang='lat' dir='ltr'><strong>Baronins;</strong></span> <span class='ocrx_word' id='word_1_821' title='bbox 2981 4841 3071 4895; x_wconf 90' lang='lat' dir='ltr'><strong>sed</strong></span> <span class='ocrx_word' id='word_1_822' title='bbox 3100 4839 3259 4911; x_wconf 48' lang='grc' dir='ltr'><strong>905)Δ</strong></span> <span class='ocrx_word' id='word_1_823' title='bbox 3283 4856 3449 4911; x_wconf 68' lang='lat' dir='ltr'><strong>nimo,</strong></span> <span class='ocrx_word' id='word_1_824' title='bbox 3483 4842 3670 4911; x_wconf 87' lang='lat' dir='ltr'><strong>inquit,</strong></span> 
     </span>
    </p>
   </div>
   <div class='ocr_carea' id='block_1_117' title="bbox 2099 4906 3666 4978">
    <p class='ocr_par' dir='ltr' id='par_1_117' title="bbox 2099 4906 3666 4978">
     <span class='ocr_line' id='line_1_117' title="bbox 2099 4906 3666 4978; baseline 0.003 -19"><span class='ocrx_word' id='word_1_825' title='bbox 2099 4923 2201 4976; x_wconf 85' lang='lat' dir='ltr'><strong>quo</strong></span> <span class='ocrx_word' id='word_1_826' title='bbox 2231 4924 2262 4962; x_wconf 89' lang='lat' dir='ltr'><strong>a</strong></span> <span class='ocrx_word' id='word_1_827' title='bbox 2295 4906 2576 4962; x_wconf 81' lang='lat' dir='ltr'><strong>Nativitate</strong></span> <span class='ocrx_word' id='word_1_828' title='bbox 2605 4911 2854 4964; x_wconf 81' lang='lat' dir='ltr'><strong>trnnsacti</strong></span> <span class='ocrx_word' id='word_1_829' title='bbox 2893 4921 3012 4964; x_wconf 85' lang='lat' dir='ltr'><strong>sunt</strong></span> <span class='ocrx_word' id='word_1_830' title='bbox 3046 4911 3172 4963; x_wconf 83' lang='lat' dir='ltr'><strong>anni</strong></span> <span class='ocrx_word' id='word_1_831' title='bbox 3201 4909 3329 4965; x_wconf 68' lang='lat'><strong>904.</strong></span> <span class='ocrx_word' id='word_1_832' title='bbox 3375 4906 3666 4978; x_wconf 44' lang='lat' dir='ltr'><strong>Quem—an-</strong></span> 
     </span>
    </p>
   </div>
   <div class='ocr_carea' id='block_1_118' title="bbox 2103 4978 3664 5068">
    <p class='ocr_par' dir='ltr' id='par_1_118' title="bbox 2103 4978 3664 5068">
     <span class='ocr_line' id='line_1_118' title="bbox 2103 4978 3664 5068; baseline 0.003 -38"><span class='ocrx_word' id='word_1_833' title='bbox 2103 4991 2227 5030; x_wconf 89' lang='lat' dir='ltr'><strong>num</strong></span> <span class='ocrx_word' id='word_1_834' title='bbox 2257 4978 2378 5059; x_wconf 76' lang='lat' dir='ltr'><strong>quis</strong></span> <span class='ocrx_word' id='word_1_835' title='bbox 2407 4987 2565 5049; x_wconf 85' lang='lat' dir='ltr'><strong>neget</strong></span> <span class='ocrx_word' id='word_1_836' title='bbox 2588 4994 2727 5068; x_wconf 57' lang='lat' dir='ltr'><strong>esse</strong></span> <span class='ocrx_word' id='word_1_837' title='bbox 2775 4980 3238 5068; x_wconf 48' lang='lat' dir='ltr'><strong>nortlgentcsimum</strong></span> <span class='ocrx_word' id='word_1_838' title='bbox 3277 4981 3528 5068; x_wconf 60' lang='lat' dir='ltr'><strong>(&#39;[llill&#39;lllln</strong></span> <span class='ocrx_word' id='word_1_839' title='bbox 3543 4981 3664 5068; x_wconf 48' lang='lat' dir='ltr'><strong>inﬁt.</strong></span> 
     </span>
    </p>
   </div>
   <div class='ocr_carea' id='block_1_119' title="bbox 2101 5047 3666 5113">
    <p class='ocr_par' dir='ltr' id='par_1_119' title="bbox 2101 5047 3666 5113">
     <span class='ocr_line' id='line_1_119' title="bbox 2101 5047 3666 5113; baseline 0.004 -14"><span class='ocrx_word' id='word_1_840' title='bbox 2101 5047 2464 5111; x_wconf 82' lang='lat' dir='ltr'><strong>consentiunt,</strong></span> <span class='ocrx_word' id='word_1_841' title='bbox 2482 5047 2539 5101; x_wconf 80' lang='lat' dir='ltr'><strong>ut</strong></span> <span class='ocrx_word' id='word_1_842' title='bbox 2552 5049 2721 5113; x_wconf 87' lang='lat' dir='ltr'><strong>vides,</strong></span> <span class='ocrx_word' id='word_1_843' title='bbox 2735 5058 2852 5104; x_wconf 85' lang='lat' dir='ltr'><strong>acta</strong></span> <span class='ocrx_word' id='word_1_844' title='bbox 2868 5047 3272 5106; x_wconf 85' lang='lat' dir='ltr'><strong>Cantuariensis</strong></span> <span class='ocrx_word' id='word_1_845' title='bbox 3287 5047 3666 5106; x_wconf 65' lang='lat' dir='ltr'><strong>Eeclesim.Scd</strong></span> 
     </span>
    </p>
   </div>
   <div class='ocr_carea' id='block_1_120' title="bbox 2098 5116 3660 5190">
    <p class='ocr_par' dir='ltr' id='par_1_120' title="bbox 2098 5116 3660 5190">
     <span class='ocr_line' id='line_1_120' title="bbox 2098 5116 3660 5190; baseline 0.003 -22"><span class='ocrx_word' id='word_1_846' title='bbox 2098 5118 2269 5190; x_wconf 78' lang='lat' dir='ltr'><strong>nodus</strong></span> <span class='ocrx_word' id='word_1_847' title='bbox 2286 5117 2372 5190; x_wconf 83' lang='lat' dir='ltr'><strong>hic</strong></span> <span class='ocrx_word' id='word_1_848' title='bbox 2385 5133 2446 5190; x_wconf 82' lang='lat' dir='ltr'><strong>se</strong></span> <span class='ocrx_word' id='word_1_849' title='bbox 2457 5116 2834 5190; x_wconf 79' lang='lat' dir='ltr'><strong>oﬂ‘ertvindice</strong></span> <span class='ocrx_word' id='word_1_850' title='bbox 2847 5121 3059 5190; x_wconf 88' lang='lat' dir='ltr'><strong>dignus,</strong></span> <span class='ocrx_word' id='word_1_851' title='bbox 3075 5134 3232 5190; x_wconf 85' lang='lat' dir='ltr'><strong>quem</strong></span> <span class='ocrx_word' id='word_1_852' title='bbox 3249 5131 3370 5190; x_wconf 87' lang='lat' dir='ltr'><strong>post</strong></span> <span class='ocrx_word' id='word_1_853' title='bbox 3387 5121 3660 5176; x_wconf 87' lang='lat' dir='ltr'><strong>Baronium</strong></span> 
     </span>
    </p>
   </div>
   <div class='ocr_carea' id='block_1_121' title="bbox 2039 5185 3663 5261">
    <p class='ocr_par' dir='ltr' id='par_1_121' title="bbox 2039 5185 3663 5261">
     <span class='ocr_line' id='line_1_121' title="bbox 2039 5185 3663 5261; baseline 0.004 -24"><span class='ocrx_word' id='word_1_854' title='bbox 2039 5189 2042 5192; x_wconf 80' lang='grc'><strong>’</strong></span> <span class='ocrx_word' id='word_1_855' title='bbox 2096 5185 2476 5261; x_wconf 71' lang='lat' dir='ltr'><strong>animadvertit</strong></span> <span class='ocrx_word' id='word_1_856' title='bbox 2507 5188 2762 5261; x_wconf 88' lang='lat' dir='ltr'><strong>collector</strong></span> <span class='ocrx_word' id='word_1_857' title='bbox 2792 5185 3137 5261; x_wconf 76' lang='lat' dir='ltr'><strong>Anglicanus.</strong></span> <span class='ocrx_word' id='word_1_858' title='bbox 3172 5185 3274 5257; x_wconf 77' lang='lat' dir='ltr'><strong>Qui</strong></span> <span class='ocrx_word' id='word_1_859' title='bbox 3307 5192 3458 5246; x_wconf 87' lang='lat' dir='ltr'><strong>enim</strong></span> <span class='ocrx_word' id='word_1_860' title='bbox 3495 5193 3663 5246; x_wconf 85' lang='lat' dir='ltr'><strong>conci-</strong></span> 
     </span>
    </p>
   </div>
   <div class='ocr_carea' id='block_1_122' title="bbox 2093 5253 3665 5330">
    <p class='ocr_par' dir='ltr' id='par_1_122' title="bbox 2093 5253 3665 5330">
     <span class='ocr_line' id='line_1_122' title="bbox 2093 5253 3665 5330; baseline 0.005 -25"><span class='ocrx_word' id='word_1_861' title='bbox 2093 5253 2355 5330; x_wconf 57' lang='lat' dir='ltr'><strong>liiiinjtoe</strong></span> <span class='ocrx_word' id='word_1_862' title='bbox 2390 5258 2575 5314; x_wconf 86' lang='lat' dir='ltr'><strong>haberi</strong></span> <span class='ocrx_word' id='word_1_863' title='bbox 2606 5273 2747 5313; x_wconf 90' lang='lat' dir='ltr'><strong>anno</strong></span> <span class='ocrx_word' id='word_1_864' title='bbox 2785 5253 3418 5330; x_wconf 49' lang='lat' dir='ltr'><strong>non&#39;gentesimo&#39;quinlo</strong></span> <span class='ocrx_word' id='word_1_865' title='bbox 3443 5263 3665 5330; x_wconf 85' lang='lat' dir='ltr'><strong>potuerit</strong></span> 
     </span>
    </p>
   </div>
   <div class='ocr_carea' id='block_1_123' title="bbox 2091 5325 3664 5398">
    <p class='ocr_par' dir='ltr' id='par_1_123' title="bbox 2091 5325 3664 5398">
     <span class='ocr_line' id='line_1_123' title="bbox 2091 5325 3664 5398; baseline 0.004 -23"><span class='ocrx_word' id='word_1_866' title='bbox 2091 5326 2192 5398; x_wconf 67' lang='lat' dir='ltr'><strong>sub</strong></span> <span class='ocrx_word' id='word_1_867' title='bbox 2235 5325 2492 5382; x_wconf 79' lang='lat' dir='ltr'><strong>Formosa</strong></span> <span class='ocrx_word' id='word_1_868' title='bbox 2540 5343 2697 5398; x_wconf 84' lang='lat' dir='ltr'><strong>papa,</strong></span> <span class='ocrx_word' id='word_1_869' title='bbox 2740 5330 2832 5396; x_wconf 85' lang='lat' dir='ltr'><strong>qui</strong></span> <span class='ocrx_word' id='word_1_870' title='bbox 2866 5325 3021 5385; x_wconf 74' lang='lat' dir='ltr'><strong>annis</strong></span> <span class='ocrx_word' id='word_1_871' title='bbox 3045 5339 3169 5384; x_wconf 89' lang='lat' dir='ltr'><strong>ante</strong></span> <span class='ocrx_word' id='word_1_872' title='bbox 3192 5325 3382 5384; x_wconf 78' lang='lat' dir='ltr'><strong>decem</strong></span> <span class='ocrx_word' id='word_1_873' title='bbox 3421 5325 3664 5386; x_wconf 76' lang='lat' dir='ltr'><strong>obierat?</strong></span> 
     </span>
    </p>
   </div>
   <div class='ocr_carea' id='block_1_124' title="bbox 2031 5391 3660 5474">
    <p class='ocr_par' dir='ltr' id='par_1_124' title="bbox 2031 5391 3660 5474">
     <span class='ocr_line' id='line_1_124' title="bbox 2031 5391 3660 5474; baseline 0.007 -28"><span class='ocrx_word' id='word_1_874' title='bbox 2031 5415 2039 5474; x_wconf 54' lang='grc' dir='ltr'>ί</span> <span class='ocrx_word' id='word_1_875' title='bbox 2089 5391 2206 5459; x_wconf 91' lang='lat' dir='ltr'><strong>Quo</strong></span> <span class='ocrx_word' id='word_1_876' title='bbox 2247 5405 2403 5467; x_wconf 90' lang='lat' dir='ltr'><strong>pacto</strong></span> <span class='ocrx_word' id='word_1_877' title='bbox 2448 5391 2984 5470; x_wconf 49' lang='lat' dir='ltr'><strong>poritilleias&#39;litteras</strong></span> <span class='ocrx_word' id='word_1_878' title='bbox 3017 5401 3085 5454; x_wconf 91' lang='lat' dir='ltr'><strong>ad</strong></span> <span class='ocrx_word' id='word_1_879' title='bbox 3116 5399 3447 5455; x_wconf 84' lang='lat' dir='ltr'><strong>Edwardum</strong></span> <span class='ocrx_word' id='word_1_880' title='bbox 3490 5403 3660 5457; x_wconf 84' lang='lat' dir='ltr'><strong>senio-</strong></span> 
     </span>
    </p>
   </div>
   <div class='ocr_carea' id='block_1_125' title="bbox 2090 5529 3656 5606">
    <p class='ocr_par' dir='ltr' id='par_1_125' title="bbox 2090 5529 3656 5606">
     <span class='ocr_line' id='line_1_125' title="bbox 2090 5529 3656 5606; baseline 0.004 -23"><span class='ocrx_word' id='word_1_881' title='bbox 2090 5529 2463 5606; x_wconf 82' lang='lat' dir='ltr'><strong>Cenulphum,</strong></span> <span class='ocrx_word' id='word_1_882' title='bbox 2515 5533 2580 5589; x_wconf 86' lang='lat' dir='ltr'><strong>ad</strong></span> <span class='ocrx_word' id='word_1_883' title='bbox 2619 5533 2891 5588; x_wconf 85' lang='lat' dir='ltr'><strong>civitatem</strong></span> <span class='ocrx_word' id='word_1_884' title='bbox 2929 5533 3246 5606; x_wconf 65' lang='lat' dir='ltr'><strong>Dorcestriaa</strong></span> <span class='ocrx_word' id='word_1_885' title='bbox 3273 5533 3334 5606; x_wconf 5' lang='lat' dir='ltr'><strong>in]</strong></span> <span class='ocrx_word' id='word_1_886' title='bbox 3358 5550 3500 5606; x_wconf 83' lang='lat' dir='ltr'><strong>pago</strong></span> <span class='ocrx_word' id='word_1_887' title='bbox 3525 5535 3656 5593; x_wconf 75' lang='lat' dir='ltr'><strong>Oxo-</strong></span> 
     </span>
    </p>
   </div>
   <div class='ocr_carea' id='block_1_126' title="bbox 2089 5601 3654 5679">
    <p class='ocr_par' dir='ltr' id='par_1_126' title="bbox 2089 5601 3654 5679">
     <span class='ocr_line' id='line_1_126' title="bbox 2089 5601 3654 5679; baseline 0.003 -23"><span class='ocrx_word' id='word_1_888' title='bbox 2089 5601 2222 5679; x_wconf 75' lang='lat' dir='ltr'><strong>niue;</strong></span> <span class='ocrx_word' id='word_1_889' title='bbox 2260 5601 2362 5657; x_wconf 90' lang='lat' dir='ltr'><strong>hoc</strong></span> <span class='ocrx_word' id='word_1_890' title='bbox 2389 5605 2554 5658; x_wconf 87' lang='lat' dir='ltr'><strong>etiam</strong></span> <span class='ocrx_word' id='word_1_891' title='bbox 2585 5612 2754 5654; x_wconf 79' lang='lat' dir='ltr'><strong>totum</strong></span> <span class='ocrx_word' id='word_1_892' title='bbox 2780 5619 2915 5660; x_wconf 76' lang='lat' dir='ltr'><strong>nam</strong></span> <span class='ocrx_word' id='word_1_893' title='bbox 2943 5605 3194 5658; x_wconf 77' lang='lat' dir='ltr'><strong>ﬁrmavit.</strong></span> <span class='ocrx_word' id='word_1_894' title='bbox 3223 5613 3284 5659; x_wconf 82' lang='lat' dir='ltr'><strong>ut</strong></span> <span class='ocrx_word' id='word_1_895' title='bbox 3309 5601 3654 5661; x_wconf 66' lang='lat' dir='ltr'><strong>damnaretur</strong></span> 
     </span>
    </p>
   </div>
  </div>
