3930 5424
503 369 610 425 855

1712 444 1717 447 _
1776 374 2115 433 STEPHANI
2156 377 2357 435 PAP/E
2399 376 2461 433 vr

3657 367 3750 425 856

504 484 629 538 odio
654 482 973 560 Formosum
991 484 1476 560 prosequebantur,
1494 485 1735 557 adeoque
1757 489 1813 544 in
1838 489 2084 560 eamdem
2115 494 2163 555 Α
2192 492 2295 546 nite
2321 488 2613 560 pediculari
2656 487 2846 545 morbo
2889 485 3251 560 exstinctum,
3283 484 3573 560 Widonem
3599 482 3751 560 impe-

504 553 831 628 sententiam
890 554 1308 628 pronuntiarunt
1342 596 1359 628 ,
1404 572 1574 628 quam
1627 553 1827 615 homini
1902 558 2086 617 furore

505 624 732 694 percito
762 622 972 694 gratam
1022 622 1137 678 fore
1172 622 1551 694 prmscieb'ant.
1597 629 1751 685 Unde
1802 630 1904 685 hae
1944 631 1995 685 in
2030 645 2088 686 re

502 693 797 748 violentam
830 693 1048 772 quidem
1075 693 1417 772 tyrannidem
1446 697 1497 753 iu
1529 697 1670 755 facto
1696 700 2042 772 agnoscimus
2070 718 2084 755 :

504 778 751 839 erronem
783 774 963 839 autern
1002 764 1069 839 in
1099 764 1220 820 'llde
1269 781 1366 837 per
1388 764 2087 839 Stcpbanum'pontiliciam

503 834 884 910 auctoritatem
915 834 1150 903 legitime
1178 834 1531 909 usurpantem
1564 834 1848 895 definitum
1880 834 1965 895 vel
1988 854 2087 910 ap—

502 904 787 983 ptpbatum
810 904 977 960 fuisse
1000 904 1700 983 constanter'pernegamus
1724 926 1745 983 ;7
1771 904 2085 983 quanquam

506 973 641 1028 nihil
670 974 785 1037 sedi
809 975 1116 1049 apostolica:
1144 973 1611 1049 praejud'icaretur,
1641 981 1686 1035 si
1717 973 1971 1037 darenms
2000 979 2085 1033 in-

502 1057 749 1124 vasorem
773 1060 877 1124 non
903 1045 1413 1124 legitime:elcctum,
1437 1051 1531 1105 sed
1560 1051 1823 1124 intrusum
1852 1049 2083 1122 pseudo-

540 1112 813 1169 ontilicem
864 1115 915 1169 in
956 1112 1208 1174 articulis
1255 1112 1725 1176 fidei’asserendis
1774 1112 2080 1177 aberrasse.

555 1183 675 1254 ujus
725 1188 1079 1257 temporibus,
1113 1198 1236 1261 post-
1262 1188 1601 1262 Arnulphum
1648 1205 1829 1265 regem
1857 1189 2089 1246 Germa-

2189 553 2428 617 ratorcm
2461 560 2663 616 obiisse
2692 566 2924 615 testatur
2962 557 3326 627 Luitprandus
3350 555 3444 627 lib.
3491 568 3679 627 1,_eap.
3702 553 3749 607 9.

2193 630 2503 704 Stephanus
2531 630 2684 704 sedis
2714 627 3025 704 apostolica:
3070 624 3307 704 invasor,
3334 624 3753 704 ab‘optimatum

2190 691 2429 774 factione
2478 691 3131 774 adversus'Adelbertum
3180 696 3414 751 Etruriae
3474 691 3753 774 principem

2235 772 2540 845 rmvalente,
2577 772 2829 828 detrusus
2852 772 2940 845 est
2973 768 3027 823 in
3057 780 3333 845 carcerem
3383 762 3530 820 anno
3562 762 3753 845 Christi

2225 841 2295 915 00
2316 882 2332 908 ,
2361 851 2417 898 et
2446 836 2746 915 postquam
2774 840 2957 896 sedem
2992 836 3340 915 apostolicam
3371 850 3471 915 sex
3515 836 3677 915 annis
3697 840 3761 886 to-

2191 904 2417 987 nuisset,
2525 904 2715 987 eodem
2742 924 2967 987 carcere
2982 904 3374 987 strangulatus,
3402 906 3519 987 [Deo
3535 904 3757 968 vindice,

2190 984 2338 1039 exitu
2385 982 2574 1039 infami
2610 984 2772 1037 vitam
2799 980 3013 1036 clausit.
3044 977 3174 1032 Huic
3208 992 3274 1031 ea:
3312 977 3544 1045 antiquis
3579 987 3754 1045 manu:

2187 1055 2384 1177 rgenti;
2404 1063 2451 1109 et
2479 1052 2849 1125 diplomatibus
2877 1050 2941 1104 de
2968 1049 3232 1119 Stephano
3256 1039 3548 1111 Batonius,
3575 1052 3696 1096 tam.
3716 1039 3758 1095 Χ

2238 1140 2340 1177 nna
2368 1141 2498 1177 iuni.

2238 1140 2498 1180 nnauum.

528 1329 2508 1359 Mm

1214 1382 2763 1571 s-rnp‘nnmunpn:
2842 1452 3057 1563 vr
3080 1388 3101 1451 ⁵

3504 1542 3531 1553 /

3460 1556 3493 1567 μω

3218 1442 3457 1593 ἓξ-ρκ

1033 1592 1849 1829 ΕιῖῗδΤοιίΕ
1941 1656 2144 1780 ET
2242 1580 3235 1786 PBIV-ILEGIA.‘

1585 1925 1678 1988 (Ex
1703 1926 1932 1979 Concilils
1957 1925 2108 1976 lansi
2140 1932 2186 1975 et
2211 1917 2405 1976 Acberii
2428 1923 2736 1989 Spicilegio.)

1006 2123 1335 2181 EPISTOLA
1369 2126 1602 2182 PRIMA.

638 2247 705 2288 Αῐ)
746 2247 1026 2292 ARNUSTL‘N
1068 2252 1519 2295 ARCBIEPISCOPUI
1558 2257 1959 2299 NARBOMNSEI.

673 2340 1016 2414 Privilegium
1041 2346 1518 2419 archiepiscopatus
1542 2348 1926 2408 Narbonensis.

587 2477 904 2536 Srepnuws
929 2482 1235 2553 episcopus,
1265 2500 1457 2542 servus
1481 2502 1767 2545 servorum
1792 2488 1912 2555 Dei,
1943 2503 2096 2546 reve-

519 2569 830 2625 rcntissimo
867 2579 923 2628 et
948 2573 1296 2631 sanctissimo
1314 2576 1575 2634 confratri
1623 2588 1812 2635 nostro
1836 2579 2098 2637 Annus'ro

514 2660 922 2733 archiepiscopo
966 2664 1158 2734 primae
1191 2668 1340 2723 sedis
1365 2678 1565 2726 sanctis
1604 2669 1971 2729 Narbonensis
1997 2674 2098 2747 Ec-

518 2751 716 2819 clesiae,
759 2763 813 2810 et
845 2768 944 2824 per
984 2764 1035 2812 te
1076 2756 1129 2811 in
1180 2758 1371 2814 eadem
1401 2761 1696 2817 venerabili
1747 2756 1990 2819 Ecclesia
2042 2762 2097 2820 in

511 2853 852 2914 perpetuum.

552 2954 557 2959 ·
591 2935 855 2993 Convenit
872 2938 1169 3009 apostolico
1191 2941 1546 3000 moderamini
1570 2944 1659 3016 pia
1696 2945 1960 3019 religione
1977 2946 2096 3019 pol-

519 3024 754 3082 lentibus
797 3027 1056 3085 benevola
1101 3033 1479 3103 compassione
1534 3050 1874 3105 succurrere,
1904 3047 1961 3094 et
2004 3052 2100 3109 po-

522 3117 791 3195 scentium
841 3119 1041 3175 animis
1064 3121 1231 3178 alacri
1279 3124 1564 3182 devotione
1606 3127 1875 3200 impertiri
1912 3144 2099 3187 assen-

522 3221 660 3260 sum.
712 3206 793 3277 Ex
828 3209 931 3265 hoc
985 3212 1131 3267 enim
1180 3213 1314 3269 lucri
1365 3212 1709 3286 potissimum
1748 3222 2034 3291 praemium
2068 3238 2101 3277 a

519 3294 803 3353 conditore
828 3299 1073 3356 omnium
1099 3302 1328 3359 Domino
1357 3319 1750 3376 promeremur,
1781 3310 1910 3365 dum
1936 3326 2101 3367 vene-

517 3387 712 3445 rabilia
731 3388 845 3446 loca
876 3401 1179 3462 opportune
1204 3394 1473 3462 ordinata,
1504 3396 1573 3452 ad
1599 3398 1878 3455 meliorem
1901 3399 2102 3456 fuerint

519 3479 640 3537 sine
684 3481 848 3540 dubio
883 3493 1086 3541 statum
1115 3487 1394 3559 perducta.
1456 3489 1626 3562 Igitur
1654 3493 1964 3551 reverentia
2009 3510 2102 3551 ve-
2129 3488 2174 3552 C

517 3583 649 3630 strae
676 3575 1035 3635 fraternitatis
1066 3581 1360 3652 postulavit
1401 3599 1431 3639 a
1459 3584 1617 3642 nobis
1640 3595 1912 3657 quatenus
1945 3586 2104 3658 hujus

526 3672 836 3742 apostolicae
863 3685 1061 3731 nostrae
1101 3678 1441 3735 auctoritatis
1466 3679 1752 3753 privilegio
1779 3681 2105 3753 confirmare

526 3762 848 3822 deberemus
901 3783 1091 3824 omnes
1140 3784 1227 3825 res
1271 3769 1576 3828 immobiles
1620 3770 1863 3843 ejusdem
1901 3782 2107 3830 sancta:

521 3850 714 3927 prima:
754 3859 898 3917 sedis
930 3860 1190 3918 Ecclesiae
1239 3860 1627 3932 Narbonensis,
1668 3875 1998 3923 constructa:
2049 3866 2104 3921 in

521 3951 731 4008 honore
750 3962 1058 4010 sanctorum
1088 3954 1224 4011 Justi
1256 3964 1311 4009 et
1334 3955 1599 4023 Pastoris,
1625 3958 1715 4014 ubi
1741 3957 1933 4014 beatus
1967 3956 2106 4013 Pau-

520 4042 607 4099 lus
652 4042 935 4101 confcssor
972 4045 1176 4102 Christi
1221 4061 1449 4117 corpore
1494 4048 1811 4119 requiescit,
1851 4048 1955 4105 hoc
2000 4056 2106 4115 est,

526 4153 717 4196 omnes
747 4139 958 4204 domos,
988 4138 1172 4205 cellas,
1219 4139 1514 4203 ecclesias.
1545 4140 1702 4197 villas
1723 4181 1738 4208 ,
1782 4151 1985 4206 curtes,
2013 4156 2109 4212 pa-

530 4228 771 4293 rochias,
803 4238 996 4296 terras,
1026 4231 1234 4294 vineas,
1262 4240 1441 4302 prata,
1495 4231 1681 4301 silvas,
1720 4242 1885 4302 atque
1912 4231 2109 4288 medie

527 4327 696 4376 tatem
725 4321 1046 4390 salinarum,
1072 4330 1127 4378 et
1156 4321 1373 4388 telonci,
1406 4334 1517 4379 ‘seu
1552 4322 1795 4379 Rallcani
1823 4321 2107 4396 [Batiam],

492 4412 505 4413 ί
527 4428 593 4470 ac
614 4413 906 4486 naufragii,
936 4416 1266 4471 monasterio
1307 4416 1481 4471 sancti
1518 4410 1824 4483 Laurentii,
1852 4425 1908 4471 et
1935 4414 2108 4481 cellis,

525 4520 651 4563 cum
679 4508 931 4564 omnibus
953 4508 1274 4578 adjacentiis
1307 4523 1495 4565 earum
1516 4523 1582 4564 ac
1601 4507 1972 4579 pertinentiis,
2002 4522 2107 4562 una

529 4612 652 4653 cum
689 4596 907 4652 famulis
934 4599 1218 4667 utriusque
1246 4613 1427 4663 sexus,
1452 4605 1508 4654 et
1531 4598 1641 4653 alia
1670 4612 1790 4667 quae
1815 4612 1846 4652 a
1879 4597 1983 4667 piis
2012 4597 2123 4652 im-‘

528 4690 873 4759 peratoribus
912 4698 969 4746 et
1004 4691 1243 4761 regibus,
1277 4699 1333 4747 et
1359 4691 1428 4745 ab
1454 4690 1577 4746 aliis
1594 4687 1767 4746 Deum
1797 4689 2115 4747 timentibus

528 4781 584 4835 in
612 4781 801 4837 eadem
852 4789 1039 4837 sancta
1067 4780 1308 4837 Ecclesia
1347 4779 1689 4836 Narbonensi
1728 4779 1924 4836 collata
1961 4788 2110 4844 sunt,

2124 2132 2174 2196 Β
2198 2138 2377 2204 prata,
2400 2129 2582 2193 silvas,
2625 2137 2789 2199 atque
2819 2111 3171 2183 medietatem
3208 2120 3534 2183 salinarum,
3567 2126 3627 2174 et
3650 2116 3765 2174 telo«

2195 2222 2306 2288 nei,
2331 2236 2427 2278 seu
2453 2220 2696 2285 ralicani,
2726 2227 2888 2289 atque
2921 2215 3209 2285 naufragii,
3238 2211 3571 2268 monasterio
3600 2209 3763 2265 sancti

2197 2311 2499 2376 Laurentii,
2544 2318 2601 2365 et
2624 2308 2798 2374 cellis,
2823 2307 2912 2363 vel
2939 2323 3063 2363 cum
3091 2304 3346 2361 omnibus
3383 2301 3702 2373 adjacentiis
3717 2309 3764 2355 et

2196 2401 2542 2473 pertinentiis
2611 2414 2824 2465 earum,
2882 2413 2989 2453 una
3036 2412 3159 2452 eum
3208 2392 3436 2448 familiis
3498 2392 3766 2460 utriusque

2197 2507 2384 2558 sexus,
2402 2500 2459 2549 et
2477 2491 2580 2546 alia
2608 2490 2790 2546 omnia
2820 2505 2940 2561 qua:
2968 2505 2997 2545 a
3026 2489 3132 2560 piis
3162 2484 3587 2557 imperatoribus
3618 2491 3673 2538 et
3694 2498 3767 2536 re-

2197 2583 2377 2657 gibus,
2423 2583 2511 2640 vel
2540 2583 2609 2639 ab
2629 2582 2753 2639 aliis
2784 2584 2954 2639 Deum
3005 2581 3344 2645 timentibus,
3383 2578 3443 2633 in
3466 2578 3658 2632 eadem
3689 2588 3764 2629 ee-

2199 2674 2364 2730 clesia
2391 2673 2585 2733 collata
2610 2682 2757 2741 sunt,
2782 2673 2867 2729 vel
2897 2671 3161 2729 collatura
3187 2665 3573 2747 lcouferenda]
3600 2672 3762 2729 erunt,

2197 2776 2308 2824 tam
2339 2766 2391 2823 in
2418 2766 2535 2839 ipso
2562 2766 2819 2822 comitatu
2844 2762 3202 2827 Narbonensi,
3236 2776 3403 2832 quam
3450 2759 3506 2814 in
3534 2756 3763 2812 Redden-

2198 2877 2279 2929 se,
2325 2875 2422 2916 seu
2472 2868 2529 2916 et
2576 2858 2948 2924 Minerbense,
3001 2864 3165 2925 atque
3200 2854 3545 2911 Ausonense.
3574 2861 3764 2903 necnon

2198 2961 2254 3009 ct
2296 2952 2620 3017 Bitterense,
2654 2951 2769 3007 sive
2814 2949 2981 3005 etiam
3031 2945 3421 3005 Nemausense.
3477 2940 3611 2996 Haec
3657 2951 3767 2993 vero

2202 3046 2383 3102 omnia
2417 3044 2493 3100 ita
2517 3046 2642 3117 jure
2670 3040 2983 3098 firmissimo
3010 3053 3041 3094 a
3064 3044 3115 3094 te
3140 3036 3355 3106 tuisque
3379 3031 3769 3111 successoribus

2202 3135 2464 3209 possideri
2490 3151 2554 3192 ac
2573 3131 2838 3190 dominari
2865 3130 3134 3193 volumus,
3158 3126 3301 3183 sicut
3319 3123 3455 3179 olim
3482 3132 3769 3192 possessum

2203 3239 2287 3284 est
2313 3244 2343 3283 a
2375 3235 2576 3283 sanctae
2624 3222 2902 3280 memoria:
2946 3220 3234 3275 decessore
3274 3224 3371 3270 tuo
3406 3211 3637 3269 Daniele
3669 3209 3768 3279 epi-

2203 3334 2385 3389 scopo,
2440 3316 2535 3372 sed
2583 3324 2639 3370 ct
2677 3312 2975 3370 reverenda
3000 3306 3288 3379 Sigebodo,
3326 3302 3578 3375 ejusdem
3608 3300 3770 3373 prima

2206 3411 2350 3467 sedis
2385 3407 2753 3465 Narbonensis
2775 3402 3027 3478 priesule,
3055 3400 3157 3456 sub
3185 3408 3274 3453 tua
3305 3406 3643 3464 tuorumque
3664 3404 3769 3448 suc-

2207 3517 2482 3560 cessorum
2506 3499 2711 3556 ditione
2734 3539 2748 3564 ,
2782 3503 3070 3569 potestate,
3103 3505 3170 3546 ac
3202 3488 3442 3544 utilitate
3468 3481 3774 3542 omnimodis

2207 3593 2614 3650 conﬁrmantes.
2679 3589 2989 3645 Statuentes
3037 3582 3333 3657 apostolica
3385 3594 3633 3637 censura
3688 3575 3771 3631 sub

2208 3682 2378 3739 divini
2400 3680 2589 3750 judicii
2621 3677 2982 3736 obtestatione
3008 3683 3065 3730 et
3089 3669 3459 3730 auatbematis
3482 3666 3771 3725 interdicto.

2209 3783 2269 3829 ut
2299 3773 2431 3829 nulli
2480 3786 2714 3842 unquam
2760 3782 2957 3840 magno
3010 3764 3098 3821 vel
3151 3777 3322 3835 parvo
3378 3759 3594 3817 homini
3636 3758 3775 3812 liceat

2208 3862 2501 3936 quamlibet
2527 3861 2752 3918 forciam
2777 3858 2863 3914 vel
2908 3853 3314 3927 oppressionem
3350 3850 3409 3906 in
3433 3847 3685 3906 omnibus
3705 3859 3775 3936 re:

2209 3931 2309 4012 bus
2334 3952 2450 4024 ejus
2478 3952 2679 4017 facere,
2708 3958 2802 4005 aut
2835 3955 3157 4021 potestatem
3179 3942 3421 4013 aliquam
3452 3939 3684 4003 habere,
3703 3931 3775 3990 vel

2208 4048 2442 4117 aliquem
2486 4044 2832 4113 distringere,
2871 4048 2968 4095 aut
3010 4036 3386 4109 qualecunque
3424 4032 3692 4089 teloneuut
3716 4027 3776 4083 ab

2208 4138 2295 4194 cis
2314 4137 2554 4208 exigere,
2576 4134 2691 4190 sive
2717 4131 2784 4187 ad
2805 4130 3061 4202 placitum
3082 4142 3177 4184 eos
3202 4125 3521 4194 ubicunque
3546 4135 3643 4192 pro
3665 4117 3772 4187 qui-

2210 4230 2526 4299 buscunque
2577 4226 2757 4283 causis
2808 4221 3028 4295 proprio
3072 4218 3196 4289 iure
3242 4215 3566 4289 praeferunt,
3612 4213 3707 4269 nisi
3727 4211 3775 4266 iu

2209 4321 2548 4393 pravidentia
2595 4314 2929 4394 [praesentia]
2964 4310 3357 4382 archiepiscopi
3383 4324 3553 4366 causa
3582 4306 3777 4394 illorum

2210 4413 2484 4479 audiatur,
2540 4393 2607 4467 et?
2645 4408 2963 4483 regulariter
3015 4404 3237 4461 ﬁniatur
3292 4396 3617 4475 [ﬁrmetur].
3660 4393 3777 4452 illud

2211 4520 2425 4577 quoque
2463 4512 2645 4560 nostra
2675 4500 2995 4557 auctoritate
3018 4498 3175 4570 juxta
3204 4493 3534 4551 canonicam
3561 4486 3776 4547 sanctio~

2214 4613 2334 4653 nem
2360 4595 2516 4652 nobis
2544 4593 2740 4649 addere
2761 4590 2985 4663 placuit,
3024 4596 3084 4643 ut
3110 4587 3157 4643 si
3180 4584 3403 4658 quando
3440 4581 3623 4639 divina
3642 4592 3785 4639 voca:

2216 4688 2361 4743 tione
2385 4702 2484 4743 vos
2523 4683 2798 4752 vestrique
2840 4690 3185 4737 successores
3209 4689 3275 4731 ex
3310 4674 3418 4730 hac
3458 4672 3583 4728 luce
3603 4669 3779 4738 migra-

2215 4779 2421 4843 veritis,
2446 4771 2681 4848 quandiu
2705 4776 2759 4829 in
2783 4775 2895 4845 ipsa
2918 4771 3160 4827 Ecclesia
3182 4767 3532 4824 Narbonensi
3555 4769 3780 4835 repertus

534 4877 591 4945 et
607 4871 931 4937 consistunt,
951 4880 1062 4926 tam
1083 4871 1139 4925 in
1155 4872 1272 4940 ipso
1293 4871 1553 4927 comitatu
1576 4868 1927 4927 Narbonense
1947 4840 2111 4942 quam
2144 4840 2189 4897 θ
2222 4840 2503 4938 fuerit
2527 4866 2720 4935 dignus
2745 4840 2818 4920 sit
2839 4862 3009 4918 oflicio
3039 4858 3389 4934 pontiﬁcatus
3419 4856 3593 4928 ipsius
3618 4849 3751 4922 fungi
3765 4890 3779 4913 ν

534 4971 590 5017 et
639 4961 922 5017 Reddense
947 5002 961 5027 ,
1004 4975 1099 5017 seu
1151 4961 1491 5017 lllincrbense
1547 4968 1713 5032 atque
1755 4959 2114 5028 Ausonense,

534 5060 748 5110 necnon
775 5064 831 5114 et
851 5053 1183 5118 Biterrense,
1216 5052 1331 5109 sive
1350 5053 1516 5110 etiam
1539 5054 1931 5110 Nemausense.
1964 5053 2117 5111 Unde

538 5143 844 5197 salubribus
873 5143 1222 5198 netitionilms
1241 5144 1440 5198 vestris
1470 5143 1734 5196 inclinati-
1754 5143 2111 5196 δρηνρνῖιηυε,

2224 4963 2353 5018 milli
2378 4962 2616 5018 liccatex
2641 4959 2749 5015 alio
2775 4957 2893 5013 loco
2922 4956 3051 5012 inibi
3083 4953 3313 5026 ingredi,
3342 4967 3446 5008 nec
3456 4950 3579 5022 jam
3605 4948 3781 5004 dictam

2223 5054 2325 5110 sibi
2351 5052 2609 5125 praeditus
2637 5049 2948 5123 [praedictus
2972 5042 3239 5117 mendose]
3262 5055 3595 5114 quacunque
3632 5033 3782 5108 digni

2226 5154 2336 5192 tam
2359 5153 2452 5190 aut
2481 5143 2623 5188 main
2655 5141 2977 5194 naminritate
3001 5152 3267 5200 usurpare
3294 5135 3507 5200 sedem,
3547 5132 3755 5189 sed‘con
