  <div class='ocr_page' id='page_1' title='image "/cluster/home/n/w/nwhite01/storage/ocr_20150623/129/hvd.32044015471709/434.png"; bbox 0 0 3930 5598; ppageno 0'>
   <div class='ocr_carea' id='block_1_1' title="bbox 77 379 192 437">
    <p class='ocr_par' dir='ltr' id='par_1_1' title="bbox 77 379 192 437">
     <span class='ocr_line' id='line_1_1' title="bbox 77 379 192 437; baseline -0.017 0"><span class='ocrx_word' id='word_1_1' title='bbox 77 379 192 437; x_wconf 76' lang='grc'><strong>857</strong></span> 
     </span>
    </p>
   </div>
   <div class='ocr_carea' id='block_1_2' title="bbox 78 581 1683 654">
    <p class='ocr_par' dir='ltr' id='par_1_2' title="bbox 78 581 1683 654">
     <span class='ocr_line' id='line_1_2' title="bbox 78 581 1683 654; baseline 0.001 -23"><span class='ocrx_word' id='word_1_2' title='bbox 78 591 278 653; x_wconf 63' lang='lat' dir='ltr'><strong>quam,</strong></span> <span class='ocrx_word' id='word_1_3' title='bbox 309 597 411 654; x_wconf 91' lang='lat' dir='ltr'><strong>per</strong></span> <span class='ocrx_word' id='word_1_4' title='bbox 454 583 770 639; x_wconf 79' lang='lat' dir='ltr'><strong>canonicam</strong></span> <span class='ocrx_word' id='word_1_5' title='bbox 793 581 1171 637; x_wconf 86' lang='lat' dir='ltr'><strong>auctoritatem</strong></span> <span class='ocrx_word' id='word_1_6' title='bbox 1197 588 1254 636; x_wconf 91' lang='lat' dir='ltr'><strong>et</strong></span> <span class='ocrx_word' id='word_1_7' title='bbox 1281 588 1520 635; x_wconf 89' lang='lat' dir='ltr'><strong>nostram</strong></span> <span class='ocrx_word' id='word_1_8' title='bbox 1552 591 1683 650; x_wconf 83' lang='lat' dir='ltr'><strong>apo—</strong></span> 
     </span>
    </p>
   </div>
   <div class='ocr_carea' id='block_1_3' title="bbox 78 666 1682 746">
    <p class='ocr_par' dir='ltr' id='par_1_3' title="bbox 78 666 1682 746">
     <span class='ocr_line' id='line_1_3' title="bbox 78 666 1682 746; baseline -0.002 -19"><span class='ocrx_word' id='word_1_9' title='bbox 78 673 348 730; x_wconf 84' lang='lat' dir='ltr'><strong>stolicam</strong></span> <span class='ocrx_word' id='word_1_10' title='bbox 389 674 799 746; x_wconf 78' lang='lat' dir='ltr'><strong>permissionem</strong></span> <span class='ocrx_word' id='word_1_11' title='bbox 843 673 1060 730; x_wconf 84' lang='lat' dir='ltr'><strong>licentia</strong></span> <span class='ocrx_word' id='word_1_12' title='bbox 1100 672 1171 729; x_wconf 90' lang='lat' dir='ltr'><strong>sit</strong></span> <span class='ocrx_word' id='word_1_13' title='bbox 1227 671 1301 728; x_wconf 88' lang='lat' dir='ltr'><strong>illi</strong></span> <span class='ocrx_word' id='word_1_14' title='bbox 1332 672 1537 742; x_wconf 83' lang='lat' dir='ltr'><strong>absque</strong></span> <span class='ocrx_word' id='word_1_15' title='bbox 1574 666 1682 724; x_wconf 88' lang='lat' dir='ltr'><strong>ulla</strong></span> 
     </span>
    </p>
   </div>
   <div class='ocr_carea' id='block_1_4' title="bbox 77 759 1684 829">
    <p class='ocr_par' dir='ltr' id='par_1_4' title="bbox 77 759 1684 829">
     <span class='ocr_line' id='line_1_4' title="bbox 77 759 1684 829; baseline -0.002 -11"><span class='ocrx_word' id='word_1_16' title='bbox 77 765 492 821; x_wconf 77' lang='lat' dir='ltr'><strong>retractatione</strong></span> <span class='ocrx_word' id='word_1_17' title='bbox 519 764 702 821; x_wconf 75' lang='lat' dir='ltr'><strong>de‘sua</strong></span> <span class='ocrx_word' id='word_1_18' title='bbox 730 764 966 823; x_wconf 82' lang='lat' dir='ltr'><strong>Ecclesia</strong></span> <span class='ocrx_word' id='word_1_19' title='bbox 993 762 1155 818; x_wconf 90' lang='lat' dir='ltr'><strong>talem</strong></span> <span class='ocrx_word' id='word_1_20' title='bbox 1178 762 1569 826; x_wconf 87' lang='lat' dir='ltr'><strong>inthronizare,</strong></span> <span class='ocrx_word' id='word_1_21' title='bbox 1591 759 1684 829; x_wconf 85' lang='lat' dir='ltr'><strong>qui</strong></span> 
     </span>
    </p>
   </div>
   <div class='ocr_carea' id='block_1_5' title="bbox 78 849 1686 927">
    <p class='ocr_par' dir='ltr' id='par_1_5' title="bbox 78 849 1686 927">
     <span class='ocr_line' id='line_1_5' title="bbox 78 849 1686 927; baseline -0.004 -17"><span class='ocrx_word' id='word_1_22' title='bbox 78 852 455 927; x_wconf 62' lang='lat' dir='ltr'><strong>suﬁ‘raganeaz</strong></span> <span class='ocrx_word' id='word_1_23' title='bbox 512 862 646 911; x_wconf 70' lang='lat' dir='ltr'><strong>suat’</strong></span> <span class='ocrx_word' id='word_1_24' title='bbox 671 853 930 910; x_wconf 65' lang='lat' dir='ltr'><strong>Ecclesiae</strong></span> <span class='ocrx_word' id='word_1_25' title='bbox 974 853 1167 927; x_wconf 87' lang='lat' dir='ltr'><strong>dignus</strong></span> <span class='ocrx_word' id='word_1_26' title='bbox 1224 867 1458 924; x_wconf 60' lang='lat' dir='ltr'><strong>praeesse</strong></span> <span class='ocrx_word' id='word_1_27' title='bbox 1507 849 1686 907; x_wconf 88' lang='lat' dir='ltr'><strong>valeat</strong></span> 
     </span>
    </p>
   </div>
   <div class='ocr_carea' id='block_1_6' title="bbox 78 938 1686 1019">
    <p class='ocr_par' dir='ltr' id='par_1_6' title="bbox 78 938 1686 1019">
     <span class='ocr_line' id='line_1_6' title="bbox 78 938 1686 1019; baseline -0.002 -22"><span class='ocrx_word' id='word_1_28' title='bbox 78 938 306 1014; x_wconf 81' lang='lat' dir='ltr'><strong>pastor.</strong></span> <span class='ocrx_word' id='word_1_29' title='bbox 351 943 411 1001; x_wconf 88' lang='lat' dir='ltr'><strong>Si</strong></span> <span class='ocrx_word' id='word_1_30' title='bbox 437 945 583 1014; x_wconf 84' lang='lat' dir='ltr'><strong>quis,</strong></span> <span class='ocrx_word' id='word_1_31' title='bbox 615 944 759 1017; x_wconf 83' lang='lat' dir='ltr'><strong>quod</strong></span> <span class='ocrx_word' id='word_1_32' title='bbox 781 958 889 999; x_wconf 92' lang='lat' dir='ltr'><strong>non</strong></span> <span class='ocrx_word' id='word_1_33' title='bbox 920 952 1188 1015; x_wconf 83' lang='lat' dir='ltr'><strong>optamus,</strong></span> <span class='ocrx_word' id='word_1_34' title='bbox 1238 941 1557 1019; x_wconf 12' lang='lat' dir='ltr'><strong>contra‘ltoc</strong></span> <span class='ocrx_word' id='word_1_35' title='bbox 1590 953 1686 1015; x_wconf 78' lang='lat' dir='ltr'><strong>no-</strong></span> 
     </span>
    </p>
   </div>
   <div class='ocr_carea' id='block_1_7' title="bbox 81 1020 1683 1108">
    <p class='ocr_par' dir='ltr' id='par_1_7' title="bbox 81 1020 1683 1108">
     <span class='ocr_line' id='line_1_7' title="bbox 81 1020 1683 1108; baseline -0.002 -19"><span class='ocrx_word' id='word_1_36' title='bbox 81 1028 277 1090; x_wconf 75' lang='lat' dir='ltr'><strong>strum</strong></span> <span class='ocrx_word' id='word_1_37' title='bbox 301 1036 656 1108; x_wconf 85' lang='lat' dir='ltr'><strong>apostolicum</strong></span> <span class='ocrx_word' id='word_1_38' title='bbox 681 1035 1042 1107; x_wconf 78' lang='lat' dir='ltr'><strong>privilegium,</strong></span> <span class='ocrx_word' id='word_1_39' title='bbox 1069 1035 1153 1105; x_wconf 89' lang='lat' dir='ltr'><strong>pie</strong></span> <span class='ocrx_word' id='word_1_40' title='bbox 1168 1020 1377 1090; x_wconf 42' lang='lat' dir='ltr'><strong>a&#39;nobis</strong></span> <span class='ocrx_word' id='word_1_41' title='bbox 1399 1040 1683 1093; x_wconf 86' lang='lat' dir='ltr'><strong>statutum,</strong></span> 
     </span>
    </p>
   </div>
   <div class='ocr_carea' id='block_1_8' title="bbox 82 1110 1687 1199">
    <p class='ocr_par' dir='ltr' id='par_1_8' title="bbox 82 1110 1687 1199">
     <span class='ocr_line' id='line_1_8' title="bbox 82 1110 1687 1199; baseline 0.001 -21"><span class='ocrx_word' id='word_1_42' title='bbox 82 1127 395 1181; x_wconf 85' lang='lat' dir='ltr'><strong>temerario</strong></span> <span class='ocrx_word' id='word_1_43' title='bbox 420 1142 551 1181; x_wconf 89' lang='lat' dir='ltr'><strong>ausu</strong></span> <span class='ocrx_word' id='word_1_44' title='bbox 576 1140 737 1198; x_wconf 86' lang='lat' dir='ltr'><strong>agere</strong></span> <span class='ocrx_word' id='word_1_45' title='bbox 760 1110 1186 1199; x_wconf 59' lang='lat' dir='ltr'><strong>praesumpserit,</strong></span> <span class='ocrx_word' id='word_1_46' title='bbox 1212 1126 1351 1182; x_wconf 86' lang='lat' dir='ltr'><strong>sciat</strong></span> <span class='ocrx_word' id='word_1_47' title='bbox 1377 1141 1436 1181; x_wconf 91' lang='lat' dir='ltr'><strong>se</strong></span> <span class='ocrx_word' id='word_1_48' title='bbox 1464 1126 1687 1180; x_wconf 81' lang='lat' dir='ltr'><strong>anathe-</strong></span> 
     </span>
    </p>
   </div>
   <div class='ocr_carea' id='block_1_9' title="bbox 78 1206 1705 1291">
    <p class='ocr_par' dir='ltr' id='par_1_9' title="bbox 78 1206 1705 1291">
     <span class='ocr_line' id='line_1_9' title="bbox 78 1206 1705 1291; baseline 0.001 -21"><span class='ocrx_word' id='word_1_49' title='bbox 78 1215 264 1270; x_wconf 87' lang='lat' dir='ltr'><strong>matis</strong></span> <span class='ocrx_word' id='word_1_50' title='bbox 319 1216 565 1291; x_wconf 24' lang='lat' dir='ltr'><strong>vinculis.</strong></span> <span class='ocrx_word' id='word_1_51' title='bbox 600 1217 936 1283; x_wconf 88' lang='lat' dir='ltr'><strong>innodatum,</strong></span> <span class='ocrx_word' id='word_1_52' title='bbox 986 1225 1041 1272; x_wconf 94' lang='lat' dir='ltr'><strong>et</strong></span> <span class='ocrx_word' id='word_1_53' title='bbox 1074 1222 1108 1270; x_wconf 71' lang='lat' dir='ltr'><strong>‘a</strong></span> <span class='ocrx_word' id='word_1_54' title='bbox 1147 1231 1316 1288; x_wconf 90' lang='lat' dir='ltr'><strong>regno</strong></span> <span class='ocrx_word' id='word_1_55' title='bbox 1346 1206 1451 1270; x_wconf 81' lang='lat' dir='ltr'><strong>Dei</strong></span> <span class='ocrx_word' id='word_1_56' title='bbox 1476 1210 1705 1271; x_wconf 59' lang='lat' dir='ltr'><strong>alienus&#39;</strong></span> 
     </span>
    </p>
   </div>
   <div class='ocr_carea' id='block_1_10' title="bbox 78 1300 1685 1376">
    <p class='ocr_par' dir='ltr' id='par_1_10' title="bbox 78 1300 1685 1376">
     <span class='ocr_line' id='line_1_10' title="bbox 78 1300 1685 1376; baseline 0.001 -16"><span class='ocrx_word' id='word_1_57' title='bbox 78 1300 320 1362; x_wconf 76' lang='lat' dir='ltr'><strong>existat.</strong></span> <span class='ocrx_word' id='word_1_58' title='bbox 352 1306 454 1376; x_wconf 86' lang='lat' dir='ltr'><strong>Qui</strong></span> <span class='ocrx_word' id='word_1_59' title='bbox 480 1316 662 1365; x_wconf 89' lang='lat' dir='ltr'><strong>autem</strong></span> <span class='ocrx_word' id='word_1_60' title='bbox 683 1321 849 1364; x_wconf 91' lang='lat' dir='ltr'><strong>verus</strong></span> <span class='ocrx_word' id='word_1_61' title='bbox 875 1318 1059 1364; x_wconf 90' lang='lat' dir='ltr'><strong>custos</strong></span> <span class='ocrx_word' id='word_1_62' title='bbox 1081 1316 1137 1363; x_wconf 91' lang='lat' dir='ltr'><strong>et</strong></span> <span class='ocrx_word' id='word_1_63' title='bbox 1164 1309 1487 1363; x_wconf 80' lang='lat' dir='ltr'><strong>observator</strong></span> <span class='ocrx_word' id='word_1_64' title='bbox 1515 1307 1685 1363; x_wconf 81' lang='lat' dir='ltr'><strong>exsti-</strong></span> 
     </span>
    </p>
   </div>
   <div class='ocr_carea' id='block_1_11' title="bbox 81 1388 1691 1472">
    <p class='ocr_par' dir='ltr' id='par_1_11' title="bbox 81 1388 1691 1472">
     <span class='ocr_line' id='line_1_11' title="bbox 81 1388 1691 1472; baseline 0.001 -20"><span class='ocrx_word' id='word_1_65' title='bbox 81 1402 252 1467; x_wconf 84' lang='lat' dir='ltr'><strong>terit,</strong></span> <span class='ocrx_word' id='word_1_66' title='bbox 277 1401 708 1457; x_wconf 86' lang='lat' dir='ltr'><strong>benedictionem</strong></span> <span class='ocrx_word' id='word_1_67' title='bbox 728 1388 783 1458; x_wconf 84' lang='lat' dir='ltr'><strong>et</strong></span> <span class='ocrx_word' id='word_1_68' title='bbox 807 1401 1039 1472; x_wconf 78' lang='lat' dir='ltr'><strong>gratiam</strong></span> <span class='ocrx_word' id='word_1_69' title='bbox 1066 1416 1096 1457; x_wconf 89' lang='lat' dir='ltr'><strong>a</strong></span> <span class='ocrx_word' id='word_1_70' title='bbox 1126 1401 1357 1458; x_wconf 90' lang='lat' dir='ltr'><strong>Domino</strong></span> <span class='ocrx_word' id='word_1_71' title='bbox 1390 1415 1691 1472; x_wconf 79' lang='lat' dir='ltr'><strong>consequa-</strong></span> 
     </span>
    </p>
   </div>
   <div class='ocr_carea' id='block_1_12' title="bbox 81 1501 691 1559">
    <p class='ocr_par' dir='ltr' id='par_1_12' title="bbox 81 1501 691 1559">
     <span class='ocr_line' id='line_1_12' title="bbox 81 1501 691 1559; baseline 0 -13"><span class='ocrx_word' id='word_1_72' title='bbox 81 1501 206 1551; x_wconf 85' lang='lat' dir='ltr'><strong>tur.</strong></span> <span class='ocrx_word' id='word_1_73' title='bbox 686 1554 691 1559; x_wconf 30' lang='lat'><strong>,</strong></span> 
     </span>
    </p>
   </div>
   <div class='ocr_carea' id='block_1_13' title="bbox 119 1585 1690 1664">
    <p class='ocr_par' dir='ltr' id='par_1_13' title="bbox 119 1585 1690 1664">
     <span class='ocr_line' id='line_1_13' title="bbox 119 1585 1690 1664; baseline -0.001 -21"><span class='ocrx_word' id='word_1_74' title='bbox 119 1585 585 1664; x_wconf 50' lang='lat' dir='ltr'><strong>,Scriptumper</strong></span> <span class='ocrx_word' id='word_1_75' title='bbox 627 1600 848 1643; x_wconf 77' lang='lat' dir='ltr'><strong>ntanum</strong></span> <span class='ocrx_word' id='word_1_76' title='bbox 895 1585 1111 1644; x_wconf 79' lang='lat' dir='ltr'><strong>Nicolai</strong></span> <span class='ocrx_word' id='word_1_77' title='bbox 1169 1585 1439 1643; x_wconf 90' lang='lat' dir='ltr'><strong>scriniarii</strong></span> <span class='ocrx_word' id='word_1_78' title='bbox 1485 1592 1690 1641; x_wconf 71' lang='lat' dir='ltr'><strong>sancta:</strong></span> 
     </span>
    </p>
   </div>
   <div class='ocr_carea' id='block_1_14' title="bbox 83 1676 1686 1751">
    <p class='ocr_par' dir='ltr' id='par_1_14' title="bbox 83 1676 1686 1751">
     <span class='ocr_line' id='line_1_14' title="bbox 83 1676 1686 1751; baseline -0.003 -17"><span class='ocrx_word' id='word_1_79' title='bbox 83 1678 366 1751; x_wconf 67' lang='lat' dir='ltr'><strong>Romana:</strong></span> <span class='ocrx_word' id='word_1_80' title='bbox 398 1678 670 1741; x_wconf 67' lang='lat' dir='ltr'><strong>Ecclesiae,</strong></span> <span class='ocrx_word' id='word_1_81' title='bbox 702 1678 754 1734; x_wconf 91' lang='lat' dir='ltr'><strong>in</strong></span> <span class='ocrx_word' id='word_1_82' title='bbox 777 1693 966 1737; x_wconf 90' lang='lat' dir='ltr'><strong>mense</strong></span> <span class='ocrx_word' id='word_1_83' title='bbox 993 1679 1258 1751; x_wconf 83' lang='lat' dir='ltr'><strong>Augusto,</strong></span> <span class='ocrx_word' id='word_1_84' title='bbox 1280 1678 1574 1735; x_wconf 88' lang='lat' dir='ltr'><strong>indictione</strong></span> <span class='ocrx_word' id='word_1_85' title='bbox 1599 1676 1686 1731; x_wconf 73' lang='grc'><strong>14.</strong></span> 
     </span>
    </p>
   </div>
   <div class='ocr_carea' id='block_1_15' title="bbox 1239 364 2172 429">
    <p class='ocr_par' dir='ltr' id='par_1_15' title="bbox 1239 364 2172 429">
     <span class='ocr_line' id='line_1_15' title="bbox 1239 364 2172 429; baseline -0.011 0"><span class='ocrx_word' id='word_1_86' title='bbox 1239 368 1601 429; x_wconf 65' lang='lat' dir='ltr'><strong>EPISTOLA‘Z</strong></span> <span class='ocrx_word' id='word_1_87' title='bbox 1638 367 1724 423; x_wconf 79' lang='grc' dir='ltr'><strong>ΕΤ</strong></span> <span class='ocrx_word' id='word_1_88' title='bbox 1760 364 2172 427; x_wconf 61' lang='grc' dir='ltr'><strong>[ιιὶικίιείῑιΑ.</strong></span> 
     </span>
    </p>
   </div>
   <div class='ocr_carea' id='block_1_16' title="bbox 79 462 1761 564">
    <p class='ocr_par' dir='ltr' id='par_1_16' title="bbox 79 462 1761 564">
     <span class='ocr_line' id='line_1_16' title="bbox 79 462 1761 564; baseline -0.001 -17"><span class='ocrx_word' id='word_1_89' title='bbox 79 493 218 549; x_wconf 82' lang='lat' dir='ltr'><strong>talis</strong></span> <span class='ocrx_word' id='word_1_90' title='bbox 260 510 374 550; x_wconf 83' lang='lat' dir='ltr'><strong>non</strong></span> <span class='ocrx_word' id='word_1_91' title='bbox 400 498 648 564; x_wconf 86' lang='lat' dir='ltr'><strong>repertus</strong></span> <span class='ocrx_word' id='word_1_92' title='bbox 677 490 863 557; x_wconf 82' lang='lat' dir='ltr'><strong>fuerit,</strong></span> <span class='ocrx_word' id='word_1_93' title='bbox 893 489 986 561; x_wconf 87' lang='lat' dir='ltr'><strong>qui</strong></span> <span class='ocrx_word' id='word_1_94' title='bbox 1015 503 1153 545; x_wconf 83' lang='lat' dir='ltr'><strong>OltllS</strong></span> <span class='ocrx_word' id='word_1_95' title='bbox 1184 486 1516 546; x_wconf 81' lang='lat' dir='ltr'><strong>sacerdotale</strong></span> <span class='ocrx_word' id='word_1_96' title='bbox 1541 484 1681 540; x_wconf 81' lang='lat' dir='ltr'><strong>ferre</strong></span> <span class='ocrx_word' id='word_1_97' title='bbox 1708 462 1761 545; x_wconf 66' lang='grc' dir='ltr'><strong>Α</strong></span> 
     </span>
    </p>
   </div>
   <div class='ocr_carea' id='block_1_17' title="bbox 2344 476 2809 544">
    <p class='ocr_par' dir='ltr' id='par_1_17' title="bbox 2344 476 2809 544">
     <span class='ocr_line' id='line_1_17' title="bbox 2344 476 2809 544; baseline -0.011 -7"><span class='ocrx_word' id='word_1_98' title='bbox 2344 477 2681 537; x_wconf 70' lang='grc' dir='ltr'><strong>[ΡιδτοιΑ</strong></span> <span class='ocrx_word' id='word_1_99' title='bbox 2717 476 2809 544; x_wconf 86' lang='lat' dir='ltr'><strong>lll,</strong></span> 
     </span>
    </p>
   </div>
   <div class='ocr_carea' id='block_1_18' title="bbox 2510 571 2628 630">
    <p class='ocr_par' dir='ltr' id='par_1_18' title="bbox 2510 571 2628 630">
     <span class='ocr_line' id='line_1_18' title="bbox 2510 571 2628 630; baseline 0.017 -2"><span class='ocrx_word' id='word_1_100' title='bbox 2510 571 2628 630; x_wconf 88' lang='lat' dir='ltr'><strong>sive</strong></span> 
     </span>
    </p>
   </div>
   <div class='ocr_carea' id='block_1_19' title="bbox 1929 649 3167 739">
    <p class='ocr_par' dir='ltr' id='par_1_19' title="bbox 1929 649 3167 739">
     <span class='ocr_line' id='line_1_19' title="bbox 1929 649 3167 739; baseline -0.007 -18"><span class='ocrx_word' id='word_1_101' title='bbox 1929 649 1940 675; x_wconf 62' lang='grc'><strong>“</strong></span> <span class='ocrx_word' id='word_1_102' title='bbox 1981 664 2316 739; x_wconf 81' lang='lat' dir='ltr'><strong>Privilegium</strong></span> <span class='ocrx_word' id='word_1_103' title='bbox 2338 678 2433 736; x_wconf 85' lang='lat' dir='ltr'><strong>pro</strong></span> <span class='ocrx_word' id='word_1_104' title='bbox 2456 671 2772 719; x_wconf 70' lang='lat' dir='ltr'><strong>ntonastmo</strong></span> <span class='ocrx_word' id='word_1_105' title='bbox 2807 657 3167 717; x_wconf 67' lang='lat' dir='ltr'><strong>Viseliacenaz.</strong></span> 
     </span>
    </p>
   </div>
   <div class='ocr_carea' id='block_1_20' title="bbox 1857 771 3363 856">
    <p class='ocr_par' dir='ltr' id='par_1_20' title="bbox 1857 771 3363 856">
     <span class='ocr_line' id='line_1_20' title="bbox 1857 771 3363 856; baseline -0.007 -18"><span class='ocrx_word' id='word_1_106' title='bbox 1857 779 2174 856; x_wconf 21' lang='lat' dir='ltr'><strong>Srrzrnmu’s</strong></span> <span class='ocrx_word' id='word_1_107' title='bbox 2218 779 2524 855; x_wconf 85' lang='lat' dir='ltr'><strong>episcopus,</strong></span> <span class='ocrx_word' id='word_1_108' title='bbox 2580 790 2771 851; x_wconf 85' lang='lat' dir='ltr'><strong>servus</strong></span> <span class='ocrx_word' id='word_1_109' title='bbox 2798 788 3077 833; x_wconf 88' lang='lat' dir='ltr'><strong>servorum</strong></span> <span class='ocrx_word' id='word_1_110' title='bbox 3112 771 3231 837; x_wconf 89' lang='lat' dir='ltr'><strong>Dei,</strong></span> <span class='ocrx_word' id='word_1_111' title='bbox 3256 771 3363 828; x_wconf 82' lang='lat' dir='ltr'><strong>Eu-</strong></span> 
     </span>
    </p>
   </div>
   <div class='ocr_carea' id='block_1_21' title="bbox 1785 860 3363 949">
    <p class='ocr_par' dir='ltr' id='par_1_21' title="bbox 1785 860 3363 949">
     <span class='ocr_line' id='line_1_21' title="bbox 1785 860 3363 949; baseline -0.008 -18"><span class='ocrx_word' id='word_1_112' title='bbox 1785 890 1911 945; x_wconf 60' lang='grc' dir='ltr'><strong>ηοω</strong></span> <span class='ocrx_word' id='word_1_113' title='bbox 1983 868 2278 947; x_wconf 77' lang='lat' dir='ltr'><strong>venerabili</strong></span> <span class='ocrx_word' id='word_1_114' title='bbox 2340 871 2521 949; x_wconf 81' lang='lat' dir='ltr'><strong>abbati</strong></span> <span class='ocrx_word' id='word_1_115' title='bbox 2573 860 2885 945; x_wconf 77' lang='lat' dir='ltr'><strong>monasterii</strong></span> <span class='ocrx_word' id='word_1_116' title='bbox 2932 865 3324 945; x_wconf 76' lang='lat' dir='ltr'><strong>,Yizeliacensis</strong></span> <span class='ocrx_word' id='word_1_117' title='bbox 3347 904 3363 928; x_wconf 85' lang='lat'><strong>,</strong></span> 
     </span>
    </p>
   </div>
   <div class='ocr_carea' id='block_1_22' title="bbox 1784 955 3365 1040">
    <p class='ocr_par' dir='ltr' id='par_1_22' title="bbox 1784 955 3365 1040">
     <span class='ocr_line' id='line_1_22' title="bbox 1784 955 3365 1040; baseline -0.008 -16"><span class='ocrx_word' id='word_1_118' title='bbox 1784 967 2041 1039; x_wconf 80' lang='lat' dir='ltr'><strong>omnique</strong></span> <span class='ocrx_word' id='word_1_119' title='bbox 2091 963 2522 1039; x_wconf 69' lang='lat' dir='ltr'><strong>congregationis</strong></span> <span class='ocrx_word' id='word_1_120' title='bbox 2558 961 2801 1040; x_wconf 82' lang='lat' dir='ltr'><strong>ejusdem</strong></span> <span class='ocrx_word' id='word_1_121' title='bbox 2828 956 3151 1039; x_wconf 84' lang='lat' dir='ltr'><strong>monasterii</strong></span> <span class='ocrx_word' id='word_1_122' title='bbox 3173 955 3228 1012; x_wconf 90' lang='lat' dir='ltr'><strong>in</strong></span> <span class='ocrx_word' id='word_1_123' title='bbox 3250 971 3365 1028; x_wconf 86' lang='lat' dir='ltr'><strong>per-</strong></span> 
     </span>
    </p>
   </div>
   <div class='ocr_carea' id='block_1_23' title="bbox 1783 1068 3279 1131">
    <p class='ocr_par' dir='ltr' id='par_1_23' title="bbox 1783 1068 3279 1131">
     <span class='ocr_line' id='line_1_23' title="bbox 1783 1068 3279 1131; baseline -0.006 -16"><span class='ocrx_word' id='word_1_124' title='bbox 1783 1068 2028 1130; x_wconf 82' lang='lat' dir='ltr'><strong>petuum.</strong></span> <span class='ocrx_word' id='word_1_125' title='bbox 2132 1128 2133 1131; x_wconf 18' lang='grc' dir='ltr'><strong>η</strong></span> <span class='ocrx_word' id='word_1_126' title='bbox 2600 1100 2607 1130; x_wconf 30' lang='grc' dir='ltr'><em>ς</em></span> <span class='ocrx_word' id='word_1_127' title='bbox 2916 1104 2919 1107; x_wconf 87' lang='grc'>.</span> <span class='ocrx_word' id='word_1_128' title='bbox 3275 1122 3279 1127; x_wconf 20' lang='grc' dir='ltr'><em>ι</em></span> 
     </span>
    </p>
   </div>
   <div class='ocr_carea' id='block_1_24' title="bbox 1820 1141 3387 1233">
    <p class='ocr_par' dir='ltr' id='par_1_24' title="bbox 1820 1141 3387 1233">
     <span class='ocr_line' id='line_1_24' title="bbox 1820 1141 3387 1233; baseline -0.006 -25"><span class='ocrx_word' id='word_1_129' title='bbox 1820 1220 1827 1233; x_wconf 28' lang='grc' dir='ltr'>ί</span> <span class='ocrx_word' id='word_1_130' title='bbox 1856 1152 2083 1225; x_wconf 82' lang='lat' dir='ltr'><strong>Quoties</strong></span> <span class='ocrx_word' id='word_1_131' title='bbox 2115 1152 2205 1209; x_wconf 87' lang='lat' dir='ltr'><strong>illa</strong></span> <span class='ocrx_word' id='word_1_132' title='bbox 2245 1150 2409 1219; x_wconf 82' lang='lat' dir='ltr'><strong>tribui</strong></span> <span class='ocrx_word' id='word_1_133' title='bbox 2439 1166 2470 1207; x_wconf 84' lang='lat' dir='ltr'><strong>a</strong></span> <span class='ocrx_word' id='word_1_134' title='bbox 2500 1149 2657 1206; x_wconf 89' lang='lat' dir='ltr'><strong>nobis</strong></span> <span class='ocrx_word' id='word_1_135' title='bbox 2700 1153 2977 1227; x_wconf 82' lang='lat' dir='ltr'><strong>optantur,</strong></span> <span class='ocrx_word' id='word_1_136' title='bbox 3026 1161 3147 1217; x_wconf 71' lang='lat' dir='ltr'><strong>qua:</strong></span> <span class='ocrx_word' id='word_1_137' title='bbox 3170 1141 3387 1233; x_wconf 77' lang='lat' dir='ltr'><strong>rationi,</strong></span> 
     </span>
    </p>
   </div>
   <div class='ocr_carea' id='block_1_25' title="bbox 1786 1232 3369 1315">
    <p class='ocr_par' dir='ltr' id='par_1_25' title="bbox 1786 1232 3369 1315">
     <span class='ocr_line' id='line_1_25' title="bbox 1786 1232 3369 1315; baseline -0.008 -16"><span class='ocrx_word' id='word_1_138' title='bbox 1786 1243 2167 1315; x_wconf 78' lang='lat' dir='ltr'><strong>incunctanter</strong></span> <span class='ocrx_word' id='word_1_139' title='bbox 2204 1241 2552 1315; x_wconf 79' lang='lat' dir='ltr'><strong>conveniunt,</strong></span> <span class='ocrx_word' id='word_1_140' title='bbox 2604 1239 2786 1294; x_wconf 87' lang='lat' dir='ltr'><strong>animo</strong></span> <span class='ocrx_word' id='word_1_141' title='bbox 2829 1252 2931 1293; x_wconf 91' lang='lat' dir='ltr'><strong>nos</strong></span> <span class='ocrx_word' id='word_1_142' title='bbox 2976 1236 3136 1291; x_wconf 87' lang='lat' dir='ltr'><strong>debet</strong></span> <span class='ocrx_word' id='word_1_143' title='bbox 3181 1232 3369 1297; x_wconf 84' lang='lat' dir='ltr'><strong>libenti</strong></span> 
     </span>
    </p>
   </div>
   <div class='ocr_carea' id='block_1_26' title="bbox 1787 1325 3371 1406">
    <p class='ocr_par' dir='ltr' id='par_1_26' title="bbox 1787 1325 3371 1406">
     <span class='ocr_line' id='line_1_26' title="bbox 1787 1325 3371 1406; baseline -0.006 -17"><span class='ocrx_word' id='word_1_144' title='bbox 1787 1333 2104 1397; x_wconf 87' lang='lat' dir='ltr'><strong>concedere,</strong></span> <span class='ocrx_word' id='word_1_145' title='bbox 2135 1340 2192 1389; x_wconf 90' lang='lat' dir='ltr'><strong>et</strong></span> <span class='ocrx_word' id='word_1_146' title='bbox 2212 1331 2513 1406; x_wconf 89' lang='lat' dir='ltr'><strong>petentium</strong></span> <span class='ocrx_word' id='word_1_147' title='bbox 2544 1329 2825 1387; x_wconf 88' lang='lat' dir='ltr'><strong>desideriis</strong></span> <span class='ocrx_word' id='word_1_148' title='bbox 2844 1342 3143 1398; x_wconf 81' lang='lat' dir='ltr'><strong>congruum</strong></span> <span class='ocrx_word' id='word_1_149' title='bbox 3172 1325 3371 1395; x_wconf 88' lang='lat' dir='ltr'><strong>imper—</strong></span> 
     </span>
    </p>
   </div>
   <div class='ocr_carea' id='block_1_27' title="bbox 1788 1414 3372 1497">
    <p class='ocr_par' dir='ltr' id='par_1_27' title="bbox 1788 1414 3372 1497">
     <span class='ocr_line' id='line_1_27' title="bbox 1788 1414 3372 1497; baseline -0.005 -19"><span class='ocrx_word' id='word_1_150' title='bbox 1788 1423 1883 1479; x_wconf 91' lang='lat' dir='ltr'><strong>tiri</strong></span> <span class='ocrx_word' id='word_1_151' title='bbox 1913 1421 2252 1497; x_wconf 64' lang='lat' dir='ltr'><strong>suﬂragium.</strong></span> <span class='ocrx_word' id='word_1_152' title='bbox 2300 1422 2480 1493; x_wconf 80' lang='lat' dir='ltr'><strong>Atque</strong></span> <span class='ocrx_word' id='word_1_153' title='bbox 2528 1420 2650 1477; x_wconf 91' lang='lat' dir='ltr'><strong>ideo</strong></span> <span class='ocrx_word' id='word_1_154' title='bbox 2692 1419 2817 1492; x_wconf 86' lang='lat' dir='ltr'><strong>quia</strong></span> <span class='ocrx_word' id='word_1_155' title='bbox 2843 1417 3127 1489; x_wconf 87' lang='lat' dir='ltr'><strong>postulasti</strong></span> <span class='ocrx_word' id='word_1_156' title='bbox 3154 1432 3185 1471; x_wconf 90' lang='lat' dir='ltr'><strong>a</strong></span> <span class='ocrx_word' id='word_1_157' title='bbox 3214 1414 3372 1471; x_wconf 90' lang='lat' dir='ltr'><strong>nobis</strong></span> 
     </span>
    </p>
   </div>
   <div class='ocr_carea' id='block_1_28' title="bbox 1787 1507 3373 1585">
    <p class='ocr_par' dir='ltr' id='par_1_28' title="bbox 1787 1507 3373 1585">
     <span class='ocr_line' id='line_1_28' title="bbox 1787 1507 3373 1585; baseline -0.001 -19"><span class='ocrx_word' id='word_1_158' title='bbox 1787 1520 2059 1581; x_wconf 87' lang='lat' dir='ltr'><strong>quatenus</strong></span> <span class='ocrx_word' id='word_1_159' title='bbox 2109 1511 2455 1583; x_wconf 76' lang='lat' dir='ltr'><strong>privilegium</strong></span> <span class='ocrx_word' id='word_1_160' title='bbox 2500 1510 2646 1585; x_wconf 87' lang='lat' dir='ltr'><strong>sedis</strong></span> <span class='ocrx_word' id='word_1_161' title='bbox 2690 1509 2999 1583; x_wconf 64' lang='lat' dir='ltr'><strong>apostolicae</strong></span> <span class='ocrx_word' id='word_1_162' title='bbox 3042 1507 3373 1571; x_wconf 84' lang='lat' dir='ltr'><strong>monasterio</strong></span> 
     </span>
    </p>
   </div>
   <div class='ocr_carea' id='block_1_29' title="bbox 1790 1598 3373 1671">
    <p class='ocr_par' dir='ltr' id='par_1_29' title="bbox 1790 1598 3373 1671">
     <span class='ocr_line' id='line_1_29' title="bbox 1790 1598 3373 1671; baseline -0.003 -15"><span class='ocrx_word' id='word_1_163' title='bbox 1790 1599 2084 1667; x_wconf 74' lang='lat' dir='ltr'><strong>Vizeliaco,</strong></span> <span class='ocrx_word' id='word_1_164' title='bbox 2142 1600 2230 1656; x_wconf 91' lang='lat' dir='ltr'><strong>cui</strong></span> <span class='ocrx_word' id='word_1_165' title='bbox 2281 1615 2516 1670; x_wconf 60' lang='lat' dir='ltr'><strong>praeesse</strong></span> <span class='ocrx_word' id='word_1_166' title='bbox 2566 1598 2924 1671; x_wconf 81' lang='lat' dir='ltr'><strong>dignosceris,</strong></span> <span class='ocrx_word' id='word_1_167' title='bbox 2969 1598 3115 1669; x_wconf 88' lang='lat' dir='ltr'><strong>quod</strong></span> <span class='ocrx_word' id='word_1_168' title='bbox 3159 1604 3373 1654; x_wconf 88' lang='lat' dir='ltr'><strong>constat</strong></span> 
     </span>
    </p>
   </div>
   <div class='ocr_carea' id='block_1_30' title="bbox 1788 1678 3370 1753">
    <p class='ocr_par' dir='ltr' id='par_1_30' title="bbox 1788 1678 3370 1753">
     <span class='ocr_line' id='line_1_30' title="bbox 1788 1678 3370 1753; baseline -0.002 -7"><span class='ocrx_word' id='word_1_169' title='bbox 1788 1678 1920 1746; x_wconf 85' lang='lat' dir='ltr'><strong>olim</strong></span> <span class='ocrx_word' id='word_1_170' title='bbox 1949 1706 1979 1745; x_wconf 90' lang='lat' dir='ltr'><strong>a</strong></span> <span class='ocrx_word' id='word_1_171' title='bbox 2010 1690 2256 1747; x_wconf 85' lang='lat' dir='ltr'><strong>Gerardo</strong></span> <span class='ocrx_word' id='word_1_172' title='bbox 2285 1689 2625 1749; x_wconf 88' lang='lat' dir='ltr'><strong>nobilissimo</strong></span> <span class='ocrx_word' id='word_1_173' title='bbox 2652 1698 2709 1745; x_wconf 89' lang='lat' dir='ltr'><strong>et</strong></span> <span class='ocrx_word' id='word_1_174' title='bbox 2738 1687 3202 1747; x_wconf 84' lang='lat' dir='ltr'><strong>Christianissimo</strong></span> <span class='ocrx_word' id='word_1_175' title='bbox 3230 1689 3370 1753; x_wconf 86' lang='lat' dir='ltr'><strong>viro,</strong></span> 
     </span>
    </p>
   </div>
   <div class='ocr_carea' id='block_1_31' title="bbox 82 1768 1690 1855">
    <p class='ocr_par' dir='ltr' id='par_1_31' title="bbox 82 1768 1690 1855">
     <span class='ocr_line' id='line_1_31' title="bbox 82 1768 1690 1855; baseline -0.001 -29"><span class='ocrx_word' id='word_1_176' title='bbox 82 1770 245 1826; x_wconf 85' lang='lat' dir='ltr'><strong>Bene</strong></span> <span class='ocrx_word' id='word_1_177' title='bbox 274 1770 471 1826; x_wconf 84' lang='lat' dir='ltr'><strong>valete.</strong></span> <span class='ocrx_word' id='word_1_178' title='bbox 515 1771 707 1855; x_wconf 85' lang='lat' dir='ltr'><strong>Datum</strong></span> <span class='ocrx_word' id='word_1_179' title='bbox 756 1788 856 1827; x_wconf 80' lang='lat' dir='ltr'><strong>xm</strong></span> <span class='ocrx_word' id='word_1_180' title='bbox 900 1768 1173 1829; x_wconf 78' lang='lat' dir='ltr'><strong>Kalendas</strong></span> <span class='ocrx_word' id='word_1_181' title='bbox 1204 1769 1562 1842; x_wconf 83' lang='lat' dir='ltr'><strong>Septembris,</strong></span> <span class='ocrx_word' id='word_1_182' title='bbox 1594 1783 1690 1841; x_wconf 87' lang='lat' dir='ltr'><strong>per</strong></span> 
     </span>
    </p>
   </div>
   <div class='ocr_carea' id='block_1_32' title="bbox 1795 1768 3374 1855">
    <p class='ocr_par' dir='ltr' id='par_1_32' title="bbox 1795 1777 3374 1852">
     <span class='ocr_line' id='line_1_32' title="bbox 1795 1777 3374 1852; baseline -0.004 -15"><span class='ocrx_word' id='word_1_183' title='bbox 1795 1796 2001 1837; x_wconf 88' lang='lat' dir='ltr'><strong>necnon</strong></span> <span class='ocrx_word' id='word_1_184' title='bbox 2029 1780 2268 1837; x_wconf 90' lang='lat' dir='ltr'><strong>ethrta</strong></span> <span class='ocrx_word' id='word_1_185' title='bbox 2297 1796 2465 1837; x_wconf 78' lang='lat' dir='ltr'><strong>uxore</strong></span> <span class='ocrx_word' id='word_1_186' title='bbox 2512 1780 2650 1852; x_wconf 87' lang='lat' dir='ltr'><strong>ejus,</strong></span> <span class='ocrx_word' id='word_1_187' title='bbox 2704 1781 2755 1837; x_wconf 88' lang='lat' dir='ltr'><strong>in</strong></span> <span class='ocrx_word' id='word_1_188' title='bbox 2802 1780 3008 1834; x_wconf 86' lang='lat' dir='ltr'><strong>honore</strong></span> <span class='ocrx_word' id='word_1_189' title='bbox 3059 1777 3271 1833; x_wconf 89' lang='lat' dir='ltr'><strong>Domini</strong></span> <span class='ocrx_word' id='word_1_190' title='bbox 3316 1785 3374 1832; x_wconf 91' lang='lat' dir='ltr'><strong>ct</strong></span> 
     </span>
    </p>
   </div>
   <div class='ocr_carea' id='block_1_33' title="bbox 83 1845 1690 1940">
    <p class='ocr_par' dir='ltr' id='par_1_33' title="bbox 83 1848 1688 1940">
     <span class='ocr_line' id='line_1_33' title="bbox 83 1848 1688 1940; baseline 0 -23"><span class='ocrx_word' id='word_1_191' title='bbox 83 1879 326 1917; x_wconf 86' lang='lat' dir='ltr'><strong>manum</strong></span> <span class='ocrx_word' id='word_1_192' title='bbox 352 1862 609 1935; x_wconf 85' lang='lat' dir='ltr'><strong>Stephani</strong></span> <span class='ocrx_word' id='word_1_193' title='bbox 631 1848 873 1933; x_wconf 77' lang='lat' dir='ltr'><strong>episcopi</strong></span> <span class='ocrx_word' id='word_1_194' title='bbox 895 1872 1095 1920; x_wconf 73' lang='lat' dir='ltr'><strong>sancta:</strong></span> <span class='ocrx_word' id='word_1_195' title='bbox 1107 1862 1365 1940; x_wconf 63' lang='lat' dir='ltr'><strong>Ecclesia</strong></span> <span class='ocrx_word' id='word_1_196' title='bbox 1385 1861 1688 1935; x_wconf 66' lang='lat' dir='ltr'><strong>Nepesinae,</strong></span> 
     </span>
    </p>
   </div>
   <div class='ocr_carea' id='block_1_34' title="bbox 1795 1845 3373 1940">
    <p class='ocr_par' dir='ltr' id='par_1_34' title="bbox 1795 1845 3373 1929">
     <span class='ocr_line' id='line_1_34' title="bbox 1795 1845 3373 1929; baseline -0.003 -2"><span class='ocrx_word' id='word_1_197' title='bbox 1795 1872 2091 1929; x_wconf 87' lang='lat' dir='ltr'><strong>Salvatoris</strong></span> <span class='ocrx_word' id='word_1_198' title='bbox 2124 1874 2294 1927; x_wconf 89' lang='lat' dir='ltr'><strong>nostri</strong></span> <span class='ocrx_word' id='word_1_199' title='bbox 2321 1869 2448 1927; x_wconf 86' lang='lat' dir='ltr'><strong>Jesu</strong></span> <span class='ocrx_word' id='word_1_200' title='bbox 2483 1845 2682 1927; x_wconf 76' lang='lat' dir='ltr'><strong>Christi</strong></span> <span class='ocrx_word' id='word_1_201' title='bbox 2710 1880 2766 1926; x_wconf 88' lang='lat' dir='ltr'><strong>et</strong></span> <span class='ocrx_word' id='word_1_202' title='bbox 2790 1869 3139 1925; x_wconf 87' lang='lat' dir='ltr'><strong>veneratione</strong></span> <span class='ocrx_word' id='word_1_203' title='bbox 3174 1868 3373 1929; x_wconf 76' lang='lat' dir='ltr'><strong>beatis-</strong></span> 
     </span>
    </p>
   </div>
   <div class='ocr_carea' id='block_1_35' title="bbox 85 1946 1689 2028">
    <p class='ocr_par' dir='ltr' id='par_1_35' title="bbox 85 1946 1689 2028">
     <span class='ocr_line' id='line_1_35' title="bbox 85 1946 1689 2028; baseline -0.001 -21"><span class='ocrx_word' id='word_1_204' title='bbox 85 1954 304 2008; x_wconf 85' lang='lat' dir='ltr'><strong>arcarii</strong></span> <span class='ocrx_word' id='word_1_205' title='bbox 340 1946 415 2025; x_wconf 83' lang='lat' dir='ltr'><strong>[in</strong></span> <span class='ocrx_word' id='word_1_206' title='bbox 456 1948 691 2028; x_wconf 74' lang='lat' dir='ltr'><strong>arcario]</strong></span> <span class='ocrx_word' id='word_1_207' title='bbox 733 1958 936 2017; x_wconf 69' lang='lat' dir='ltr'><strong>saneta:</strong></span> <span class='ocrx_word' id='word_1_208' title='bbox 981 1953 1234 2010; x_wconf 84' lang='lat' dir='ltr'><strong>Ecclesiae</strong></span> <span class='ocrx_word' id='word_1_209' title='bbox 1260 1953 1406 2010; x_wconf 90' lang='lat' dir='ltr'><strong>sedis</strong></span> <span class='ocrx_word' id='word_1_210' title='bbox 1432 1951 1689 2024; x_wconf 86' lang='lat' dir='ltr'><strong>apostoli-</strong></span> 
     </span>
    </p>
   </div>
   <div class='ocr_carea' id='block_1_36' title="bbox 83 2044 1687 2118">
    <p class='ocr_par' dir='ltr' id='par_1_36' title="bbox 83 2044 1687 2118">
     <span class='ocr_line' id='line_1_36' title="bbox 83 2044 1687 2118; baseline -0.001 -17"><span class='ocrx_word' id='word_1_211' title='bbox 83 2044 193 2111; x_wconf 62' lang='lat' dir='ltr'><strong>cie,</strong></span> <span class='ocrx_word' id='word_1_212' title='bbox 228 2047 534 2116; x_wconf 83' lang='lat' dir='ltr'><strong>imperante</strong></span> <span class='ocrx_word' id='word_1_213' title='bbox 558 2046 777 2103; x_wconf 88' lang='lat' dir='ltr'><strong>domino</strong></span> <span class='ocrx_word' id='word_1_214' title='bbox 805 2046 1051 2118; x_wconf 88' lang='lat' dir='ltr'><strong>piissimo</strong></span> <span class='ocrx_word' id='word_1_215' title='bbox 1071 2045 1310 2117; x_wconf 85' lang='lat' dir='ltr'><strong>Augusto</strong></span> <span class='ocrx_word' id='word_1_216' title='bbox 1333 2044 1618 2118; x_wconf 70' lang='lat' dir='ltr'><strong>Arnulpbe</strong></span> <span class='ocrx_word' id='word_1_217' title='bbox 1655 2059 1687 2100; x_wconf 89' lang='lat' dir='ltr'><strong>a</strong></span> 
     </span>
    </p>
   </div>
   <div class='ocr_carea' id='block_1_37' title="bbox 85 2136 1471 2217">
    <p class='ocr_par' dir='ltr' id='par_1_37' title="bbox 85 2136 1471 2217">
     <span class='ocr_line' id='line_1_37' title="bbox 85 2136 1471 2217; baseline -0.001 -25"><span class='ocrx_word' id='word_1_218' title='bbox 85 2136 209 2203; x_wconf 84' lang='lat' dir='ltr'><strong>Deo</strong></span> <span class='ocrx_word' id='word_1_219' title='bbox 234 2145 497 2217; x_wconf 89' lang='lat' dir='ltr'><strong>coronato</strong></span> <span class='ocrx_word' id='word_1_220' title='bbox 524 2152 718 2210; x_wconf 87' lang='lat' dir='ltr'><strong>magno</strong></span> <span class='ocrx_word' id='word_1_221' title='bbox 746 2138 1075 2210; x_wconf 85' lang='lat' dir='ltr'><strong>imperatore</strong></span> <span class='ocrx_word' id='word_1_222' title='bbox 1103 2153 1253 2197; x_wconf 82' lang='lat' dir='ltr'><strong>anno.</strong></span> <span class='ocrx_word' id='word_1_223' title='bbox 1277 2137 1471 2209; x_wconf 84' lang='lat' dir='ltr'><strong>primo.</strong></span> 
     </span>
    </p>
   </div>
   <div class='ocr_carea' id='block_1_38' title="bbox 681 2334 1112 2399">
    <p class='ocr_par' dir='ltr' id='par_1_38' title="bbox 681 2334 1112 2399">
     <span class='ocr_line' id='line_1_38' title="bbox 681 2334 1112 2399; baseline -0.002 -8"><span class='ocrx_word' id='word_1_224' title='bbox 681 2334 1013 2399; x_wconf 77' lang='lat' dir='ltr'><strong>EPISTOLA</strong></span> <span class='ocrx_word' id='word_1_225' title='bbox 1050 2335 1112 2391; x_wconf 93' lang='lat' dir='ltr'><strong>ll.</strong></span> 
     </span>
    </p>
   </div>
   <div class='ocr_carea' id='block_1_39' title="bbox 118 2472 1584 2533">
    <p class='ocr_par' dir='ltr' id='par_1_39' title="bbox 118 2472 1584 2533">
     <span class='ocr_line' id='line_1_39' title="bbox 118 2472 1584 2533; baseline 0.001 -7"><span class='ocrx_word' id='word_1_226' title='bbox 118 2488 127 2497; x_wconf 92' lang='grc'><strong>·</strong></span> <span class='ocrx_word' id='word_1_227' title='bbox 202 2488 278 2527; x_wconf 72' lang='grc' dir='ltr'><strong>ΑΙ)</strong></span> <span class='ocrx_word' id='word_1_228' title='bbox 302 2486 637 2533; x_wconf 58' lang='lat' dir='ltr'><strong>animarum</strong></span> <span class='ocrx_word' id='word_1_229' title='bbox 684 2472 1069 2530; x_wconf 61' lang='grc' dir='ltr'><strong>Μκιοιεεηδεκ</strong></span> <span class='ocrx_word' id='word_1_230' title='bbox 1107 2486 1584 2531; x_wconf 68' lang='grc' dir='ltr'><strong>Αιιειιιενιεοονωι.</strong></span> 
     </span>
    </p>
   </div>
   <div class='ocr_carea' id='block_1_40' title="bbox 91 2593 1691 2741">
    <p class='ocr_par' dir='ltr' id='par_1_40' title="bbox 91 2593 1691 2741">
     <span class='ocr_line' id='line_1_40' title="bbox 91 2593 1691 2741; baseline 0.003 -73"><span class='ocrx_word' id='word_1_231' title='bbox 91 2615 357 2680; x_wconf 81' lang='lat' dir='ltr'><strong>Quemur</strong></span> <span class='ocrx_word' id='word_1_232' title='bbox 393 2620 590 2686; x_wconf 69' lang='lat' dir='ltr'><strong>factam</strong></span> <span class='ocrx_word' id='word_1_233' title='bbox 628 2633 740 2672; x_wconf 73' lang='lat' dir='ltr'><strong>esse</strong></span> <span class='ocrx_word' id='word_1_234' title='bbox 765 2615 1309 2741; x_wconf 41' lang='lat' dir='ltr'><strong>Jugwié&#39;potmatem</strong></span> <span class='ocrx_word' id='word_1_235' title='bbox 1337 2593 1537 2672; x_wconf 81' lang='lat' dir='ltr'><strong>allodia</strong></span> <span class='ocrx_word' id='word_1_236' title='bbox 1564 2633 1691 2689; x_wconf 74' lang='lat' dir='ltr'><strong>pos-</strong></span> 
     </span>
     <span class='ocr_line' id='line_1_41' title="bbox 787 2702 1229 2741; baseline 0 0"><span class='ocrx_word' id='word_1_237' title='bbox 787 2704 831 2741; x_wconf 74' lang='lat' dir='ltr'><strong>sr</strong></span> <span class='ocrx_word' id='word_1_238' title='bbox 871 2704 933 2741; x_wconf 85' lang='lat' dir='ltr'><strong>en</strong></span> <span class='ocrx_word' id='word_1_239' title='bbox 973 2702 1014 2741; x_wconf 78' lang='grc' dir='ltr'><strong>ι.</strong></span> <span class='ocrx_word' id='word_1_240' title='bbox 1222 2704 1229 2711; x_wconf 92' lang='grc'>·</span> 
     </span>
    </p>
   </div>
   <div class='ocr_carea' id='block_1_41' title="bbox 787 2702 1229 2742">
    <p class='ocr_par' dir='ltr' id='par_1_41' title="bbox 787 2702 1229 2742">
     <span class='ocr_line' id='line_1_42' title="bbox 787 2702 1229 2742; baseline 0 -1"><span class='ocrx_word' id='word_1_241' title='bbox 787 2702 990 2742; x_wconf 76' lang='lat' dir='ltr'><strong>sraenat</strong></span> <span class='ocrx_word' id='word_1_242' title='bbox 1000 2727 1014 2741; x_wconf 83' lang='lat'>.</span> <span class='ocrx_word' id='word_1_243' title='bbox 1222 2704 1229 2711; x_wconf 83' lang='lat'>&#39;</span> 
     </span>
    </p>
   </div>
   <div class='ocr_carea' id='block_1_42' title="bbox 169 2852 1694 2925">
    <p class='ocr_par' dir='ltr' id='par_1_42' title="bbox 169 2852 1694 2925">
     <span class='ocr_line' id='line_1_43' title="bbox 169 2852 1694 2925; baseline 0.001 -17"><span class='ocrx_word' id='word_1_244' title='bbox 169 2853 647 2925; x_wconf 67' lang='lat' dir='ltr'><strong>Srzrnasuspapa</strong></span> <span class='ocrx_word' id='word_1_245' title='bbox 669 2856 954 2911; x_wconf 69' lang='lat' dir='ltr'><strong>Aruns-ro</strong></span> <span class='ocrx_word' id='word_1_246' title='bbox 974 2852 1382 2925; x_wconf 83' lang='lat' dir='ltr'><strong>archiepiscopo</strong></span> <span class='ocrx_word' id='word_1_247' title='bbox 1402 2853 1694 2919; x_wconf 74' lang='lat' dir='ltr'><strong>Narbonte,</strong></span> 
     </span>
    </p>
   </div>
   <div class='ocr_carea' id='block_1_43' title="bbox 92 2938 1672 3018">
    <p class='ocr_par' dir='ltr' id='par_1_43' title="bbox 92 2938 1672 3018">
     <span class='ocr_line' id='line_1_44' title="bbox 92 2938 1672 3018; baseline 0.001 -18"><span class='ocrx_word' id='word_1_248' title='bbox 92 2955 144 3000; x_wconf 89' lang='lat' dir='ltr'><strong>et</strong></span> <span class='ocrx_word' id='word_1_249' title='bbox 189 2946 453 3003; x_wconf 88' lang='lat' dir='ltr'><strong>omnibus</strong></span> <span class='ocrx_word' id='word_1_250' title='bbox 501 2946 872 3018; x_wconf 89' lang='lat' dir='ltr'><strong>potentatibus</strong></span> <span class='ocrx_word' id='word_1_251' title='bbox 910 2945 1263 3017; x_wconf 71' lang='lat' dir='ltr'><strong>Septimania:</strong></span> <span class='ocrx_word' id='word_1_252' title='bbox 1301 2938 1360 3003; x_wconf 82' lang='lat' dir='ltr'><strong>et</strong></span> <span class='ocrx_word' id='word_1_253' title='bbox 1398 2944 1672 3017; x_wconf 63' lang='lat' dir='ltr'><strong>Hispaniae</strong></span> 
     </span>
    </p>
   </div>
   <div class='ocr_carea' id='block_1_44' title="bbox 94 3038 363 3095">
    <p class='ocr_par' dir='ltr' id='par_1_44' title="bbox 94 3038 363 3095">
     <span class='ocr_line' id='line_1_45' title="bbox 94 3038 363 3095; baseline -0.007 -1"><span class='ocrx_word' id='word_1_254' title='bbox 94 3038 363 3095; x_wconf 77' lang='lat' dir='ltr'><strong>salutem.</strong></span> 
     </span>
    </p>
   </div>
   <div class='ocr_carea' id='block_1_45' title="bbox 166 3145 1694 3229">
    <p class='ocr_par' dir='ltr' id='par_1_45' title="bbox 166 3145 1694 3229">
     <span class='ocr_line' id='line_1_46' title="bbox 166 3145 1694 3229; baseline -0.001 -25"><span class='ocrx_word' id='word_1_255' title='bbox 166 3147 447 3204; x_wconf 80' lang='lat' dir='ltr'><strong>Convenit</strong></span> <span class='ocrx_word' id='word_1_256' title='bbox 490 3148 673 3216; x_wconf 86' lang='lat' dir='ltr'><strong>nobis,</strong></span> <span class='ocrx_word' id='word_1_257' title='bbox 715 3148 807 3220; x_wconf 88' lang='lat' dir='ltr'><strong>qui</strong></span> <span class='ocrx_word' id='word_1_258' title='bbox 844 3148 1053 3229; x_wconf 73' lang='lat' dir='ltr'><strong>clavem</strong></span> <span class='ocrx_word' id='word_1_259' title='bbox 1084 3147 1522 3224; x_wconf 75' lang='lat' dir='ltr'><strong>cmlestisborrei</strong></span> <span class='ocrx_word' id='word_1_260' title='bbox 1561 3145 1694 3202; x_wconf 86' lang='lat' dir='ltr'><strong>vici-</strong></span> 
     </span>
    </p>
   </div>
   <div class='ocr_carea' id='block_1_46' title="bbox 1792 1952 3376 2036">
    <p class='ocr_par' dir='ltr' id='par_1_46' title="bbox 1792 1952 3376 2036">
     <span class='ocr_line' id='line_1_47' title="bbox 1792 1952 3376 2036; baseline -0.003 -16"><span class='ocrx_word' id='word_1_261' title='bbox 1792 1964 1942 2020; x_wconf 67' lang='lat' dir='ltr'><strong>simaa</strong></span> <span class='ocrx_word' id='word_1_262' title='bbox 1988 1979 2202 2034; x_wconf 88' lang='lat' dir='ltr'><strong>semper</strong></span> <span class='ocrx_word' id='word_1_263' title='bbox 2231 1961 2472 2035; x_wconf 81' lang='lat' dir='ltr'><strong>Virginis</strong></span> <span class='ocrx_word' id='word_1_264' title='bbox 2501 1952 2690 2018; x_wconf 58' lang='lat' dir='ltr'><strong>Maria!</strong></span> <span class='ocrx_word' id='word_1_265' title='bbox 2705 1958 2983 2036; x_wconf 82' lang='lat' dir='ltr'><strong>genitricis</strong></span> <span class='ocrx_word' id='word_1_266' title='bbox 3006 1959 3241 2030; x_wconf 87' lang='lat' dir='ltr'><strong>ejusdem</strong></span> <span class='ocrx_word' id='word_1_267' title='bbox 3271 1961 3376 2016; x_wconf 88' lang='lat' dir='ltr'><strong>Do-</strong></span> 
     </span>
    </p>
   </div>
   <div class='ocr_carea' id='block_1_47' title="bbox 1793 2050 3376 2125">
    <p class='ocr_par' dir='ltr' id='par_1_47' title="bbox 1793 2050 3376 2125">
     <span class='ocr_line' id='line_1_48' title="bbox 1793 2050 3376 2125; baseline -0.003 -15"><span class='ocrx_word' id='word_1_268' title='bbox 1793 2054 1927 2110; x_wconf 88' lang='lat' dir='ltr'><strong>mini</strong></span> <span class='ocrx_word' id='word_1_269' title='bbox 1969 2055 2136 2111; x_wconf 90' lang='lat' dir='ltr'><strong>nostri</strong></span> <span class='ocrx_word' id='word_1_270' title='bbox 2163 2053 2290 2110; x_wconf 83' lang='lat' dir='ltr'><strong>Jesu</strong></span> <span class='ocrx_word' id='word_1_271' title='bbox 2321 2053 2523 2110; x_wconf 87' lang='lat' dir='ltr'><strong>Christi</strong></span> <span class='ocrx_word' id='word_1_272' title='bbox 2557 2062 2958 2125; x_wconf 86' lang='lat' dir='ltr'><strong>constructum;</strong></span> <span class='ocrx_word' id='word_1_273' title='bbox 2994 2052 3047 2107; x_wconf 91' lang='lat' dir='ltr'><strong>in</strong></span> <span class='ocrx_word' id='word_1_274' title='bbox 3078 2066 3241 2124; x_wconf 86' lang='lat' dir='ltr'><strong>regno</strong></span> <span class='ocrx_word' id='word_1_275' title='bbox 3270 2050 3376 2107; x_wconf 90' lang='lat' dir='ltr'><strong>sci-</strong></span> 
     </span>
    </p>
   </div>
   <div class='ocr_carea' id='block_1_48' title="bbox 1793 2142 3375 2218">
    <p class='ocr_par' dir='ltr' id='par_1_48' title="bbox 1793 2142 3375 2218">
     <span class='ocr_line' id='line_1_49' title="bbox 1793 2142 3375 2218; baseline -0.002 -18"><span class='ocrx_word' id='word_1_276' title='bbox 1793 2144 1919 2203; x_wconf 87' lang='lat' dir='ltr'><strong>licet</strong></span> <span class='ocrx_word' id='word_1_277' title='bbox 1946 2145 2289 2217; x_wconf 72' lang='lat' dir='ltr'><strong>Burgundite,</strong></span> <span class='ocrx_word' id='word_1_278' title='bbox 2322 2146 2376 2201; x_wconf 92' lang='lat' dir='ltr'><strong>in</strong></span> <span class='ocrx_word' id='word_1_279' title='bbox 2404 2161 2539 2218; x_wconf 83' lang='lat' dir='ltr'><strong>pago</strong></span> <span class='ocrx_word' id='word_1_280' title='bbox 2568 2142 2841 2212; x_wconf 81' lang='lat' dir='ltr'><strong>Avalensi,</strong></span> <span class='ocrx_word' id='word_1_281' title='bbox 2885 2143 3135 2215; x_wconf 80' lang='lat' dir='ltr'><strong>quodqtie</strong></span> <span class='ocrx_word' id='word_1_282' title='bbox 3181 2158 3210 2197; x_wconf 91' lang='lat' dir='ltr'><strong>a</strong></span> <span class='ocrx_word' id='word_1_283' title='bbox 3240 2156 3375 2212; x_wconf 69' lang='lat' dir='ltr'><strong>prte-</strong></span> 
     </span>
    </p>
   </div>
   <div class='ocr_carea' id='block_1_49' title="bbox 1792 2231 3409 2313">
    <p class='ocr_par' dir='ltr' id='par_1_49' title="bbox 1792 2231 3409 2313">
     <span class='ocr_line' id='line_1_50' title="bbox 1792 2231 3409 2313; baseline -0.004 -19"><span class='ocrx_word' id='word_1_284' title='bbox 1792 2240 1921 2295; x_wconf 80' lang='lat' dir='ltr'><strong>fatis</strong></span> <span class='ocrx_word' id='word_1_285' title='bbox 1954 2238 2333 2296; x_wconf 82' lang='lat' dir='ltr'><strong>fundatoribus</strong></span> <span class='ocrx_word' id='word_1_286' title='bbox 2370 2240 2529 2295; x_wconf 88' lang='lat' dir='ltr'><strong>beato</strong></span> <span class='ocrx_word' id='word_1_287' title='bbox 2557 2238 2720 2295; x_wconf 88' lang='lat' dir='ltr'><strong>Petro</strong></span> <span class='ocrx_word' id='word_1_288' title='bbox 2747 2237 3115 2310; x_wconf 86' lang='lat' dir='ltr'><strong>apostolorum</strong></span> <span class='ocrx_word' id='word_1_289' title='bbox 3144 2231 3376 2306; x_wconf 86' lang='lat' dir='ltr'><strong>principi</strong></span> <span class='ocrx_word' id='word_1_290' title='bbox 3408 2310 3409 2313; x_wconf 13' lang='grc' dir='ltr'><strong>η</strong></span> 
     </span>
    </p>
   </div>
   <div class='ocr_carea' id='block_1_50' title="bbox 1792 2325 3376 2409">
    <p class='ocr_par' dir='ltr' id='par_1_50' title="bbox 1792 2325 3376 2409">
     <span class='ocr_line' id='line_1_51' title="bbox 1792 2325 3376 2409; baseline -0.003 -25"><span class='ocrx_word' id='word_1_291' title='bbox 1792 2330 1880 2409; x_wconf 80' lang='lat' dir='ltr'><strong>pia</strong></span> <span class='ocrx_word' id='word_1_292' title='bbox 1925 2329 2209 2387; x_wconf 86' lang='lat' dir='ltr'><strong>devotione</strong></span> <span class='ocrx_word' id='word_1_293' title='bbox 2255 2339 2311 2385; x_wconf 92' lang='lat' dir='ltr'><strong>et</strong></span> <span class='ocrx_word' id='word_1_294' title='bbox 2362 2330 2674 2386; x_wconf 87' lang='lat' dir='ltr'><strong>testamenti</strong></span> <span class='ocrx_word' id='word_1_295' title='bbox 2724 2328 2918 2401; x_wconf 83' lang='lat' dir='ltr'><strong>pagina</strong></span> <span class='ocrx_word' id='word_1_296' title='bbox 2967 2325 3221 2383; x_wconf 85' lang='lat' dir='ltr'><strong>collatum</strong></span> <span class='ocrx_word' id='word_1_297' title='bbox 3272 2333 3376 2389; x_wconf 87' lang='lat' dir='ltr'><strong>est,</strong></span> 
     </span>
    </p>
   </div>
   <div class='ocr_carea' id='block_1_51' title="bbox 1793 2414 3379 2499">
    <p class='ocr_par' dir='ltr' id='par_1_51' title="bbox 1793 2414 3379 2499">
     <span class='ocr_line' id='line_1_52' title="bbox 1793 2414 3379 2499; baseline -0.006 -21"><span class='ocrx_word' id='word_1_298' title='bbox 1793 2423 1976 2479; x_wconf 81' lang='lat' dir='ltr'><strong>facere</strong></span> <span class='ocrx_word' id='word_1_299' title='bbox 2026 2422 2388 2479; x_wconf 88' lang='lat' dir='ltr'><strong>deberemus:</strong></span> <span class='ocrx_word' id='word_1_300' title='bbox 2427 2421 2667 2499; x_wconf 81' lang='lat' dir='ltr'><strong>inclinati</strong></span> <span class='ocrx_word' id='word_1_301' title='bbox 2710 2414 2960 2497; x_wconf 75' lang='lat' dir='ltr'><strong>precibus</strong></span> <span class='ocrx_word' id='word_1_302' title='bbox 3003 2419 3109 2474; x_wconf 90' lang='lat' dir='ltr'><strong>tuis</strong></span> <span class='ocrx_word' id='word_1_303' title='bbox 3145 2418 3379 2472; x_wconf 87' lang='lat' dir='ltr'><strong>libenter</strong></span> 
     </span>
    </p>
   </div>
   <div class='ocr_carea' id='block_1_52' title="bbox 1794 2506 3379 2586">
    <p class='ocr_par' dir='ltr' id='par_1_52' title="bbox 1794 2506 3379 2586">
     <span class='ocr_line' id='line_1_53' title="bbox 1794 2506 3379 2586; baseline -0.006 -16"><span class='ocrx_word' id='word_1_304' title='bbox 1794 2514 2154 2580; x_wconf 87' lang='lat' dir='ltr'><strong>decrevimus,</strong></span> <span class='ocrx_word' id='word_1_305' title='bbox 2185 2530 2285 2585; x_wconf 92' lang='lat' dir='ltr'><strong>per</strong></span> <span class='ocrx_word' id='word_1_306' title='bbox 2312 2513 2455 2585; x_wconf 89' lang='lat' dir='ltr'><strong>quod</strong></span> <span class='ocrx_word' id='word_1_307' title='bbox 2484 2506 3077 2586; x_wconf 71' lang='lat' dir='ltr'><strong>nimirumapostolicm</strong></span> <span class='ocrx_word' id='word_1_308' title='bbox 3100 2508 3242 2565; x_wconf 88' lang='lat' dir='ltr'><strong>sedis</strong></span> <span class='ocrx_word' id='word_1_309' title='bbox 3268 2507 3379 2579; x_wconf 67' lang='lat' dir='ltr'><strong>prio</strong></span> 
     </span>
    </p>
   </div>
   <div class='ocr_carea' id='block_1_53' title="bbox 1794 2590 3375 2677">
    <p class='ocr_par' dir='ltr' id='par_1_53' title="bbox 1794 2590 3375 2677">
     <span class='ocr_line' id='line_1_54' title="bbox 1794 2590 3375 2677; baseline -0.004 -16"><span class='ocrx_word' id='word_1_310' title='bbox 1794 2606 2047 2677; x_wconf 88' lang='lat' dir='ltr'><strong>vilegium</strong></span> <span class='ocrx_word' id='word_1_311' title='bbox 2076 2606 2481 2672; x_wconf 88' lang='lat' dir='ltr'><strong>conﬁrmamus,</strong></span> <span class='ocrx_word' id='word_1_312' title='bbox 2515 2590 2678 2675; x_wconf 76' lang='lat' dir='ltr'><strong>atque</strong></span> <span class='ocrx_word' id='word_1_313' title='bbox 2702 2604 3011 2671; x_wconf 84' lang='lat' dir='ltr'><strong>statuimus,</strong></span> <span class='ocrx_word' id='word_1_314' title='bbox 3043 2611 3101 2657; x_wconf 93' lang='lat' dir='ltr'><strong>ut</strong></span> <span class='ocrx_word' id='word_1_315' title='bbox 3126 2596 3255 2657; x_wconf 86' lang='lat' dir='ltr'><strong>nulli</strong></span> <span class='ocrx_word' id='word_1_316' title='bbox 3285 2614 3375 2654; x_wconf 83' lang='lat' dir='ltr'><strong>re-</strong></span> 
     </span>
    </p>
   </div>
   <div class='ocr_carea' id='block_1_54' title="bbox 1795 2690 3374 2766">
    <p class='ocr_par' dir='ltr' id='par_1_54' title="bbox 1795 2690 3374 2766">
     <span class='ocr_line' id='line_1_55' title="bbox 1795 2690 3374 2766; baseline -0.003 -18"><span class='ocrx_word' id='word_1_317' title='bbox 1795 2711 1942 2766; x_wconf 88' lang='lat' dir='ltr'><strong>gum,</strong></span> <span class='ocrx_word' id='word_1_318' title='bbox 1976 2694 2104 2749; x_wconf 90' lang='lat' dir='ltr'><strong>nulli</strong></span> <span class='ocrx_word' id='word_1_319' title='bbox 2132 2695 2463 2762; x_wconf 89' lang='lat' dir='ltr'><strong>antistitum,</strong></span> <span class='ocrx_word' id='word_1_320' title='bbox 2495 2694 2627 2750; x_wconf 91' lang='lat' dir='ltr'><strong>nulli</strong></span> <span class='ocrx_word' id='word_1_321' title='bbox 2651 2690 2932 2758; x_wconf 90' lang='lat' dir='ltr'><strong>comitum,</strong></span> <span class='ocrx_word' id='word_1_322' title='bbox 2962 2692 3095 2748; x_wconf 90' lang='lat' dir='ltr'><strong>nulli</strong></span> <span class='ocrx_word' id='word_1_323' title='bbox 3121 2690 3374 2761; x_wconf 86' lang='lat' dir='ltr'><strong>cuiquam</strong></span> 
     </span>
    </p>
   </div>
   <div class='ocr_carea' id='block_1_55' title="bbox 1795 2776 3407 2858">
    <p class='ocr_par' dir='ltr' id='par_1_55' title="bbox 1795 2776 3407 2858">
     <span class='ocr_line' id='line_1_56' title="bbox 1795 2776 3407 2858; baseline -0.002 -18"><span class='ocrx_word' id='word_1_324' title='bbox 1795 2785 1885 2841; x_wconf 87' lang='lat' dir='ltr'><strong>alii</strong></span> <span class='ocrx_word' id='word_1_325' title='bbox 1934 2786 2095 2842; x_wconf 86' lang='lat' dir='ltr'><strong>liceat</strong></span> <span class='ocrx_word' id='word_1_326' title='bbox 2139 2788 2314 2858; x_wconf 90' lang='lat' dir='ltr'><strong>ipsum</strong></span> <span class='ocrx_word' id='word_1_327' title='bbox 2362 2786 2751 2843; x_wconf 88' lang='lat' dir='ltr'><strong>monasterium</strong></span> <span class='ocrx_word' id='word_1_328' title='bbox 2801 2784 3146 2856; x_wconf 87' lang='lat' dir='ltr'><strong>perturbare,</strong></span> <span class='ocrx_word' id='word_1_329' title='bbox 3189 2780 3273 2837; x_wconf 88' lang='lat' dir='ltr'><strong>vel</strong></span> <span class='ocrx_word' id='word_1_330' title='bbox 3310 2776 3407 2837; x_wconf 26' lang='lat' dir='ltr'><strong>ea?</strong></span> 
     </span>
    </p>
   </div>
   <div class='ocr_carea' id='block_1_56' title="bbox 1795 2872 3378 2951">
    <p class='ocr_par' dir='ltr' id='par_1_56' title="bbox 1795 2872 3378 2951">
     <span class='ocr_line' id='line_1_57' title="bbox 1795 2872 3378 2951; baseline -0.004 -17"><span class='ocrx_word' id='word_1_331' title='bbox 1795 2895 1917 2951; x_wconf 66' lang='lat' dir='ltr'><strong>qua&#39;.</strong></span> <span class='ocrx_word' id='word_1_332' title='bbox 1944 2881 2016 2937; x_wconf 88' lang='lat' dir='ltr'><strong>ibi</strong></span> <span class='ocrx_word' id='word_1_333' title='bbox 2047 2897 2077 2938; x_wconf 91' lang='lat' dir='ltr'><strong>a</strong></span> <span class='ocrx_word' id='word_1_334' title='bbox 2102 2880 2218 2951; x_wconf 89' lang='lat' dir='ltr'><strong>jam</strong></span> <span class='ocrx_word' id='word_1_335' title='bbox 2254 2880 2413 2937; x_wconf 89' lang='lat' dir='ltr'><strong>dictis</strong></span> <span class='ocrx_word' id='word_1_336' title='bbox 2441 2878 2844 2943; x_wconf 82' lang='lat' dir='ltr'><strong>fundatorihus,</strong></span> <span class='ocrx_word' id='word_1_337' title='bbox 2886 2876 2969 2931; x_wconf 89' lang='lat' dir='ltr'><strong>vel</strong></span> <span class='ocrx_word' id='word_1_338' title='bbox 2998 2877 3068 2931; x_wconf 88' lang='lat' dir='ltr'><strong>ab</strong></span> <span class='ocrx_word' id='word_1_339' title='bbox 3095 2875 3218 2930; x_wconf 89' lang='lat' dir='ltr'><strong>aliis</strong></span> <span class='ocrx_word' id='word_1_340' title='bbox 3247 2872 3378 2928; x_wconf 82' lang='lat' dir='ltr'><strong>ﬁde-</strong></span> 
     </span>
    </p>
   </div>
   <div class='ocr_carea' id='block_1_57' title="bbox 1795 2966 3375 3038">
    <p class='ocr_par' dir='ltr' id='par_1_57' title="bbox 1795 2966 3375 3038">
     <span class='ocr_line' id='line_1_58' title="bbox 1795 2966 3375 3038; baseline -0.004 -13"><span class='ocrx_word' id='word_1_341' title='bbox 1795 2971 1939 3028; x_wconf 87' lang='lat' dir='ltr'><strong>libus</strong></span> <span class='ocrx_word' id='word_1_342' title='bbox 1965 2973 2147 3028; x_wconf 84' lang='lat' dir='ltr'><strong>oblata</strong></span> <span class='ocrx_word' id='word_1_343' title='bbox 2175 2980 2321 3038; x_wconf 92' lang='lat' dir='ltr'><strong>sunt,</strong></span> <span class='ocrx_word' id='word_1_344' title='bbox 2355 2971 2438 3028; x_wconf 87' lang='lat' dir='ltr'><strong>vel</strong></span> <span class='ocrx_word' id='word_1_345' title='bbox 2469 2973 2522 3025; x_wconf 90' lang='lat' dir='ltr'><strong>in</strong></span> <span class='ocrx_word' id='word_1_346' title='bbox 2552 2970 2792 3025; x_wconf 80' lang='lat' dir='ltr'><strong>futurum</strong></span> <span class='ocrx_word' id='word_1_347' title='bbox 2836 2967 3021 3024; x_wconf 80' lang='lat' dir='ltr'><strong>oﬁ‘erri</strong></span> <span class='ocrx_word' id='word_1_348' title='bbox 3064 2966 3375 3036; x_wconf 83' lang='lat' dir='ltr'><strong>contigerit,</strong></span> 
     </span>
    </p>
   </div>
   <div class='ocr_carea' id='block_1_58' title="bbox 1795 3056 3374 3137">
    <p class='ocr_par' dir='ltr' id='par_1_58' title="bbox 1795 3056 3374 3137">
     <span class='ocr_line' id='line_1_59' title="bbox 1795 3056 3374 3137; baseline -0.004 -20"><span class='ocrx_word' id='word_1_349' title='bbox 1795 3062 1896 3117; x_wconf 87' lang='lat' dir='ltr'><strong>sub</strong></span> <span class='ocrx_word' id='word_1_350' title='bbox 1916 3060 2207 3137; x_wconf 74' lang='lat' dir='ltr'><strong>cujuslibet</strong></span> <span class='ocrx_word' id='word_1_351' title='bbox 2237 3076 2437 3127; x_wconf 61' lang='lat' dir='ltr'><strong>cause,</strong></span> <span class='ocrx_word' id='word_1_352' title='bbox 2463 3058 2835 3116; x_wconf 82' lang='lat' dir='ltr'><strong>occasionisve</strong></span> <span class='ocrx_word' id='word_1_353' title='bbox 2865 3058 3065 3129; x_wconf 89' lang='lat' dir='ltr'><strong>specie,</strong></span> <span class='ocrx_word' id='word_1_354' title='bbox 3109 3056 3374 3120; x_wconf 84' lang='lat' dir='ltr'><strong>minuere,</strong></span> 
     </span>
    </p>
   </div>
   <div class='ocr_carea' id='block_1_59' title="bbox 1795 3145 3376 3220">
    <p class='ocr_par' dir='ltr' id='par_1_59' title="bbox 1795 3145 3376 3220">
     <span class='ocr_line' id='line_1_60' title="bbox 1795 3145 3376 3220; baseline -0.004 -14"><span class='ocrx_word' id='word_1_355' title='bbox 1795 3151 1880 3207; x_wconf 90' lang='lat' dir='ltr'><strong>vel</strong></span> <span class='ocrx_word' id='word_1_356' title='bbox 1918 3151 2156 3220; x_wconf 85' lang='lat' dir='ltr'><strong>auferre,</strong></span> <span class='ocrx_word' id='word_1_357' title='bbox 2185 3152 2301 3208; x_wconf 84' lang='lat' dir='ltr'><strong>sive</strong></span> <span class='ocrx_word' id='word_1_358' title='bbox 2334 3151 2448 3207; x_wconf 92' lang='lat' dir='ltr'><strong>suis</strong></span> <span class='ocrx_word' id='word_1_359' title='bbox 2481 3150 2668 3207; x_wconf 90' lang='lat' dir='ltr'><strong>usibus</strong></span> <span class='ocrx_word' id='word_1_360' title='bbox 2695 3147 2986 3220; x_wconf 85' lang='lat' dir='ltr'><strong>applicare,</strong></span> <span class='ocrx_word' id='word_1_361' title='bbox 3021 3146 3116 3203; x_wconf 90' lang='lat' dir='ltr'><strong>sed</strong></span> <span class='ocrx_word' id='word_1_362' title='bbox 3145 3146 3263 3202; x_wconf 88' lang='lat' dir='ltr'><strong>sine</strong></span> <span class='ocrx_word' id='word_1_363' title='bbox 3290 3145 3376 3200; x_wconf 76' lang='lat' dir='ltr'><strong>in-</strong></span> 
     </span>
    </p>
   </div>
   <div class='ocr_carea' id='block_1_60' title="bbox 94 3217 3379 3315">
    <p class='ocr_par' dir='ltr' id='par_1_60' title="bbox 94 3217 3379 3315">
     <span class='ocr_line' id='line_1_61' title="bbox 94 3217 3379 3315; baseline -0.002 -17"><span class='ocrx_word' id='word_1_364' title='bbox 94 3243 199 3298; x_wconf 86' lang='lat' dir='ltr'><strong>bus</strong></span> <span class='ocrx_word' id='word_1_365' title='bbox 227 3242 550 3312; x_wconf 87' lang='lat' dir='ltr'><strong>apostolicis</strong></span> <span class='ocrx_word' id='word_1_366' title='bbox 579 3217 940 3310; x_wconf 70' lang='lat' dir='ltr'><strong>suscepimus,</strong></span> <span class='ocrx_word' id='word_1_367' title='bbox 986 3244 1150 3299; x_wconf 89' lang='lat' dir='ltr'><strong>etiam</strong></span> <span class='ocrx_word' id='word_1_368' title='bbox 1184 3217 1332 3297; x_wconf 87' lang='lat' dir='ltr'><strong>omni</strong></span> <span class='ocrx_word' id='word_1_369' title='bbox 1354 3220 1689 3313; x_wconf 65' lang='lat' dir='ltr'><strong>pestilentiae</strong></span> <span class='ocrx_word' id='word_1_370' title='bbox 1717 3217 1761 3280; x_wconf 62' lang='grc' dir='ltr'>(ἶ</span> <span class='ocrx_word' id='word_1_371' title='bbox 1793 3244 2108 3315; x_wconf 87' lang='lat' dir='ltr'><strong>quietudiue</strong></span> <span class='ocrx_word' id='word_1_372' title='bbox 2143 3217 2207 3298; x_wconf 83' lang='lat' dir='ltr'><strong>in</strong></span> <span class='ocrx_word' id='word_1_373' title='bbox 2259 3242 2650 3300; x_wconf 89' lang='lat' dir='ltr'><strong>sustentatioue</strong></span> <span class='ocrx_word' id='word_1_374' title='bbox 2677 3217 2917 3309; x_wconf 80' lang='lat' dir='ltr'><strong>ejusdem</strong></span> <span class='ocrx_word' id='word_1_375' title='bbox 2948 3237 3287 3301; x_wconf 85' lang='lat' dir='ltr'><strong>monasterii,</strong></span> <span class='ocrx_word' id='word_1_376' title='bbox 3319 3243 3379 3291; x_wconf 89' lang='lat' dir='ltr'><strong>et</strong></span> 
     </span>
    </p>
   </div>
   <div class='ocr_carea' id='block_1_61' title="bbox 93 3332 1687 3407">
    <p class='ocr_par' dir='ltr' id='par_1_61' title="bbox 93 3332 1687 3407">
     <span class='ocr_line' id='line_1_62' title="bbox 93 3332 1687 3407; baseline 0 -20"><span class='ocrx_word' id='word_1_377' title='bbox 93 3335 285 3405; x_wconf 77' lang='lat' dir='ltr'><strong>gregis</strong></span> <span class='ocrx_word' id='word_1_378' title='bbox 310 3334 481 3390; x_wconf 76' lang='lat' dir='ltr'><strong>divini</strong></span> <span class='ocrx_word' id='word_1_379' title='bbox 500 3334 623 3390; x_wconf 88' lang='lat' dir='ltr'><strong>ﬁdei</strong></span> <span class='ocrx_word' id='word_1_380' title='bbox 651 3335 974 3391; x_wconf 88' lang='lat' dir='ltr'><strong>medicinam</strong></span> <span class='ocrx_word' id='word_1_381' title='bbox 1001 3341 1280 3407; x_wconf 82' lang='lat' dir='ltr'><strong>porrigere</strong></span> <span class='ocrx_word' id='word_1_382' title='bbox 1305 3350 1321 3388; x_wconf 88' lang='lat'><strong>:</strong></span> <span class='ocrx_word' id='word_1_383' title='bbox 1345 3332 1556 3403; x_wconf 71' lang='lat' dir='ltr'><strong>quodsi</strong></span> <span class='ocrx_word' id='word_1_384' title='bbox 1580 3347 1687 3388; x_wconf 89' lang='lat' dir='ltr'><strong>non</strong></span> 
     </span>
    </p>
   </div>
   <div class='ocr_carea' id='block_1_62' title="bbox 92 3422 1692 3501">
    <p class='ocr_par' dir='ltr' id='par_1_62' title="bbox 92 3422 1692 3501">
     <span class='ocr_line' id='line_1_63' title="bbox 92 3422 1692 3501; baseline -0.002 -20"><span class='ocrx_word' id='word_1_385' title='bbox 92 3441 394 3494; x_wconf 84' lang='lat' dir='ltr'><strong>possumus</strong></span> <span class='ocrx_word' id='word_1_386' title='bbox 423 3426 634 3482; x_wconf 90' lang='lat' dir='ltr'><strong>modios</strong></span> <span class='ocrx_word' id='word_1_387' title='bbox 657 3426 847 3491; x_wconf 91' lang='lat' dir='ltr'><strong>tritici,</strong></span> <span class='ocrx_word' id='word_1_388' title='bbox 870 3434 927 3480; x_wconf 88' lang='lat' dir='ltr'><strong>at</strong></span> <span class='ocrx_word' id='word_1_389' title='bbox 949 3425 1140 3482; x_wconf 91' lang='lat' dir='ltr'><strong>saltem</strong></span> <span class='ocrx_word' id='word_1_390' title='bbox 1168 3424 1459 3501; x_wconf 86' lang='lat' dir='ltr'><strong>cestarium</strong></span> <span class='ocrx_word' id='word_1_391' title='bbox 1485 3422 1692 3497; x_wconf 78' lang='lat' dir='ltr'><strong>[sexta-</strong></span> 
     </span>
    </p>
   </div>
   <div class='ocr_carea' id='block_1_63' title="bbox 97 3516 1691 3591">
    <p class='ocr_par' dir='ltr' id='par_1_63' title="bbox 97 3516 1691 3591">
     <span class='ocr_line' id='line_1_64' title="bbox 97 3516 1691 3591; baseline -0.001 -19"><span class='ocrx_word' id='word_1_392' title='bbox 97 3516 268 3591; x_wconf 83' lang='lat' dir='ltr'><strong>rium]</strong></span> <span class='ocrx_word' id='word_1_393' title='bbox 313 3517 595 3573; x_wconf 85' lang='lat' dir='ltr'><strong>valeamus</strong></span> <span class='ocrx_word' id='word_1_394' title='bbox 622 3519 969 3589; x_wconf 77' lang='lat' dir='ltr'><strong>impendere.</strong></span> <span class='ocrx_word' id='word_1_395' title='bbox 1009 3518 1353 3589; x_wconf 84' lang='lat' dir='ltr'><strong>Quapropter</strong></span> <span class='ocrx_word' id='word_1_396' title='bbox 1377 3533 1565 3572; x_wconf 86' lang='lat' dir='ltr'><strong>sumus</strong></span> <span class='ocrx_word' id='word_1_397' title='bbox 1595 3516 1691 3572; x_wconf 53' lang='lat' dir='ltr'><strong>doc</strong></span> 
     </span>
    </p>
   </div>
   <div class='ocr_carea' id='block_1_64' title="bbox 97 3607 1690 3687">
    <p class='ocr_par' dir='ltr' id='par_1_64' title="bbox 97 3607 1690 3687">
     <span class='ocr_line' id='line_1_65' title="bbox 97 3607 1690 3687; baseline 0.001 -26"><span class='ocrx_word' id='word_1_398' title='bbox 97 3607 216 3663; x_wconf 89' lang='lat' dir='ltr'><strong>lore</strong></span> <span class='ocrx_word' id='word_1_399' title='bbox 245 3608 405 3674; x_wconf 85' lang='lat' dir='ltr'><strong>tacti,</strong></span> <span class='ocrx_word' id='word_1_400' title='bbox 442 3623 615 3679; x_wconf 89' lang='lat' dir='ltr'><strong>usque</strong></span> <span class='ocrx_word' id='word_1_401' title='bbox 644 3609 713 3664; x_wconf 91' lang='lat' dir='ltr'><strong>ad</strong></span> <span class='ocrx_word' id='word_1_402' title='bbox 739 3617 970 3664; x_wconf 86' lang='lat' dir='ltr'><strong>mortem</strong></span> <span class='ocrx_word' id='word_1_403' title='bbox 1002 3608 1232 3687; x_wconf 75' lang='lat' dir='ltr'><strong>anxiati,</strong></span> <span class='ocrx_word' id='word_1_404' title='bbox 1261 3623 1384 3664; x_wconf 90' lang='lat' dir='ltr'><strong>cum</strong></span> <span class='ocrx_word' id='word_1_405' title='bbox 1405 3607 1690 3678; x_wconf 88' lang='lat' dir='ltr'><strong>cognovis-</strong></span> 
     </span>
    </p>
   </div>
   <div class='ocr_carea' id='block_1_65' title="bbox 95 3697 1691 3772">
    <p class='ocr_par' dir='ltr' id='par_1_65' title="bbox 95 3697 1691 3772">
     <span class='ocr_line' id='line_1_66' title="bbox 95 3697 1691 3772; baseline -0.001 -20"><span class='ocrx_word' id='word_1_406' title='bbox 95 3714 288 3754; x_wconf 86' lang='lat' dir='ltr'><strong>semus</strong></span> <span class='ocrx_word' id='word_1_407' title='bbox 324 3710 423 3771; x_wconf 90' lang='lat' dir='ltr'><strong>per</strong></span> <span class='ocrx_word' id='word_1_408' title='bbox 452 3700 704 3769; x_wconf 85' lang='lat' dir='ltr'><strong>teipsum,</strong></span> <span class='ocrx_word' id='word_1_409' title='bbox 732 3701 874 3772; x_wconf 89' lang='lat' dir='ltr'><strong>quod</strong></span> <span class='ocrx_word' id='word_1_410' title='bbox 906 3698 1059 3770; x_wconf 88' lang='lat' dir='ltr'><strong>plebs</strong></span> <span class='ocrx_word' id='word_1_411' title='bbox 1082 3697 1305 3754; x_wconf 85' lang='lat' dir='ltr'><strong>Judaica</strong></span> <span class='ocrx_word' id='word_1_412' title='bbox 1329 3700 1439 3754; x_wconf 92' lang='lat' dir='ltr'><strong>Deo</strong></span> <span class='ocrx_word' id='word_1_413' title='bbox 1477 3710 1691 3767; x_wconf 86' lang='lat' dir='ltr'><strong>semper</strong></span> 
     </span>
    </p>
   </div>
   <div class='ocr_carea' id='block_1_66' title="bbox 97 3777 1691 3864">
    <p class='ocr_par' dir='ltr' id='par_1_66' title="bbox 97 3777 1691 3864">
     <span class='ocr_line' id='line_1_67' title="bbox 97 3777 1691 3864; baseline -0.002 -18"><span class='ocrx_word' id='word_1_414' title='bbox 97 3790 346 3856; x_wconf 82' lang='lat' dir='ltr'><strong>rebellis,</strong></span> <span class='ocrx_word' id='word_1_415' title='bbox 378 3800 433 3847; x_wconf 91' lang='lat' dir='ltr'><strong>et</strong></span> <span class='ocrx_word' id='word_1_416' title='bbox 477 3792 681 3848; x_wconf 88' lang='lat' dir='ltr'><strong>nostris</strong></span> <span class='ocrx_word' id='word_1_417' title='bbox 726 3792 992 3864; x_wconf 88' lang='lat' dir='ltr'><strong>derogans</strong></span> <span class='ocrx_word' id='word_1_418' title='bbox 1017 3790 1355 3847; x_wconf 74' lang='lat' dir='ltr'><strong>caeremoniis</strong></span> <span class='ocrx_word' id='word_1_419' title='bbox 1392 3788 1532 3846; x_wconf 81' lang='lat' dir='ltr'><strong>infra</strong></span> <span class='ocrx_word' id='word_1_420' title='bbox 1554 3777 1691 3845; x_wconf 84' lang='lat' dir='ltr'><strong>ﬁnes</strong></span> 
     </span>
    </p>
   </div>
   <div class='ocr_carea' id='block_1_67' title="bbox 96 3881 1689 3939">
    <p class='ocr_par' dir='ltr' id='par_1_67' title="bbox 96 3881 1689 3939">
     <span class='ocr_line' id='line_1_68' title="bbox 96 3881 1689 3939; baseline -0.001 -2"><span class='ocrx_word' id='word_1_421' title='bbox 96 3892 153 3937; x_wconf 87' lang='lat' dir='ltr'><strong>et</strong></span> <span class='ocrx_word' id='word_1_422' title='bbox 184 3882 465 3938; x_wconf 85' lang='lat' dir='ltr'><strong>territoria</strong></span> <span class='ocrx_word' id='word_1_423' title='bbox 509 3882 942 3939; x_wconf 79' lang='lat' dir='ltr'><strong>Christianorum</strong></span> <span class='ocrx_word' id='word_1_424' title='bbox 987 3883 1181 3939; x_wconf 87' lang='lat' dir='ltr'><strong>allodia</strong></span> <span class='ocrx_word' id='word_1_425' title='bbox 1210 3882 1583 3938; x_wconf 64' lang='lat' dir='ltr'><strong>haer‘editatu‘m</strong></span> <span class='ocrx_word' id='word_1_426' title='bbox 1635 3881 1689 3936; x_wconf 92' lang='lat' dir='ltr'><strong>in</strong></span> 
     </span>
    </p>
   </div>
   <div class='ocr_carea' id='block_1_68' title="bbox 102 3976 1690 4048">
    <p class='ocr_par' dir='ltr' id='par_1_68' title="bbox 102 3976 1690 4048">
     <span class='ocr_line' id='line_1_69' title="bbox 102 3976 1690 4048; baseline 0.002 -18"><span class='ocrx_word' id='word_1_427' title='bbox 102 3977 250 4033; x_wconf 79' lang='lat' dir='ltr'><strong>villis</strong></span> <span class='ocrx_word' id='word_1_428' title='bbox 298 3984 354 4033; x_wconf 90' lang='lat' dir='ltr'><strong>et</strong></span> <span class='ocrx_word' id='word_1_429' title='bbox 398 3976 746 4044; x_wconf 88' lang='lat' dir='ltr'><strong>suburbanis,</strong></span> <span class='ocrx_word' id='word_1_430' title='bbox 782 3977 938 4048; x_wconf 89' lang='lat' dir='ltr'><strong>quasi</strong></span> <span class='ocrx_word' id='word_1_431' title='bbox 997 3977 1187 4034; x_wconf 66' lang='lat' dir='ltr'><strong>incola:</strong></span> <span class='ocrx_word' id='word_1_432' title='bbox 1234 3976 1690 4046; x_wconf 84' lang='lat' dir='ltr'><strong>Christianorum,</strong></span> 
     </span>
    </p>
   </div>
   <div class='ocr_carea' id='block_1_69' title="bbox 97 4057 1687 4140">
    <p class='ocr_par' dir='ltr' id='par_1_69' title="bbox 97 4057 1687 4140">
     <span class='ocr_line' id='line_1_70' title="bbox 97 4057 1687 4140; baseline 0.001 -19"><span class='ocrx_word' id='word_1_433' title='bbox 97 4066 539 4138; x_wconf 83' lang='lat' dir='ltr'><strong>possideantper</strong></span> <span class='ocrx_word' id='word_1_434' title='bbox 560 4068 805 4139; x_wconf 63' lang='lat' dir='ltr'><strong>quaedam</strong></span> <span class='ocrx_word' id='word_1_435' title='bbox 829 4084 1013 4140; x_wconf 85' lang='lat' dir='ltr'><strong>regum</strong></span> <span class='ocrx_word' id='word_1_436' title='bbox 1033 4057 1362 4123; x_wconf 81' lang='lat' dir='ltr'><strong>Francorum</strong></span> <span class='ocrx_word' id='word_1_437' title='bbox 1387 4076 1687 4138; x_wconf 71' lang='lat' dir='ltr'><strong>pmcepta:</strong></span> 
     </span>
    </p>
   </div>
   <div class='ocr_carea' id='block_1_70' title="bbox 100 4157 1694 4230">
    <p class='ocr_par' dir='ltr' id='par_1_70' title="bbox 100 4157 1694 4230">
     <span class='ocr_line' id='line_1_71' title="bbox 100 4157 1694 4230; baseline 0.003 -20"><span class='ocrx_word' id='word_1_438' title='bbox 100 4159 232 4229; x_wconf 85' lang='lat' dir='ltr'><strong>quia</strong></span> <span class='ocrx_word' id='word_1_439' title='bbox 262 4158 369 4228; x_wconf 83' lang='lat' dir='ltr'><strong>ipsi</strong></span> <span class='ocrx_word' id='word_1_440' title='bbox 388 4158 599 4215; x_wconf 81' lang='lat' dir='ltr'><strong>inimici</strong></span> <span class='ocrx_word' id='word_1_441' title='bbox 620 4158 840 4216; x_wconf 82' lang='lat' dir='ltr'><strong>Domini</strong></span> <span class='ocrx_word' id='word_1_442' title='bbox 866 4174 1085 4230; x_wconf 60' lang='lat' dir='ltr'><strong>quae...</strong></span> <span class='ocrx_word' id='word_1_443' title='bbox 1131 4166 1279 4223; x_wconf 84' lang='lat' dir='ltr'><strong>sunt,</strong></span> <span class='ocrx_word' id='word_1_444' title='bbox 1310 4159 1360 4214; x_wconf 88' lang='lat' dir='ltr'><strong>ei</strong></span> <span class='ocrx_word' id='word_1_445' title='bbox 1391 4157 1694 4228; x_wconf 68' lang='lat' dir='ltr'><strong>periculoso</strong></span> 
     </span>
    </p>
   </div>
   <div class='ocr_carea' id='block_1_71' title="bbox 103 4250 1693 4322">
    <p class='ocr_par' dir='ltr' id='par_1_71' title="bbox 103 4250 1693 4322">
     <span class='ocr_line' id='line_1_72' title="bbox 103 4250 1693 4322; baseline 0.002 -19"><span class='ocrx_word' id='word_1_446' title='bbox 103 4251 337 4305; x_wconf 87' lang='lat' dir='ltr'><strong>mercati</strong></span> <span class='ocrx_word' id='word_1_447' title='bbox 359 4260 484 4306; x_wconf 90' lang='lat' dir='ltr'><strong>sunt</strong></span> <span class='ocrx_word' id='word_1_448' title='bbox 512 4268 527 4306; x_wconf 92' lang='lat'><strong>:</strong></span> <span class='ocrx_word' id='word_1_449' title='bbox 551 4260 607 4307; x_wconf 89' lang='lat' dir='ltr'><strong>et</strong></span> <span class='ocrx_word' id='word_1_450' title='bbox 633 4252 778 4322; x_wconf 88' lang='lat' dir='ltr'><strong>quod</strong></span> <span class='ocrx_word' id='word_1_451' title='bbox 805 4253 992 4308; x_wconf 90' lang='lat' dir='ltr'><strong>vineas</strong></span> <span class='ocrx_word' id='word_1_452' title='bbox 1012 4263 1069 4307; x_wconf 89' lang='lat' dir='ltr'><strong>et</strong></span> <span class='ocrx_word' id='word_1_453' title='bbox 1106 4265 1266 4321; x_wconf 88' lang='lat' dir='ltr'><strong>agros</strong></span> <span class='ocrx_word' id='word_1_454' title='bbox 1294 4250 1505 4307; x_wconf 90' lang='lat' dir='ltr'><strong>illorum</strong></span> <span class='ocrx_word' id='word_1_455' title='bbox 1536 4250 1693 4306; x_wconf 88' lang='lat' dir='ltr'><strong>Chri-</strong></span> 
     </span>
    </p>
   </div>
   <div class='ocr_carea' id='block_1_72' title="bbox 103 4332 1689 4408">
    <p class='ocr_par' dir='ltr' id='par_1_72' title="bbox 103 4332 1689 4408">
     <span class='ocr_line' id='line_1_73' title="bbox 103 4332 1689 4408; baseline 0.002 -14"><span class='ocrx_word' id='word_1_456' title='bbox 103 4341 278 4396; x_wconf 83' lang='lat' dir='ltr'><strong>stiani</strong></span> <span class='ocrx_word' id='word_1_457' title='bbox 308 4342 555 4399; x_wconf 89' lang='lat' dir='ltr'><strong>homines</strong></span> <span class='ocrx_word' id='word_1_458' title='bbox 575 4343 829 4400; x_wconf 79' lang='lat' dir='ltr'><strong>excolant</strong></span> <span class='ocrx_word' id='word_1_459' title='bbox 853 4361 869 4398; x_wconf 90' lang='lat'><strong>:</strong></span> <span class='ocrx_word' id='word_1_460' title='bbox 891 4336 1122 4400; x_wconf 67' lang='lat' dir='ltr'><strong>&#39;etiufra</strong></span> <span class='ocrx_word' id='word_1_461' title='bbox 1154 4343 1406 4400; x_wconf 84' lang='lat' dir='ltr'><strong>civitates</strong></span> <span class='ocrx_word' id='word_1_462' title='bbox 1439 4332 1689 4408; x_wconf 51' lang='lat' dir='ltr'><strong>et&#39;extra,</strong></span> 
     </span>
    </p>
   </div>
   <div class='ocr_carea' id='block_1_73' title="bbox 104 4422 1690 4509">
    <p class='ocr_par' dir='ltr' id='par_1_73' title="bbox 104 4422 1690 4509">
     <span class='ocr_line' id='line_1_74' title="bbox 104 4422 1690 4509; baseline 0.002 -24"><span class='ocrx_word' id='word_1_463' title='bbox 104 4432 342 4488; x_wconf 84' lang='lat' dir='ltr'><strong>masculi</strong></span> <span class='ocrx_word' id='word_1_464' title='bbox 375 4442 430 4489; x_wconf 91' lang='lat' dir='ltr'><strong>et</strong></span> <span class='ocrx_word' id='word_1_465' title='bbox 455 4434 670 4509; x_wconf 77' lang='lat' dir='ltr'><strong>feminae</strong></span> <span class='ocrx_word' id='word_1_466' title='bbox 698 4433 1134 4491; x_wconf 88' lang='lat' dir='ltr'><strong>Christianorum</strong></span> <span class='ocrx_word' id='word_1_467' title='bbox 1161 4450 1285 4493; x_wconf 86' lang='lat' dir='ltr'><strong>cum</strong></span> <span class='ocrx_word' id='word_1_468' title='bbox 1322 4422 1526 4490; x_wconf 86' lang='lat' dir='ltr'><strong>eisdem</strong></span> <span class='ocrx_word' id='word_1_469' title='bbox 1550 4448 1690 4504; x_wconf 74' lang='lat' dir='ltr'><strong>prae-</strong></span> 
     </span>
    </p>
   </div>
   <div class='ocr_carea' id='block_1_74' title="bbox 104 4521 1692 4594">
    <p class='ocr_par' dir='ltr' id='par_1_74' title="bbox 104 4521 1692 4594">
     <span class='ocr_line' id='line_1_75' title="bbox 104 4521 1692 4594; baseline 0.002 -22"><span class='ocrx_word' id='word_1_470' title='bbox 104 4521 508 4579; x_wconf 79' lang='lat' dir='ltr'><strong>varicatoribus</strong></span> <span class='ocrx_word' id='word_1_471' title='bbox 535 4524 862 4590; x_wconf 84' lang='lat' dir='ltr'><strong>habitantes,</strong></span> <span class='ocrx_word' id='word_1_472' title='bbox 911 4525 1003 4580; x_wconf 89' lang='lat' dir='ltr'><strong>diu</strong></span> <span class='ocrx_word' id='word_1_473' title='bbox 1045 4534 1316 4594; x_wconf 89' lang='lat' dir='ltr'><strong>noctuque</strong></span> <span class='ocrx_word' id='word_1_474' title='bbox 1354 4522 1536 4579; x_wconf 89' lang='lat' dir='ltr'><strong>verbis</strong></span> <span class='ocrx_word' id='word_1_475' title='bbox 1578 4521 1692 4576; x_wconf 88' lang='lat' dir='ltr'><strong>bla-</strong></span> 
     </span>
    </p>
   </div>
   <div class='ocr_carea' id='block_1_75' title="bbox 103 4604 1691 4685">
    <p class='ocr_par' dir='ltr' id='par_1_75' title="bbox 103 4604 1691 4685">
     <span class='ocr_line' id='line_1_76' title="bbox 103 4604 1691 4685; baseline -0.001 -17"><span class='ocrx_word' id='word_1_476' title='bbox 103 4614 367 4685; x_wconf 69' lang='lat' dir='ltr'><strong>sphemia:</strong></span> <span class='ocrx_word' id='word_1_477' title='bbox 413 4616 776 4681; x_wconf 87' lang='lat' dir='ltr'><strong>maculantur,</strong></span> <span class='ocrx_word' id='word_1_478' title='bbox 811 4624 867 4672; x_wconf 92' lang='lat' dir='ltr'><strong>et</strong></span> <span class='ocrx_word' id='word_1_479' title='bbox 893 4624 1090 4673; x_wconf 86' lang='lat' dir='ltr'><strong>cuncta</strong></span> <span class='ocrx_word' id='word_1_480' title='bbox 1123 4615 1383 4685; x_wconf 88' lang='lat' dir='ltr'><strong>obsequia</strong></span> <span class='ocrx_word' id='word_1_481' title='bbox 1438 4604 1559 4684; x_wconf 64' lang='lat' dir='ltr'><strong>qua:</strong></span> <span class='ocrx_word' id='word_1_482' title='bbox 1588 4610 1691 4668; x_wconf 86' lang='lat' dir='ltr'><strong>dici</strong></span> 
     </span>
    </p>
   </div>
   <div class='ocr_carea' id='block_1_76' title="bbox 106 4702 1694 4783">
    <p class='ocr_par' dir='ltr' id='par_1_76' title="bbox 106 4702 1694 4783">
     <span class='ocr_line' id='line_1_77' title="bbox 106 4702 1694 4783; baseline 0 -26"><span class='ocrx_word' id='word_1_483' title='bbox 106 4714 204 4758; x_wconf 78' lang='lat' dir='ltr'><strong>aut</strong></span> <span class='ocrx_word' id='word_1_484' title='bbox 228 4706 526 4776; x_wconf 72' lang='lat' dir='ltr'><strong>excogitari</strong></span> <span class='ocrx_word' id='word_1_485' title='bbox 569 4716 816 4783; x_wconf 80' lang='lat' dir='ltr'><strong>possunt,</strong></span> <span class='ocrx_word' id='word_1_486' title='bbox 855 4707 1040 4763; x_wconf 88' lang='lat' dir='ltr'><strong>miseri</strong></span> <span class='ocrx_word' id='word_1_487' title='bbox 1071 4706 1350 4761; x_wconf 71' lang='lat' dir='ltr'><strong>misermvc</strong></span> <span class='ocrx_word' id='word_1_488' title='bbox 1380 4702 1694 4774; x_wconf 69' lang='lat' dir='ltr'><strong>pratnotatis</strong></span> 
     </span>
    </p>
   </div>
   <div class='ocr_carea' id='block_1_77' title="bbox 104 4795 1695 4871">
    <p class='ocr_par' dir='ltr' id='par_1_77' title="bbox 104 4795 1695 4871">
     <span class='ocr_line' id='line_1_78' title="bbox 104 4795 1695 4871; baseline 0.001 -24"><span class='ocrx_word' id='word_1_489' title='bbox 104 4795 339 4851; x_wconf 77' lang='lat' dir='ltr'><strong>canibus</strong></span> <span class='ocrx_word' id='word_1_490' title='bbox 366 4796 734 4861; x_wconf 83' lang='lat' dir='ltr'><strong>indesinenter</strong></span> <span class='ocrx_word' id='word_1_491' title='bbox 755 4798 1046 4855; x_wconf 82' lang='lat' dir='ltr'><strong>exhibeant</strong></span> <span class='ocrx_word' id='word_1_492' title='bbox 1076 4816 1091 4852; x_wconf 89' lang='lat'><strong>:</strong></span> <span class='ocrx_word' id='word_1_493' title='bbox 1120 4796 1421 4871; x_wconf 70' lang='lat' dir='ltr'><strong>prmsertim</strong></span> <span class='ocrx_word' id='word_1_494' title='bbox 1444 4810 1567 4851; x_wconf 86' lang='lat' dir='ltr'><strong>cum</strong></span> <span class='ocrx_word' id='word_1_495' title='bbox 1595 4796 1695 4850; x_wconf 89' lang='lat' dir='ltr'><strong>hu-</strong></span> 
     </span>
    </p>
   </div>
   <div class='ocr_carea' id='block_1_78' title="bbox 98 4882 1737 4962">
    <p class='ocr_par' dir='ltr' id='par_1_78' title="bbox 98 4882 1737 4962">
     <span class='ocr_line' id='line_1_79' title="bbox 98 4882 1737 4962; baseline 0.002 -23"><span class='ocrx_word' id='word_1_496' title='bbox 98 4886 341 4952; x_wconf 86' lang='lat' dir='ltr'><strong>jusmodi</strong></span> <span class='ocrx_word' id='word_1_497' title='bbox 369 4882 613 4958; x_wconf 87' lang='lat' dir='ltr'><strong>patribus</strong></span> <span class='ocrx_word' id='word_1_498' title='bbox 648 4889 994 4946; x_wconf 66' lang='lat' dir='ltr'><strong>Hebraeorum</strong></span> <span class='ocrx_word' id='word_1_499' title='bbox 1023 4890 1287 4962; x_wconf 89' lang='lat' dir='ltr'><strong>promissa</strong></span> <span class='ocrx_word' id='word_1_500' title='bbox 1320 4887 1389 4943; x_wconf 87' lang='lat' dir='ltr'><strong>ab</strong></span> <span class='ocrx_word' id='word_1_501' title='bbox 1421 4885 1696 4957; x_wconf 90' lang='lat' dir='ltr'><strong>electoju-</strong></span> <span class='ocrx_word' id='word_1_502' title='bbox 1736 4948 1737 4951; x_wconf 29' lang='grc' dir='ltr'><strong>η</strong></span> 
     </span>
    </p>
   </div>
   <div class='ocr_carea' id='block_1_79' title="bbox 106 4977 1696 5051">
    <p class='ocr_par' dir='ltr' id='par_1_79' title="bbox 106 4977 1696 5051">
     <span class='ocr_line' id='line_1_80' title="bbox 106 4977 1696 5051; baseline 0.003 -21"><span class='ocrx_word' id='word_1_503' title='bbox 106 4977 365 5032; x_wconf 86' lang='lat' dir='ltr'><strong>rislatore</strong></span> <span class='ocrx_word' id='word_1_504' title='bbox 390 4977 599 5035; x_wconf 90' lang='lat' dir='ltr'><strong>illorum</strong></span> <span class='ocrx_word' id='word_1_505' title='bbox 644 4979 815 5046; x_wconf 82' lang='lat' dir='ltr'><strong>Mose,</strong></span> <span class='ocrx_word' id='word_1_506' title='bbox 847 4993 902 5036; x_wconf 90' lang='lat' dir='ltr'><strong>et</strong></span> <span class='ocrx_word' id='word_1_507' title='bbox 926 4995 1240 5051; x_wconf 86' lang='lat' dir='ltr'><strong>successore</strong></span> <span class='ocrx_word' id='word_1_508' title='bbox 1260 4979 1378 5051; x_wconf 88' lang='lat' dir='ltr'><strong>ejus</strong></span> <span class='ocrx_word' id='word_1_509' title='bbox 1398 4977 1579 5044; x_wconf 88' lang='lat' dir='ltr'><strong>Josue,</strong></span> <span class='ocrx_word' id='word_1_510' title='bbox 1612 4979 1696 5034; x_wconf 88' lang='lat' dir='ltr'><strong>his</strong></span> 
     </span>
    </p>
   </div>
   <div class='ocr_carea' id='block_1_80' title="bbox 105 5067 1725 5143">
    <p class='ocr_par' dir='ltr' id='par_1_80' title="bbox 105 5067 1725 5143">
     <span class='ocr_line' id='line_1_81' title="bbox 105 5067 1725 5143; baseline 0.004 -22"><span class='ocrx_word' id='word_1_511' title='bbox 105 5067 366 5123; x_wconf 86' lang='lat' dir='ltr'><strong>conclusa</strong></span> <span class='ocrx_word' id='word_1_512' title='bbox 390 5079 444 5124; x_wconf 90' lang='lat' dir='ltr'><strong>et</strong></span> <span class='ocrx_word' id='word_1_513' title='bbox 475 5071 760 5128; x_wconf 88' lang='lat' dir='ltr'><strong>terminata</strong></span> <span class='ocrx_word' id='word_1_514' title='bbox 795 5069 1011 5136; x_wconf 88' lang='lat' dir='ltr'><strong>ﬁnibus.</strong></span> <span class='ocrx_word' id='word_1_515' title='bbox 1037 5071 1103 5127; x_wconf 91' lang='lat' dir='ltr'><strong>ab</strong></span> <span class='ocrx_word' id='word_1_516' title='bbox 1121 5073 1238 5143; x_wconf 89' lang='lat' dir='ltr'><strong>ipso</strong></span> <span class='ocrx_word' id='word_1_517' title='bbox 1268 5071 1495 5128; x_wconf 90' lang='lat' dir='ltr'><strong>Domino</strong></span> <span class='ocrx_word' id='word_1_518' title='bbox 1511 5072 1725 5143; x_wconf 85' lang='lat' dir='ltr'><strong>jurata.</strong></span> 
     </span>
    </p>
   </div>
   <div class='ocr_carea' id='block_1_81' title="bbox 107 5161 1697 5236">
    <p class='ocr_par' dir='ltr' id='par_1_81' title="bbox 107 5161 1697 5236">
     <span class='ocr_line' id='line_1_82' title="bbox 107 5161 1697 5236; baseline 0.004 -21"><span class='ocrx_word' id='word_1_519' title='bbox 107 5172 164 5216; x_wconf 89' lang='lat' dir='ltr'><strong>et</strong></span> <span class='ocrx_word' id='word_1_520' title='bbox 184 5161 388 5217; x_wconf 86' lang='lat' dir='ltr'><strong>tradita</strong></span> <span class='ocrx_word' id='word_1_521' title='bbox 418 5164 536 5221; x_wconf 85' lang='lat' dir='ltr'><strong>istis</strong></span> <span class='ocrx_word' id='word_1_522' title='bbox 564 5164 885 5231; x_wconf 88' lang='lat' dir='ltr'><strong>incredulis,</strong></span> <span class='ocrx_word' id='word_1_523' title='bbox 906 5173 960 5220; x_wconf 90' lang='lat' dir='ltr'><strong>et</strong></span> <span class='ocrx_word' id='word_1_524' title='bbox 978 5167 1224 5236; x_wconf 86' lang='lat' dir='ltr'><strong>patribus</strong></span> <span class='ocrx_word' id='word_1_525' title='bbox 1244 5180 1432 5222; x_wconf 91' lang='lat' dir='ltr'><strong>eorum</strong></span> <span class='ocrx_word' id='word_1_526' title='bbox 1463 5167 1697 5224; x_wconf 87' lang='lat' dir='ltr'><strong>scelera-</strong></span> 
     </span>
    </p>
   </div>
   <div class='ocr_carea' id='block_1_82' title="bbox 108 5253 1695 5325">
    <p class='ocr_par' dir='ltr' id='par_1_82' title="bbox 108 5253 1695 5325">
     <span class='ocr_line' id='line_1_83' title="bbox 108 5253 1695 5325; baseline 0.004 -18"><span class='ocrx_word' id='word_1_527' title='bbox 108 5254 201 5319; x_wconf 84' lang='lat' dir='ltr'><strong>tis,</strong></span> <span class='ocrx_word' id='word_1_528' title='bbox 224 5269 329 5325; x_wconf 90' lang='lat' dir='ltr'><strong>pro</strong></span> <span class='ocrx_word' id='word_1_529' title='bbox 353 5254 547 5313; x_wconf 88' lang='lat' dir='ltr'><strong>ultione</strong></span> <span class='ocrx_word' id='word_1_530' title='bbox 587 5255 838 5313; x_wconf 83' lang='lat' dir='ltr'><strong>cruciﬁxi</strong></span> <span class='ocrx_word' id='word_1_531' title='bbox 868 5253 1166 5317; x_wconf 84' lang='lat' dir='ltr'><strong>Salvatoris</strong></span> <span class='ocrx_word' id='word_1_532' title='bbox 1188 5257 1384 5314; x_wconf 86' lang='lat' dir='ltr'><strong>merito</strong></span> <span class='ocrx_word' id='word_1_533' title='bbox 1412 5258 1521 5315; x_wconf 88' lang='lat' dir='ltr'><strong>sint</strong></span> <span class='ocrx_word' id='word_1_534' title='bbox 1549 5258 1695 5315; x_wconf 82' lang='lat' dir='ltr'><strong>abla—</strong></span> 
     </span>
    </p>
   </div>
   <div class='ocr_carea' id='block_1_83' title="bbox 111 5332 1691 5421">
    <p class='ocr_par' dir='ltr' id='par_1_83' title="bbox 111 5332 1691 5421">
     <span class='ocr_line' id='line_1_84' title="bbox 111 5332 1691 5421; baseline 0.006 -23"><span class='ocrx_word' id='word_1_535' title='bbox 111 5353 183 5398; x_wconf 85' lang='lat' dir='ltr'><strong>ta.</strong></span> <span class='ocrx_word' id='word_1_536' title='bbox 215 5342 286 5401; x_wconf 87' lang='lat' dir='ltr'><strong>Et</strong></span> <span class='ocrx_word' id='word_1_537' title='bbox 333 5362 515 5404; x_wconf 81' lang='lat' dir='ltr'><strong>revera</strong></span> <span class='ocrx_word' id='word_1_538' title='bbox 554 5332 863 5421; x_wconf 65' lang='lat' dir='ltr'><strong>prmceptor</strong></span> <span class='ocrx_word' id='word_1_539' title='bbox 906 5346 1160 5407; x_wconf 62' lang='lat' dir='ltr'><strong>Ecclesiae</strong></span> <span class='ocrx_word' id='word_1_540' title='bbox 1190 5349 1450 5421; x_wconf 85' lang='lat' dir='ltr'><strong>gregibus</strong></span> <span class='ocrx_word' id='word_1_541' title='bbox 1498 5353 1691 5407; x_wconf 86' lang='lat' dir='ltr'><strong>ortho-</strong></span> 
     </span>
    </p>
   </div>
   <div class='ocr_carea' id='block_1_84' title="bbox 110 5435 1692 5519">
    <p class='ocr_par' dir='ltr' id='par_1_84' title="bbox 110 5435 1692 5519">
     <span class='ocr_line' id='line_1_85' title="bbox 110 5435 1692 5519; baseline 0.004 -27"><span class='ocrx_word' id='word_1_542' title='bbox 110 5437 268 5493; x_wconf 74' lang='lat' dir='ltr'><strong>doxis</strong></span> <span class='ocrx_word' id='word_1_543' title='bbox 286 5438 547 5510; x_wconf 88' lang='lat' dir='ltr'><strong>signiﬁcat</strong></span> <span class='ocrx_word' id='word_1_544' title='bbox 591 5439 885 5510; x_wconf 87' lang='lat' dir='ltr'><strong>inquiens:</strong></span> <span class='ocrx_word' id='word_1_545' title='bbox 917 5435 1047 5519; x_wconf 61' lang='lat' dir='ltr'><strong>Quae</strong></span> <span class='ocrx_word' id='word_1_546' title='bbox 1087 5442 1310 5498; x_wconf 75' lang='lat' dir='ltr'><strong>societas</strong></span> <span class='ocrx_word' id='word_1_547' title='bbox 1340 5442 1447 5497; x_wconf 79' lang='lat' dir='ltr'><strong>luci</strong></span> <span class='ocrx_word' id='word_1_548' title='bbox 1476 5453 1523 5498; x_wconf 77' lang='lat' dir='ltr'><strong>et</strong></span> <span class='ocrx_word' id='word_1_549' title='bbox 1549 5454 1692 5500; x_wconf 78' lang='lat' dir='ltr'><strong>lene-</strong></span> 
     </span>
    </p>
   </div>
   <div class='ocr_carea' id='block_1_85' title="bbox 242 5529 940 5548">
    <p class='ocr_par' dir='ltr' id='par_1_85' title="bbox 242 5529 940 5548">
     <span class='ocr_line' id='line_1_86' title="bbox 242 5529 940 5548; baseline -0.006 -2"><span class='ocrx_word' id='word_1_550' title='bbox 242 5530 268 5546; x_wconf 63' lang='grc' dir='ltr'><strong><em>ο</em></strong></span> <span class='ocrx_word' id='word_1_551' title='bbox 662 5529 671 5542; x_wconf 83' lang='grc' dir='ltr'><strong><em>ι</em></strong></span> <span class='ocrx_word' id='word_1_552' title='bbox 751 5529 808 5548; x_wconf 65' lang='grc' dir='ltr'><strong>η,</strong></span> <span class='ocrx_word' id='word_1_553' title='bbox 861 5531 871 5542; x_wconf 77' lang='grc' dir='ltr'><strong><em>ο</em></strong></span> <span class='ocrx_word' id='word_1_554' title='bbox 907 5532 940 5548; x_wconf 61' lang='grc' dir='ltr'><strong>,ο</strong></span> 
     </span>
    </p>
   </div>
   <div class='ocr_carea' id='block_1_86' title="bbox 906 5533 1698 5592">
    <p class='ocr_par' dir='ltr' id='par_1_86' title="bbox 906 5533 1698 5592">
     <span class='ocr_line' id='line_1_87' title="bbox 906 5533 1698 5592; baseline 0.048 -39"><span class='ocrx_word' id='word_1_555' title='bbox 906 5533 940 5554; x_wconf 87' lang='lat'><strong>.:</strong></span> <span class='ocrx_word' id='word_1_556' title='bbox 996 5533 1053 5554; x_wconf 49' lang='grc' dir='ltr'><em>,Δ</em></span> <span class='ocrx_word' id='word_1_557' title='bbox 1086 5533 1251 5568; x_wconf 44' lang='lat' dir='ltr'><strong>[una]</strong></span> <span class='ocrx_word' id='word_1_558' title='bbox 1274 5534 1296 5564; x_wconf 80' lang='lat'><strong>9</strong></span> <span class='ocrx_word' id='word_1_559' title='bbox 1321 5547 1409 5577; x_wconf 65' lang='lat' dir='ltr'><strong>aut</strong></span> <span class='ocrx_word' id='word_1_560' title='bbox 1432 5537 1550 5592; x_wconf 65' lang='lat' dir='ltr'><strong>nuis</strong></span> <span class='ocrx_word' id='word_1_561' title='bbox 1579 5552 1698 5592; x_wconf 82' lang='lat' dir='ltr'><strong>con—</strong></span> 
     </span>
    </p>
   </div>
   <div class='ocr_carea' id='block_1_87' title="bbox 1789 3326 3378 3400">
    <p class='ocr_par' dir='ltr' id='par_1_87' title="bbox 1789 3326 3378 3400">
     <span class='ocr_line' id='line_1_88' title="bbox 1789 3326 3378 3400; baseline -0.005 -11"><span class='ocrx_word' id='word_1_562' title='bbox 1789 3335 1978 3391; x_wconf 85' lang='lat' dir='ltr'><strong>usibus</strong></span> <span class='ocrx_word' id='word_1_563' title='bbox 2022 3334 2277 3391; x_wconf 83' lang='lat' dir='ltr'><strong>abbatum</strong></span> <span class='ocrx_word' id='word_1_564' title='bbox 2323 3343 2378 3389; x_wconf 89' lang='lat' dir='ltr'><strong>et</strong></span> <span class='ocrx_word' id='word_1_565' title='bbox 2424 3331 2808 3389; x_wconf 87' lang='lat' dir='ltr'><strong>monachorum</strong></span> <span class='ocrx_word' id='word_1_566' title='bbox 2851 3331 2952 3385; x_wconf 88' lang='lat' dir='ltr'><strong>sub</strong></span> <span class='ocrx_word' id='word_1_567' title='bbox 2985 3328 3172 3400; x_wconf 85' lang='lat' dir='ltr'><strong>regula</strong></span> <span class='ocrx_word' id='word_1_568' title='bbox 3200 3326 3378 3383; x_wconf 89' lang='lat' dir='ltr'><strong>sancti</strong></span> 
     </span>
    </p>
   </div>
   <div class='ocr_carea' id='block_1_88' title="bbox 1789 3415 3379 3483">
    <p class='ocr_par' dir='ltr' id='par_1_88' title="bbox 1789 3415 3379 3483">
     <span class='ocr_line' id='line_1_89' title="bbox 1789 3415 3379 3483; baseline -0.008 0"><span class='ocrx_word' id='word_1_569' title='bbox 1789 3427 1968 3483; x_wconf 85' lang='lat' dir='ltr'><strong>Patris</strong></span> <span class='ocrx_word' id='word_1_570' title='bbox 2001 3415 2275 3483; x_wconf 82' lang='lat' dir='ltr'><strong>Benedicti</strong></span> <span class='ocrx_word' id='word_1_571' title='bbox 2328 3425 2401 3481; x_wconf 91' lang='lat' dir='ltr'><strong>ibi</strong></span> <span class='ocrx_word' id='word_1_572' title='bbox 2438 3425 2550 3480; x_wconf 89' lang='lat' dir='ltr'><strong>Deo</strong></span> <span class='ocrx_word' id='word_1_573' title='bbox 2576 3422 2920 3479; x_wconf 87' lang='lat' dir='ltr'><strong>militantium</strong></span> <span class='ocrx_word' id='word_1_574' title='bbox 2966 3421 3211 3476; x_wconf 89' lang='lat' dir='ltr'><strong>volumus</strong></span> <span class='ocrx_word' id='word_1_575' title='bbox 3235 3433 3298 3473; x_wconf 89' lang='lat' dir='ltr'><strong>ea</strong></span> <span class='ocrx_word' id='word_1_576' title='bbox 3321 3423 3379 3472; x_wconf 90' lang='lat' dir='ltr'><strong>et</strong></span> 
     </span>
    </p>
   </div>
   <div class='ocr_carea' id='block_1_89' title="bbox 1789 3510 3380 3589">
    <p class='ocr_par' dir='ltr' id='par_1_89' title="bbox 1789 3510 3380 3589">
     <span class='ocr_line' id='line_1_90' title="bbox 1789 3510 3380 3589; baseline -0.006 -17"><span class='ocrx_word' id='word_1_577' title='bbox 1789 3518 2135 3589; x_wconf 73' lang='lat' dir='ltr'><strong>praecipimus</strong></span> <span class='ocrx_word' id='word_1_578' title='bbox 2178 3514 2483 3588; x_wconf 88' lang='lat' dir='ltr'><strong>possideri:</strong></span> <span class='ocrx_word' id='word_1_579' title='bbox 2519 3529 2585 3570; x_wconf 89' lang='lat' dir='ltr'><strong>ea</strong></span> <span class='ocrx_word' id='word_1_580' title='bbox 2630 3512 2884 3568; x_wconf 88' lang='lat' dir='ltr'><strong>videlicet</strong></span> <span class='ocrx_word' id='word_1_581' title='bbox 2931 3510 3257 3572; x_wconf 87' lang='lat' dir='ltr'><strong>conditione,</strong></span> <span class='ocrx_word' id='word_1_582' title='bbox 3318 3516 3380 3563; x_wconf 91' lang='lat' dir='ltr'><strong>ut</strong></span> 
     </span>
    </p>
   </div>
   <div class='ocr_carea' id='block_1_90' title="bbox 1790 3600 3379 3681">
    <p class='ocr_par' dir='ltr' id='par_1_90' title="bbox 1790 3600 3379 3681">
     <span class='ocr_line' id='line_1_91' title="bbox 1790 3600 3379 3681; baseline -0.006 -17"><span class='ocrx_word' id='word_1_583' title='bbox 1790 3609 1969 3665; x_wconf 91' lang='lat' dir='ltr'><strong>nullus</strong></span> <span class='ocrx_word' id='word_1_584' title='bbox 2017 3623 2397 3681; x_wconf 88' lang='lat' dir='ltr'><strong>successorum</strong></span> <span class='ocrx_word' id='word_1_585' title='bbox 2455 3614 2761 3661; x_wconf 89' lang='lat' dir='ltr'><strong>nostrorum</strong></span> <span class='ocrx_word' id='word_1_586' title='bbox 2809 3602 3123 3673; x_wconf 90' lang='lat' dir='ltr'><strong>pontiﬁcum</strong></span> <span class='ocrx_word' id='word_1_587' title='bbox 3172 3602 3226 3655; x_wconf 92' lang='lat' dir='ltr'><strong>in</strong></span> <span class='ocrx_word' id='word_1_588' title='bbox 3276 3600 3379 3654; x_wconf 88' lang='lat' dir='ltr'><strong>bac</strong></span> 
     </span>
    </p>
   </div>
   <div class='ocr_carea' id='block_1_91' title="bbox 1750 3691 3378 3779">
    <p class='ocr_par' dir='ltr' id='par_1_91' title="bbox 1750 3691 3378 3779">
     <span class='ocr_line' id='line_1_92' title="bbox 1750 3691 3378 3779; baseline -0.007 -21"><span class='ocrx_word' id='word_1_589' title='bbox 1750 3776 1751 3779; x_wconf 16' lang='grc' dir='ltr'><strong>η</strong></span> <span class='ocrx_word' id='word_1_590' title='bbox 1790 3711 1974 3758; x_wconf 89' lang='lat' dir='ltr'><strong>sancta</strong></span> <span class='ocrx_word' id='word_1_591' title='bbox 2002 3702 2147 3768; x_wconf 70' lang='lat' dir='ltr'><strong>sede,</strong></span> <span class='ocrx_word' id='word_1_592' title='bbox 2178 3702 2263 3757; x_wconf 90' lang='lat' dir='ltr'><strong>cui</strong></span> <span class='ocrx_word' id='word_1_593' title='bbox 2294 3709 2520 3756; x_wconf 88' lang='lat' dir='ltr'><strong>auctore</strong></span> <span class='ocrx_word' id='word_1_594' title='bbox 2561 3699 2672 3754; x_wconf 87' lang='lat' dir='ltr'><strong>Deo</strong></span> <span class='ocrx_word' id='word_1_595' title='bbox 2702 3698 2990 3763; x_wconf 89' lang='lat' dir='ltr'><strong>servimus,</strong></span> <span class='ocrx_word' id='word_1_596' title='bbox 3025 3709 3260 3765; x_wconf 87' lang='lat' dir='ltr'><strong>unquam</strong></span> <span class='ocrx_word' id='word_1_597' title='bbox 3290 3691 3378 3748; x_wconf 86' lang='lat' dir='ltr'><strong>vel</strong></span> 
     </span>
    </p>
   </div>
   <div class='ocr_carea' id='block_1_92' title="bbox 1790 3787 3380 3871">
    <p class='ocr_par' dir='ltr' id='par_1_92' title="bbox 1790 3787 3380 3871">
     <span class='ocr_line' id='line_1_93' title="bbox 1790 3787 3380 3871; baseline -0.008 -17"><span class='ocrx_word' id='word_1_598' title='bbox 1790 3813 2017 3867; x_wconf 86' lang='lat' dir='ltr'><strong>usquam</strong></span> <span class='ocrx_word' id='word_1_599' title='bbox 2045 3798 2301 3868; x_wconf 89' lang='lat' dir='ltr'><strong>quiddam</strong></span> <span class='ocrx_word' id='word_1_600' title='bbox 2326 3810 2393 3851; x_wconf 81' lang='lat' dir='ltr'><strong>ex</strong></span> <span class='ocrx_word' id='word_1_601' title='bbox 2427 3795 2632 3851; x_wconf 89' lang='lat' dir='ltr'><strong>eisdem</strong></span> <span class='ocrx_word' id='word_1_602' title='bbox 2665 3792 2829 3869; x_wconf 87' lang='lat' dir='ltr'><strong>rebus</strong></span> <span class='ocrx_word' id='word_1_603' title='bbox 2869 3792 3124 3862; x_wconf 88' lang='lat' dir='ltr'><strong>cuiquam</strong></span> <span class='ocrx_word' id='word_1_604' title='bbox 3175 3787 3380 3871; x_wconf 76' lang='lat' dir='ltr'><strong>beneﬁ-</strong></span> 
     </span>
    </p>
   </div>
   <div class='ocr_carea' id='block_1_93' title="bbox 1791 3876 3379 3955">
    <p class='ocr_par' dir='ltr' id='par_1_93' title="bbox 1791 3876 3379 3955">
     <span class='ocr_line' id='line_1_94' title="bbox 1791 3876 3379 3955; baseline -0.008 -9"><span class='ocrx_word' id='word_1_605' title='bbox 1791 3892 1958 3955; x_wconf 90' lang='lat' dir='ltr'><strong>ciare,</strong></span> <span class='ocrx_word' id='word_1_606' title='bbox 1983 3882 2339 3954; x_wconf 83' lang='lat' dir='ltr'><strong>commutare,</strong></span> <span class='ocrx_word' id='word_1_607' title='bbox 2369 3884 2465 3942; x_wconf 82' lang='lat' dir='ltr'><strong>aut</strong></span> <span class='ocrx_word' id='word_1_608' title='bbox 2489 3885 2590 3943; x_wconf 90' lang='lat' dir='ltr'><strong>sub</strong></span> <span class='ocrx_word' id='word_1_609' title='bbox 2618 3899 2781 3941; x_wconf 90' lang='lat' dir='ltr'><strong>censu</strong></span> <span class='ocrx_word' id='word_1_610' title='bbox 2811 3876 3052 3954; x_wconf 88' lang='lat' dir='ltr'><strong>quolibet</strong></span> <span class='ocrx_word' id='word_1_611' title='bbox 3080 3879 3379 3936; x_wconf 88' lang='lat' dir='ltr'><strong>concedere</strong></span> 
     </span>
    </p>
   </div>
   <div class='ocr_carea' id='block_1_94' title="bbox 1788 3975 3379 4053">
    <p class='ocr_par' dir='ltr' id='par_1_94' title="bbox 1788 3975 3379 4053">
     <span class='ocr_line' id='line_1_95' title="bbox 1788 3975 3379 4053; baseline -0.009 -16"><span class='ocrx_word' id='word_1_612' title='bbox 1788 3996 1887 4053; x_wconf 89' lang='lat' dir='ltr'><strong>per</strong></span> <span class='ocrx_word' id='word_1_613' title='bbox 1914 3981 2091 4036; x_wconf 80' lang='lat' dir='ltr'><strong>futura</strong></span> <span class='ocrx_word' id='word_1_614' title='bbox 2142 3989 2384 4051; x_wconf 90' lang='lat' dir='ltr'><strong>tempora</strong></span> <span class='ocrx_word' id='word_1_615' title='bbox 2441 3979 2703 4049; x_wconf 84' lang='lat' dir='ltr'><strong>patiatur,</strong></span> <span class='ocrx_word' id='word_1_616' title='bbox 2753 3975 2846 4052; x_wconf 82' lang='lat' dir='ltr'><strong>sed</strong></span> <span class='ocrx_word' id='word_1_617' title='bbox 2883 3988 3105 4030; x_wconf 91' lang='lat' dir='ltr'><strong>censum</strong></span> <span class='ocrx_word' id='word_1_618' title='bbox 3139 3978 3379 4053; x_wconf 83' lang='lat' dir='ltr'><strong>tantum-</strong></span> 
     </span>
    </p>
   </div>
   <div class='ocr_carea' id='block_1_95' title="bbox 1792 4056 3379 4132">
    <p class='ocr_par' dir='ltr' id='par_1_95' title="bbox 1792 4056 3379 4132">
     <span class='ocr_line' id='line_1_96' title="bbox 1792 4056 3379 4132; baseline -0.009 -3"><span class='ocrx_word' id='word_1_619' title='bbox 1792 4056 1951 4129; x_wconf 88' lang='lat' dir='ltr'><strong>modo</strong></span> <span class='ocrx_word' id='word_1_620' title='bbox 1978 4073 2030 4127; x_wconf 91' lang='lat' dir='ltr'><strong>in</strong></span> <span class='ocrx_word' id='word_1_621' title='bbox 2057 4079 2382 4127; x_wconf 79' lang='lat' dir='ltr'><strong>testamento</strong></span> <span class='ocrx_word' id='word_1_622' title='bbox 2408 4068 2717 4125; x_wconf 88' lang='lat' dir='ltr'><strong>traditionis</strong></span> <span class='ocrx_word' id='word_1_623' title='bbox 2744 4084 2771 4122; x_wconf 89' lang='lat' dir='ltr'><strong>a</strong></span> <span class='ocrx_word' id='word_1_624' title='bbox 2800 4064 3171 4122; x_wconf 82' lang='lat' dir='ltr'><strong>fundatoribus</strong></span> <span class='ocrx_word' id='word_1_625' title='bbox 3196 4062 3285 4132; x_wconf 91' lang='lat' dir='ltr'><strong>qui</strong></span> <span class='ocrx_word' id='word_1_626' title='bbox 3309 4075 3379 4115; x_wconf 73' lang='lat' dir='ltr'><strong>ex</strong></span> 
     </span>
    </p>
   </div>
   <div class='ocr_carea' id='block_1_96' title="bbox 1788 4153 3379 4220">
    <p class='ocr_par' dir='ltr' id='par_1_96' title="bbox 1788 4153 3379 4220">
     <span class='ocr_line' id='line_1_97' title="bbox 1788 4153 3379 4220; baseline -0.009 1"><span class='ocrx_word' id='word_1_627' title='bbox 1788 4164 1981 4220; x_wconf 87' lang='lat' dir='ltr'><strong>eodem</strong></span> <span class='ocrx_word' id='word_1_628' title='bbox 2025 4162 2357 4218; x_wconf 85' lang='lat' dir='ltr'><strong>monasterio</strong></span> <span class='ocrx_word' id='word_1_629' title='bbox 2394 4162 2537 4217; x_wconf 85' lang='lat' dir='ltr'><strong>hanc</strong></span> <span class='ocrx_word' id='word_1_630' title='bbox 2576 4168 2826 4215; x_wconf 80' lang='lat' dir='ltr'><strong>sanetum</strong></span> <span class='ocrx_word' id='word_1_631' title='bbox 2866 4156 3137 4213; x_wconf 75' lang='lat' dir='ltr'><strong>bteredem</strong></span> <span class='ocrx_word' id='word_1_632' title='bbox 3168 4153 3379 4208; x_wconf 74' lang='lat' dir='ltr'><strong>Roma-</strong></span> 
     </span>
    </p>
   </div>
   <div class='ocr_carea' id='block_1_97' title="bbox 1790 4243 3379 4316">
    <p class='ocr_par' dir='ltr' id='par_1_97' title="bbox 1790 4243 3379 4316">
     <span class='ocr_line' id='line_1_98' title="bbox 1790 4243 3379 4316; baseline -0.007 -7"><span class='ocrx_word' id='word_1_633' title='bbox 1790 4266 1918 4309; x_wconf 90' lang='lat' dir='ltr'><strong>nam</strong></span> <span class='ocrx_word' id='word_1_634' title='bbox 1966 4243 2210 4308; x_wconf 75' lang='lat' dir='ltr'><strong>fecerunt</strong></span> <span class='ocrx_word' id='word_1_635' title='bbox 2257 4250 2576 4316; x_wconf 87' lang='lat' dir='ltr'><strong>Ecclesiam,</strong></span> <span class='ocrx_word' id='word_1_636' title='bbox 2626 4249 2791 4303; x_wconf 90' lang='lat' dir='ltr'><strong>etiam</strong></span> <span class='ocrx_word' id='word_1_637' title='bbox 2833 4246 3160 4316; x_wconf 85' lang='lat' dir='ltr'><strong>delegatum,</strong></span> <span class='ocrx_word' id='word_1_638' title='bbox 3212 4256 3379 4298; x_wconf 88' lang='lat' dir='ltr'><strong>unam</strong></span> 
     </span>
    </p>
   </div>
   <div class='ocr_carea' id='block_1_98' title="bbox 1790 4331 3381 4414">
    <p class='ocr_par' dir='ltr' id='par_1_98' title="bbox 1790 4331 3381 4414">
     <span class='ocr_line' id='line_1_99' title="bbox 1790 4331 3381 4414; baseline -0.009 -13"><span class='ocrx_word' id='word_1_639' title='bbox 1790 4346 2046 4402; x_wconf 90' lang='lat' dir='ltr'><strong>videlicet</strong></span> <span class='ocrx_word' id='word_1_640' title='bbox 2089 4331 2283 4399; x_wconf 71' lang='lat' dir='ltr'><strong>libram</strong></span> <span class='ocrx_word' id='word_1_641' title='bbox 2333 4340 2543 4414; x_wconf 87' lang='lat' dir='ltr'><strong>argenti</strong></span> <span class='ocrx_word' id='word_1_642' title='bbox 2574 4340 2732 4395; x_wconf 81' lang='lat' dir='ltr'><strong>anuis</strong></span> <span class='ocrx_word' id='word_1_643' title='bbox 2774 4338 2999 4409; x_wconf 90' lang='lat' dir='ltr'><strong>singulis</strong></span> <span class='ocrx_word' id='word_1_644' title='bbox 3036 4348 3381 4393; x_wconf 88' lang='lat' dir='ltr'><strong>successores</strong></span> 
     </span>
    </p>
   </div>
   <div class='ocr_carea' id='block_1_99' title="bbox 1794 4424 3378 4504">
    <p class='ocr_par' dir='ltr' id='par_1_99' title="bbox 1794 4424 3378 4504">
     <span class='ocr_line' id='line_1_100' title="bbox 1794 4424 3378 4504; baseline -0.009 -12"><span class='ocrx_word' id='word_1_645' title='bbox 1794 4436 1967 4492; x_wconf 87' lang='lat' dir='ltr'><strong>nostri</strong></span> <span class='ocrx_word' id='word_1_646' title='bbox 1989 4433 2341 4504; x_wconf 88' lang='lat' dir='ltr'><strong>accipientes,</strong></span> <span class='ocrx_word' id='word_1_647' title='bbox 2372 4448 2469 4503; x_wconf 90' lang='lat' dir='ltr'><strong>per</strong></span> <span class='ocrx_word' id='word_1_648' title='bbox 2494 4428 2839 4502; x_wconf 88' lang='lat' dir='ltr'><strong>paternitatis</strong></span> <span class='ocrx_word' id='word_1_649' title='bbox 2860 4426 3175 4498; x_wconf 85' lang='lat' dir='ltr'><strong>suﬁ‘ragium</strong></span> <span class='ocrx_word' id='word_1_650' title='bbox 3201 4424 3378 4479; x_wconf 89' lang='lat' dir='ltr'><strong>eidem</strong></span> 
     </span>
    </p>
   </div>
   <div class='ocr_carea' id='block_1_100' title="bbox 1799 4517 3379 4591">
    <p class='ocr_par' dir='ltr' id='par_1_100' title="bbox 1799 4517 3379 4591">
     <span class='ocr_line' id='line_1_101' title="bbox 1799 4517 3379 4591; baseline -0.009 -8"><span class='ocrx_word' id='word_1_651' title='bbox 1799 4527 2128 4583; x_wconf 88' lang='lat' dir='ltr'><strong>monasterio</strong></span> <span class='ocrx_word' id='word_1_652' title='bbox 2173 4524 2535 4580; x_wconf 88' lang='lat' dir='ltr'><strong>sollicitudine</strong></span> <span class='ocrx_word' id='word_1_653' title='bbox 2582 4518 2838 4591; x_wconf 87' lang='lat' dir='ltr'><strong>pastorali</strong></span> <span class='ocrx_word' id='word_1_654' title='bbox 2877 4517 3166 4590; x_wconf 90' lang='lat' dir='ltr'><strong>vigilanter</strong></span> <span class='ocrx_word' id='word_1_655' title='bbox 3189 4524 3379 4571; x_wconf 87' lang='lat' dir='ltr'><strong>contra</strong></span> 
     </span>
    </p>
   </div>
   <div class='ocr_carea' id='block_1_101' title="bbox 1797 4604 3381 4684">
    <p class='ocr_par' dir='ltr' id='par_1_101' title="bbox 1797 4604 3381 4684">
     <span class='ocr_line' id='line_1_102' title="bbox 1797 4604 3381 4684; baseline -0.01 -11"><span class='ocrx_word' id='word_1_656' title='bbox 1797 4633 1988 4673; x_wconf 90' lang='lat' dir='ltr'><strong>omnes</strong></span> <span class='ocrx_word' id='word_1_657' title='bbox 2029 4616 2351 4673; x_wconf 79' lang='lat' dir='ltr'><strong>infestantes</strong></span> <span class='ocrx_word' id='word_1_658' title='bbox 2379 4613 2688 4684; x_wconf 84' lang='lat' dir='ltr'><strong>impendere</strong></span> <span class='ocrx_word' id='word_1_659' title='bbox 2714 4609 2988 4665; x_wconf 89' lang='lat' dir='ltr'><strong>studeant.</strong></span> <span class='ocrx_word' id='word_1_660' title='bbox 3030 4608 3161 4662; x_wconf 89' lang='lat' dir='ltr'><strong>Item</strong></span> <span class='ocrx_word' id='word_1_661' title='bbox 3186 4604 3381 4661; x_wconf 84' lang='lat' dir='ltr'><strong>consti—</strong></span> 
     </span>
    </p>
   </div>
   <div class='ocr_carea' id='block_1_102' title="bbox 1798 4695 3379 4772">
    <p class='ocr_par' dir='ltr' id='par_1_102' title="bbox 1798 4695 3379 4772">
     <span class='ocr_line' id='line_1_103' title="bbox 1798 4695 3379 4772; baseline -0.008 -12"><span class='ocrx_word' id='word_1_662' title='bbox 1798 4706 2021 4772; x_wconf 90' lang='lat' dir='ltr'><strong>tuimus,</strong></span> <span class='ocrx_word' id='word_1_663' title='bbox 2052 4716 2111 4760; x_wconf 92' lang='lat' dir='ltr'><strong>ut</strong></span> <span class='ocrx_word' id='word_1_664' title='bbox 2136 4707 2371 4761; x_wconf 88' lang='lat' dir='ltr'><strong>obeunte</strong></span> <span class='ocrx_word' id='word_1_665' title='bbox 2402 4703 2594 4757; x_wconf 85' lang='lat' dir='ltr'><strong>abbate</strong></span> <span class='ocrx_word' id='word_1_666' title='bbox 2622 4699 2861 4771; x_wconf 76' lang='lat' dir='ltr'><strong>praedicti</strong></span> <span class='ocrx_word' id='word_1_667' title='bbox 2892 4695 3229 4759; x_wconf 87' lang='lat' dir='ltr'><strong>monasterii,</strong></span> <span class='ocrx_word' id='word_1_668' title='bbox 3269 4707 3379 4749; x_wconf 80' lang='lat' dir='ltr'><strong>non</strong></span> 
     </span>
    </p>
   </div>
   <div class='ocr_carea' id='block_1_103' title="bbox 1796 4785 3379 4868">
    <p class='ocr_par' dir='ltr' id='par_1_103' title="bbox 1796 4785 3379 4868">
     <span class='ocr_line' id='line_1_104' title="bbox 1796 4785 3379 4868; baseline -0.011 -16"><span class='ocrx_word' id='word_1_669' title='bbox 1796 4797 1935 4852; x_wconf 88' lang='lat' dir='ltr'><strong>alius</strong></span> <span class='ocrx_word' id='word_1_670' title='bbox 1977 4798 2050 4854; x_wconf 88' lang='lat' dir='ltr'><strong>ibi</strong></span> <span class='ocrx_word' id='word_1_671' title='bbox 2091 4808 2413 4868; x_wconf 85' lang='lat' dir='ltr'><strong>quacunque</strong></span> <span class='ocrx_word' id='word_1_672' title='bbox 2463 4790 2796 4862; x_wconf 85' lang='lat' dir='ltr'><strong>obreptionis</strong></span> <span class='ocrx_word' id='word_1_673' title='bbox 2836 4790 3038 4845; x_wconf 84' lang='lat' dir='ltr'><strong>astutia</strong></span> <span class='ocrx_word' id='word_1_674' title='bbox 3080 4785 3379 4848; x_wconf 89' lang='lat' dir='ltr'><strong>ordinetur,</strong></span> 
     </span>
    </p>
   </div>
   <div class='ocr_carea' id='block_1_104' title="bbox 1798 4875 3385 4960">
    <p class='ocr_par' dir='ltr' id='par_1_104' title="bbox 1798 4875 3385 4960">
     <span class='ocr_line' id='line_1_105' title="bbox 1798 4875 3385 4960; baseline -0.012 -16"><span class='ocrx_word' id='word_1_675' title='bbox 1798 4888 1900 4944; x_wconf 89' lang='lat' dir='ltr'><strong>nisi</strong></span> <span class='ocrx_word' id='word_1_676' title='bbox 1928 4905 2091 4960; x_wconf 89' lang='lat' dir='ltr'><strong>quem</strong></span> <span class='ocrx_word' id='word_1_677' title='bbox 2123 4903 2426 4944; x_wconf 88' lang='lat' dir='ltr'><strong>consensus</strong></span> <span class='ocrx_word' id='word_1_678' title='bbox 2472 4884 2861 4940; x_wconf 89' lang='lat' dir='ltr'><strong>monachorum</strong></span> <span class='ocrx_word' id='word_1_679' title='bbox 2896 4879 3188 4938; x_wconf 90' lang='lat' dir='ltr'><strong>secundum</strong></span> <span class='ocrx_word' id='word_1_680' title='bbox 3225 4875 3385 4928; x_wconf 89' lang='lat' dir='ltr'><strong>timo-</strong></span> 
     </span>
    </p>
   </div>
   <div class='ocr_carea' id='block_1_105' title="bbox 1803 4962 3386 5049">
    <p class='ocr_par' dir='ltr' id='par_1_105' title="bbox 1803 4962 3386 5049">
     <span class='ocr_line' id='line_1_106' title="bbox 1803 4962 3386 5049; baseline -0.012 -13"><span class='ocrx_word' id='word_1_681' title='bbox 1803 4996 1913 5036; x_wconf 88' lang='lat' dir='ltr'><strong>rem</strong></span> <span class='ocrx_word' id='word_1_682' title='bbox 1968 4983 2081 5049; x_wconf 90' lang='lat' dir='ltr'><strong>Dei,</strong></span> <span class='ocrx_word' id='word_1_683' title='bbox 2106 4990 2165 5036; x_wconf 89' lang='lat' dir='ltr'><strong>et</strong></span> <span class='ocrx_word' id='word_1_684' title='bbox 2195 4980 2586 5036; x_wconf 86' lang='lat' dir='ltr'><strong>institutionem</strong></span> <span class='ocrx_word' id='word_1_685' title='bbox 2631 4972 2851 5045; x_wconf 76' lang='lat' dir='ltr'><strong>Regulae</strong></span> <span class='ocrx_word' id='word_1_686' title='bbox 2891 4970 3065 5031; x_wconf 88' lang='lat' dir='ltr'><strong>sancti</strong></span> <span class='ocrx_word' id='word_1_687' title='bbox 3108 4962 3386 5025; x_wconf 83' lang='lat' dir='ltr'><strong>Benedicti</strong></span> 
     </span>
    </p>
   </div>
   <div class='ocr_carea' id='block_1_106' title="bbox 1799 5054 3388 5147">
    <p class='ocr_par' dir='ltr' id='par_1_106' title="bbox 1799 5054 3388 5147">
     <span class='ocr_line' id='line_1_107' title="bbox 1799 5054 3388 5147; baseline -0.011 -19"><span class='ocrx_word' id='word_1_688' title='bbox 1799 5071 2046 5143; x_wconf 80' lang='lat' dir='ltr'><strong>elegerit,</strong></span> <span class='ocrx_word' id='word_1_689' title='bbox 2064 5082 2127 5147; x_wconf 85' lang='lat' dir='ltr'><strong>et</strong></span> <span class='ocrx_word' id='word_1_690' title='bbox 2160 5069 2321 5142; x_wconf 86' lang='lat' dir='ltr'><strong>hujus</strong></span> <span class='ocrx_word' id='word_1_691' title='bbox 2347 5069 2657 5141; x_wconf 81' lang='lat' dir='ltr'><strong>apostolicae</strong></span> <span class='ocrx_word' id='word_1_692' title='bbox 2684 5063 2832 5121; x_wconf 83' lang='lat' dir='ltr'><strong>sedis</strong></span> <span class='ocrx_word' id='word_1_693' title='bbox 2862 5063 3105 5134; x_wconf 74' lang='lat' dir='ltr'><strong>pontifex</strong></span> <span class='ocrx_word' id='word_1_694' title='bbox 3130 5054 3388 5131; x_wconf 80' lang='lat' dir='ltr'><strong>praevide-</strong></span> 
     </span>
    </p>
   </div>
   <div class='ocr_carea' id='block_1_107' title="bbox 1802 5156 3393 5233">
    <p class='ocr_par' dir='ltr' id='par_1_107' title="bbox 1802 5156 3393 5233">
     <span class='ocr_line' id='line_1_108' title="bbox 1802 5156 3393 5233; baseline -0.016 -9"><span class='ocrx_word' id='word_1_695' title='bbox 1802 5165 1873 5220; x_wconf 83' lang='lat' dir='ltr'><strong>rit</strong></span> <span class='ocrx_word' id='word_1_696' title='bbox 1915 5167 2305 5231; x_wconf 85' lang='lat' dir='ltr'><strong>ordinandum,</strong></span> <span class='ocrx_word' id='word_1_697' title='bbox 2344 5171 2436 5218; x_wconf 87' lang='lat' dir='ltr'><strong>aut</strong></span> <span class='ocrx_word' id='word_1_698' title='bbox 2477 5156 2822 5233; x_wconf 83' lang='lat' dir='ltr'><strong>suggestione</strong></span> <span class='ocrx_word' id='word_1_699' title='bbox 2852 5157 3244 5218; x_wconf 82' lang='lat' dir='ltr'><strong>monachorum</strong></span> <span class='ocrx_word' id='word_1_700' title='bbox 3268 5160 3393 5201; x_wconf 83' lang='lat' dir='ltr'><strong>coa-</strong></span> 
     </span>
    </p>
   </div>
   <div class='ocr_carea' id='block_1_108' title="bbox 1799 5257 3295 5329">
    <p class='ocr_par' dir='ltr' id='par_1_108' title="bbox 1799 5257 3295 5329">
     <span class='ocr_line' id='line_1_109' title="bbox 1799 5257 3295 5329; baseline -0.004 -18"><span class='ocrx_word' id='word_1_701' title='bbox 1799 5259 2037 5315; x_wconf 86' lang='lat' dir='ltr'><strong>senser&#39;tt</strong></span> <span class='ocrx_word' id='word_1_702' title='bbox 2061 5257 2386 5329; x_wconf 81' lang='lat' dir='ltr'><strong>ordinatum.</strong></span> <span class='ocrx_word' id='word_1_703' title='bbox 3292 5300 3295 5305; x_wconf 89' lang='lat'><strong>.</strong></span> 
     </span>
    </p>
   </div>
   <div class='ocr_carea' id='block_1_109' title="bbox 1870 5332 3397 5419">
    <p class='ocr_par' dir='ltr' id='par_1_109' title="bbox 1870 5332 3397 5419">
     <span class='ocr_line' id='line_1_110' title="bbox 1870 5332 3397 5419; baseline -0.014 -19"><span class='ocrx_word' id='word_1_704' title='bbox 1870 5346 1989 5405; x_wconf 89' lang='lat' dir='ltr'><strong>lloc</strong></span> <span class='ocrx_word' id='word_1_705' title='bbox 2032 5362 2244 5419; x_wconf 72' lang='lat' dir='ltr'><strong>quoque</strong></span> <span class='ocrx_word' id='word_1_706' title='bbox 2295 5342 2528 5415; x_wconf 89' lang='lat' dir='ltr'><strong>capitulo</strong></span> <span class='ocrx_word' id='word_1_707' title='bbox 2572 5338 2825 5413; x_wconf 70' lang='lat' dir='ltr'><strong>praesenti</strong></span> <span class='ocrx_word' id='word_1_708' title='bbox 2876 5338 3276 5415; x_wconf 67' lang='lat' dir='ltr'><strong>subiungimus,</strong></span> <span class='ocrx_word' id='word_1_709' title='bbox 3338 5332 3397 5419; x_wconf 83' lang='lat' dir='ltr'><strong>ut</strong></span> 
     </span>
    </p>
   </div>
   <div class='ocr_carea' id='block_1_110' title="bbox 1801 5416 3395 5503">
    <p class='ocr_par' dir='ltr' id='par_1_110' title="bbox 1801 5416 3395 5503">
     <span class='ocr_line' id='line_1_111' title="bbox 1801 5416 3395 5503; baseline -0.006 -12"><span class='ocrx_word' id='word_1_710' title='bbox 1801 5438 1982 5503; x_wconf 83' lang='lat' dir='ltr'><strong>locum</strong></span> <span class='ocrx_word' id='word_1_711' title='bbox 2014 5416 2254 5496; x_wconf 70' lang='lat' dir='ltr'><strong>avaritia:</strong></span> <span class='ocrx_word' id='word_1_712' title='bbox 2282 5435 2640 5494; x_wconf 85' lang='lat' dir='ltr'><strong>secludatnus,</strong></span> <span class='ocrx_word' id='word_1_713' title='bbox 2668 5427 2876 5486; x_wconf 86' lang='lat' dir='ltr'><strong>nullum</strong></span> <span class='ocrx_word' id='word_1_714' title='bbox 2914 5437 2982 5492; x_wconf 83' lang='lat' dir='ltr'><strong>de</strong></span> <span class='ocrx_word' id='word_1_715' title='bbox 3006 5429 3242 5503; x_wconf 66' lang='lat' dir='ltr'><strong>regibus,</strong></span> <span class='ocrx_word' id='word_1_716' title='bbox 3273 5416 3395 5474; x_wconf 71' lang='grc' dir='ltr'>ιιιιι·</span> 
     </span>
    </p>
   </div>
   <div class='ocr_carea' id='block_1_111' title="bbox 1799 5510 3399 5580">
    <p class='ocr_par' dir='ltr' id='par_1_111' title="bbox 1799 5510 3399 5580">
     <span class='ocr_line' id='line_1_112' title="bbox 1799 5510 3399 5580; baseline -0.007 -24"><span class='ocrx_word' id='word_1_717' title='bbox 1799 5529 1908 5576; x_wconf 65' lang='grc' dir='ltr'><strong>11η.Ι</strong></span> <span class='ocrx_word' id='word_1_718' title='bbox 1965 5532 2033 5580; x_wconf 53' lang='grc' dir='ltr'><strong>ἀρ</strong></span> <span class='ocrx_word' id='word_1_719' title='bbox 2075 5527 2341 5580; x_wconf 51' lang='grc' dir='ltr'><strong>υιῇςρηηίε</strong></span> <span class='ocrx_word' id='word_1_720' title='bbox 2387 5524 2468 5554; x_wconf 74' lang='grc' dir='ltr'><strong>-νηι</strong></span> <span class='ocrx_word' id='word_1_721' title='bbox 2517 5519 2894 5560; x_wconf 58' lang='grc' dir='ltr'><strong>οηηη-Ληιῖιιηρ</strong></span> <span class='ocrx_word' id='word_1_722' title='bbox 2969 5525 3051 5564; x_wconf 73' lang='grc' dir='ltr'><strong>νηΙ</strong></span> <span class='ocrx_word' id='word_1_723' title='bbox 3080 5523 3149 5560; x_wconf 75' lang='grc' dir='ltr'><strong>,1ο</strong></span> <span class='ocrx_word' id='word_1_724' title='bbox 3175 5510 3399 5552; x_wconf 73' lang='lat' dir='ltr'><strong>unihne-</strong></span> 
     </span>
    </p>
   </div>
  </div>
