4026 6296
543 377 647 438 859
1886 351 2162 434 nonut
2191 374 2389 432 P.\P.~E
3705 353 3828 432 sua"

545 493 955 552 consecratione
1001 489 1258 557 basilicse,
1301 489 1386 546 vel
1411 490 1476 545 de
1501 489 1912 560 quibuscunque
1940 491 2120 546 causis
2151 493 2196 551 Ᾱ
2227 498 2449 559 queunt,
2491 488 2618 544 illud
2650 489 2955 562 delegavit:
2985 508 3080 549 nos
3120 508 3250 551 vero
3293 493 3520 566 aptioris
3565 489 3812 546 utilitatis

545 589 612 642 ad
642 588 782 642 idem
815 585 1199 640 monasterium
1231 583 1648 654 pertinentibus,
1680 584 1880 638 audere
1909 583 1960 637 in
1993 598 2125 652 qua--

542 679 674 734 libet
720 665 901 748 specie
941 676 1118 731 excnii
1165 675 1283 730 loco
1331 673 1621 744 quidquam
1651 673 1915 744 accipere,
1951 688 2123 742 neque

540 767 788 825 eumdem
831 769 1077 840 abbatem
1113 783 1210 838 pro
1235 765 1580 841 ordinatione
1619 781 1715 820 sua
1747 765 1946 836 aliquid
1991 765 2123 820 dare

539 875 889 932 prmnn‘tcre,
940 877 1006 914 ne
1047 860 1148 914 hac
1187 859 1473 914 occasione
1496 899 1512 923 ,
1557 872 1620 914 ea
1669 874 1788 927 qua:
1818 876 1846 912 a
1877 856 2142 912 fidelibus

539 952 627 1025 pio
669 954 792 1008 loco
833 953 1156 1018 offeruntur,
1189 960 1600 1007 consumantur.
1633 949 1819 1020 Neque
1839 949 2142 1020 episcopus

538 1045 779 1101 civitatis
810 1045 980 1115 ipsius
1011 1043 1277 1112 parochia'.
1323 1043 1426 1098 nisi
1458 1043 1526 1097 ab
1554 1042 1748 1096 ahhate
1797 1041 1964 1112 ipsius
2009 1055 2142 1096 mo--

542 1137 767 1206 nasterii
837 1138 1128 1202 invitatus,
1184 1135 1380 1192 ibidem
1427 1117 1670 1206 publicas
1719 1134 1914 1189 missas
1965 1139 2119 1204 agat,

535 1245 710 1301 neque
751 1231 1015 1286 stationes
1042 1229 1095 1284 in
1128 1229 1318 1284 eodem
1358 1227 1605 1282 cmuobio
1650 1227 1871 1291 indicat,
1915 1241 1981 1280 ne
2009 1240 2124 1280 sero

535 1338 726 1379 vorum
775 1323 872 1378 Dei
923 1322 1078 1391 quies
1140 1319 1520 1390 quoquomodo
1565 1317 1806 1389 populari
1854 1323 2121 1372 conventu

539 1414 848 1486 perturbari
873 1413 1072 1476 valeat,
1103 1426 1278 1483 neque
1302 1419 1541 1482 paratas,
1571 1424 1664 1465 aut
1703 1409 2142 1465 mansionaticos

535 1499 731 1560 exinde
762 1509 1052 1574 prmsumat
1077 1503 1314 1574 exigere.
1345 1501 1756 1574 Susceptioncm
1783 1510 1962 1556 autem
1992 1499 2124 1556 ﬁde-

531 1596 662 1651 lium
712 1607 769 1653 ct
813 1595 1188 1667 religiosorum
1217 1594 1455 1651 virorum
1497 1603 1660 1665 atque
1685 1593 2121 1658 beneficentiam,

531 1704 693 1758 quam
751 1687 906 1756 jubet
975 1687 1267 1758 Apostolus
1319 1687 1532 1744 cunctis
1597 1687 1958 1744 exhibendam
2022 1702 2121 1756 pro

570 1780 889 1836 ossibilitate
939 1779 1043 1836 loci
1095 1789 1152 1836 et
1191 1778 1528 1844 facultatum,
1578 1794 1683 1834 non
1733 1779 1890 1834 modo
1921 1776 2117 1832 ibidem

2226 583 2400 654 gratia
2447 583 2548 639 sub
2596 583 2781 638 habitu
2835 585 3222 640 monachorum
3281 598 3402 640 esse
3449 590 3812 652 coagmentet

2227 678 2592 734 decernimus.
2648 677 2706 734 Si
2759 679 2882 750 quis
2939 695 3070 737 vero
3121 696 3346 752 regum,
3402 680 3811 750 episcoporum.

2226 763 2604 836 sacerdotum,
2653 769 2951 838 abbatum,
3012 771 3298 844 judicum.
3362 771 3664 836 comitum,
3722 777 3816 824 aut

2230 859 2569 917 Saecularium
2614 876 2992 930 personarum,
3035 872 3224 919 contra
3254 862 3396 918 hanc
3421 869 3625 938 nostra:
3654 859 3812 916 inSti-

2227 953 2450 1009 tutionis
2485 941 2734 1025 paginam
2776 955 2962 1010 venire
3005 955 3314 1021 tentaverit,
3362 967 3658 1025 percussus
3686 966 3818 1022 apo-

2225 1045 2416 1120 stolico
2440 1047 2802 1114 anathemate,
2827 1046 3110 1117 potestatis
3131 1045 3421 1102 honorisve
3442 1045 3528 1101 sui
3551 1044 3817 1116 dignitate

2225 1149 2430 1203 careat,
2477 1154 2738 1209 reumque
2767 1153 2825 1196 se
2849 1155 3036 1196 coram
3063 1139 3246 1196 divino
3268 1138 3475 1210 judicio
3497 1145 3816 1210 cognoscat,

2224 1238 2280 1284 et
2315 1230 2416 1285 nisi
2455 1245 2518 1284 ea
2550 1246 2670 1302 qua:
2714 1247 2745 1286 a
2798 1246 2857 1288 se
2900 1230 3041 1286 male
3088 1239 3208 1286 acta
3258 1238 3384 1286 sunt
3433 1226 3738 1292 defleverit,
3785 1243 3816 1282 a

2225 1309 2596 1379 sacratissimo
2646 1339 2874 1394 corpore
2935 1322 3144 1378 Domini
3199 1321 3369 1378 nostri
3424 1321 3555 1377 Jesu
3612 1318 3814 1375 Christi

2225 1416 2431 1472 alienius
2454 1399 2762 1485 flat,iatque
2791 1425 2997 1471 aeterno
3026 1405 3262 1470 examini
3295 1415 3556 1470 districtze
3585 1412 3814 1468 ultionis

2225 1504 2516 1576 subiaceat.
2551 1506 2774 1562 Cunctis
2821 1515 3005 1561 autem
3032 1505 3209 1561 eidem
3239 1504 3358 1561 loco
3388 1505 3537 1577 justa
3586 1519 3814 1560 servan-

2227 1597 2372 1653 tibus
2401 1597 2473 1653 sit
2501 1612 2604 1667 pax
2637 1591 2848 1671 Domini
2883 1595 3229 1660 nostridesu
3273 1595 3506 1661 Christi,
3544 1605 3819 1666 quatenus

2225 1679 2280 1743 et
2331 1687 2419 1744 hic
2465 1686 2702 1742 fructum
2757 1689 2913 1743 bonze
2965 1687 3195 1756 actionis
3227 1679 3512 1758 recipiant
3562 1696 3623 1742 et
3676 1688 3816 1756 apud

2228 1779 2532 1835 districtum
2559 1777 2794 1848 iudicem
2824 1773 3046 1849 praemia
3071 1787 3289 1834 aeterna:
3324 1778 3477 1850 pacis
3512 1778 3814 1832 inveniant.

531 1867 833 1946 tieri'[uon]
853 1874 1206 1944 denegamus,
1235 1889 1422 1928 verum
1463 1873 1626 1928 etiam
1663 1873 1952 1929 suademus
1981 1886 1996 1926 :
2025 1885 2121 1927 seu
2154 1861 2197 1921 Β
2298 1868 2572 1938 Scriptum
2636 1884 2734 1941 per
2787 1885 2980 1925 manus
3040 1866 3263 1926 Samuel
3314 1868 3516 1926 notarii
3570 1878 3629 1926 et
3677 1870 3809 1925 scri-

529 1957 585 2021 ct
602 1967 792 2022 modus
812 1967 864 2021 in
889 1981 1115 2023 numero
1136 1966 1568 2038 congregationis
1589 1966 1722 2021 adeo
1743 1973 2119 2030 conservetur,

528 2066 589 2112 ut
617 2074 717 2113 nec
741 2057 1022 2129 pluralitas
1048 2059 1357 2128 penuriam,
1399 2073 1499 2112 nec
1539 2057 1786 2126 paucitas
1814 2053 2121 2126 inhabitan-

530 2141 662 2204 tium
691 2150 1096 2206 destitutionem
1129 2150 1232 2206 loci
1266 2150 1522 2205 inducere
1545 2149 1743 2204 valeat.
1775 2147 2120 2217 Privilegium

527 2257 744 2313 quoque
773 2256 802 2296 a
831 2242 1234 2313 przedeccssore
1282 2253 1470 2299 nostro
1510 2243 1612 2313 piae
1661 2242 1934 2297 memoriae
1982 2256 2120 2311 papa

527 2331 750 2388 Nicolao
799 2334 974 2389 eidem
1021 2335 1352 2390 monasterio
1387 2334 1642 2390 collatum
1675 2344 1858 2388 nostra
1889 2332 2121 2387 auctori-

528 2431 638 2480 tate
678 2426 1086 2492 confirmamus,
1135 2435 1364 2496 exccpto
1401 2426 1666 2481 duntaxat
1705 2425 1849 2495 quod
1875 2424 1990 2493 ipse
2017 2424 2116 2478 sub

525 2515 744 2571 nomine
798 2513 1120 2571 ancillarum
1179 2515 1275 2571 Dei
1341 2531 1460 2585 quae
1513 2515 1710 2571 ibidem
1762 2529 1861 2584 pro
1909 2513 2117 2569 crebris

526 2603 962 2665 infestationibus
989 2608 1168 2665 smculi
1197 2623 1339 2664 nunc
1368 2607 1742 2663 ordinabilitcr
1777 2622 1996 2662 manere
2023 2620 2116 2661 nc-

2223 1964 2380 2019 niarit
2405 1973 2604 2020 sancta:
2625 1954 2883 2020 [laniante
2910 1961 3184 2030 Ecclesiae,
3209 1976 3394 2019 mense
3415 1960 3706 2030 Januario,
3731 1963 3812 2017 in—

2215 2045 2460 2111 'dictione
2488 2055 2574 2110 15.

2295 2141 2493 2200 Datum
2524 2163 2557 2200 ι
2597 2145 2867 2202 Kalendas
2919 2145 3243 2202 Februarias
3289 2159 3391 2217 per
3437 2159 3667 2200 manum
3720 2142 3815 2200 Sa-

2226 2235 2420 2292 muelis
2475 2236 2674 2292 notarii
2731 2244 2787 2292 et
2837 2235 3110 2294 scriniarii
3163 2244 3366 2291 sancta:
3411 2233 3682 2289 Romana
3721 2233 3815 2290 Ec-

2223 2329 2424 2395 clesiae,
2477 2329 2776 2399 imperante
2823 2328 3052 2384 Domino
3091 2337 3276 2384 nostro
3305 2325 3658 2382 Landeberto
3693 2326 3812 2397 piis-

2221 2419 2360 2474 simo
2400 2417 2644 2489 Augusto
2687 2433 2717 2472 a
2761 2418 2870 2474 Deo
2917 2425 3198 2486 coronato,
3248 2431 3452 2490 magno
3481 2417 3814 2487 imperatore

2220 2507 2407 2564 indict.
2432 2507 2520 2564 15.

526 2732 3808 2784 agam

1723 2865 1892 2907 ANNO
1940 2866 2167 2910 DOMINI
2215 2865 2254 2905 ι)
2267 2865 2378 2910 CCC
2395 2865 2593 2909 XCVII.

1248 3047 2304 3192 ROMANUS
2423 2965 3081 3190 PAPA.

1615 3425 2053 3506 NOTITIA
2112 3424 2695 3544 HISTOBICA.

1505 3599 1665 3663 (Apud
1691 3599 1858 3661 Mansi,
1883 3597 2202 3650 Conciliorum
2224 3596 2519 3661 amplissima
2539 3597 2813 3661 Collectlo.,

593 3824 870 3882 Romanus
891 3828 1072 3900 patria
1100 3827 1446 3900 Calcsiantts,
1474 3838 1626 3898 patre
1654 3829 2011 3900 Constantino
2042 3807 2222 3896 natus,
2257 3829 2432 3886 factus
2457 3837 2542 3884 est
2565 3830 2808 3900 pontifex
2840 3845 2984 3886 anno
3012 3830 3225 3886 Domini
3247 3830 3372 3888 900.
3405 3829 3563 3888 Sedit
3586 3847 3800 3889 menses

519 3905 758 4020 ﬂatum
784 3907 838 3954 et
869 3899 984 3954 dies
1008 3899 1216 3970 viginti.
1251 3901 1384 3954 Acta
1411 3900 1670 3969 Stephani
1712 3909 1898 3956 contra
1937 3899 2256 3955 Formosum
2283 3900 2464 3956 habita
2502 3899 2660 3970 plane
2687 3901 3032 3972 improbavit,
3062 3911 3119 3958 et
3153 3901 3485 3958 Ludovicum
3521 3902 3589 3958 IV
3629 3903 3799 3960 lilium

608 3967 777 4020 sonis.
805 3979 931 4020 post
955 3969 1198 4020 fugatum
1224 3969 1631 4020 Berermarium.
1662 3970 2049 4020 imoeratorem
2077 3971 2382 4020 coronavit.
2409 3970 2507 4020 (Ex
2538 3969 2916 4020 Luitnrando.l

608 3969 777 4033 sonis,
805 3979 931 4038 post
955 3969 1198 4041 fugatum
1224 3969 1632 4042 Berengarium,
1662 3970 2049 4040 imperatorem
2077 3971 2382 4054 coronavit.
2409 3969 2514 4043 (Εἰ
2538 3969 2916 4044 Luitprando.)

630 4143 3698 4170 Μ

1209 4282 1754 4398 ROMANI
1847 4219 2250 4399 ΡΑῙἚ
2338 4285 3111 4450 EPISTOL/E.

1907 4549 2086 4610 (Μειθεί
2110 4549 2192 4599 ubi
2215 4547 2410 4612 supra.)

997 4778 1333 4837 EPISTOLA
1368 4780 1578 4838 PRIMA
1591 4823 1605 4837 .

743 4933 812 4972 AD
853 4933 1121 4976 IthULl-‘lll
1155 4935 1444 4976 EPISCOPUI
1488 4938 1854 4980 HELENENSBI.

577 5049 834 5108 Roumus
862 5054 1171 5124 episcopus,
1217 5068 1405 5110 servus
1453 5069 1736 5112 servorum
1780 5056 1898 5124 Dei,
1940 5071 2095 5114 reve-

504 5143 820 5198 rentissimo
849 5155 904 5200 et
950 5146 1296 5202 sanctissimo
1333 5146 1568 5204 thucrO
1607 5149 1863 5220 episcopo
1891 5160 2095 5206 sancta:

507 5232 924 5292 Rossilionensis
945 5237 1202 5294 Ecclesia:
1224 5249 1274 5296 et
1303 5255 1401 5310 per
1424 5248 1473 5295 te
1499 5239 1550 5295 in
1581 5241 1770 5296 eadem
1802 5241 2096 5298 venerabili

505 5325 749 5383 Ecclesia
779 5328 833 5383 in
863 5340 1205 5401 perpetuum.

576 5417 799 5486 Quoties
825 5419 911 5474 illa
939 5436 968 5475 a
1012 5423 1164 5479 nobis
1193 5425 1415 5480 concedi
1454 5425 1797 5495 postulantur
1829 5441 1949 5498 qua:
1970 5443 2098 5483 san-

502 5523 718 5568 etarum
767 5512 1135 5570 Ecclesiarum
1185 5517 1507 5574 utilitatibus
1562 5528 1886 5590 congruunt,
1940 5521 2095 5577 decet

505 5619 604 5659 nos
633 5604 820 5660 libenti
855 5606 1153 5662 concedere
1181 5608 1362 5664 animo
1397 5617 1451 5664 et
1481 5611 1780 5680 petentium
1809 5610 2094 5667 desideriis

501 5711 800 5765 congruum
854 5695 1119 5768 impertiri
1173 5695 1506 5768 suffragium.
1550 5699 1616 5754 Et
1662 5700 1808 5766 ideo,
1840 5700 2093 5770 przedicte

511 5784 721 5842 lticulfe
747 5788 1094 5844 sanctissime
1121 5787 1401 5859 episcopo,
1434 5791 1501 5848 ad
1533 5792 2096 5865 sanctorum'aposto-
2143 5809 2153 5834 ι

2127 4789 2172 4851 C
2203 4785 2379 4841 lorum
2409 4783 2555 4841 Petri
2607 4799 2672 4841 ac
2695 4783 2848 4840 Pauli
2879 4785 3226 4842 sanctissima
3261 4786 3445 4842 limina
3483 4803 3652 4844 causa
3682 4804 3794 4844 ora-

2206 4874 2370 4931 tiOnis
2402 4876 2641 4942 veniens,
2669 4886 2858 4931 nostro
2884 4877 3204 4947 apostolatui
3246 4879 3566 4950 suggessisti
3611 4891 3795 4952 quate~

2207 4981 2308 5021 nus
2339 4967 2586 5024 eamdem
2615 4977 2882 5032 sanctam,
2911 4968 2997 5024 cui
3023 4984 3254 5039 prmesse
3277 4969 3634 5040 dignosceris,
3665 4969 3795 5025 Roso

2207 5055 2553 5111 silionensem
2583 5055 2881 5111 Ecclesiam
2927 5073 3048 5112 cum
3079 5057 3272 5113 cellula
3307 5059 3482 5114 sancti
3517 5058 3720 5115 Felicis
3744 5067 3796 5116 et

2211 5149 2332 5204 villa
2360 5165 2481 5221 qua:
2509 5159 2734 5205 vocatur
2756 5148 3042 5216 Torrenle,
3071 5166 3165 5206 seu
3193 5160 3248 5207 et
3272 5151 3397 5206 villa
3423 5167 3547 5222 quae
3572 5162 3795 5208 vocatur

2207 5240 2526 5296 Alamannis
2591 5251 2754 5312 atque
2809 5241 3107 5313 Spedulia,
3169 5251 3225 5297 et
3277 5257 3378 5313 pro
3439 5244 3792 5315 congruentia

2211 5331 2468 5387 Ecclesite
2501 5340 2625 5397 tua},
2677 5348 2708 5388 a
2752 5332 3016 5388 Tetrafita
3064 5349 3228 5404 super
3273 5348 3424 5388 suam
3473 5333 3790 5399 claustram,

2211 5435 2375 5496 atque
2427 5425 2676 5481 cellulam
2713 5427 2886 5483 sancti
2925 5423 3148 5492 Iuliani,
3202 5439 3323 5481 cum
3353 5425 3535 5496 aquis,
3583 5427 3790 5481 molen-

2208 5515 2370 5581 dinis,
2401 5530 2610 5570 necnon
2643 5515 2802 5571 terris
2831 5515 2897 5572 de
2925 5522 3108 5570 monte
3128 5514 3218 5585 qui
3245 5522 3467 5570 vocatur
3486 5514 3790 5580 Auriolum,

2207 5622 2330 5663 cum
2365 5606 2617 5663 omnibus
2668 5606 2994 5679 generaliter
3027 5605 3093 5661 ad
3142 5620 3234 5662 eas
3282 5605 3719 5676 pertinentibus,
3737 5615 3794 5660 et

2207 5697 2466 5768 quidquid
2498 5697 2630 5754 Miro
2671 5699 2764 5769 qui
2807 5698 3007 5754 dicitur
3047 5711 3230 5753 comes
3279 5696 3332 5751 in
3367 5697 3616 5752 eamdem
3645 5706 3790 5751 tuam
3831 5695 3836 5700 ’

2206 5790 2503 5848 Ecclesiam
2537 5792 2828 5862 concessit,
2865 5806 3071 5849 necnon
3097 5799 3151 5847 ct
3179 5790 3366 5847 villare
3391 5790 3538 5862 quod
3569 5797 3792 5847 vocatur
3827 5791 3837 5796 “
