4026 6296
213 334 313 392 861

1654 334 2028 392 EPISTOLxE.

3365 334 3471 393 803

213 449 564 521 Nogarctum,
595 460 649 506 et
679 459 874 507 caetera
904 451 1084 507 omnia
1127 467 1244 521 qum
1288 467 1318 505 a
1355 451 1460 522 piis
1499 451 1785 520 iiuperato-
1814 451 1866 508 Λ
1899 447 2204 503 rentissnno
2234 447 2531 505 SERVO-DEI
2581 457 2780 506 sanctae
2823 446 3190 508 Gcruudeusis
3217 446 3469 516 Ecclestte

212 541 365 596 ribus
395 556 461 596 ac
481 542 700 613 regibus
726 544 808 598 vel
851 545 918 598 ab
951 545 1074 598 aliis
1112 545 1281 599 Deum
1312 541 1626 598 timentibus
1657 542 1788 594 viris

211 631 266 685 in
297 622 488 688 eadem
515 633 757 689 Ecclesia
797 635 993 689 collata
1025 644 1150 690 sunt
1193 635 1278 688 vel
1309 634 1570 689 collatura
1606 641 1788 696 erunt,

209 733 320 778 tam
371 725 427 779 in
475 726 592 796 ipso
619 717 878 784 comitatu
924 743 1086 798 quam
1135 729 1188 783 in
1225 727 1344 784 aliis
1373 727 1526 790 locis,
1577 727 1629 780 in
1672 725 1786 812 ipsa

207 819 599 887 praenominata
647 828 833 875 sancta
885 819 1278 876 Rossilioneusi
1312 819 1548 874 Ecclesia
1585 817 1790 872 conﬁr-

205 925 444 982 mantes,
497 917 830 987 apostolatus
877 918 1048 986 nostri
1103 915 1386 988 privilegio
1428 915 1783 970 muniremus.

208 1007 364 1064 Unde
397 1025 518 1075 nos,
561 1011 648 1065 cui
680 1011 922 1065 omnium
961 1010 1324 1065 Ecclesiarum
1355 1009 1445 1062 Dei
1478 1024 1607 1063 cura
1638 1022 1791 1063 com-

206 1102 376 1157 missa
401 1112 505 1168 est,
554 1102 755 1158 salubri
807 1110 910 1157 tua:
949 1101 1194 1171 petitioni
1237 1100 1500 1165 faventes,
1547 1098 1784 1154 inclinati

206 1195 612 1265 precibustuis,
643 1195 770 1266 quia
803 1195 1226 1251 ecclesiasticam
1265 1210 1378 1248 rem
1409 1207 1506 1264 per
1544 1192 1785 1264 vigorem

208 1286 592 1341 immutilatam
648 1287 852 1342 servari
913 1287 1203 1358 cupimus,
1254 1301 1352 1356 per
1394 1286 1497 1340 hoc
1543 1294 1787 1340 nostrum

205 1377 562 1446 apostolicum
633 1378 972 1450 privilegium
1040 1379 1466 1448 suprascriptam
1543 1387 1786 1442 sanctam

205 1485 353 1536 piam
391 1469 847 1524 Rossiliouensem
890 1470 1190 1526 Eeclesiam
1221 1485 1343 1525 eum
1386 1469 1596 1525 cunctis
1627 1469 1788 1522 rebus

200 1561 478 1630 praedictis
505 1561 799 1632 apostolica
823 1562 1144 1618 auctoritate
1165 1561 1320 1616 nobis
1347 1561 1400 1614 in
1441 1561 1602 1616 beato
1629 1559 1790 1615 Paro

199 1650 565 1720 apostolorum
593 1650 832 1721 principe
874 1665 1129 1706 concessa
1178 1651 1473 1715 munimus,
1504 1658 1790 1720 perpetuo-

199 1759 306 1814 que
334 1743 559 1799 illzesam
603 1745 1022 1814 permanendam
1065 1743 1470 1808 conﬁrmamus,
1531 1758 1634 1797 una
1665 1755 1787 1798 cum

1895 541 2147 612 episcopo
2183 550 2240 597 et
2275 560 2370 615 per
2412 553 2462 599 te
2492 544 2546 599 in
2587 545 2773 600 eadem
2821 544 3111 600 venerabili
3148 545 3384 603 Ecclesia
3413 544 3467 600 in

1894 643 2232 704 perpetuum.
2269 707 2290 712 η

1966 722 2122 796 Sicut
2150 740 2246 794 per
2275 725 2473 780 donum
2525 725 2697 780 sancti
2743 726 2978 796 Spiritus
3010 726 3172 781 beato
3199 725 3470 796 apostolo-

1895 830 2011 868 rum
2034 816 2262 887 principi
2284 816 2444 871 Petro
2465 825 2518 872 et
2538 816 2778 873 ctelestis
2806 817 2952 887 regni
2979 816 3248 886 clavigero
3271 815 3470 887 ligandi

1894 913 2056 975 atque
2087 908 2329 963 solvendi
2364 909 2434 963 ab
2465 909 2583 979 ipso
2621 908 2858 978 Domino.
2872 908 3066 963 tradita
3097 917 3181 964 est
3209 915 3471 978 potestas,

1892 997 2202 1066 evangelica
2254 999 2614 1068 subsequente
2656 997 2905 1068 lectione,
2939 1013 3059 1068 quze
3089 997 3231 1052 inter
3275 1005 3470 1052 cmtera

1892 1014 2202 1066 evangelica
2254 1014 2614 1068 subsequente
2658 1014 2706 1053 te
2744 1014 2905 1064 tione,
2939 1014 3231 1068 quaeinter
3275 1014 3470 1052 caetera

1891 1090 2007 1144 ait:
2043 1090 2120 1145 Tu
2147 1109 2201 1147 es
2231 1091 2440 1168 Petrus,
2484 1103 2532 1148 et
2562 1014 2902 1163 superarint:
2949 1104 3149 1166 petram
3199 1095 3472 1164 a'diﬁcabo

1895 1184 2185 1241 Ecclesiam
2221 1204 2409 1250 meam,
2463 1198 2517 1244 et
2568 1188 2794 1259 reliqua,
2845 1189 2919 1244 ita
2973 1191 3129 1245 sedes
3178 1187 3471 1260 apostolica

1891 1279 2150 1334 canonica
2221 1280 2498 1351 regalique
2568 1281 2896 1336 auctoritate
2947 1280 3165 1337 sull‘ulta
3223 1279 3476 1336 omnibus

1892 1371 2151 1438 Ecclesiis
2181 1373 2276 1429 Dei
2303 1389 2398 1444 per
2427 1374 2740 1430 universum
2765 1363 2953 1432 orbem
2983 1372 3191 1429 diffusis
3218 1370 3474 1442 sull'ragia

1892 1473 1948 1519 et
1967 1466 2112 1537 justa
2139 1469 2522 1538 postulationis
2549 1469 2784 1524 subsidia
2814 1478 2872 1523 ut
2892 1468 3146 1539 prtebeat,
3179 1476 3284 1521 tam
3309 1465 3475 1521 divini

1893 1574 2057 1628 quam
2089 1559 2316 1614 humani
2361 1559 2504 1626 juris
2534 1561 2674 1616 ratio
2723 1561 2980 1632 postulat.
3023 1561 3192 1633 Igitur
3231 1559 3471 1624 veniens,

1885 1647 2000 1717 jam
2027 1648 2170 1704 dicte
2193 1649 2478 1706 Serve-Dei
2510 1651 2834 1707 venerabilis
2875 1652 3148 1721 episcope,
3183 1652 3250 1705 ad
3292 1650 3476 1706 sedem

1896 1739 2272 1810 apostolicam,
2321 1750 2376 1796 et
2401 1741 2644 1798 Ecclesia
2671 1741 3011 1798 Gerundeusi
3036 1741 3183 1811 juste
3216 1748 3271 1796 et
3314 1754 3478 1795 cauo-

198 1811 448 1893 Ecclesia
498 1811 699 1893 saneta:
753 1836 936 1892 Mariae
981 1852 1010 1890 a
1051 1837 1282 1907 quadam
1331 1837 1529 1892 femina
1573 1835 1792 1891 nomine
1821 1811 1869 1872 Β
1897 1831 2018 1888 uice
2057 1840 2303 1902 recepta,
2333 1833 2558 1904 expulso
2590 1834 2712 1889 inde
2755 1833 3098 1889 llermomiro
3147 1833 3390 1902 deposito
3423 1841 3479 1888 et

197 1929 524 1994 Anastasis,
571 1944 693 1999 quze
743 1937 800 1984 et
854 1928 1025 1984 Mater
1082 1929 1397 1995 vocabatur,
1455 1938 1788 1993 constructa,

198 2015 414 2090 tumque
436 2009 688 2076 Ecclesia:
711 2018 889 2075 'subita
913 2007 1261 2087 consistente,
1292 2022 1357 2076 ad
1385 2038 1562 2076 annue
1586 2021 1790 2092 persol-

194 2111 438 2166 vendum
494 2111 550 2166 in
603 2109 828 2181 praefata
880 2119 971 2165 tua
1026 2111 1262 2166 Ecclesia
1314 2122 1502 2182 penset
1558 2112 1788 2167 solidum

199 2201 369 2254 unum
402 2215 419 2255 :
451 2200 838 2257 conﬁrmamus
869 2202 1034 2258 etiam
1082 2203 1212 2258 inibi
1249 2201 1398 2271 juste
1448 2211 1504 2258 et
1531 2203 1790 2259 canonice

193 2292 544 2349 medietatem
601 2293 798 2349 telonei
858 2304 913 2366 et
972 2295 1174 2351 traﬁcze
1233 2311 1327 2351 seu
1385 2296 1608 2354 mercati
1665 2312 1788 2352 eum

193 2386 506 2457 paseuario,
543 2395 600 2442 et
628 2388 971 2444 medietatem
1019 2389 1310 2446 salinarum
1333 2430 1348 2454 ,
1378 2405 1671 2460 omnesque
1699 2405 1784 2448 cc-

193 2479 395 2534 clesias
429 2480 497 2534 ad
525 2481 770 2536 eamdem
813 2481 1108 2537 Ecclesiam
1140 2483 1193 2538 in
1239 2481 1640 2539 Rossiliouense
1661 2499 1786 2554 per-

197 2571 442 2626 tinentes
481 2579 537 2626 et
567 2570 961 2628 conﬂuentibus
999 2588 1027 2627 a
1055 2582 1213 2643 portu
1239 2571 1492 2628 Jardonis
1520 2587 1691 2644 usque
1720 2573 1787 2628 ad

194 2679 370 2728 mare,
404 2673 458 2720 et
488 2681 518 2719 a
549 2666 780 2732 termino
815 2664 1150 2722 Narbonensi
1190 2681 1363 2736 usque
1395 2666 1783 2733 Basillunense,

194 2765 249 2810 et
269 2754 556 2824 quidquid,
579 2764 634 2808 Ill
663 2756 974 2825 przedictum
999 2766 1103 2822 est,
1127 2757 1266 2812 idem
1295 2758 1428 2813 Miro
1458 2768 1786 2814 memoratus

194 2862 385 2902 comes
417 2848 546 2904 inibi
570 2852 856 2914 concessit,
889 2867 1098 2908 necnon
1141 2863 1194 2908 et
1226 2853 1412 2909 villare
1445 2855 1617 2925 ipsum
1641 2855 1786 2925 quod

189 2948 426 2994 vocatur
455 2939 803 3011 Nogaretum,
842 2953 898 2998 et
942 2944 1047 2998 alia
1085 2960 1205 3014 qu:e
1235 2945 1447 3014 piorum
1495 2946 1786 3017 imperato-

191 3043 318 3082 rum
361 3044 427 3085 ac
480 3045 666 3102 regum
713 3042 1138 3104 ezeterorumque
1184 3033 1386 3090 Christi
1435 3033 1666 3090 ﬁdelium
1710 3035 1782 3090 ibi

187 3120 430 3178 decretis
451 3123 643 3180 collata
692 3134 818 3180 sunt
857 3126 939 3181 vel
980 3127 1284 3197 ubicunque
1312 3129 1569 3184 collatura
1600 3137 1781 3196 erunt,

1893 1923 2388 1991 cxcommunicato,
2445 1924 2758 1996 suggessisti
2815 1923 2973 1980 nobis
3013 1932 3281 1994 quatenus
3320 1922 3478 1992 hujus

1891 2013 2201 2084 apostolicae
2246 2022 2451 2069 nostrae
2481 2013 2912 2076 conﬁrmationis
2950 2013 3235 2085 privilegio
3282 2014 3482 2078 conﬁr—.

1890 2118 2040 2158 mare
2053 2103 2370 2159 deberemus
2383 2119 2572 2160 omnes
2593 2120 2678 2160 res
2700 2102 3002 2160 immobiles
3022 2103 3258 2174 ejusdem
3280 2113 3480 2160 sancte

1890 2193 1986 2247 Dei
2016 2192 2270 2248 Ecclesize
2307 2191 2677 2250 Gerundensis
2707 2193 2760 2249 iu
2798 2192 3001 2249 honore
3026 2204 3228 2249 sancta:
3267 2193 3358 2249 Dei
3387 2210 3479 2265 ge-

1888 2284 2101 2340 nitricis
2131 2299 2347 2356 semper
2371 2285 2594 2358 virginis
2633 2284 2826 2342 Mariae
2847 2286 3080 2342 dominze
3107 2296 3306 2343 nostra:
3335 2303 3352 2343 :
3384 2288 3475 2345 ubi

1887 2374 2080 2429 beatus
2106 2373 2258 2429 Felix
2289 2373 2491 2430 Christi
2528 2383 2738 2447 martyr
2770 2365 2998 2448 corpore
3026 2377 3338 2448 requiescit,
3375 2378 3480 2434 hoc

1885 2471 1990 2529 est,
2020 2463 2230 2524 domos.
2262 2463 2470 2534 plebes,
2502 2463 2692 2530 cellas,
2714 2464 2991 2532 ecclesias,
3018 2466 3194 2531 villas,
3225 2475 3281 2522 et
3318 2466 3470 2523 insu-

1887 2554 1986 2619 las,
2011 2553 2270 2623 Majorica
2293 2554 2503 2610 scilicet
2525 2563 2581 2610 et
2619 2554 2900 2622 Minorica,
2927 2572 3022 2614 seu
3062 2567 3276 2624 curtes,
3316 2573 3478 2630 paro-

1885 2646 2061 2712 chias,
2093 2655 2291 2714 terras,
2342 2646 2555 2723 vineas,
2592 2655 2769 2720 prata,
2805 2648 2990 2716 silvas,
3034 2660 3140 2704 una
3166 2665 3288 2705 cum
3324 2649 3476 2705 fami-

1883 2737 1973 2792 liis
2003 2736 2284 2807 utriusque
2331 2751 2516 2802 sexus,
2555 2752 2678 2792 cum
2725 2737 2978 2794 omnibus
3019 2737 3337 2807 adjacentiis
3379 2755 3476 2796 seu

1887 2829 2228 2899 pertinentiis
2257 2829 2390 2896 suis,
2421 2843 2543 2899 quze
2576 2845 2607 2884 a
2639 2829 2742 2900 piis
2780 2830 3193 2900 imperatoribus
3232 2832 3314 2888 vel
3347 2833 3475 2888 reli-

1884 2918 2049 2989 giosis
2092 2918 2223 2974 viris
2249 2918 2334 2973 vel
2362 2919 2430 2973 ab
2459 2917 2582 2975 aliis
2610 2919 2783 2975 Deum
2825 2920 3138 2976 timentibus
3184 2922 3236 2976 in
3284 2923 3474 2978 eadem

1883 3007 2125 3065 Ecclesia
2172 3003 2513 3066 Gerundensi
2542 3007 2740 3064 collata
2790 3019 2937 3076 sunt,
2981 3010 3121 3066 sicut
3171 3011 3284 3081 ipse
3333 3027 3477 3069 nunc

1885 3117 2056 3172 usque
2084 3099 2238 3172 legali
2267 3101 2458 3156 ordine
2505 3110 2692 3158 tenere
2719 3101 2939 3158 videris.
2981 3101 3135 3160 Unde
3172 3103 3476 3161 salubribus

181 3212 333 3282 juste
368 3217 424 3270 et
448 3217 706 3274 canonice
739 3219 1078 3286 stahilimus;
1130 3221 1174 3276 si
1201 3193 1384 3277 tamen
1426 3221 1573 3292 juste
1607 3232 1661 3287 et
1689 3193 1780 3279 ra;
1810 3193 1854 3230 ι’
1885 3193 2238 3292 P?””°"_“’{‘§
2261 3193 2368 3292 Ψίε
2409 3193 2654 3292 indm?“
2691 3193 3033 3292 “cemimus
3070 3203 3128 3251 et
3162 3211 3192 3250 ³
3224 3197 3474 3292 pawn,“

189 3306 525 3363 tionabiliter
560 3324 593 3362 a
625 3309 778 3366 nobis
819 3311 1052 3382 petistis,
1099 3320 1153 3367 et
1199 3312 1265 3368 ab
1307 3312 1428 3368 aliis
1473 3314 1784 3370 hominibus

188 3397 420 3453 minime
450 3398 782 3454 detinentur.
824 3401 902 3454 lta
945 3417 1160 3472 quoque
1188 3413 1246 3457 ut
1275 3404 1406 3460 nulli
1454 3406 1659 3461 homini
1702 3408 1782 3460 l'as

188 3485 262 3539 sit
299 3485 356 3539 in
398 3487 465 3542 iis
490 3489 744 3544 omnibus
773 3491 1070 3560 quamlibet
1107 3492 1201 3547 tibi
1247 3495 1462 3564 tuisque
1497 3512 1778 3552 successo-

186 3575 343 3630 ribus
368 3576 636 3648 episcopis
679 3594 939 3650 generare
982 3575 1304 3638 calumniam
1334 3593 1428 3639 aut
1463 3586 1781 3656 qualescun-

187 3683 298 3738 que
355 3671 772 3729 contrarietates
826 3671 1008 3748 facere
1047 3691 1060 3729 :
1109 3676 1234 3746 quia
1281 3689 1380 3748 nos
1425 3678 1670 3735 volumus
1720 3689 1781 3734 ut

186 3761 616 3833 uniuscujusque
689 3765 934 3823 eCclesize
1000 3768 1340 3840 privilegium
1405 3771 1776 3828 inconvulsum

184 3862 462 3909 servetur.
497 3853 634 3911 Nam
663 3858 730 3913 de
775 3860 1120 3916 monasteriis
1156 3861 1330 3916 eidem
1375 3871 1478 3917 tute
1526 3863 1780 3920 Ecclesia:

184 3944 452 4000 canonice
489 3949 924 4018 competentibus
955 3950 1209 4007 similiter
1237 3953 1537 4011 statuimus.
1563 3956 1776 4012 subdita

181 4033 424 4089 existere
443 4034 590 4105 justa
612 4040 836 4108 petenti.
867 4038 924 4094 Si
949 4040 1071 4111 quis
1096 4050 1276 4097 autem
1297 4057 1478 4098 comes
1503 4054 1596 4098 aut
1611 4043 1772 4114 judex

182 4123 439 4194 publicus
489 4126 575 4182 vel
622 4127 1012 4200 qualiscunque
1053 4130 1192 4187 alius
1235 4131 1397 4188 homo
1431 4145 1629 4190 contra
1675 4136 1778 4191 hoc

182 4224 437 4270 nostrum
467 4219 819 4287 apostolicum
856 4221 1196 4294 privilegium
1236 4224 1597 4296 qualicunque
1643 4237 1777 4282 tem-

177 4321 340 4376 pore,
372 4309 516 4376 quod
546 4325 654 4366 non
681 4321 952 4381 optamus,
986 4328 1146 4383 agere
1169 4311 1253 4368 vel
1284 4317 1611 4374 contendere
1636 4335 1776 4390 prte-

176 4398 497 4478 sumpserit,
527 4400 728 4466 siveea
757 4417 877 4472 qua:
908 4417 1008 4473 pro
1047 4404 1216 4482 divini
1253 4405 1430 4462 cultus
1457 4423 1641 4463 amore
1665 4419 1779 4464 sta-
1825 4457 1830 4460 .

181 4487 390 4544 tuimus
413 4489 464 4543 iu
495 4490 674 4560 aliquo
699 4491 946 4564 frangere
969 4496 1281 4580 tentaverit,
1308 4498 1445 4552 sciat
1472 4514 1530 4554 se
1555 4500 1774 4568 anathe-
1804 4526 1850 4586 υ

177 4578 346 4634 matis
375 4580 602 4638 vinculis
646 4585 958 4640 innodatum
1005 4570 1061 4642 ei
1087 4604 1116 4642 a
1158 4605 1326 4660 regno
1372 4581 1462 4645 Dei
1511 4592 1766 4648 alienum.

175 4669 286 4736 Qui
341 4681 523 4727 autem
574 4689 737 4730 verus
783 4686 966 4732 custos
1013 4687 1069 4733 et
1122 4680 1441 4736 observator
1475 4684 1768 4750 exstiterit,

173 4761 612 4819 benedictionem
637 4775 692 4822 et
717 4769 948 4838 gratiam
980 4786 1009 4824 a
1035 4769 1264 4826 Domino
1294 4773 1404 4828 Deo
1431 4783 1618 4830 nostro
1642 4791 1769 4831 cou-

202 4855 334 4924 equi
359 4866 595 4928 mercatu
607 4875 650 4914 r.
683 4859 828 4917 Bene
856 4863 1054 4918 valete.

209 4945 525 5017 —Scriptum
549 4965 646 5020 per
677 4967 894 5008 manum
925 4954 1170 5026 Gregorii
1211 4959 1479 5014 scriniarii
1512 4961 1568 5015 S.
1603 4961 1668 5014 ll.
1700 4963 1760 5016 Ε.

175 5040 236 5095 in
258 5057 445 5098 mense
461 5043 736 5112 Octobrio,
762 5048 1054 5106 indictione
1075 5051 1271 5121 prima,
1295 5053 1475 5108 Idibus
1493 5056 1762 5122 Octobris,

172 5145 279 5200 per
305 5147 522 5188 manum
559 5133 816 5206 Stephani
847 5140 1065 5196 nomine
1095 5141 1365 5199 Calatoris
1389 5156 1588 5201 sancta:
1624 5148 1767 5204 sedis

174 5222 515 5292 apostolicm,
542 5227 840 5296 imperante
866 5231 929 5285 D.
957 5231 1020 5285 N.
1053 5234 1298 5302 piissimo
1322 5235 1424 5289 l'P.
1451 5236 1586 5308 Aug.
1619 5237 1770 5292 Lant-

175 5311 337 5368 berto
361 5330 391 5368 a
419 5314 529 5372 Deo
555 5332 814 5376 coronato
858 5338 1053 5392 magno
1083 5325 1383 5394 imperante
1423 5326 1572 5398 [leg.,
1604 5329 1770 5398 impe-

172 5401 382 5475 rature]
437 5419 579 5461 anno
626 5423 702 5473 VI,
756 5418 810 5464 et
862 5411 1207 5479 pontiﬁcatus
1254 5413 1402 5485 μσς..
1436 5418 1770 5490 consulatus]

174 5505 326 5568 anno
360 5510 432 5562 γι,
467 5496 761 5556 indictione
788 5503 983 5572 prima.

769 5635 1100 5693 EPISTOLA
1141 5640 1201 5694 ll.

381 5756 450 5795 AD
487 5758 813 5802 εειινωΙ-υει
850 5765 1135 5807 εριεεοιιυμ
1177 5767 1574 5808 οειιυΝυι-ῖκδιξιι.
1661 5815 1664 5818 ,

251 5851 510 5913 [leuatus
540 5861 841 5936 cpiscopus,
893 5880 1082 5921 servus
1121 5882 1402 5924 servorum
1450 5869 1561 5937 Dei,
1611 5885 1765 5928 rcvc-

1881 3287 2057 3357 prima
2108 3286 2404 3343 indictione
2435 3303 2534 3359 per
2570 3288 2673 3344 hoc
2701 3289 3055 3360 apostolicum
3085 3300 3330 3346 nostrum
3357 3291 3472 3361 pri-

1880 3381 2132 3451 vilegium
2157 3381 2479 3438 roboramus
2503 3390 2560 3436 et
2585 3382 2970 3439 conﬁrmamus
2995 3392 3052 3438 et
3077 3383 3130 3438 in
3157 3391 3471 3454 perpetuum

1881 3471 2170 3526 statuimus
2221 3479 2276 3527 et
2321 3472 2376 3526 in
2426 3488 2528 3528 usu
2575 3481 2630 3529 et
2658 3473 2892 3529 utilitate
2934 3473 3174 3543 ejusdem
3221 3473 3473 3530 Ecclesia:

1879 3561 2266 3627 Gerundensis,
2307 3565 2394 3620 cui
2438 3580 2674 3635 przeesse
2699 3565 3053 3636 dignosceris,
3080 3567 3134 3621 id
3172 3577 3257 3622 est
3281 3581 3471 3624 omnes

1879 3655 2093 3722 domos,
2131 3656 2314 3722 cellas,
2354 3657 2639 3724 ecclesias,
2677 3658 2852 3725 villas,
2888 3667 3101 3725 curtes,
3150 3659 3461 3730 parochias,

1881 3754 2074 3812 terras,
2119 3746 2328 3812 vineas,
2384 3755 2560 3816 prata,
2595 3747 2782 3814 silvas,
2813 3729 2938 3803 'una
2981 3763 3105 3803 cum
3142 3729 3378 3814 familiis,
3404 3758 3462 3804 et

1878 3836 1982 3890 alia
2013 3828 2207 3890 omnia
2227 3853 2346 3908 qua:
2375 3837 2444 3892 ab
2486 3837 2904 3909 imperatoribus
2946 3847 3000 3896 et
3030 3840 3296 3913 religiosis
3333 3841 3469 3897 viris

1877 3927 1961 3982 vel
1989 3928 2058 3984 ab
2085 3928 2207 3985 aliis
2237 3928 2404 3984 Deum
2437 3928 2754 3986 timentibus
2785 3930 2840 3985 in
2868 3931 3057 3990 eadem
3082 3931 3325 3988 Ecclesia
3355 3932 3482 4002 cols,

1877 4019 1985 4076 lata
2011 4030 2138 4076 sunt
2171 4005 2254 4076 vel
2278 4019 2607 4076 conferenda
2637 4030 2801 4077 erunt
2839 4032 2949 4078 tam
2986 4023 3040 4077 in
3071 4023 3206 4094 ipsis
3242 4023 3468 4078 comita-

1878 4115 2022 4170 tibus
2071 4129 2234 4186 quant
2287 4115 2341 4178 in
2389 4113 2511 4170 aliis
2551 4113 2725 4182 locis,
2781 4114 2944 4171 simul
2995 4130 3118 4170 cum
3167 4115 3330 4171 raliea
3370 4129 3465 4172 seu

1877 4208 2184 4276 pascuario,
2215 4207 2316 4263 sub
2359 4215 2453 4262 tua
2498 4217 2826 4278 tuorumque
2855 4222 3231 4264 successorum
3263 4209 3466 4265 ditione

1875 4315 1940 4356 ac
1984 4309 2254 4370 potestate
2301 4301 2629 4357 omnimodis
2685 4301 3112 4368 conﬁrmamus,
3162 4310 3466 4358 statuentes

1875 4392 2170 4463 apostolica
2205 4409 2434 4449 censura
2467 4395 2570 4450 sub
2599 4395 2766 4451 divini
2794 4393 2984 4463 judicii
3013 4395 3374 4450 obtestatione
3410 4404 3466 4450 et

1877 4487 2238 4542 anathematis
2277 4487 2564 4543 interdicto
2613 4497 2673 4543 ut
2700 4488 2829 4544 nulli
2871 4503 3109 4558 unquam
3154 4503 3347 4559 magno
3379 4488 3462 4542 vel

1879 4563 2278 4648 parvo-homini
2313 4578 2474 4634 liceat
2510 4579 2808 4649 quamlibet
2847 4580 3072 4636 l'orciam
3112 4579 3198 4635 vel
3241 4595 3463 4650 oppres-

1878 4668 2084 4723 sionem
2110 4668 2162 4721 iu
2193 4669 2446 4724 omnibus
2477 4670 2639 4725 rebus
2668 4670 2785 4740 ejus
2817 4667 2995 4726 facere
3020 4679 3115 4725 aut
3139 4679 3460 4741 potestatem

1876 4758 2116 4828 aliquam
2163 4759 2363 4814 habere
2405 4759 2489 4814 vel
2536 4759 2770 4830 aliquem
2805 4747 3129 4834 distringere
3153 4770 3247 4816 aut
3285 4761 3461 4832 quali-

1876 4858 2176 4920 tercuuque
2203 4851 2473 4906 teloneum
2500 4852 2568 4906 ah
2611 4853 2692 4908 eis
2722 4853 2939 4923 exigere
2970 4854 3086 4908 sive
3109 4855 3178 4909 ad
3206 4853 3464 4924 placitum

1874 4941 2180 5012 ubicunque
2208 4958 2301 4998 eos
2327 4959 2428 5013 pro
2454 4945 2783 5014 quibuslibet
2805 4948 2984 5001 causis
3011 4962 3304 5016 provocare
3327 4961 3422 5016 pra

1873 5042 2070 5099 sumat,
2103 5035 2205 5090 nisi
2237 5036 2289 5091 in
2320 5038 2656 5107 providentia
2686 5038 2766 5093 sui
2792 5038 3030 5108 episcopi
3053 5053 3214 5093 causa
3240 5037 3438 5093 illorur:

1875 5129 2129 5184 audiatur
2168 5138 2223 5184 et
2251 5131 2510 5186 canonice
2553 5131 2791 5187 ﬁniatur.
2833 5131 2890 5186 Si
2934 5131 3056 5202 quis
3082 5141 3282 5197 autem,
3316 5146 3425 5201 quo
3485 5117 3490 5120 ’

1877 5239 1982 5276 non
2009 5203 2280 5293 optamus,
2310 5235 2494 5281 contra
2524 5226 2628 5282 hoc
2671 5236 2914 5282 nostrum
2945 5226 3281 5297 privilegium
3315 5227 3399 5295 pie
3423 5241 3442 5280 ε

1879 5317 2034 5372 nobis
2065 5327 2327 5372 statutum
2358 5307 2644 5374 temerario
2676 5335 2811 5374 ausu
2839 5334 2997 5391 agere
3033 5319 3440 5400 prmsuitipserit

1878 5409 2020 5464 sciat
2072 5426 2132 5465 se
2182 5411 2544 5466 anathematis
2589 5411 2817 5478 vinculis
2865 5412 3203 5477 innodatum,
3253 5419 3309 5465 et
3356 5408 3460 5464 nisi

1878 5499 2187 5571 resipuerit,
2236 5516 2266 5554 a
2313 5515 2481 5572 regno
2529 5501 2622 5556 Dei
2667 5501 2874 5557 alienus
2917 5502 3136 5557 existat.
3174 5499 3276 5566 Qui
3329 5513 3460 5553 vero

1875 5600 2057 5645 custos
2076 5600 2130 5646 et
2152 5591 2469 5645 observator
2491 5593 2780 5660 exstiterit,
2805 5593 3232 5648 benedictionem
3260 5598 3314 5644 et
3337 5604 3460 5661 gra-

1876 5681 2006 5736 tiam
2037 5695 2066 5735 a
2099 5681 2329 5738 Domino
2365 5693 2757 5753 consequatur.
2804 5685 3078 5754 Scriptum
3108 5698 3204 5754 per
3237 5694 3458 5736 manum

1875 5774 2050 5846 Sergii
2089 5775 2359 5830 scriniarii
2389 5785 2588 5831 sancte
2622 5775 2879 5830 Romame
2899 5776 3154 5833 Ecclesia:
3183 5775 3236 5831 in
3275 5786 3458 5830 mense

1875 5866 2116 5937 Octobri,
2147 5868 2438 5926 indictione
2466 5869 2655 5941 prima.
2685 5869 2827 5926 Bene
2852 5869 3044 5926 valete.
