  <div class='ocr_page' id='page_1' title='image "/cluster/home/n/w/nwhite01/storage/ocr_20150623/129/hvd.32044015471709/439.png"; bbox 0 0 3930 5544; ppageno 0'>
   <div class='ocr_carea' id='block_1_1' title="bbox 567 441 670 500">
    <p class='ocr_par' dir='ltr' id='par_1_1' title="bbox 567 441 670 500">
     <span class='ocr_line' id='line_1_1' title="bbox 567 441 670 500; baseline -0.058 0"><span class='ocrx_word' id='word_1_1' title='bbox 567 441 670 500; x_wconf 83' lang='grc'><strong>867</strong></span> 
     </span>
    </p>
   </div>
   <div class='ocr_carea' id='block_1_2' title="bbox 1386 431 2945 495">
    <p class='ocr_par' dir='ltr' id='par_1_2' title="bbox 1386 431 2945 495">
     <span class='ocr_line' id='line_1_2' title="bbox 1386 431 2945 495; baseline -0.001 -4"><span class='ocrx_word' id='word_1_2' title='bbox 1386 435 1872 494; x_wconf 72' lang='lat' dir='ltr'><strong>WULFIIARDUS</strong></span> <span class='ocrx_word' id='word_1_3' title='bbox 1903 431 2311 495; x_wconf 68' lang='lat' dir='ltr'><strong>PRESBYTER</strong></span> <span class='ocrx_word' id='word_1_4' title='bbox 2353 433 2945 493; x_wconf 79' lang='lat' dir='ltr'><strong>lI.~\SENRIETANUS.</strong></span> 
     </span>
    </p>
   </div>
   <div class='ocr_carea' id='block_1_3' title="bbox 579 621 3826 648">
    <p class='ocr_par' dir='ltr' id='par_1_3' title="bbox 579 621 3826 648">
     <span class='ocr_line' id='line_1_3' title="bbox 579 621 3826 648; baseline 0 -2"><span class='ocrx_word' id='word_1_5' title='bbox 579 621 3826 648; x_wconf 52' lang='lat' dir='ltr'><strong>Mm</strong></span> 
     </span>
    </p>
   </div>
   <div class='ocr_carea' id='block_1_4' title="bbox 1606 764 2826 851">
    <p class='ocr_par' dir='ltr' id='par_1_4' title="bbox 1606 764 2826 851">
     <span class='ocr_line' id='line_1_4' title="bbox 1606 764 2826 851; baseline -0.007 0"><span class='ocrx_word' id='word_1_6' title='bbox 1606 764 2235 851; x_wconf 79' lang='lat' dir='ltr'><strong>WOLFHAIIDI</strong></span> <span class='ocrx_word' id='word_1_7' title='bbox 2298 766 2826 844; x_wconf 69' lang='lat' dir='ltr'><strong>PIUEFATIO</strong></span> 
     </span>
    </p>
   </div>
   <div class='ocr_carea' id='block_1_5' title="bbox 1688 965 2749 1012">
    <p class='ocr_par' dir='ltr' id='par_1_5' title="bbox 1688 965 2749 1012">
     <span class='ocr_line' id='line_1_5' title="bbox 1688 965 2749 1012; baseline -0.003 -1"><span class='ocrx_word' id='word_1_8' title='bbox 1688 969 1767 1012; x_wconf 81' lang='grc' dir='ltr'><strong>ΔΙ)</strong></span> <span class='ocrx_word' id='word_1_9' title='bbox 1811 968 1975 1011; x_wconf 75' lang='lat' dir='ltr'><strong>ERCH</strong></span> <span class='ocrx_word' id='word_1_10' title='bbox 1986 966 2330 1010; x_wconf 63' lang='lat' dir='ltr'><strong>ANBOLDUM</strong></span> <span class='ocrx_word' id='word_1_11' title='bbox 2376 965 2749 1011; x_wconf 70' lang='lat' dir='ltr'><strong>EPISCOPUM.</strong></span> 
     </span>
    </p>
   </div>
   <div class='ocr_carea' id='block_1_6' title="bbox 643 1199 3834 1274">
    <p class='ocr_par' dir='ltr' id='par_1_6' title="bbox 643 1199 3834 1274">
     <span class='ocr_line' id='line_1_6' title="bbox 643 1199 3834 1274; baseline -0.001 -10"><span class='ocrx_word' id='word_1_12' title='bbox 643 1208 871 1266; x_wconf 91' lang='lat' dir='ltr'><strong>Domino</strong></span> <span class='ocrx_word' id='word_1_13' title='bbox 914 1205 1229 1262; x_wconf 87' lang='lat' dir='ltr'><strong>beatissimo</strong></span> <span class='ocrx_word' id='word_1_14' title='bbox 1278 1203 1494 1274; x_wconf 87' lang='lat' dir='ltr'><strong>Dcoque</strong></span> <span class='ocrx_word' id='word_1_15' title='bbox 1534 1219 1659 1259; x_wconf 79' lang='lat' dir='ltr'><strong>vere</strong></span> <span class='ocrx_word' id='word_1_16' title='bbox 1705 1205 2020 1273; x_wconf 81' lang='lat' dir='ltr'><strong>dignissimo</strong></span> <span class='ocrx_word' id='word_1_17' title='bbox 2051 1203 2155 1258; x_wconf 81' lang='lat' dir='ltr'><strong>En-</strong></span> <span class='ocrx_word' id='word_1_18' title='bbox 2188 1209 2231 1267; x_wconf 82' lang='grc' dir='ltr'>Α</span> <span class='ocrx_word' id='word_1_19' title='bbox 2259 1201 2397 1256; x_wconf 74' lang='lat' dir='ltr'><strong>rilim</strong></span> <span class='ocrx_word' id='word_1_20' title='bbox 2435 1201 2749 1256; x_wconf 78' lang='lat' dir='ltr'><strong>infirmitate</strong></span> <span class='ocrx_word' id='word_1_21' title='bbox 2777 1199 3085 1272; x_wconf 89' lang='lat' dir='ltr'><strong>languesco,</strong></span> <span class='ocrx_word' id='word_1_22' title='bbox 3116 1199 3240 1256; x_wconf 87' lang='lat' dir='ltr'><strong>inde</strong></span> <span class='ocrx_word' id='word_1_23' title='bbox 3273 1201 3649 1270; x_wconf 87' lang='lat' dir='ltr'><strong>imbecillitati,</strong></span> <span class='ocrx_word' id='word_1_24' title='bbox 3679 1217 3834 1260; x_wconf 80' lang='lat' dir='ltr'><strong>necne</strong></span> 
     </span>
    </p>
   </div>
   <div class='ocr_carea' id='block_1_7' title="bbox 572 1295 2160 1369">
    <p class='ocr_par' dir='ltr' id='par_1_7' title="bbox 572 1295 2160 1369">
     <span class='ocr_line' id='line_1_7' title="bbox 572 1295 2160 1369; baseline -0.006 -12"><span class='ocrx_word' id='word_1_25' title='bbox 572 1315 883 1357; x_wconf 67' lang='lat' dir='ltr'><strong>cnaunonno</strong></span> <span class='ocrx_word' id='word_1_26' title='bbox 912 1297 1173 1369; x_wconf 83' lang='lat' dir='ltr'><strong>pontiﬁci,</strong></span> <span class='ocrx_word' id='word_1_27' title='bbox 1202 1295 1583 1351; x_wconf 69' lang='lat' dir='ltr'><strong>Worruannus</strong></span> <span class='ocrx_word' id='word_1_28' title='bbox 1613 1297 1899 1366; x_wconf 80' lang='lat' dir='ltr'><strong>presbyter</strong></span> <span class='ocrx_word' id='word_1_29' title='bbox 1929 1311 2081 1359; x_wconf 80' lang='lat' dir='ltr'><strong>suus,</strong></span> <span class='ocrx_word' id='word_1_30' title='bbox 2107 1295 2160 1349; x_wconf 92' lang='lat' dir='ltr'><strong>in</strong></span> 
     </span>
    </p>
   </div>
   <div class='ocr_carea' id='block_1_8' title="bbox 576 1385 2165 1462">
    <p class='ocr_par' dir='ltr' id='par_1_8' title="bbox 576 1385 2165 1462">
     <span class='ocr_line' id='line_1_8' title="bbox 576 1385 2165 1462; baseline -0.004 -16"><span class='ocrx_word' id='word_1_31' title='bbox 576 1393 695 1462; x_wconf 87' lang='lat' dir='ltr'><strong>ipso</strong></span> <span class='ocrx_word' id='word_1_32' title='bbox 721 1391 812 1462; x_wconf 90' lang='lat' dir='ltr'><strong>qui</strong></span> <span class='ocrx_word' id='word_1_33' title='bbox 848 1401 930 1444; x_wconf 84' lang='lat' dir='ltr'><strong>eSt</strong></span> <span class='ocrx_word' id='word_1_34' title='bbox 959 1404 1043 1442; x_wconf 82' lang='lat' dir='ltr'><strong>vta</strong></span> <span class='ocrx_word' id='word_1_35' title='bbox 1069 1397 1124 1442; x_wconf 90' lang='lat' dir='ltr'><strong>et</strong></span> <span class='ocrx_word' id='word_1_36' title='bbox 1149 1387 1351 1441; x_wconf 79' lang='lat' dir='ltr'><strong>veritas</strong></span> <span class='ocrx_word' id='word_1_37' title='bbox 1371 1394 1425 1440; x_wconf 92' lang='lat' dir='ltr'><strong>et</strong></span> <span class='ocrx_word' id='word_1_38' title='bbox 1451 1385 1577 1450; x_wconf 91' lang='lat' dir='ltr'><strong>vita,</strong></span> <span class='ocrx_word' id='word_1_39' title='bbox 1612 1385 1773 1450; x_wconf 89' lang='lat' dir='ltr'><strong>viam,</strong></span> <span class='ocrx_word' id='word_1_40' title='bbox 1798 1386 2080 1440; x_wconf 78' lang='lat' dir='ltr'><strong>veritatem</strong></span> <span class='ocrx_word' id='word_1_41' title='bbox 2110 1394 2165 1440; x_wconf 90' lang='lat' dir='ltr'><strong>et</strong></span> 
     </span>
    </p>
   </div>
   <div class='ocr_carea' id='block_1_9' title="bbox 576 1480 1294 1553">
    <p class='ocr_par' dir='ltr' id='par_1_9' title="bbox 576 1480 1294 1553">
     <span class='ocr_line' id='line_1_9' title="bbox 576 1480 1294 1553; baseline -0.004 -17"><span class='ocrx_word' id='word_1_42' title='bbox 576 1484 742 1538; x_wconf 77' lang='lat' dir='ltr'><strong>vitam</strong></span> <span class='ocrx_word' id='word_1_43' title='bbox 773 1481 1010 1553; x_wconf 88' lang='lat' dir='ltr'><strong>deposcit</strong></span> <span class='ocrx_word' id='word_1_44' title='bbox 1031 1480 1294 1535; x_wconf 89' lang='lat' dir='ltr'><strong>invenire.</strong></span> 
     </span>
    </p>
   </div>
   <div class='ocr_carea' id='block_1_10' title="bbox 648 1569 2168 1646">
    <p class='ocr_par' dir='ltr' id='par_1_10' title="bbox 648 1569 2168 1646">
     <span class='ocr_line' id='line_1_10' title="bbox 648 1569 2168 1646; baseline -0.005 -16"><span class='ocrx_word' id='word_1_45' title='bbox 648 1575 832 1646; x_wconf 75' lang='lat' dir='ltr'><strong>Exigis</strong></span> <span class='ocrx_word' id='word_1_46' title='bbox 884 1590 915 1628; x_wconf 91' lang='lat' dir='ltr'><strong>a</strong></span> <span class='ocrx_word' id='word_1_47' title='bbox 961 1587 1067 1637; x_wconf 87' lang='lat' dir='ltr'><strong>me,</strong></span> <span class='ocrx_word' id='word_1_48' title='bbox 1116 1571 1279 1627; x_wconf 83' lang='lat' dir='ltr'><strong>Pater</strong></span> <span class='ocrx_word' id='word_1_49' title='bbox 1325 1586 1421 1641; x_wconf 90' lang='lat' dir='ltr'><strong>per</strong></span> <span class='ocrx_word' id='word_1_50' title='bbox 1470 1570 1666 1626; x_wconf 60' lang='lat' dir='ltr'><strong>sa&#39;cula</strong></span> <span class='ocrx_word' id='word_1_51' title='bbox 1718 1569 2067 1627; x_wconf 82' lang='lat' dir='ltr'><strong>memorande</strong></span> <span class='ocrx_word' id='word_1_52' title='bbox 2113 1576 2168 1624; x_wconf 84' lang='lat' dir='ltr'><strong>et</strong></span> 
     </span>
    </p>
   </div>
   <div class='ocr_carea' id='block_1_11' title="bbox 575 1662 2166 1737">
    <p class='ocr_par' dir='ltr' id='par_1_11' title="bbox 575 1662 2166 1737">
     <span class='ocr_line' id='line_1_11' title="bbox 575 1662 2166 1737; baseline -0.003 -17"><span class='ocrx_word' id='word_1_53' title='bbox 575 1665 775 1737; x_wconf 67' lang='lat' dir='ltr'><strong>praesul</strong></span> <span class='ocrx_word' id='word_1_54' title='bbox 813 1663 1125 1720; x_wconf 89' lang='lat' dir='ltr'><strong>nominatus</strong></span> <span class='ocrx_word' id='word_1_55' title='bbox 1155 1662 1205 1716; x_wconf 90' lang='lat' dir='ltr'><strong>in</strong></span> <span class='ocrx_word' id='word_1_56' title='bbox 1249 1662 1400 1726; x_wconf 87' lang='lat' dir='ltr'><strong>urbe,</strong></span> <span class='ocrx_word' id='word_1_57' title='bbox 1427 1671 1488 1716; x_wconf 90' lang='lat' dir='ltr'><strong>ut</strong></span> <span class='ocrx_word' id='word_1_58' title='bbox 1531 1662 1684 1732; x_wconf 87' lang='lat' dir='ltr'><strong>signa</strong></span> <span class='ocrx_word' id='word_1_59' title='bbox 1713 1672 1876 1732; x_wconf 90' lang='lat' dir='ltr'><strong>atque</strong></span> <span class='ocrx_word' id='word_1_60' title='bbox 1914 1669 2166 1732; x_wconf 88' lang='lat' dir='ltr'><strong>portenta</strong></span> 
     </span>
    </p>
   </div>
   <div class='ocr_carea' id='block_1_12' title="bbox 579 1751 2171 1826">
    <p class='ocr_par' dir='ltr' id='par_1_12' title="bbox 579 1751 2171 1826">
     <span class='ocr_line' id='line_1_12' title="bbox 579 1751 2171 1826; baseline -0.002 -18"><span class='ocrx_word' id='word_1_61' title='bbox 579 1772 700 1826; x_wconf 75' lang='lat' dir='ltr'><strong>qua:</strong></span> <span class='ocrx_word' id='word_1_62' title='bbox 724 1771 822 1824; x_wconf 89' lang='lat' dir='ltr'><strong>per</strong></span> <span class='ocrx_word' id='word_1_63' title='bbox 841 1753 1266 1825; x_wconf 89' lang='lat' dir='ltr'><strong>opinatissimam</strong></span> <span class='ocrx_word' id='word_1_64' title='bbox 1297 1768 1437 1806; x_wconf 92' lang='lat' dir='ltr'><strong>nunc</strong></span> <span class='ocrx_word' id='word_1_65' title='bbox 1475 1753 1526 1806; x_wconf 92' lang='lat' dir='ltr'><strong>in</strong></span> <span class='ocrx_word' id='word_1_66' title='bbox 1555 1753 1752 1806; x_wconf 73' lang='lat' dir='ltr'><strong>smculo</strong></span> <span class='ocrx_word' id='word_1_67' title='bbox 1778 1753 1978 1808; x_wconf 82' lang='lat' dir='ltr'><strong>Christi</strong></span> <span class='ocrx_word' id='word_1_68' title='bbox 2006 1751 2171 1822; x_wconf 80' lang='lat' dir='ltr'><strong>virgi-</strong></span> 
     </span>
    </p>
   </div>
   <div class='ocr_carea' id='block_1_13' title="bbox 581 1843 2171 1915">
    <p class='ocr_par' dir='ltr' id='par_1_13' title="bbox 581 1843 2171 1915">
     <span class='ocr_line' id='line_1_13' title="bbox 581 1843 2171 1915; baseline -0.003 -14"><span class='ocrx_word' id='word_1_69' title='bbox 581 1861 704 1901; x_wconf 91' lang='lat' dir='ltr'><strong>nem</strong></span> <span class='ocrx_word' id='word_1_70' title='bbox 731 1844 1083 1915; x_wconf 83' lang='lat' dir='ltr'><strong>Walpurgam</strong></span> <span class='ocrx_word' id='word_1_71' title='bbox 1124 1844 1328 1910; x_wconf 75' lang='lat' dir='ltr'><strong>nostris</strong></span> <span class='ocrx_word' id='word_1_72' title='bbox 1375 1843 1705 1913; x_wconf 86' lang='lat' dir='ltr'><strong>temporibus</strong></span> <span class='ocrx_word' id='word_1_73' title='bbox 1748 1843 1928 1898; x_wconf 88' lang='lat' dir='ltr'><strong>divina</strong></span> <span class='ocrx_word' id='word_1_74' title='bbox 1965 1843 2171 1912; x_wconf 84' lang='lat' dir='ltr'><strong>peregit</strong></span> 
     </span>
    </p>
   </div>
   <div class='ocr_carea' id='block_1_14' title="bbox 581 1934 2171 2006">
    <p class='ocr_par' dir='ltr' id='par_1_14' title="bbox 581 1934 2171 2006">
     <span class='ocr_line' id='line_1_14' title="bbox 581 1934 2171 2006; baseline -0.004 -13"><span class='ocrx_word' id='word_1_75' title='bbox 581 1937 888 2004; x_wconf 89' lang='lat' dir='ltr'><strong>clementia,</strong></span> <span class='ocrx_word' id='word_1_76' title='bbox 933 1951 1064 1991; x_wconf 87' lang='lat' dir='ltr'><strong>cura</strong></span> <span class='ocrx_word' id='word_1_77' title='bbox 1117 1934 1529 2004; x_wconf 79' lang='lat' dir='ltr'><strong>diligentissime</strong></span> <span class='ocrx_word' id='word_1_78' title='bbox 1559 1935 1807 2006; x_wconf 79' lang='lat' dir='ltr'><strong>indagata</strong></span> <span class='ocrx_word' id='word_1_79' title='bbox 1858 1934 1924 1988; x_wconf 90' lang='lat' dir='ltr'><strong>ad</strong></span> <span class='ocrx_word' id='word_1_80' title='bbox 1959 1934 2171 1988; x_wconf 89' lang='lat' dir='ltr'><strong>laudem</strong></span> 
     </span>
    </p>
   </div>
   <div class='ocr_carea' id='block_1_15' title="bbox 581 2023 2172 2089">
    <p class='ocr_par' dir='ltr' id='par_1_15' title="bbox 581 2023 2172 2089">
     <span class='ocr_line' id='line_1_15' title="bbox 581 2023 2172 2089; baseline -0.004 -6"><span class='ocrx_word' id='word_1_81' title='bbox 581 2037 636 2084; x_wconf 91' lang='lat' dir='ltr'><strong>et</strong></span> <span class='ocrx_word' id='word_1_82' title='bbox 681 2041 875 2083; x_wconf 88' lang='lat' dir='ltr'><strong>nomen</strong></span> <span class='ocrx_word' id='word_1_83' title='bbox 907 2025 1131 2080; x_wconf 70' lang='lat' dir='ltr'><strong>virilicze</strong></span> <span class='ocrx_word' id='word_1_84' title='bbox 1174 2023 1474 2089; x_wconf 83' lang='lat' dir='ltr'><strong>Trinitatis,</strong></span> <span class='ocrx_word' id='word_1_85' title='bbox 1507 2039 1715 2079; x_wconf 90' lang='lat' dir='ltr'><strong>necnon</strong></span> <span class='ocrx_word' id='word_1_86' title='bbox 1749 2024 1815 2078; x_wconf 91' lang='lat' dir='ltr'><strong>ad</strong></span> <span class='ocrx_word' id='word_1_87' title='bbox 1855 2023 2172 2078; x_wconf 82' lang='lat' dir='ltr'><strong>excitandos</strong></span> 
     </span>
    </p>
   </div>
   <div class='ocr_carea' id='block_1_16' title="bbox 585 2116 2175 2188">
    <p class='ocr_par' dir='ltr' id='par_1_16' title="bbox 585 2116 2175 2188">
     <span class='ocr_line' id='line_1_16' title="bbox 585 2116 2175 2188; baseline -0.003 -13"><span class='ocrx_word' id='word_1_88' title='bbox 585 2121 794 2174; x_wconf 90' lang='lat' dir='ltr'><strong>animos</strong></span> <span class='ocrx_word' id='word_1_89' title='bbox 840 2118 1130 2174; x_wconf 66' lang='lat' dir='ltr'><strong>Dominicre</strong></span> <span class='ocrx_word' id='word_1_90' title='bbox 1174 2117 1384 2188; x_wconf 80' lang='lat' dir='ltr'><strong>plebis,</strong></span> <span class='ocrx_word' id='word_1_91' title='bbox 1441 2125 1601 2188; x_wconf 91' lang='lat' dir='ltr'><strong>prout</strong></span> <span class='ocrx_word' id='word_1_92' title='bbox 1646 2118 1834 2171; x_wconf 87' lang='lat' dir='ltr'><strong>eadem</strong></span> <span class='ocrx_word' id='word_1_93' title='bbox 1881 2116 2175 2172; x_wconf 84' lang='lat' dir='ltr'><strong>contulerit</strong></span> 
     </span>
    </p>
   </div>
   <div class='ocr_carea' id='block_1_17' title="bbox 585 2214 2174 2278">
    <p class='ocr_par' dir='ltr' id='par_1_17' title="bbox 585 2214 2174 2278">
     <span class='ocr_line' id='line_1_17' title="bbox 585 2214 2174 2278; baseline -0.004 -6"><span class='ocrx_word' id='word_1_94' title='bbox 585 2217 826 2273; x_wconf 89' lang='lat' dir='ltr'><strong>liberalis</strong></span> <span class='ocrx_word' id='word_1_95' title='bbox 852 2225 908 2271; x_wconf 86' lang='lat' dir='ltr'><strong>et</strong></span> <span class='ocrx_word' id='word_1_96' title='bbox 934 2215 1127 2272; x_wconf 84' lang='lat' dir='ltr'><strong>deiﬁca</strong></span> <span class='ocrx_word' id='word_1_97' title='bbox 1164 2214 1423 2278; x_wconf 86' lang='lat' dir='ltr'><strong>Trinitas,</strong></span> <span class='ocrx_word' id='word_1_98' title='bbox 1453 2214 1672 2269; x_wconf 90' lang='lat' dir='ltr'><strong>sedulus</strong></span> <span class='ocrx_word' id='word_1_99' title='bbox 1698 2215 1958 2269; x_wconf 87' lang='lat' dir='ltr'><strong>adnotare</strong></span> <span class='ocrx_word' id='word_1_100' title='bbox 1987 2214 2174 2268; x_wconf 88' lang='lat' dir='ltr'><strong>decer-</strong></span> 
     </span>
    </p>
   </div>
   <div class='ocr_carea' id='block_1_18' title="bbox 585 2304 2171 2377">
    <p class='ocr_par' dir='ltr' id='par_1_18' title="bbox 585 2304 2171 2377">
     <span class='ocr_line' id='line_1_18' title="bbox 585 2304 2171 2377; baseline -0.004 -13"><span class='ocrx_word' id='word_1_101' title='bbox 585 2319 714 2364; x_wconf 89' lang='lat' dir='ltr'><strong>tem.</strong></span> <span class='ocrx_word' id='word_1_102' title='bbox 745 2307 938 2363; x_wconf 80' lang='lat' dir='ltr'><strong>Gravis</strong></span> <span class='ocrx_word' id='word_1_103' title='bbox 973 2307 1239 2377; x_wconf 79' lang='lat' dir='ltr'><strong>siquidem</strong></span> <span class='ocrx_word' id='word_1_104' title='bbox 1271 2305 1422 2376; x_wconf 88' lang='lat' dir='ltr'><strong>gravi</strong></span> <span class='ocrx_word' id='word_1_105' title='bbox 1473 2304 1735 2361; x_wconf 88' lang='lat' dir='ltr'><strong>scelerum</strong></span> <span class='ocrx_word' id='word_1_106' title='bbox 1763 2305 2000 2374; x_wconf 91' lang='lat' dir='ltr'><strong>pondere</strong></span> <span class='ocrx_word' id='word_1_107' title='bbox 2033 2319 2171 2374; x_wconf 70' lang='lat' dir='ltr'><strong>pne-</strong></span> 
     </span>
    </p>
   </div>
   <div class='ocr_carea' id='block_1_19' title="bbox 583 2397 2171 2470">
    <p class='ocr_par' dir='ltr' id='par_1_19' title="bbox 583 2397 2171 2470">
     <span class='ocr_line' id='line_1_19' title="bbox 583 2397 2171 2470; baseline -0.003 -17"><span class='ocrx_word' id='word_1_108' title='bbox 583 2408 808 2470; x_wconf 87' lang='lat' dir='ltr'><strong>gravato</strong></span> <span class='ocrx_word' id='word_1_109' title='bbox 837 2415 866 2453; x_wconf 90' lang='lat' dir='ltr'><strong>a</strong></span> <span class='ocrx_word' id='word_1_110' title='bbox 914 2408 966 2453; x_wconf 88' lang='lat' dir='ltr'><strong>te</strong></span> <span class='ocrx_word' id='word_1_111' title='bbox 993 2397 1126 2452; x_wconf 80' lang='lat' dir='ltr'><strong>IIIIIII</strong></span> <span class='ocrx_word' id='word_1_112' title='bbox 1167 2397 1460 2468; x_wconf 89' lang='lat' dir='ltr'><strong>imponitur</strong></span> <span class='ocrx_word' id='word_1_113' title='bbox 1494 2397 1730 2461; x_wconf 90' lang='lat' dir='ltr'><strong>sarcina,</strong></span> <span class='ocrx_word' id='word_1_114' title='bbox 1758 2397 2012 2466; x_wconf 91' lang='lat' dir='ltr'><strong>quoniam</strong></span> <span class='ocrx_word' id='word_1_115' title='bbox 2046 2410 2171 2466; x_wconf 84' lang='lat' dir='ltr'><strong>pec-</strong></span> 
     </span>
    </p>
   </div>
   <div class='ocr_carea' id='block_1_20' title="bbox 583 2485 2169 2549">
    <p class='ocr_par' dir='ltr' id='par_1_20' title="bbox 583 2485 2169 2549">
     <span class='ocr_line' id='line_1_20' title="bbox 583 2485 2169 2549; baseline -0.004 -4"><span class='ocrx_word' id='word_1_116' title='bbox 583 2490 720 2545; x_wconf 85' lang='lat' dir='ltr'><strong>catis</strong></span> <span class='ocrx_word' id='word_1_117' title='bbox 748 2489 980 2544; x_wconf 82' lang='lat' dir='ltr'><strong>obnoxio</strong></span> <span class='ocrx_word' id='word_1_118' title='bbox 1026 2486 1355 2543; x_wconf 83' lang='lat' dir='ltr'><strong>horrendum</strong></span> <span class='ocrx_word' id='word_1_119' title='bbox 1385 2495 1471 2542; x_wconf 89' lang='lat' dir='ltr'><strong>est</strong></span> <span class='ocrx_word' id='word_1_120' title='bbox 1502 2495 1737 2542; x_wconf 86' lang='lat' dir='ltr'><strong>tractare</strong></span> <span class='ocrx_word' id='word_1_121' title='bbox 1780 2487 1846 2542; x_wconf 90' lang='lat' dir='ltr'><strong>de</strong></span> <span class='ocrx_word' id='word_1_122' title='bbox 1893 2485 2083 2549; x_wconf 90' lang='lat' dir='ltr'><strong>sacris,</strong></span> <span class='ocrx_word' id='word_1_123' title='bbox 2117 2493 2169 2540; x_wconf 88' lang='lat' dir='ltr'><strong>et</strong></span> 
     </span>
    </p>
   </div>
   <div class='ocr_carea' id='block_1_21' title="bbox 2265 1293 3832 1368">
    <p class='ocr_par' dir='ltr' id='par_1_21' title="bbox 2265 1293 3832 1368">
     <span class='ocr_line' id='line_1_21' title="bbox 2265 1293 3832 1368; baseline 0.001 -19"><span class='ocrx_word' id='word_1_124' title='bbox 2265 1293 2672 1363; x_wconf 89' lang='lat' dir='ltr'><strong>scrupulositati</strong></span> <span class='ocrx_word' id='word_1_125' title='bbox 2723 1307 2855 1347; x_wconf 74' lang='lat' dir='ltr'><strong>mea:</strong></span> <span class='ocrx_word' id='word_1_126' title='bbox 2882 1293 3026 1348; x_wconf 88' lang='lat' dir='ltr'><strong>vires</strong></span> <span class='ocrx_word' id='word_1_127' title='bbox 3065 1293 3206 1349; x_wconf 86' lang='lat' dir='ltr'><strong>haud</strong></span> <span class='ocrx_word' id='word_1_128' title='bbox 3231 1295 3505 1364; x_wconf 88' lang='lat' dir='ltr'><strong>proprias,</strong></span> <span class='ocrx_word' id='word_1_129' title='bbox 3557 1295 3651 1350; x_wconf 85' lang='lat' dir='ltr'><strong>sed</strong></span> <span class='ocrx_word' id='word_1_130' title='bbox 3675 1296 3832 1368; x_wconf 75' lang='lat' dir='ltr'><strong>olym-</strong></span> 
     </span>
    </p>
   </div>
   <div class='ocr_carea' id='block_1_22' title="bbox 2263 1382 3834 1459">
    <p class='ocr_par' dir='ltr' id='par_1_22' title="bbox 2263 1382 3834 1459">
     <span class='ocr_line' id='line_1_22' title="bbox 2263 1382 3834 1459; baseline 0.001 -20"><span class='ocrx_word' id='word_1_131' title='bbox 2263 1386 2449 1456; x_wconf 88' lang='lat' dir='ltr'><strong>piacas</strong></span> <span class='ocrx_word' id='word_1_132' title='bbox 2493 1382 2711 1453; x_wconf 87' lang='lat' dir='ltr'><strong>objicio.</strong></span> <span class='ocrx_word' id='word_1_133' title='bbox 2760 1384 2988 1448; x_wconf 84' lang='lat' dir='ltr'><strong>Rursus,</strong></span> <span class='ocrx_word' id='word_1_134' title='bbox 3043 1387 3086 1440; x_wconf 87' lang='lat' dir='ltr'><strong>si</strong></span> <span class='ocrx_word' id='word_1_135' title='bbox 3129 1386 3372 1458; x_wconf 84' lang='lat' dir='ltr'><strong>aggredi,</strong></span> <span class='ocrx_word' id='word_1_136' title='bbox 3421 1385 3549 1440; x_wconf 87' lang='lat' dir='ltr'><strong>licet</strong></span> <span class='ocrx_word' id='word_1_137' title='bbox 3592 1388 3834 1459; x_wconf 86' lang='lat' dir='ltr'><strong>trepidus,</strong></span> 
     </span>
    </p>
   </div>
   <div class='ocr_carea' id='block_1_23' title="bbox 2265 1477 3836 1550">
    <p class='ocr_par' dir='ltr' id='par_1_23' title="bbox 2265 1477 3836 1550">
     <span class='ocr_line' id='line_1_23' title="bbox 2265 1477 3836 1550; baseline 0.001 -18"><span class='ocrx_word' id='word_1_138' title='bbox 2265 1486 2686 1550; x_wconf 85' lang='lat' dir='ltr'><strong>pertentavero,</strong></span> <span class='ocrx_word' id='word_1_139' title='bbox 2743 1490 2810 1532; x_wconf 88' lang='lat' dir='ltr'><strong>ne</strong></span> <span class='ocrx_word' id='word_1_140' title='bbox 2853 1492 2884 1531; x_wconf 88' lang='lat' dir='ltr'><strong>a</strong></span> <span class='ocrx_word' id='word_1_141' title='bbox 2949 1477 3152 1533; x_wconf 85' lang='lat' dir='ltr'><strong>lectore</strong></span> <span class='ocrx_word' id='word_1_142' title='bbox 3212 1477 3613 1548; x_wconf 86' lang='lat' dir='ltr'><strong>philocompica</strong></span> <span class='ocrx_word' id='word_1_143' title='bbox 3649 1491 3672 1519; x_wconf 74' lang='grc' dir='ltr'>ι</span> <span class='ocrx_word' id='word_1_144' title='bbox 3702 1489 3836 1534; x_wconf 73' lang='lat' dir='ltr'><strong>notet</strong></span> 
     </span>
    </p>
   </div>
   <div class='ocr_carea' id='block_1_24' title="bbox 2267 1569 3835 1642">
    <p class='ocr_par' dir='ltr' id='par_1_24' title="bbox 2267 1569 3835 1642">
     <span class='ocr_line' id='line_1_24' title="bbox 2267 1569 3835 1642; baseline 0.001 -16"><span class='ocrx_word' id='word_1_145' title='bbox 2267 1571 2514 1634; x_wconf 75' lang='lat' dir='ltr'><strong>infamia,</strong></span> <span class='ocrx_word' id='word_1_146' title='bbox 2545 1571 2924 1642; x_wconf 86' lang='lat' dir='ltr'><strong>perhorresco.</strong></span> <span class='ocrx_word' id='word_1_147' title='bbox 2970 1570 3095 1626; x_wconf 92' lang='lat' dir='ltr'><strong>dum</strong></span> <span class='ocrx_word' id='word_1_148' title='bbox 3134 1569 3352 1626; x_wconf 90' lang='lat' dir='ltr'><strong>omissis</strong></span> <span class='ocrx_word' id='word_1_149' title='bbox 3379 1571 3765 1642; x_wconf 66' lang='lat' dir='ltr'><strong>philosophias</strong></span> <span class='ocrx_word' id='word_1_150' title='bbox 3789 1589 3835 1627; x_wconf 82' lang='lat' dir='ltr'><strong>ac</strong></span> 
     </span>
    </p>
   </div>
   <div class='ocr_carea' id='block_1_25' title="bbox 2268 1661 3836 1734">
    <p class='ocr_par' dir='ltr' id='par_1_25' title="bbox 2268 1661 3836 1734">
     <span class='ocr_line' id='line_1_25' title="bbox 2268 1661 3836 1734; baseline 0.001 -17"><span class='ocrx_word' id='word_1_151' title='bbox 2268 1661 2541 1734; x_wconf 70' lang='lat' dir='ltr'><strong>pneclarre</strong></span> <span class='ocrx_word' id='word_1_152' title='bbox 2576 1661 2771 1718; x_wconf 86' lang='lat' dir='ltr'><strong>indolis</strong></span> <span class='ocrx_word' id='word_1_153' title='bbox 2808 1661 2939 1716; x_wconf 85' lang='lat' dir='ltr'><strong>viris</strong></span> <span class='ocrx_word' id='word_1_154' title='bbox 2962 1661 3054 1732; x_wconf 90' lang='lat' dir='ltr'><strong>qui</strong></span> <span class='ocrx_word' id='word_1_155' title='bbox 3085 1661 3138 1716; x_wconf 92' lang='lat' dir='ltr'><strong>in</strong></span> <span class='ocrx_word' id='word_1_156' title='bbox 3190 1661 3493 1733; x_wconf 84' lang='lat' dir='ltr'><strong>prophetiis</strong></span> <span class='ocrx_word' id='word_1_157' title='bbox 3531 1662 3722 1718; x_wconf 81' lang='lat' dir='ltr'><strong>calami</strong></span> <span class='ocrx_word' id='word_1_158' title='bbox 3760 1679 3836 1717; x_wconf 86' lang='lat' dir='ltr'><strong>no-</strong></span> 
     </span>
    </p>
   </div>
   <div class='ocr_carea' id='block_1_26' title="bbox 2270 1753 3834 1825">
    <p class='ocr_par' dir='ltr' id='par_1_26' title="bbox 2270 1753 3834 1825">
     <span class='ocr_line' id='line_1_26' title="bbox 2270 1753 3834 1825; baseline -0.001 -16"><span class='ocrx_word' id='word_1_159' title='bbox 2270 1755 2416 1809; x_wconf 89' lang='lat' dir='ltr'><strong>mine</strong></span> <span class='ocrx_word' id='word_1_160' title='bbox 2455 1753 2828 1825; x_wconf 85' lang='lat' dir='ltr'><strong>designantur,</strong></span> <span class='ocrx_word' id='word_1_161' title='bbox 2857 1768 2957 1824; x_wconf 84' lang='lat' dir='ltr'><strong>ego</strong></span> <span class='ocrx_word' id='word_1_162' title='bbox 2997 1754 3087 1824; x_wconf 89' lang='lat' dir='ltr'><strong>qui</strong></span> <span class='ocrx_word' id='word_1_163' title='bbox 3121 1769 3221 1809; x_wconf 88' lang='lat' dir='ltr'><strong>nec</strong></span> <span class='ocrx_word' id='word_1_164' title='bbox 3254 1754 3444 1809; x_wconf 85' lang='lat' dir='ltr'><strong>viridis</strong></span> <span class='ocrx_word' id='word_1_165' title='bbox 3463 1753 3616 1824; x_wconf 85' lang='lat' dir='ltr'><strong>junci</strong></span> <span class='ocrx_word' id='word_1_166' title='bbox 3655 1757 3834 1810; x_wconf 79' lang='lat' dir='ltr'><strong>extimo</strong></span> 
     </span>
    </p>
   </div>
   <div class='ocr_carea' id='block_1_27' title="bbox 2269 1845 3835 1918">
    <p class='ocr_par' dir='ltr' id='par_1_27' title="bbox 2269 1845 3835 1918">
     <span class='ocr_line' id='line_1_27' title="bbox 2269 1845 3835 1918; baseline 0 -16"><span class='ocrx_word' id='word_1_167' title='bbox 2269 1845 2532 1902; x_wconf 88' lang='lat' dir='ltr'><strong>vocabulo</strong></span> <span class='ocrx_word' id='word_1_168' title='bbox 2583 1861 2798 1900; x_wconf 91' lang='lat' dir='ltr'><strong>mereor</strong></span> <span class='ocrx_word' id='word_1_169' title='bbox 2847 1845 3071 1912; x_wconf 89' lang='lat' dir='ltr'><strong>titulari,</strong></span> <span class='ocrx_word' id='word_1_170' title='bbox 3128 1847 3400 1916; x_wconf 87' lang='lat' dir='ltr'><strong>incompte</strong></span> <span class='ocrx_word' id='word_1_171' title='bbox 3449 1849 3679 1902; x_wconf 86' lang='lat' dir='ltr'><strong>arduum</strong></span> <span class='ocrx_word' id='word_1_172' title='bbox 3723 1863 3835 1918; x_wconf 77' lang='lat' dir='ltr'><strong>Opus</strong></span> 
     </span>
    </p>
   </div>
   <div class='ocr_carea' id='block_1_28' title="bbox 2271 1938 3831 2010">
    <p class='ocr_par' dir='ltr' id='par_1_28' title="bbox 2271 1938 3831 2010">
     <span class='ocr_line' id='line_1_28' title="bbox 2271 1938 3831 2010; baseline -0.001 -17"><span class='ocrx_word' id='word_1_173' title='bbox 2271 1938 2526 1993; x_wconf 80' lang='lat' dir='ltr'><strong>exordiar</strong></span> <span class='ocrx_word' id='word_1_174' title='bbox 2575 1938 2746 2009; x_wconf 85' lang='lat' dir='ltr'><strong>stylo;</strong></span> <span class='ocrx_word' id='word_1_175' title='bbox 2803 1948 2858 1992; x_wconf 91' lang='lat' dir='ltr'><strong>et</strong></span> <span class='ocrx_word' id='word_1_176' title='bbox 2911 1938 3038 1993; x_wconf 86' lang='lat' dir='ltr'><strong>dum</strong></span> <span class='ocrx_word' id='word_1_177' title='bbox 3095 1939 3452 1994; x_wconf 87' lang='lat' dir='ltr'><strong>mundialium</strong></span> <span class='ocrx_word' id='word_1_178' title='bbox 3504 1939 3831 2010; x_wconf 83' lang='lat' dir='ltr'><strong>plurimorum</strong></span> 
     </span>
    </p>
   </div>
   <div class='ocr_carea' id='block_1_29' title="bbox 2273 2030 3835 2100">
    <p class='ocr_par' dir='ltr' id='par_1_29' title="bbox 2273 2030 3835 2100">
     <span class='ocr_line' id='line_1_29' title="bbox 2273 2030 3835 2100; baseline 0 -14"><span class='ocrx_word' id='word_1_179' title='bbox 2273 2030 2536 2086; x_wconf 87' lang='lat' dir='ltr'><strong>indomita</strong></span> <span class='ocrx_word' id='word_1_180' title='bbox 2579 2032 2832 2100; x_wconf 79' lang='lat' dir='ltr'><strong>superbia</strong></span> <span class='ocrx_word' id='word_1_181' title='bbox 2889 2046 3008 2100; x_wconf 76' lang='lat' dir='ltr'><strong>qua:</strong></span> <span class='ocrx_word' id='word_1_182' title='bbox 3057 2043 3371 2086; x_wconf 90' lang='lat' dir='ltr'><strong>sanctorum</strong></span> <span class='ocrx_word' id='word_1_183' title='bbox 3417 2032 3540 2088; x_wconf 83' lang='lat' dir='ltr'><strong>vias</strong></span> <span class='ocrx_word' id='word_1_184' title='bbox 3591 2048 3654 2088; x_wconf 85' lang='lat' dir='ltr'><strong>ac</strong></span> <span class='ocrx_word' id='word_1_185' title='bbox 3707 2033 3835 2086; x_wconf 70' lang='lat' dir='ltr'><strong>Vitas</strong></span> 
     </span>
    </p>
   </div>
   <div class='ocr_carea' id='block_1_30' title="bbox 2273 2120 3835 2192">
    <p class='ocr_par' dir='ltr' id='par_1_30' title="bbox 2273 2120 3835 2192">
     <span class='ocr_line' id='line_1_30' title="bbox 2273 2120 3835 2192; baseline 0 -14"><span class='ocrx_word' id='word_1_186' title='bbox 2273 2122 2421 2178; x_wconf 88' lang='lat' dir='ltr'><strong>calce</strong></span> <span class='ocrx_word' id='word_1_187' title='bbox 2445 2121 2672 2192; x_wconf 89' lang='lat' dir='ltr'><strong>proterit</strong></span> <span class='ocrx_word' id='word_1_188' title='bbox 2699 2120 2988 2192; x_wconf 89' lang='lat' dir='ltr'><strong>petulanti,</strong></span> <span class='ocrx_word' id='word_1_189' title='bbox 3010 2129 3066 2176; x_wconf 91' lang='lat' dir='ltr'><strong>et</strong></span> <span class='ocrx_word' id='word_1_190' title='bbox 3094 2121 3231 2176; x_wconf 90' lang='lat' dir='ltr'><strong>mira</strong></span> <span class='ocrx_word' id='word_1_191' title='bbox 3257 2137 3448 2177; x_wconf 88' lang='lat' dir='ltr'><strong>eorum</strong></span> <span class='ocrx_word' id='word_1_192' title='bbox 3479 2121 3529 2176; x_wconf 91' lang='lat' dir='ltr'><strong>si</strong></span> <span class='ocrx_word' id='word_1_193' title='bbox 3551 2137 3659 2192; x_wconf 83' lang='lat' dir='ltr'><strong>qna</strong></span> <span class='ocrx_word' id='word_1_194' title='bbox 3677 2123 3835 2178; x_wconf 70' lang='lat' dir='ltr'><strong>audie-</strong></span> 
     </span>
    </p>
   </div>
   <div class='ocr_carea' id='block_1_31' title="bbox 2273 2212 3832 2285">
    <p class='ocr_par' dir='ltr' id='par_1_31' title="bbox 2273 2212 3832 2285">
     <span class='ocr_line' id='line_1_31' title="bbox 2273 2212 3832 2285; baseline -0.002 -17"><span class='ocrx_word' id='word_1_195' title='bbox 2273 2213 2368 2279; x_wconf 88' lang='lat' dir='ltr'><strong>rit,</strong></span> <span class='ocrx_word' id='word_1_196' title='bbox 2397 2212 2708 2285; x_wconf 90' lang='lat' dir='ltr'><strong>pediculosa</strong></span> <span class='ocrx_word' id='word_1_197' title='bbox 2750 2228 2882 2268; x_wconf 88' lang='lat' dir='ltr'><strong>aure</strong></span> <span class='ocrx_word' id='word_1_198' title='bbox 2931 2212 3183 2283; x_wconf 87' lang='lat' dir='ltr'><strong>percipit,</strong></span> <span class='ocrx_word' id='word_1_199' title='bbox 3228 2212 3460 2268; x_wconf 88' lang='lat' dir='ltr'><strong>audiens</strong></span> <span class='ocrx_word' id='word_1_200' title='bbox 3490 2227 3580 2268; x_wconf 86' lang='lat' dir='ltr'><strong>me</strong></span> <span class='ocrx_word' id='word_1_201' title='bbox 3624 2213 3832 2267; x_wconf 78' lang='lat' dir='ltr'><strong>inaudita</strong></span> 
     </span>
    </p>
   </div>
   <div class='ocr_carea' id='block_1_32' title="bbox 2273 2300 3832 2373">
    <p class='ocr_par' dir='ltr' id='par_1_32' title="bbox 2273 2300 3832 2373">
     <span class='ocr_line' id='line_1_32' title="bbox 2273 2300 3832 2373; baseline -0.003 -14"><span class='ocrx_word' id='word_1_202' title='bbox 2273 2312 2330 2359; x_wconf 92' lang='lat' dir='ltr'><strong>et</strong></span> <span class='ocrx_word' id='word_1_203' title='bbox 2378 2313 2559 2358; x_wconf 90' lang='lat' dir='ltr'><strong>tamen</strong></span> <span class='ocrx_word' id='word_1_204' title='bbox 2599 2303 2948 2358; x_wconf 85' lang='lat' dir='ltr'><strong>veracissima</strong></span> <span class='ocrx_word' id='word_1_205' title='bbox 2993 2303 3046 2357; x_wconf 89' lang='lat' dir='ltr'><strong>in</strong></span> <span class='ocrx_word' id='word_1_206' title='bbox 3087 2301 3269 2373; x_wconf 86' lang='lat' dir='ltr'><strong>patuio</strong></span> <span class='ocrx_word' id='word_1_207' title='bbox 3308 2300 3560 2372; x_wconf 86' lang='lat' dir='ltr'><strong>proferre</strong></span> <span class='ocrx_word' id='word_1_208' title='bbox 3599 2301 3832 2373; x_wconf 78' lang='lat' dir='ltr'><strong>prodigia,</strong></span> 
     </span>
    </p>
   </div>
   <div class='ocr_carea' id='block_1_33' title="bbox 2275 2392 3832 2463">
    <p class='ocr_par' dir='ltr' id='par_1_33' title="bbox 2275 2392 3832 2463">
     <span class='ocr_line' id='line_1_33' title="bbox 2275 2392 3832 2463; baseline -0.002 -14"><span class='ocrx_word' id='word_1_209' title='bbox 2275 2393 2470 2449; x_wconf 90' lang='lat' dir='ltr'><strong>canino</strong></span> <span class='ocrx_word' id='word_1_210' title='bbox 2512 2394 2736 2463; x_wconf 84' lang='lat' dir='ltr'><strong>incipiat</strong></span> <span class='ocrx_word' id='word_1_211' title='bbox 2774 2393 2936 2448; x_wconf 89' lang='lat' dir='ltr'><strong>dente</strong></span> <span class='ocrx_word' id='word_1_212' title='bbox 2974 2392 3264 2448; x_wconf 88' lang='lat' dir='ltr'><strong>corrodere</strong></span> <span class='ocrx_word' id='word_1_213' title='bbox 3306 2402 3363 2447; x_wconf 86' lang='lat' dir='ltr'><strong>et</strong></span> <span class='ocrx_word' id='word_1_214' title='bbox 3392 2393 3702 2448; x_wconf 83' lang='lat' dir='ltr'><strong>verissimis</strong></span> <span class='ocrx_word' id='word_1_215' title='bbox 3728 2393 3832 2446; x_wconf 76' lang='lat' dir='ltr'><strong>falsa</strong></span> 
     </span>
    </p>
   </div>
   <div class='ocr_carea' id='block_1_34' title="bbox 2274 2484 3833 2557">
    <p class='ocr_par' dir='ltr' id='par_1_34' title="bbox 2274 2484 3833 2557">
     <span class='ocr_line' id='line_1_34' title="bbox 2274 2484 3833 2557; baseline -0.001 -17"><span class='ocrx_word' id='word_1_216' title='bbox 2274 2485 2552 2557; x_wconf 65' lang='lat' dir='ltr'><strong>prmferre.</strong></span> <span class='ocrx_word' id='word_1_217' title='bbox 2587 2484 2681 2541; x_wconf 80' lang='lat' dir='ltr'><strong>liis</strong></span> <span class='ocrx_word' id='word_1_218' title='bbox 2723 2493 2886 2556; x_wconf 88' lang='lat' dir='ltr'><strong>atque</strong></span> <span class='ocrx_word' id='word_1_219' title='bbox 2923 2485 3044 2541; x_wconf 90' lang='lat' dir='ltr'><strong>aliis</strong></span> <span class='ocrx_word' id='word_1_220' title='bbox 3094 2485 3397 2540; x_wconf 89' lang='lat' dir='ltr'><strong>innumeris</strong></span> <span class='ocrx_word' id='word_1_221' title='bbox 3429 2486 3663 2541; x_wconf 78' lang='lat' dir='ltr'><strong>vallatus</strong></span> <span class='ocrx_word' id='word_1_222' title='bbox 3694 2501 3833 2556; x_wconf 78' lang='lat' dir='ltr'><strong>angn-</strong></span> 
     </span>
    </p>
   </div>
   <div class='ocr_carea' id='block_1_35' title="bbox 583 2568 3824 2650">
    <p class='ocr_par' dir='ltr' id='par_1_35' title="bbox 583 2568 3824 2650">
     <span class='ocr_line' id='line_1_35' title="bbox 583 2568 3824 2650; baseline -0.002 -12"><span class='ocrx_word' id='word_1_223' title='bbox 583 2583 814 2638; x_wconf 89' lang='lat' dir='ltr'><strong>miscere</strong></span> <span class='ocrx_word' id='word_1_224' title='bbox 847 2581 1020 2636; x_wconf 88' lang='lat' dir='ltr'><strong>aliena</strong></span> <span class='ocrx_word' id='word_1_225' title='bbox 1065 2596 1172 2634; x_wconf 91' lang='lat' dir='ltr'><strong>non</strong></span> <span class='ocrx_word' id='word_1_226' title='bbox 1217 2579 1472 2650; x_wconf 88' lang='lat' dir='ltr'><strong>propriis.</strong></span> <span class='ocrx_word' id='word_1_227' title='bbox 1508 2579 1703 2633; x_wconf 88' lang='lat' dir='ltr'><strong>Verum</strong></span> <span class='ocrx_word' id='word_1_228' title='bbox 1746 2577 2021 2648; x_wconf 91' lang='lat' dir='ltr'><strong>quoniam,</strong></span> <span class='ocrx_word' id='word_1_229' title='bbox 2065 2577 2171 2648; x_wconf 91' lang='lat' dir='ltr'><strong>glo-</strong></span> <span class='ocrx_word' id='word_1_230' title='bbox 2202 2568 2245 2628; x_wconf 87' lang='grc' dir='ltr'><strong>Β</strong></span> <span class='ocrx_word' id='word_1_231' title='bbox 2274 2577 2413 2643; x_wconf 88' lang='lat' dir='ltr'><strong>stiis,</strong></span> <span class='ocrx_word' id='word_1_232' title='bbox 2446 2575 2572 2646; x_wconf 87' lang='lat' dir='ltr'><strong>quia</strong></span> <span class='ocrx_word' id='word_1_233' title='bbox 2601 2591 2720 2630; x_wconf 85' lang='lat' dir='ltr'><strong>sum</strong></span> <span class='ocrx_word' id='word_1_234' title='bbox 2767 2573 2996 2630; x_wconf 88' lang='lat' dir='ltr'><strong>refertus</strong></span> <span class='ocrx_word' id='word_1_235' title='bbox 3024 2575 3289 2645; x_wconf 83' lang='lat' dir='ltr'><strong>contagiis</strong></span> <span class='ocrx_word' id='word_1_236' title='bbox 3317 2590 3383 2630; x_wconf 91' lang='lat' dir='ltr'><strong>ac</strong></span> <span class='ocrx_word' id='word_1_237' title='bbox 3429 2576 3476 2630; x_wconf 88' lang='lat' dir='ltr'><strong>si</strong></span> <span class='ocrx_word' id='word_1_238' title='bbox 3508 2576 3708 2631; x_wconf 88' lang='lat' dir='ltr'><strong>ericius</strong></span> <span class='ocrx_word' id='word_1_239' title='bbox 3733 2577 3824 2646; x_wconf 87' lang='lat' dir='ltr'><strong>spi-</strong></span> 
     </span>
    </p>
   </div>
   <div class='ocr_carea' id='block_1_36' title="bbox 583 2669 2171 2743">
    <p class='ocr_par' dir='ltr' id='par_1_36' title="bbox 583 2669 2171 2743">
     <span class='ocr_line' id='line_1_36' title="bbox 583 2669 2171 2743; baseline -0.004 -13"><span class='ocrx_word' id='word_1_240' title='bbox 583 2675 882 2741; x_wconf 85' lang='lat' dir='ltr'><strong>riosissime</strong></span> <span class='ocrx_word' id='word_1_241' title='bbox 927 2670 1213 2743; x_wconf 81' lang='lat' dir='ltr'><strong>pontifex,</strong></span> <span class='ocrx_word' id='word_1_242' title='bbox 1275 2672 1448 2726; x_wconf 88' lang='lat' dir='ltr'><strong>virum</strong></span> <span class='ocrx_word' id='word_1_243' title='bbox 1501 2671 1889 2726; x_wconf 83' lang='lat' dir='ltr'><strong>desideriorum</strong></span> <span class='ocrx_word' id='word_1_244' title='bbox 1956 2679 2005 2725; x_wconf 90' lang='lat' dir='ltr'><strong>te</strong></span> <span class='ocrx_word' id='word_1_245' title='bbox 2055 2669 2171 2724; x_wconf 88' lang='lat' dir='ltr'><strong>fore</strong></span> 
     </span>
    </p>
   </div>
   <div class='ocr_carea' id='block_1_37' title="bbox 584 2761 2172 2837">
    <p class='ocr_par' dir='ltr' id='par_1_37' title="bbox 584 2761 2172 2837">
     <span class='ocr_line' id='line_1_37' title="bbox 584 2761 2172 2837; baseline -0.005 -15"><span class='ocrx_word' id='word_1_246' title='bbox 584 2767 877 2837; x_wconf 84' lang='lat' dir='ltr'><strong>comperio,</strong></span> <span class='ocrx_word' id='word_1_247' title='bbox 909 2774 966 2818; x_wconf 91' lang='lat' dir='ltr'><strong>et</strong></span> <span class='ocrx_word' id='word_1_248' title='bbox 993 2779 1116 2819; x_wconf 92' lang='lat' dir='ltr'><strong>cum</strong></span> <span class='ocrx_word' id='word_1_249' title='bbox 1144 2762 1364 2818; x_wconf 84' lang='lat' dir='ltr'><strong>Daniele</strong></span> <span class='ocrx_word' id='word_1_250' title='bbox 1387 2763 1652 2832; x_wconf 86' lang='lat' dir='ltr'><strong>propheta</strong></span> <span class='ocrx_word' id='word_1_251' title='bbox 1695 2776 1908 2830; x_wconf 88' lang='lat' dir='ltr'><strong>semper</strong></span> <span class='ocrx_word' id='word_1_252' title='bbox 1941 2776 2078 2814; x_wconf 87' lang='lat' dir='ltr'><strong>nova</strong></span> <span class='ocrx_word' id='word_1_253' title='bbox 2106 2761 2172 2815; x_wconf 90' lang='lat' dir='ltr'><strong>de</strong></span> 
     </span>
    </p>
   </div>
   <div class='ocr_carea' id='block_1_38' title="bbox 589 2849 2174 2923">
    <p class='ocr_par' dir='ltr' id='par_1_38' title="bbox 589 2849 2174 2923">
     <span class='ocr_line' id='line_1_38' title="bbox 589 2849 2174 2923; baseline -0.005 -14"><span class='ocrx_word' id='word_1_254' title='bbox 589 2855 791 2910; x_wconf 87' lang='lat' dir='ltr'><strong>abditis</strong></span> <span class='ocrx_word' id='word_1_255' title='bbox 841 2854 1101 2923; x_wconf 83' lang='lat' dir='ltr'><strong>indagare</strong></span> <span class='ocrx_word' id='word_1_256' title='bbox 1140 2851 1410 2907; x_wconf 87' lang='lat' dir='ltr'><strong>curiosius</strong></span> <span class='ocrx_word' id='word_1_257' title='bbox 1453 2865 1638 2916; x_wconf 88' lang='lat' dir='ltr'><strong>cerno,</strong></span> <span class='ocrx_word' id='word_1_258' title='bbox 1689 2859 1872 2904; x_wconf 89' lang='lat' dir='ltr'><strong>arctor</strong></span> <span class='ocrx_word' id='word_1_259' title='bbox 1909 2849 2091 2912; x_wconf 88' lang='lat' dir='ltr'><strong>nimis,</strong></span> <span class='ocrx_word' id='word_1_260' title='bbox 2119 2858 2174 2902; x_wconf 87' lang='lat' dir='ltr'><strong>et</strong></span> 
     </span>
    </p>
   </div>
   <div class='ocr_carea' id='block_1_39' title="bbox 584 2942 2170 3016">
    <p class='ocr_par' dir='ltr' id='par_1_39' title="bbox 584 2942 2170 3016">
     <span class='ocr_line' id='line_1_39' title="bbox 584 2942 2170 3016; baseline -0.006 -11"><span class='ocrx_word' id='word_1_261' title='bbox 584 2949 866 3014; x_wconf 82' lang='lat' dir='ltr'><strong>immensis</strong></span> <span class='ocrx_word' id='word_1_262' title='bbox 895 2949 1318 3016; x_wconf 89' lang='lat' dir='ltr'><strong>circumquaque</strong></span> <span class='ocrx_word' id='word_1_263' title='bbox 1361 2953 1548 3014; x_wconf 89' lang='lat' dir='ltr'><strong>septus</strong></span> <span class='ocrx_word' id='word_1_264' title='bbox 1593 2944 1879 3016; x_wconf 85' lang='lat' dir='ltr'><strong>angustiis,</strong></span> <span class='ocrx_word' id='word_1_265' title='bbox 1917 2943 2042 3014; x_wconf 87' lang='lat' dir='ltr'><strong>quid</strong></span> <span class='ocrx_word' id='word_1_266' title='bbox 2072 2942 2170 2997; x_wconf 90' lang='lat' dir='ltr'><strong>eli-</strong></span> 
     </span>
    </p>
   </div>
   <div class='ocr_carea' id='block_1_40' title="bbox 586 3035 2173 3112">
    <p class='ocr_par' dir='ltr' id='par_1_40' title="bbox 586 3035 2173 3112">
     <span class='ocr_line' id='line_1_40' title="bbox 586 3035 2173 3112; baseline -0.003 -18"><span class='ocrx_word' id='word_1_267' title='bbox 586 3057 710 3112; x_wconf 88' lang='lat' dir='ltr'><strong>gatn</strong></span> <span class='ocrx_word' id='word_1_268' title='bbox 757 3040 973 3110; x_wconf 88' lang='lat' dir='ltr'><strong>penitus</strong></span> <span class='ocrx_word' id='word_1_269' title='bbox 1022 3039 1301 3110; x_wconf 85' lang='lat' dir='ltr'><strong>ignorans,</strong></span> <span class='ocrx_word' id='word_1_270' title='bbox 1351 3037 1583 3108; x_wconf 89' lang='lat' dir='ltr'><strong>primum</strong></span> <span class='ocrx_word' id='word_1_271' title='bbox 1629 3037 1922 3107; x_wconf 85' lang='lat' dir='ltr'><strong>Oppilatam</strong></span> <span class='ocrx_word' id='word_1_272' title='bbox 1969 3035 2173 3107; x_wconf 88' lang='lat' dir='ltr'><strong>pudore</strong></span> 
     </span>
    </p>
   </div>
   <div class='ocr_carea' id='block_1_41' title="bbox 587 3127 2175 3197">
    <p class='ocr_par' dir='ltr' id='par_1_41' title="bbox 587 3127 2175 3197">
     <span class='ocr_line' id='line_1_41' title="bbox 587 3127 2175 3197; baseline -0.004 -13"><span class='ocrx_word' id='word_1_273' title='bbox 587 3129 786 3184; x_wconf 86' lang='lat' dir='ltr'><strong>mentis</strong></span> <span class='ocrx_word' id='word_1_274' title='bbox 817 3128 1010 3184; x_wconf 89' lang='lat' dir='ltr'><strong>faciem</strong></span> <span class='ocrx_word' id='word_1_275' title='bbox 1046 3127 1298 3192; x_wconf 80' lang='lat' dir='ltr'><strong>obfirmo,</strong></span> <span class='ocrx_word' id='word_1_276' title='bbox 1331 3127 1587 3197; x_wconf 90' lang='lat' dir='ltr'><strong>quoniam</strong></span> <span class='ocrx_word' id='word_1_277' title='bbox 1624 3127 1899 3196; x_wconf 86' lang='lat' dir='ltr'><strong>indignum</strong></span> <span class='ocrx_word' id='word_1_278' title='bbox 1935 3139 2022 3181; x_wconf 90' lang='lat' dir='ltr'><strong>me</strong></span> <span class='ocrx_word' id='word_1_279' title='bbox 2054 3139 2175 3180; x_wconf 89' lang='lat' dir='ltr'><strong>esse</strong></span> 
     </span>
    </p>
   </div>
   <div class='ocr_carea' id='block_1_42' title="bbox 591 3218 2172 3291">
    <p class='ocr_par' dir='ltr' id='par_1_42' title="bbox 591 3218 2172 3291">
     <span class='ocr_line' id='line_1_42' title="bbox 591 3218 2172 3291; baseline -0.003 -17"><span class='ocrx_word' id='word_1_280' title='bbox 591 3234 698 3274; x_wconf 92' lang='lat' dir='ltr'><strong>non</strong></span> <span class='ocrx_word' id='word_1_281' title='bbox 742 3219 994 3291; x_wconf 86' lang='lat' dir='ltr'><strong>ambigo:</strong></span> <span class='ocrx_word' id='word_1_282' title='bbox 1027 3219 1149 3274; x_wconf 86' lang='lat' dir='ltr'><strong>dein</strong></span> <span class='ocrx_word' id='word_1_283' title='bbox 1176 3218 1495 3274; x_wconf 71' lang='lat' dir='ltr'><strong>obcdientizr</strong></span> <span class='ocrx_word' id='word_1_284' title='bbox 1532 3233 1779 3272; x_wconf 87' lang='lat' dir='ltr'><strong>normam</strong></span> <span class='ocrx_word' id='word_1_285' title='bbox 1811 3218 2040 3287; x_wconf 90' lang='lat' dir='ltr'><strong>primam</strong></span> <span class='ocrx_word' id='word_1_286' title='bbox 2071 3218 2172 3271; x_wconf 85' lang='lat' dir='ltr'><strong>lut-</strong></span> 
     </span>
    </p>
   </div>
   <div class='ocr_carea' id='block_1_43' title="bbox 586 3307 2175 3381">
    <p class='ocr_par' dir='ltr' id='par_1_43' title="bbox 586 3307 2175 3381">
     <span class='ocr_line' id='line_1_43' title="bbox 586 3307 2175 3381; baseline -0.003 -15"><span class='ocrx_word' id='word_1_287' title='bbox 586 3311 830 3366; x_wconf 87' lang='lat' dir='ltr'><strong>militatis</strong></span> <span class='ocrx_word' id='word_1_288' title='bbox 853 3309 1122 3381; x_wconf 88' lang='lat' dir='ltr'><strong>aspiciens</strong></span> <span class='ocrx_word' id='word_1_289' title='bbox 1146 3309 1404 3375; x_wconf 88' lang='lat' dir='ltr'><strong>formam,</strong></span> <span class='ocrx_word' id='word_1_290' title='bbox 1442 3309 1485 3364; x_wconf 94' lang='lat' dir='ltr'><strong>si</strong></span> <span class='ocrx_word' id='word_1_291' title='bbox 1508 3307 1748 3376; x_wconf 76' lang='lat' dir='ltr'><strong>iubentis</strong></span> <span class='ocrx_word' id='word_1_292' title='bbox 1773 3309 1914 3362; x_wconf 91' lang='lat' dir='ltr'><strong>dicta</strong></span> <span class='ocrx_word' id='word_1_293' title='bbox 1942 3308 2175 3377; x_wconf 85' lang='lat' dir='ltr'><strong>superba</strong></span> 
     </span>
    </p>
   </div>
   <div class='ocr_carea' id='block_1_44' title="bbox 585 3399 2174 3471">
    <p class='ocr_par' dir='ltr' id='par_1_44' title="bbox 585 3399 2174 3471">
     <span class='ocr_line' id='line_1_44' title="bbox 585 3399 2174 3471; baseline -0.002 -13"><span class='ocrx_word' id='word_1_294' title='bbox 585 3418 719 3460; x_wconf 86' lang='lat' dir='ltr'><strong>aure</strong></span> <span class='ocrx_word' id='word_1_295' title='bbox 761 3413 1132 3469; x_wconf 90' lang='lat' dir='ltr'><strong>contemnam,</strong></span> <span class='ocrx_word' id='word_1_296' title='bbox 1183 3402 1346 3457; x_wconf 91' lang='lat' dir='ltr'><strong>timeo</strong></span> <span class='ocrx_word' id='word_1_297' title='bbox 1388 3415 1455 3456; x_wconf 90' lang='lat' dir='ltr'><strong>ne</strong></span> <span class='ocrx_word' id='word_1_298' title='bbox 1499 3400 1670 3471; x_wconf 87' lang='lat' dir='ltr'><strong>legem</strong></span> <span class='ocrx_word' id='word_1_299' title='bbox 1709 3399 2174 3470; x_wconf 65' lang='lat' dir='ltr'><strong>prmvaricationis</strong></span> 
     </span>
    </p>
   </div>
   <div class='ocr_carea' id='block_1_45' title="bbox 586 3489 2215 3574">
    <p class='ocr_par' dir='ltr' id='par_1_45' title="bbox 586 3489 2215 3574">
     <span class='ocr_line' id='line_1_45' title="bbox 586 3489 2215 3574; baseline -0.002 -26"><span class='ocrx_word' id='word_1_300' title='bbox 586 3493 858 3548; x_wconf 85' lang='lat' dir='ltr'><strong>incurram</strong></span> <span class='ocrx_word' id='word_1_301' title='bbox 877 3509 890 3522; x_wconf 77' lang='lat'><strong>&#39;</strong></span> <span class='ocrx_word' id='word_1_302' title='bbox 920 3502 1032 3548; x_wconf 91' lang='lat' dir='ltr'><strong>tum</strong></span> <span class='ocrx_word' id='word_1_303' title='bbox 1057 3491 1124 3548; x_wconf 91' lang='lat' dir='ltr'><strong>ad</strong></span> <span class='ocrx_word' id='word_1_304' title='bbox 1147 3501 1349 3548; x_wconf 86' lang='lat' dir='ltr'><strong>memet</strong></span> <span class='ocrx_word' id='word_1_305' title='bbox 1375 3491 1588 3546; x_wconf 86' lang='lat' dir='ltr'><strong>clavum</strong></span> <span class='ocrx_word' id='word_1_306' title='bbox 1627 3499 1970 3560; x_wconf 89' lang='lat' dir='ltr'><strong>retorquens,</strong></span> <span class='ocrx_word' id='word_1_307' title='bbox 2002 3489 2175 3559; x_wconf 89' lang='lat' dir='ltr'><strong>impe-</strong></span> <span class='ocrx_word' id='word_1_308' title='bbox 2206 3565 2215 3574; x_wconf 42' lang='grc'><strong><em>⁸</em></strong></span> 
     </span>
    </p>
   </div>
   <div class='ocr_carea' id='block_1_46' title="bbox 2279 2665 3833 2737">
    <p class='ocr_par' dir='ltr' id='par_1_46' title="bbox 2279 2665 3833 2737">
     <span class='ocr_line' id='line_1_46' title="bbox 2279 2665 3833 2737; baseline -0.002 -15"><span class='ocrx_word' id='word_1_309' title='bbox 2279 2668 2393 2732; x_wconf 91' lang='lat' dir='ltr'><strong>nis,</strong></span> <span class='ocrx_word' id='word_1_310' title='bbox 2441 2677 2500 2722; x_wconf 89' lang='lat' dir='ltr'><strong>ut</strong></span> <span class='ocrx_word' id='word_1_311' title='bbox 2553 2667 2732 2722; x_wconf 90' lang='lat' dir='ltr'><strong>verbis</strong></span> <span class='ocrx_word' id='word_1_312' title='bbox 2797 2665 3192 2722; x_wconf 87' lang='lat' dir='ltr'><strong>Salomoniaeis</strong></span> <span class='ocrx_word' id='word_1_313' title='bbox 3254 2666 3477 2736; x_wconf 87' lang='lat' dir='ltr'><strong>loquar,</strong></span> <span class='ocrx_word' id='word_1_314' title='bbox 3531 2667 3833 2737; x_wconf 76' lang='lat' dir='ltr'><strong>frequentira</strong></span> 
     </span>
    </p>
   </div>
   <div class='ocr_carea' id='block_1_47' title="bbox 2279 2747 3832 2829">
    <p class='ocr_par' dir='ltr' id='par_1_47' title="bbox 2279 2747 3832 2829">
     <span class='ocr_line' id='line_1_47' title="bbox 2279 2747 3832 2829; baseline -0.001 -17"><span class='ocrx_word' id='word_1_315' title='bbox 2279 2747 2559 2814; x_wconf 87' lang='lat' dir='ltr'><strong>meditatio</strong></span> <span class='ocrx_word' id='word_1_316' title='bbox 2590 2757 2785 2813; x_wconf 88' lang='lat' dir='ltr'><strong>mentis</strong></span> <span class='ocrx_word' id='word_1_317' title='bbox 2817 2772 2948 2812; x_wconf 68' lang='lat' dir='ltr'><strong>meae</strong></span> <span class='ocrx_word' id='word_1_318' title='bbox 2975 2764 3059 2812; x_wconf 91' lang='lat' dir='ltr'><strong>est</strong></span> <span class='ocrx_word' id='word_1_319' title='bbox 3093 2755 3310 2812; x_wconf 83' lang='lat' dir='ltr'><strong>amictio</strong></span> <span class='ocrx_word' id='word_1_320' title='bbox 3340 2758 3534 2813; x_wconf 89' lang='lat' dir='ltr'><strong>carnis</strong></span> <span class='ocrx_word' id='word_1_321' title='bbox 3559 2757 3832 2829; x_wconf 82' lang='lat' dir='ltr'><strong>(Eccli.m,</strong></span> 
     </span>
    </p>
   </div>
   <div class='ocr_carea' id='block_1_48' title="bbox 2280 2849 3837 2920">
    <p class='ocr_par' dir='ltr' id='par_1_48' title="bbox 2280 2849 3837 2920">
     <span class='ocr_line' id='line_1_48' title="bbox 2280 2849 3837 2920; baseline -0.002 -15"><span class='ocrx_word' id='word_1_322' title='bbox 2280 2850 2390 2920; x_wconf 69' lang='grc' dir='ltr'><strong>η).</strong></span> <span class='ocrx_word' id='word_1_323' title='bbox 2420 2849 2687 2917; x_wconf 84' lang='lat' dir='ltr'><strong>Quocirca</strong></span> <span class='ocrx_word' id='word_1_324' title='bbox 2731 2849 2798 2904; x_wconf 90' lang='lat' dir='ltr'><strong>ad</strong></span> <span class='ocrx_word' id='word_1_325' title='bbox 2829 2865 3010 2905; x_wconf 89' lang='lat' dir='ltr'><strong>arcem</strong></span> <span class='ocrx_word' id='word_1_326' title='bbox 3048 2849 3390 2919; x_wconf 81' lang='lat' dir='ltr'><strong>confugiens,</strong></span> <span class='ocrx_word' id='word_1_327' title='bbox 3430 2850 3520 2905; x_wconf 90' lang='lat' dir='ltr'><strong>his</strong></span> <span class='ocrx_word' id='word_1_328' title='bbox 3560 2850 3733 2906; x_wconf 87' lang='lat' dir='ltr'><strong>verbis</strong></span> <span class='ocrx_word' id='word_1_329' title='bbox 3749 2851 3837 2904; x_wconf 77' lang='lat' dir='ltr'><strong>cla-</strong></span> 
     </span>
    </p>
   </div>
   <div class='ocr_carea' id='block_1_49' title="bbox 2279 2940 3833 3012">
    <p class='ocr_par' dir='ltr' id='par_1_49' title="bbox 2279 2940 3833 3012">
     <span class='ocr_line' id='line_1_49' title="bbox 2279 2940 3833 3012; baseline -0.003 -16"><span class='ocrx_word' id='word_1_330' title='bbox 2279 2943 2440 2996; x_wconf 91' lang='lat' dir='ltr'><strong>mabo</strong></span> <span class='ocrx_word' id='word_1_331' title='bbox 2469 2946 2535 2995; x_wconf 86' lang='lat' dir='ltr'><strong>ad</strong></span> <span class='ocrx_word' id='word_1_332' title='bbox 2570 2941 2854 2996; x_wconf 89' lang='lat' dir='ltr'><strong>Dominum</strong></span> <span class='ocrx_word' id='word_1_333' title='bbox 2885 2959 2897 2994; x_wconf 89' lang='lat'><strong>:</strong></span> <span class='ocrx_word' id='word_1_334' title='bbox 2925 2940 3169 3007; x_wconf 89' lang='lat' dir='ltr'><strong>Domine,</strong></span> <span class='ocrx_word' id='word_1_335' title='bbox 3212 2940 3355 2995; x_wconf 86' lang='lat' dir='ltr'><strong>labia</strong></span> <span class='ocrx_word' id='word_1_336' title='bbox 3402 2956 3528 2996; x_wconf 86' lang='lat' dir='ltr'><strong>mea</strong></span> <span class='ocrx_word' id='word_1_337' title='bbox 3562 2943 3833 3012; x_wconf 80' lang='lat' dir='ltr'><strong>aperies,et</strong></span> 
     </span>
    </p>
   </div>
   <div class='ocr_carea' id='block_1_50' title="bbox 2279 3033 3833 3106">
    <p class='ocr_par' dir='ltr' id='par_1_50' title="bbox 2279 3033 3833 3106">
     <span class='ocr_line' id='line_1_50' title="bbox 2279 3033 3833 3106; baseline -0.001 -18"><span class='ocrx_word' id='word_1_338' title='bbox 2279 3048 2340 3088; x_wconf 93' lang='lat' dir='ltr'><strong>os</strong></span> <span class='ocrx_word' id='word_1_339' title='bbox 2369 3049 2546 3088; x_wconf 88' lang='lat' dir='ltr'><strong>meum</strong></span> <span class='ocrx_word' id='word_1_340' title='bbox 2595 3034 2937 3088; x_wconf 84' lang='lat' dir='ltr'><strong>annumiabit</strong></span> <span class='ocrx_word' id='word_1_341' title='bbox 3002 3033 3217 3088; x_wconf 90' lang='lat' dir='ltr'><strong>Iaudem</strong></span> <span class='ocrx_word' id='word_1_342' title='bbox 3258 3042 3440 3101; x_wconf 84' lang='lat' dir='ltr'><strong>tuam;</strong></span> <span class='ocrx_word' id='word_1_343' title='bbox 3474 3044 3534 3088; x_wconf 89' lang='lat' dir='ltr'><strong>ut</strong></span> <span class='ocrx_word' id='word_1_344' title='bbox 3580 3036 3691 3106; x_wconf 86' lang='lat' dir='ltr'><strong>ipso</strong></span> <span class='ocrx_word' id='word_1_345' title='bbox 3715 3035 3833 3103; x_wconf 83' lang='lat' dir='ltr'><strong>adju—</strong></span> 
     </span>
    </p>
   </div>
   <div class='ocr_carea' id='block_1_51' title="bbox 2277 3122 3836 3198">
    <p class='ocr_par' dir='ltr' id='par_1_51' title="bbox 2277 3122 3836 3198">
     <span class='ocr_line' id='line_1_51' title="bbox 2277 3122 3836 3198; baseline 0.001 -23"><span class='ocrx_word' id='word_1_346' title='bbox 2277 3132 2458 3189; x_wconf 87' lang='lat' dir='ltr'><strong>vante,</strong></span> <span class='ocrx_word' id='word_1_347' title='bbox 2491 3122 2642 3192; x_wconf 87' lang='lat' dir='ltr'><strong>cujus</strong></span> <span class='ocrx_word' id='word_1_348' title='bbox 2668 3139 2786 3179; x_wconf 90' lang='lat' dir='ltr'><strong>sum</strong></span> <span class='ocrx_word' id='word_1_349' title='bbox 2816 3124 2942 3178; x_wconf 92' lang='lat' dir='ltr'><strong>licet</strong></span> <span class='ocrx_word' id='word_1_350' title='bbox 2978 3123 3154 3179; x_wconf 83' lang='lat' dir='ltr'><strong>labilis</strong></span> <span class='ocrx_word' id='word_1_351' title='bbox 3181 3125 3364 3180; x_wconf 84' lang='lat' dir='ltr'><strong>carnis</strong></span> <span class='ocrx_word' id='word_1_352' title='bbox 3386 3125 3655 3191; x_wconf 84' lang='lat' dir='ltr'><strong>conditio,</strong></span> <span class='ocrx_word' id='word_1_353' title='bbox 3675 3127 3836 3198; x_wconf 67' lang='lat' dir='ltr'><strong>jussis-</strong></span> 
     </span>
    </p>
   </div>
   <div class='ocr_carea' id='block_1_52' title="bbox 2278 3214 3836 3288">
    <p class='ocr_par' dir='ltr' id='par_1_52' title="bbox 2278 3214 3836 3288">
     <span class='ocr_line' id='line_1_52' title="bbox 2278 3214 3836 3288; baseline 0.001 -20"><span class='ocrx_word' id='word_1_354' title='bbox 2278 3214 2362 3269; x_wconf 91' lang='lat' dir='ltr'><strong>nis</strong></span> <span class='ocrx_word' id='word_1_355' title='bbox 2405 3224 2509 3269; x_wconf 73' lang='lat' dir='ltr'><strong>tua:</strong></span> <span class='ocrx_word' id='word_1_356' title='bbox 2555 3215 2895 3285; x_wconf 88' lang='lat' dir='ltr'><strong>persolvatur</strong></span> <span class='ocrx_word' id='word_1_357' title='bbox 2942 3215 3177 3270; x_wconf 79' lang='lat' dir='ltr'><strong>exactio.</strong></span> <span class='ocrx_word' id='word_1_358' title='bbox 3224 3214 3570 3270; x_wconf 85' lang='lat' dir='ltr'><strong>Commendo</strong></span> <span class='ocrx_word' id='word_1_359' title='bbox 3613 3231 3734 3288; x_wconf 75' lang='lat' dir='ltr'><strong>ergo</strong></span> <span class='ocrx_word' id='word_1_360' title='bbox 3768 3232 3836 3269; x_wconf 83' lang='lat' dir='ltr'><strong>me</strong></span> 
     </span>
    </p>
   </div>
   <div class='ocr_carea' id='block_1_53' title="bbox 2279 3307 3831 3379">
    <p class='ocr_par' dir='ltr' id='par_1_53' title="bbox 2279 3307 3831 3379">
     <span class='ocr_line' id='line_1_53' title="bbox 2279 3307 3831 3379; baseline 0.003 -18"><span class='ocrx_word' id='word_1_361' title='bbox 2279 3307 2476 3362; x_wconf 89' lang='lat' dir='ltr'><strong>iterum</strong></span> <span class='ocrx_word' id='word_1_362' title='bbox 2513 3317 2677 3376; x_wconf 91' lang='lat' dir='ltr'><strong>atque</strong></span> <span class='ocrx_word' id='word_1_363' title='bbox 2710 3307 2906 3362; x_wconf 90' lang='lat' dir='ltr'><strong>iterum</strong></span> <span class='ocrx_word' id='word_1_364' title='bbox 2943 3309 3152 3363; x_wconf 89' lang='lat' dir='ltr'><strong>meritis</strong></span> <span class='ocrx_word' id='word_1_365' title='bbox 3184 3308 3412 3379; x_wconf 81' lang='lat' dir='ltr'><strong>virginis</strong></span> <span class='ocrx_word' id='word_1_366' title='bbox 3441 3318 3496 3363; x_wconf 85' lang='lat' dir='ltr'><strong>et</strong></span> <span class='ocrx_word' id='word_1_367' title='bbox 3535 3309 3662 3374; x_wconf 89' lang='lat' dir='ltr'><strong>tuis,</strong></span> <span class='ocrx_word' id='word_1_368' title='bbox 3689 3307 3831 3366; x_wconf 80' lang='lat' dir='ltr'><strong>Pater.</strong></span> 
     </span>
    </p>
   </div>
   <div class='ocr_carea' id='block_1_54' title="bbox 2277 3399 3833 3470">
    <p class='ocr_par' dir='ltr' id='par_1_54' title="bbox 2277 3399 3833 3470">
     <span class='ocr_line' id='line_1_54' title="bbox 2277 3399 3833 3470; baseline -0.001 -16"><span class='ocrx_word' id='word_1_369' title='bbox 2277 3399 2528 3469; x_wconf 76' lang='lat' dir='ltr'><strong>precibus</strong></span> <span class='ocrx_word' id='word_1_370' title='bbox 2571 3400 2876 3463; x_wconf 88' lang='lat' dir='ltr'><strong>indefessis,</strong></span> <span class='ocrx_word' id='word_1_371' title='bbox 2917 3416 3024 3470; x_wconf 89' lang='lat' dir='ltr'><strong>quo</strong></span> <span class='ocrx_word' id='word_1_372' title='bbox 3072 3400 3204 3455; x_wconf 87' lang='lat' dir='ltr'><strong>mihi</strong></span> <span class='ocrx_word' id='word_1_373' title='bbox 3233 3400 3400 3455; x_wconf 81' lang='lat' dir='ltr'><strong>eundi</strong></span> <span class='ocrx_word' id='word_1_374' title='bbox 3434 3400 3716 3470; x_wconf 86' lang='lat' dir='ltr'><strong>impetrent</strong></span> <span class='ocrx_word' id='word_1_375' title='bbox 3746 3400 3833 3454; x_wconf 80' lang='lat' dir='ltr'><strong>cal-</strong></span> 
     </span>
    </p>
   </div>
   <div class='ocr_carea' id='block_1_55' title="bbox 2282 3489 3573 3563">
    <p class='ocr_par' dir='ltr' id='par_1_55' title="bbox 2282 3489 3573 3563">
     <span class='ocr_line' id='line_1_55' title="bbox 2282 3489 3573 3563; baseline 0.004 -20"><span class='ocrx_word' id='word_1_376' title='bbox 2282 3489 2408 3556; x_wconf 89' lang='lat' dir='ltr'><strong>lem,</strong></span> <span class='ocrx_word' id='word_1_377' title='bbox 2441 3502 2496 3546; x_wconf 90' lang='lat' dir='ltr'><strong>et</strong></span> <span class='ocrx_word' id='word_1_378' title='bbox 2529 3490 2669 3548; x_wconf 80' lang='lat' dir='ltr'><strong>felici</strong></span> <span class='ocrx_word' id='word_1_379' title='bbox 2701 3493 2896 3548; x_wconf 89' lang='lat' dir='ltr'><strong>itinere</strong></span> <span class='ocrx_word' id='word_1_380' title='bbox 2917 3495 3216 3563; x_wconf 85' lang='lat' dir='ltr'><strong>perducant</strong></span> <span class='ocrx_word' id='word_1_381' title='bbox 3244 3493 3313 3548; x_wconf 90' lang='lat' dir='ltr'><strong>ad</strong></span> <span class='ocrx_word' id='word_1_382' title='bbox 3340 3493 3573 3549; x_wconf 85' lang='lat' dir='ltr'><strong>calcem.</strong></span> 
     </span>
    </p>
   </div>
   <div class='ocr_carea' id='block_1_56' title="bbox 2029 3641 2368 3658">
    <p class='ocr_par' dir='ltr' id='par_1_56' title="bbox 2029 3641 2368 3658">
     <span class='ocr_line' id='line_1_56' title="bbox 2029 3641 2368 3658; baseline 0.009 -3"><span class='ocrx_word' id='word_1_383' title='bbox 2029 3641 2368 3658; x_wconf 41' lang='grc' dir='ltr'><strong>ἡ</strong></span> 
     </span>
    </p>
   </div>
   <div class='ocr_carea' id='block_1_57' title="bbox 1802 3749 2670 3815">
    <p class='ocr_par' dir='ltr' id='par_1_57' title="bbox 1802 3749 2670 3815">
     <span class='ocr_line' id='line_1_57' title="bbox 1802 3749 2670 3815; baseline 0.003 -3"><span class='ocrx_word' id='word_1_384' title='bbox 1802 3749 2204 3814; x_wconf 74' lang='grc' dir='ltr'><strong>ἶΝΟΙΡΙΠΝΤ</strong></span> <span class='ocrx_word' id='word_1_385' title='bbox 2247 3752 2670 3815; x_wconf 81' lang='lat' dir='ltr'><strong>CAPITULA.</strong></span> 
     </span>
    </p>
   </div>
   <div class='ocr_carea' id='block_1_58' title="bbox 589 3905 1648 3980">
    <p class='ocr_par' dir='ltr' id='par_1_58' title="bbox 589 3905 1648 3980">
     <span class='ocr_line' id='line_1_58' title="bbox 589 3905 1648 3980; baseline 0.006 -22"><span class='ocrx_word' id='word_1_386' title='bbox 589 3906 630 3980; x_wconf 65' lang='lat' dir='ltr'><strong>I.</strong></span> <span class='ocrx_word' id='word_1_387' title='bbox 676 3905 749 3980; x_wconf 71' lang='lat' dir='ltr'><strong>De</strong></span> <span class='ocrx_word' id='word_1_388' title='bbox 774 3906 982 3980; x_wconf 15' lang='lat' dir='ltr'><strong>origine,</strong></span> <span class='ocrx_word' id='word_1_389' title='bbox 998 3907 1067 3980; x_wconf 67' lang='lat' dir='ltr'><strong>S.</strong></span> <span class='ocrx_word' id='word_1_390' title='bbox 1083 3908 1386 3980; x_wconf 52' lang='lat' dir='ltr'><strong>[Valpurgis</strong></span> <span class='ocrx_word' id='word_1_391' title='bbox 1407 3911 1648 3980; x_wconf 77' lang='lat' dir='ltr'><strong>virginis.</strong></span> 
     </span>
    </p>
   </div>
   <div class='ocr_carea' id='block_1_59' title="bbox 589 3976 2169 4051">
    <p class='ocr_par' dir='ltr' id='par_1_59' title="bbox 589 3976 2169 4051">
     <span class='ocr_line' id='line_1_59' title="bbox 589 3976 2169 4051; baseline 0.003 -22"><span class='ocrx_word' id='word_1_392' title='bbox 589 3976 654 4029; x_wconf 95' lang='lat' dir='ltr'><strong>ll.</strong></span> <span class='ocrx_word' id='word_1_393' title='bbox 697 3976 937 4051; x_wconf 79' lang='lat' dir='ltr'><strong>Qualiter</strong></span> <span class='ocrx_word' id='word_1_394' title='bbox 952 3976 1362 4051; x_wconf 40' lang='grc' dir='ltr'><strong>ΔΒηινιιῳιινσῖε</strong></span> <span class='ocrx_word' id='word_1_395' title='bbox 1403 3976 1516 4049; x_wconf 67' lang='lat' dir='ltr'><strong>post</strong></span> <span class='ocrx_word' id='word_1_396' title='bbox 1552 3981 1751 4036; x_wconf 87' lang='lat' dir='ltr'><strong>obitum</strong></span> <span class='ocrx_word' id='word_1_397' title='bbox 1783 3981 2008 4051; x_wconf 76' lang='lat' dir='ltr'><strong>fratrum</strong></span> <span class='ocrx_word' id='word_1_398' title='bbox 2043 3998 2169 4035; x_wconf 85' lang='lat' dir='ltr'><strong>suo-</strong></span> 
     </span>
    </p>
   </div>
   <div class='ocr_carea' id='block_1_60' title="bbox 735 4047 1432 4116">
    <p class='ocr_par' dir='ltr' id='par_1_60' title="bbox 735 4047 1432 4116">
     <span class='ocr_line' id='line_1_60' title="bbox 735 4047 1432 4116; baseline 0.006 -17"><span class='ocrx_word' id='word_1_399' title='bbox 735 4063 850 4100; x_wconf 87' lang='lat' dir='ltr'><strong>rum</strong></span> <span class='ocrx_word' id='word_1_400' title='bbox 875 4047 1136 4101; x_wconf 76' lang='lat' dir='ltr'><strong>abbatissa</strong></span> <span class='ocrx_word' id='word_1_401' title='bbox 1167 4047 1307 4116; x_wconf 70' lang='grc' dir='ltr'><strong>[ποιὰ</strong></span> <span class='ocrx_word' id='word_1_402' title='bbox 1330 4047 1432 4103; x_wconf 61' lang='lat' dir='ltr'><strong>est.</strong></span> 
     </span>
    </p>
   </div>
   <div class='ocr_carea' id='block_1_61' title="bbox 591 4115 2176 4176">
    <p class='ocr_par' dir='ltr' id='par_1_61' title="bbox 591 4115 2176 4176">
     <span class='ocr_line' id='line_1_61' title="bbox 591 4115 2176 4176; baseline 0.004 -8"><span class='ocrx_word' id='word_1_403' title='bbox 591 4115 674 4169; x_wconf 94' lang='lat' dir='ltr'><strong>III.</strong></span> <span class='ocrx_word' id='word_1_404' title='bbox 717 4116 793 4170; x_wconf 84' lang='lat' dir='ltr'><strong>De</strong></span> <span class='ocrx_word' id='word_1_405' title='bbox 814 4133 874 4169; x_wconf 87' lang='lat' dir='ltr'><strong>co</strong></span> <span class='ocrx_word' id='word_1_406' title='bbox 911 4119 994 4171; x_wconf 86' lang='lat' dir='ltr'><strong>ubi</strong></span> <span class='ocrx_word' id='word_1_407' title='bbox 1035 4118 1130 4172; x_wconf 71' lang='lat' dir='ltr'><strong>lux</strong></span> <span class='ocrx_word' id='word_1_408' title='bbox 1169 4115 1392 4174; x_wconf 28' lang='lat' dir='ltr'><strong>&#39;cwlestis</strong></span> <span class='ocrx_word' id='word_1_409' title='bbox 1423 4122 1630 4176; x_wconf 82' lang='lat' dir='ltr'><strong>emicuit</strong></span> <span class='ocrx_word' id='word_1_410' title='bbox 1661 4123 1712 4176; x_wconf 86' lang='lat' dir='ltr'><strong>in</strong></span> <span class='ocrx_word' id='word_1_411' title='bbox 1757 4123 2040 4176; x_wconf 73' lang='lat' dir='ltr'><strong>diversorio</strong></span> <span class='ocrx_word' id='word_1_412' title='bbox 2069 4123 2176 4175; x_wconf 76' lang='lat' dir='ltr'><strong>vir-</strong></span> 
     </span>
    </p>
   </div>
   <div class='ocr_carea' id='block_1_62' title="bbox 588 4202 2204 4334">
    <p class='ocr_par' dir='ltr' id='par_1_62' title="bbox 588 4202 2204 4334">
     <span class='ocr_line' id='line_1_62' title="bbox 588 4202 2204 4334; baseline 0.004 -25"><span class='ocrx_word' id='word_1_413' title='bbox 588 4253 676 4309; x_wconf 88' lang='lat' dir='ltr'><strong>IV.</strong></span> <span class='ocrx_word' id='word_1_414' title='bbox 720 4202 993 4334; x_wconf 40' lang='lat' dir='ltr'><strong>lqlgtgzubi</strong></span> <span class='ocrx_word' id='word_1_415' title='bbox 1029 4259 1174 4334; x_wconf 75' lang='lat' dir='ltr'><strong>uirgo</strong></span> <span class='ocrx_word' id='word_1_416' title='bbox 1204 4257 1402 4315; x_wconf 81' lang='lat' dir='ltr'><strong>Christi</strong></span> <span class='ocrx_word' id='word_1_417' title='bbox 1427 4263 1791 4316; x_wconf 77' lang='lat' dir='ltr'><strong>moribundam</strong></span> <span class='ocrx_word' id='word_1_418' title='bbox 1823 4261 2051 4334; x_wconf 82' lang='lat' dir='ltr'><strong>puellam</strong></span> <span class='ocrx_word' id='word_1_419' title='bbox 2099 4264 2167 4316; x_wconf 79' lang='lat' dir='ltr'><strong>(ul</strong></span> <span class='ocrx_word' id='word_1_420' title='bbox 2201 4297 2204 4299; x_wconf 53' lang='grc' dir='ltr'>λ</span> 
     </span>
    </p>
   </div>
   <div class='ocr_carea' id='block_1_63' title="bbox 734 4327 1693 4398">
    <p class='ocr_par' dir='ltr' id='par_1_63' title="bbox 734 4327 1693 4398">
     <span class='ocr_line' id='line_1_63' title="bbox 734 4327 1693 4398; baseline 0.007 -20"><span class='ocrx_word' id='word_1_421' title='bbox 734 4327 892 4398; x_wconf 59' lang='lat' dir='ltr'><strong>vitam</strong></span> <span class='ocrx_word' id='word_1_422' title='bbox 921 4327 1196 4398; x_wconf 75' lang='lat' dir='ltr'><strong>reparabit.</strong></span> <span class='ocrx_word' id='word_1_423' title='bbox 1689 4351 1693 4353; x_wconf 92' lang='grc'>·</span> 
     </span>
    </p>
   </div>
   <div class='ocr_carea' id='block_1_64' title="bbox 588 4395 1676 4471">
    <p class='ocr_par' dir='ltr' id='par_1_64' title="bbox 588 4395 1676 4471">
     <span class='ocr_line' id='line_1_64' title="bbox 588 4395 1676 4471; baseline 0.008 -24"><span class='ocrx_word' id='word_1_424' title='bbox 588 4397 653 4471; x_wconf 62' lang='lat' dir='ltr'><strong>y.</strong></span> <span class='ocrx_word' id='word_1_425' title='bbox 698 4395 1396 4471; x_wconf 69' lang='lat' dir='ltr'><strong>bi_Walpurgis_migravit</strong></span> <span class='ocrx_word' id='word_1_426' title='bbox 1425 4421 1457 4458; x_wconf 90' lang='lat' dir='ltr'><strong>a</strong></span> <span class='ocrx_word' id='word_1_427' title='bbox 1485 4405 1676 4458; x_wconf 68' lang='grc' dir='ltr'><strong>δωρειΙο</strong></span> 
     </span>
    </p>
   </div>
   <div class='ocr_carea' id='block_1_65' title="bbox 589 4465 1630 4545">
    <p class='ocr_par' dir='ltr' id='par_1_65' title="bbox 589 4465 1630 4545">
     <span class='ocr_line' id='line_1_65' title="bbox 589 4465 1630 4545; baseline 0.012 -30"><span class='ocrx_word' id='word_1_428' title='bbox 720 4465 1088 4545; x_wconf 53' lang='lat' dir='ltr'><strong>llbiapphruit</strong></span> <span class='ocrx_word' id='word_1_429' title='bbox 1116 4465 1339 4527; x_wconf 72' lang='lat' dir='ltr'><strong>Orcario</strong></span> <span class='ocrx_word' id='word_1_430' title='bbox 1373 4477 1630 4545; x_wconf 80' lang='lat' dir='ltr'><strong>episcopo.</strong></span> 
     </span>
    </p>
   </div>
   <div class='ocr_carea' id='block_1_66' title="bbox 586 4535 1512 4614">
    <p class='ocr_par' dir='ltr' id='par_1_66' title="bbox 586 4535 1512 4614">
     <span class='ocr_line' id='line_1_66' title="bbox 586 4535 1512 4614; baseline 0.013 -28"><span class='ocrx_word' id='word_1_431' title='bbox 852 4538 990 4614; x_wconf 70' lang='lat' dir='ltr'><strong>fines</strong></span> <span class='ocrx_word' id='word_1_432' title='bbox 1017 4539 1335 4597; x_wconf 67' lang='lat' dir='ltr'><strong>ls‘islatenses</strong></span> <span class='ocrx_word' id='word_1_433' title='bbox 1359 4535 1512 4598; x_wconf 65' lang='lat' dir='ltr'><strong>adiit.</strong></span> 
     </span>
    </p>
   </div>
   <div class='ocr_carea' id='block_1_67' title="bbox 593 4605 1854 4685">
    <p class='ocr_par' dir='ltr' id='par_1_67' title="bbox 593 4605 1854 4685">
     <span class='ocr_line' id='line_1_67' title="bbox 593 4605 1854 4685; baseline 0.01 -29"><span class='ocrx_word' id='word_1_434' title='bbox 593 4605 747 4685; x_wconf 35' lang='lat' dir='ltr'><strong>XIII.“</strong></span> <span class='ocrx_word' id='word_1_435' title='bbox 761 4605 859 4658; x_wconf 82' lang='lat' dir='ltr'><strong>Ubi</strong></span> <span class='ocrx_word' id='word_1_436' title='bbox 893 4621 1128 4685; x_wconf 64' lang='lat' dir='ltr'><strong>apertum</strong></span> <span class='ocrx_word' id='word_1_437' title='bbox 1157 4623 1231 4664; x_wconf 84' lang='lat' dir='ltr'><strong>est</strong></span> <span class='ocrx_word' id='word_1_438' title='bbox 1262 4616 1584 4685; x_wconf 80' lang='lat' dir='ltr'><strong>mausoleum</strong></span> <span class='ocrx_word' id='word_1_439' title='bbox 1617 4616 1854 4685; x_wconf 83' lang='lat' dir='ltr'><strong>virginis.</strong></span> 
     </span>
    </p>
   </div>
   <div class='ocr_carea' id='block_1_68' title="bbox 587 4674 2169 4800">
    <p class='ocr_par' dir='ltr' id='par_1_68' title="bbox 587 4674 2169 4800">
     <span class='ocr_line' id='line_1_68' title="bbox 587 4674 2169 4800; baseline 0.008 -73"><span class='ocrx_word' id='word_1_440' title='bbox 587 4674 860 4799; x_wconf 60' lang='lat' dir='ltr'><strong>IX..Dclco</strong></span> <span class='ocrx_word' id='word_1_441' title='bbox 878 4674 966 4800; x_wconf 55' lang='lat' dir='ltr'><strong>ubi</strong></span> <span class='ocrx_word' id='word_1_442' title='bbox 989 4682 1219 4734; x_wconf 71' lang='lat' dir='ltr'><strong>caducus</strong></span> <span class='ocrx_word' id='word_1_443' title='bbox 1236 4683 1466 4755; x_wconf 82' lang='lat' dir='ltr'><strong>reliquiis</strong></span> <span class='ocrx_word' id='word_1_444' title='bbox 1493 4674 1720 4754; x_wconf 57' lang='lat' dir='ltr'><strong>virgini;</strong></span> <span class='ocrx_word' id='word_1_445' title='bbox 1726 4687 1974 4754; x_wconf 74' lang='lat' dir='ltr'><strong>obuiauit,</strong></span> <span class='ocrx_word' id='word_1_446' title='bbox 2006 4696 2050 4740; x_wconf 86' lang='lat' dir='ltr'><strong>et</strong></span> <span class='ocrx_word' id='word_1_447' title='bbox 2079 4703 2169 4739; x_wconf 87' lang='lat' dir='ltr'><strong>cu-</strong></span> 
     </span>
     <span class='ocr_line' id='line_1_69' title="bbox 729 4763 986 4800; baseline 0.008 -2"><span class='ocrx_word' id='word_1_448' title='bbox 729 4763 784 4800; x_wconf 88' lang='lat' dir='ltr'><strong>ra</strong></span> <span class='ocrx_word' id='word_1_449' title='bbox 813 4763 870 4799; x_wconf 75' lang='lat' dir='ltr'><strong>us</strong></span> <span class='ocrx_word' id='word_1_450' title='bbox 893 4764 946 4800; x_wconf 74' lang='lat' dir='ltr'><strong>rs</strong></span> <span class='ocrx_word' id='word_1_451' title='bbox 973 4789 986 4800; x_wconf 91' lang='lat'><strong>.</strong></span> 
     </span>
    </p>
   </div>
   <div class='ocr_carea' id='block_1_69' title="bbox 729 4763 986 4802">
    <p class='ocr_par' dir='ltr' id='par_1_69' title="bbox 729 4763 986 4802">
     <span class='ocr_line' id='line_1_70' title="bbox 729 4763 986 4802; baseline 0.016 -4"><span class='ocrx_word' id='word_1_452' title='bbox 729 4763 870 4800; x_wconf 69' lang='grc' dir='ltr'><em>τιιιιω</em></span> <span class='ocrx_word' id='word_1_453' title='bbox 893 4763 986 4802; x_wconf 77' lang='grc' dir='ltr'><strong>ι’δΙ.</strong></span> 
     </span>
    </p>
   </div>
   <div class='ocr_carea' id='block_1_70' title="bbox 2196 3911 3045 3978">
    <p class='ocr_par' dir='ltr' id='par_1_70' title="bbox 2196 3911 3045 3978">
     <span class='ocr_line' id='line_1_71' title="bbox 2196 3911 3045 3978; baseline 0.002 -13"><span class='ocrx_word' id='word_1_454' title='bbox 2196 3914 2242 3978; x_wconf 86' lang='lat' dir='ltr'><strong><em>C</em></strong></span> <span class='ocrx_word' id='word_1_455' title='bbox 2273 3911 2341 3966; x_wconf 84' lang='grc' dir='ltr'><strong>Χ.</strong></span> <span class='ocrx_word' id='word_1_456' title='bbox 2383 3912 2460 3967; x_wconf 81' lang='lat' dir='ltr'><strong>De</strong></span> <span class='ocrx_word' id='word_1_457' title='bbox 2484 3913 2589 3967; x_wconf 86' lang='lat' dir='ltr'><strong>alio</strong></span> <span class='ocrx_word' id='word_1_458' title='bbox 2618 3914 2816 3968; x_wconf 77' lang='lat' dir='ltr'><strong>caduco</strong></span> <span class='ocrx_word' id='word_1_459' title='bbox 2841 3924 3045 3969; x_wconf 86' lang='lat' dir='ltr'><strong>curato.</strong></span> 
     </span>
    </p>
   </div>
   <div class='ocr_carea' id='block_1_71' title="bbox 2281 3981 3368 4058">
    <p class='ocr_par' dir='ltr' id='par_1_71' title="bbox 2281 3981 3368 4058">
     <span class='ocr_line' id='line_1_72' title="bbox 2281 3981 3368 4058; baseline 0.003 -23"><span class='ocrx_word' id='word_1_460' title='bbox 2419 3983 2492 4058; x_wconf 81' lang='lat' dir='ltr'><strong>I)_e</strong></span> <span class='ocrx_word' id='word_1_461' title='bbox 2523 3985 2786 4039; x_wconf 85' lang='lat' dir='ltr'><strong>abbatissa</strong></span> <span class='ocrx_word' id='word_1_462' title='bbox 2814 3984 3022 4058; x_wconf 83' lang='lat' dir='ltr'><strong>Liubila</strong></span> <span class='ocrx_word' id='word_1_463' title='bbox 3047 3985 3368 4058; x_wconf 75' lang='lat' dir='ltr'><strong>podagrica.</strong></span> 
     </span>
    </p>
   </div>
   <div class='ocr_carea' id='block_1_72' title="bbox 2197 4051 3457 4124">
    <p class='ocr_par' dir='ltr' id='par_1_72' title="bbox 2197 4051 3457 4124">
     <span class='ocr_line' id='line_1_73' title="bbox 2197 4051 3457 4124; baseline 0.004 -19"><span class='ocrx_word' id='word_1_464' title='bbox 2197 4061 2202 4066; x_wconf 77' lang='lat'><strong>‘</strong></span> <span class='ocrx_word' id='word_1_465' title='bbox 2281 4051 2394 4124; x_wconf 55' lang='lat' dir='ltr'><strong>XII.</strong></span> <span class='ocrx_word' id='word_1_466' title='bbox 2435 4052 2513 4108; x_wconf 84' lang='lat' dir='ltr'><strong>De</strong></span> <span class='ocrx_word' id='word_1_467' title='bbox 2537 4058 2765 4124; x_wconf 84' lang='lat' dir='ltr'><strong>quodam</strong></span> <span class='ocrx_word' id='word_1_468' title='bbox 2793 4074 2824 4108; x_wconf 91' lang='lat' dir='ltr'><strong>a</strong></span> <span class='ocrx_word' id='word_1_469' title='bbox 2857 4051 3125 4109; x_wconf 80' lang='lat' dir='ltr'><strong>nativitate</strong></span> <span class='ocrx_word' id='word_1_470' title='bbox 3153 4051 3457 4111; x_wconf 71' lang='lat' dir='ltr'><strong>contracto.</strong></span> 
     </span>
    </p>
   </div>
   <div class='ocr_carea' id='block_1_73' title="bbox 2280 4123 3298 4182">
    <p class='ocr_par' dir='ltr' id='par_1_73' title="bbox 2280 4123 3298 4182">
     <span class='ocr_line' id='line_1_74' title="bbox 2280 4123 3298 4182; baseline 0.005 -5"><span class='ocrx_word' id='word_1_471' title='bbox 2280 4123 2414 4177; x_wconf 78' lang='lat' dir='ltr'><strong>XIII.</strong></span> <span class='ocrx_word' id='word_1_472' title='bbox 2458 4124 2535 4178; x_wconf 86' lang='lat' dir='ltr'><strong>De</strong></span> <span class='ocrx_word' id='word_1_473' title='bbox 2550 4123 2708 4178; x_wconf 15' lang='lat' dir='ltr'><strong>recrea</strong></span> <span class='ocrx_word' id='word_1_474' title='bbox 2735 4126 2935 4179; x_wconf 70' lang='lat' dir='ltr'><strong>caelitus</strong></span> <span class='ocrx_word' id='word_1_475' title='bbox 2970 4124 3298 4182; x_wconf 82' lang='lat' dir='ltr'><strong>illuminato.</strong></span> 
     </span>
    </p>
   </div>
   <div class='ocr_carea' id='block_1_74' title="bbox 2280 4192 3182 4264">
    <p class='ocr_par' dir='ltr' id='par_1_74' title="bbox 2280 4192 3182 4264">
     <span class='ocr_line' id='line_1_75' title="bbox 2280 4192 3182 4264; baseline 0.004 -18"><span class='ocrx_word' id='word_1_476' title='bbox 2280 4192 2418 4249; x_wconf 83' lang='lat' dir='ltr'><strong>XIV.</strong></span> <span class='ocrx_word' id='word_1_477' title='bbox 2463 4194 2537 4248; x_wconf 89' lang='lat' dir='ltr'><strong>De</strong></span> <span class='ocrx_word' id='word_1_478' title='bbox 2561 4205 2726 4248; x_wconf 86' lang='lat' dir='ltr'><strong>matre</strong></span> <span class='ocrx_word' id='word_1_479' title='bbox 2755 4207 2800 4249; x_wconf 83' lang='lat' dir='ltr'><strong>et</strong></span> <span class='ocrx_word' id='word_1_480' title='bbox 2823 4197 2936 4264; x_wconf 84' lang='lat' dir='ltr'><strong>[ilia</strong></span> <span class='ocrx_word' id='word_1_481' title='bbox 2964 4199 3182 4250; x_wconf 81' lang='lat' dir='ltr'><strong>curatis.</strong></span> 
     </span>
    </p>
   </div>
   <div class='ocr_carea' id='block_1_75' title="bbox 2279 4264 3324 4336">
    <p class='ocr_par' dir='ltr' id='par_1_75' title="bbox 2279 4264 3324 4336">
     <span class='ocr_line' id='line_1_76' title="bbox 2279 4264 3324 4336; baseline 0.004 -18"><span class='ocrx_word' id='word_1_482' title='bbox 2279 4264 2398 4336; x_wconf 56' lang='lat' dir='ltr'><strong>XV.</strong></span> <span class='ocrx_word' id='word_1_483' title='bbox 2445 4264 2518 4336; x_wconf 84' lang='lat' dir='ltr'><strong>De</strong></span> <span class='ocrx_word' id='word_1_484' title='bbox 2550 4265 2762 4336; x_wconf 82' lang='lat' dir='ltr'><strong>muliere</strong></span> <span class='ocrx_word' id='word_1_485' title='bbox 2787 4264 3080 4336; x_wconf 72' lang='lat' dir='ltr'><strong>paralytica</strong></span> <span class='ocrx_word' id='word_1_486' title='bbox 3107 4281 3324 4324; x_wconf 84' lang='lat' dir='ltr'><strong>curata.</strong></span> 
     </span>
    </p>
   </div>
   <div class='ocr_carea' id='block_1_76' title="bbox 2272 4335 3234 4406">
    <p class='ocr_par' dir='ltr' id='par_1_76' title="bbox 2272 4335 3234 4406">
     <span class='ocr_line' id='line_1_77' title="bbox 2272 4335 3234 4406; baseline 0.003 -18"><span class='ocrx_word' id='word_1_487' title='bbox 2272 4335 2412 4406; x_wconf 59' lang='lat' dir='ltr'><strong>XVI.</strong></span> <span class='ocrx_word' id='word_1_488' title='bbox 2454 4335 2530 4390; x_wconf 83' lang='lat' dir='ltr'><strong>De</strong></span> <span class='ocrx_word' id='word_1_489' title='bbox 2557 4335 2996 4406; x_wconf 36' lang='lat' dir='ltr'><strong>quodam&#39;claudo</strong></span> <span class='ocrx_word' id='word_1_490' title='bbox 3027 4353 3234 4391; x_wconf 70' lang='lat' dir='ltr'><strong>curato.</strong></span> 
     </span>
    </p>
   </div>
   <div class='ocr_carea' id='block_1_77' title="bbox 2180 4404 3625 4480">
    <p class='ocr_par' dir='ltr' id='par_1_77' title="bbox 2180 4404 3625 4480">
     <span class='ocr_line' id='line_1_78' title="bbox 2180 4404 3625 4480; baseline 0.006 -23"><span class='ocrx_word' id='word_1_491' title='bbox 2180 4437 2184 4442; x_wconf 67' lang='grc'><strong><em>»</em></strong></span> <span class='ocrx_word' id='word_1_492' title='bbox 2273 4404 2439 4480; x_wconf 42' lang='lat' dir='ltr'><strong>gilii.</strong></span> <span class='ocrx_word' id='word_1_493' title='bbox 2481 4404 2806 4480; x_wconf 51' lang='lat' dir='ltr'><strong>Qe&#39;iituliere</strong></span> <span class='ocrx_word' id='word_1_494' title='bbox 2832 4406 2986 4480; x_wconf 70' lang='lat' dir='ltr'><strong>cujus</strong></span> <span class='ocrx_word' id='word_1_495' title='bbox 3013 4423 3133 4461; x_wconf 79' lang='lat' dir='ltr'><strong>crus</strong></span> <span class='ocrx_word' id='word_1_496' title='bbox 3163 4411 3505 4480; x_wconf 71' lang='lat' dir='ltr'><strong>confractum</strong></span> <span class='ocrx_word' id='word_1_497' title='bbox 3536 4425 3625 4468; x_wconf 65' lang='lat' dir='ltr'><strong>est.</strong></span> 
     </span>
    </p>
   </div>
   <div class='ocr_carea' id='block_1_78' title="bbox 2273 4475 3554 4554">
    <p class='ocr_par' dir='ltr' id='par_1_78' title="bbox 2273 4475 3554 4554">
     <span class='ocr_line' id='line_1_79' title="bbox 2273 4475 3554 4554; baseline 0.007 -25"><span class='ocrx_word' id='word_1_498' title='bbox 2273 4475 2576 4554; x_wconf 44' lang='lat' dir='ltr'><strong>§XIILnDe</strong></span> <span class='ocrx_word' id='word_1_499' title='bbox 2596 4493 2694 4554; x_wconf 41' lang='lat' dir='ltr'><strong>scas</strong></span> <span class='ocrx_word' id='word_1_500' title='bbox 2713 4477 2876 4544; x_wconf 80' lang='lat' dir='ltr'><strong>signis</strong></span> <span class='ocrx_word' id='word_1_501' title='bbox 2898 4475 2952 4529; x_wconf 85' lang='lat' dir='ltr'><strong>iu</strong></span> <span class='ocrx_word' id='word_1_502' title='bbox 2979 4493 3085 4531; x_wconf 84' lang='lat' dir='ltr'><strong>una</strong></span> <span class='ocrx_word' id='word_1_503' title='bbox 3112 4475 3344 4536; x_wconf 69' lang='lat' dir='ltr'><strong>muliere</strong></span> <span class='ocrx_word' id='word_1_504' title='bbox 3376 4485 3554 4554; x_wconf 78' lang='lat' dir='ltr'><strong>factis.</strong></span> 
     </span>
    </p>
   </div>
   <div class='ocr_carea' id='block_1_79' title="bbox 2207 4545 3263 4605">
    <p class='ocr_par' dir='ltr' id='par_1_79' title="bbox 2207 4545 3263 4605">
     <span class='ocr_line' id='line_1_80' title="bbox 2207 4545 3263 4605; baseline 0.005 -6"><span class='ocrx_word' id='word_1_505' title='bbox 2207 4556 2210 4560; x_wconf 89' lang='lat'>&#39;</span> <span class='ocrx_word' id='word_1_506' title='bbox 2275 4545 2417 4600; x_wconf 75' lang='lat' dir='ltr'><strong>XIX.</strong></span> <span class='ocrx_word' id='word_1_507' title='bbox 2463 4545 2538 4600; x_wconf 82' lang='lat' dir='ltr'><strong>De</strong></span> <span class='ocrx_word' id='word_1_508' title='bbox 2566 4545 2782 4601; x_wconf 84' lang='lat' dir='ltr'><strong>muliere</strong></span> <span class='ocrx_word' id='word_1_509' title='bbox 2804 4563 2960 4601; x_wconf 81' lang='lat' dir='ltr'><strong>curva</strong></span> <span class='ocrx_word' id='word_1_510' title='bbox 2986 4558 3032 4602; x_wconf 89' lang='lat' dir='ltr'><strong>et</strong></span> <span class='ocrx_word' id='word_1_511' title='bbox 3061 4561 3263 4605; x_wconf 82' lang='lat' dir='ltr'><strong>erecta.</strong></span> 
     </span>
    </p>
   </div>
   <div class='ocr_carea' id='block_1_80' title="bbox 2274 4614 3314 4687">
    <p class='ocr_par' dir='ltr' id='par_1_80' title="bbox 2274 4614 3314 4687">
     <span class='ocr_line' id='line_1_81' title="bbox 2274 4614 3314 4687; baseline 0.007 -17"><span class='ocrx_word' id='word_1_512' title='bbox 2274 4614 2396 4671; x_wconf 71' lang='lat' dir='ltr'><strong>XX.</strong></span> <span class='ocrx_word' id='word_1_513' title='bbox 2438 4615 2516 4671; x_wconf 79' lang='lat' dir='ltr'><strong>De</strong></span> <span class='ocrx_word' id='word_1_514' title='bbox 2543 4617 2771 4687; x_wconf 86' lang='lat' dir='ltr'><strong>quodam</strong></span> <span class='ocrx_word' id='word_1_515' title='bbox 2799 4617 3074 4685; x_wconf 80' lang='lat' dir='ltr'><strong>fastidiosa</strong></span> <span class='ocrx_word' id='word_1_516' title='bbox 3101 4632 3314 4677; x_wconf 85' lang='lat' dir='ltr'><strong>curato.</strong></span> 
     </span>
    </p>
   </div>
   <div class='ocr_carea' id='block_1_81' title="bbox 1703 4980 2726 5102">
    <p class='ocr_par' dir='ltr' id='par_1_81' title="bbox 1703 4980 2726 5102">
     <span class='ocr_line' id='line_1_82' title="bbox 1703 4980 2726 5102; baseline 0.002 -9"><span class='ocrx_word' id='word_1_517' title='bbox 1703 4980 2243 5096; x_wconf 84' lang='lat' dir='ltr'><strong>INCIPIT</strong></span> <span class='ocrx_word' id='word_1_518' title='bbox 2331 4984 2726 5102; x_wconf 83' lang='lat' dir='ltr'><strong>VITA.</strong></span> 
     </span>
    </p>
   </div>
   <div class='ocr_carea' id='block_1_82' title="bbox 2095 5189 2369 5204">
    <p class='ocr_par' dir='ltr' id='par_1_82' title="bbox 2095 5189 2369 5204">
     <span class='ocr_line' id='line_1_83' title="bbox 2095 5189 2369 5204; baseline -0.007 0"><span class='ocrx_word' id='word_1_519' title='bbox 2095 5189 2369 5204; x_wconf 77' lang='grc'><strong>--</strong></span> 
     </span>
    </p>
   </div>
   <div class='ocr_carea' id='block_1_83' title="bbox 1025 5283 1635 5350">
    <p class='ocr_par' dir='ltr' id='par_1_83' title="bbox 1025 5283 1635 5350">
     <span class='ocr_line' id='line_1_84' title="bbox 1025 5283 1635 5350; baseline 0.011 -7"><span class='ocrx_word' id='word_1_520' title='bbox 1025 5283 1030 5289; x_wconf 77' lang='grc'><strong>’</strong></span> <span class='ocrx_word' id='word_1_521' title='bbox 1085 5290 1308 5348; x_wconf 80' lang='lat' dir='ltr'><strong>CAPUT</strong></span> <span class='ocrx_word' id='word_1_522' title='bbox 1348 5293 1635 5350; x_wconf 75' lang='lat' dir='ltr'><strong>PRIMUM.</strong></span> 
     </span>
    </p>
   </div>
   <div class='ocr_carea' id='block_1_84' title="bbox 661 5465 2166 5524">
    <p class='ocr_par' dir='ltr' id='par_1_84' title="bbox 661 5465 2166 5524">
     <span class='ocr_line' id='line_1_85' title="bbox 661 5465 2166 5524; baseline -0.001 -16"><span class='ocrx_word' id='word_1_523' title='bbox 661 5467 821 5516; x_wconf 62' lang='lat' dir='ltr'><strong>lglllll&#39;</strong></span> <span class='ocrx_word' id='word_1_524' title='bbox 844 5468 1122 5512; x_wconf 74' lang='lat' dir='ltr'><strong>DOSlGIIZIm</strong></span> <span class='ocrx_word' id='word_1_525' title='bbox 1149 5465 1270 5509; x_wconf 67' lang='grc' dir='ltr'><strong>Γιιιῖγ</strong></span> <span class='ocrx_word' id='word_1_526' title='bbox 1297 5484 1424 5508; x_wconf 69' lang='grc' dir='ltr'><strong><em>πονο</em></strong></span> <span class='ocrx_word' id='word_1_527' title='bbox 1462 5470 1748 5516; x_wconf 68' lang='grc' dir='ltr'><strong>Ληηιηι-ηπη</strong></span> <span class='ocrx_word' id='word_1_528' title='bbox 1777 5486 1872 5524; x_wconf 65' lang='grc' dir='ltr'><strong>ηθτ</strong></span> <span class='ocrx_word' id='word_1_529' title='bbox 1892 5473 2166 5524; x_wconf 60' lang='grc' dir='ltr'><strong>ηηοςιοιη-</strong></span> 
     </span>
    </p>
   </div>
   <div class='ocr_carea' id='block_1_85' title="bbox 2189 5298 3812 5372">
    <p class='ocr_par' dir='ltr' id='par_1_85' title="bbox 2189 5298 3812 5372">
     <span class='ocr_line' id='line_1_86' title="bbox 2189 5298 3812 5372; baseline -0.006 -15"><span class='ocrx_word' id='word_1_530' title='bbox 2189 5304 2242 5362; x_wconf 89' lang='lat' dir='ltr'><strong>D</strong></span> <span class='ocrx_word' id='word_1_531' title='bbox 2269 5300 2397 5366; x_wconf 87' lang='lat' dir='ltr'><strong>dici,</strong></span> <span class='ocrx_word' id='word_1_532' title='bbox 2422 5301 2488 5353; x_wconf 84' lang='lat' dir='ltr'><strong>ab</strong></span> <span class='ocrx_word' id='word_1_533' title='bbox 2515 5298 2848 5372; x_wconf 79' lang='lat' dir='ltr'><strong>infidelitatis</strong></span> <span class='ocrx_word' id='word_1_534' title='bbox 2871 5298 3108 5354; x_wconf 86' lang='lat' dir='ltr'><strong>tenebris</strong></span> <span class='ocrx_word' id='word_1_535' title='bbox 3130 5309 3295 5355; x_wconf 88' lang='lat' dir='ltr'><strong>eruta</strong></span> <span class='ocrx_word' id='word_1_536' title='bbox 3324 5303 3476 5370; x_wconf 88' lang='lat' dir='ltr'><strong>pium</strong></span> <span class='ocrx_word' id='word_1_537' title='bbox 3502 5318 3678 5356; x_wconf 81' lang='lat' dir='ltr'><strong>nomen</strong></span> <span class='ocrx_word' id='word_1_538' title='bbox 3698 5298 3812 5354; x_wconf 85' lang='lat' dir='ltr'><strong>Chri-</strong></span> 
     </span>
    </p>
   </div>
   <div class='ocr_carea' id='block_1_86' title="bbox 2273 5389 3812 5463">
    <p class='ocr_par' dir='ltr' id='par_1_86' title="bbox 2273 5389 3812 5463">
     <span class='ocr_line' id='line_1_87' title="bbox 2273 5389 3812 5463; baseline -0.006 -18"><span class='ocrx_word' id='word_1_539' title='bbox 2273 5391 2339 5445; x_wconf 88' lang='lat' dir='ltr'><strong>sti</strong></span> <span class='ocrx_word' id='word_1_540' title='bbox 2354 5389 2764 5444; x_wconf 70' lang='lat' dir='ltr'><strong>etllhristianita</strong></span> <span class='ocrx_word' id='word_1_541' title='bbox 2775 5399 2878 5444; x_wconf 88' lang='lat' dir='ltr'><strong>tem</strong></span> <span class='ocrx_word' id='word_1_542' title='bbox 2907 5390 3069 5458; x_wconf 71' lang='lat' dir='ltr'><strong>erepit</strong></span> <span class='ocrx_word' id='word_1_543' title='bbox 3096 5390 3394 5459; x_wconf 84' lang='lat' dir='ltr'><strong>amplecti;</strong></span> <span class='ocrx_word' id='word_1_544' title='bbox 3419 5394 3571 5463; x_wconf 88' lang='lat' dir='ltr'><strong>quasi</strong></span> <span class='ocrx_word' id='word_1_545' title='bbox 3590 5392 3812 5446; x_wconf 67' lang='lat' dir='ltr'><strong>fructum.</strong></span> 
     </span>
    </p>
   </div>
   <div class='ocr_carea' id='block_1_87' title="bbox 2275 5479 3810 5537">
    <p class='ocr_par' dir='ltr' id='par_1_87' title="bbox 2275 5479 3810 5537">
     <span class='ocr_line' id='line_1_88' title="bbox 2275 5479 3810 5537; baseline 0.008 -16"><span class='ocrx_word' id='word_1_546' title='bbox 2275 5479 2484 5522; x_wconf 69' lang='lat' dir='ltr'><strong>nrhm-ic</strong></span> <span class='ocrx_word' id='word_1_547' title='bbox 2515 5479 2665 5525; x_wconf 64' lang='lat' dir='ltr'><strong>radix-</strong></span> <span class='ocrx_word' id='word_1_548' title='bbox 2694 5479 2760 5527; x_wconf 81' lang='lat' dir='ltr'><strong>ad</strong></span> <span class='ocrx_word' id='word_1_549' title='bbox 2793 5479 3068 5532; x_wconf 73' lang='lat' dir='ltr'><strong>humer-em</strong></span> <span class='ocrx_word' id='word_1_550' title='bbox 3089 5479 3256 5533; x_wconf 75' lang='lat' dir='ltr'><strong>nelidi</strong></span> <span class='ocrx_word' id='word_1_551' title='bbox 3283 5483 3577 5537; x_wconf 84' lang='lat' dir='ltr'><strong>marmoris</strong></span> <span class='ocrx_word' id='word_1_552' title='bbox 3601 5479 3810 5536; x_wconf 79' lang='lat' dir='ltr'><strong>suran</strong></span> 
     </span>
    </p>
   </div>
  </div>
