4026 6296
185 359 300 415 839

1195 357 1280 412 ne
1323 357 1478 414 vm
1518 355 2056 418 samwuncis.
2098 362 2488 440 ——Lmsnt.
2579 385 2588 394 -

3364 371 3468 435 870

193 488 333 537 rem,
365 470 705 526 ininistrante
731 467 840 560 .illi
875 468 1167 560 viredinem
1215 469 1544 560 evangelica:
1581 471 1782 528 ﬁuento
1810 477 1857 536 Λ
1886 471 2028 530 baldi
2061 478 2212 534 mirae
2238 481 2540 536 sanctitatis
2569 481 2689 549 viri,
2723 479 3032 557 Walpurgis
3055 469 3468 560 virgoimitahi.

193 562 474 618 doctrinae.
504 561 580 616 Ex
606 561 707 616 hac
735 559 919 615 multae
937 559 1218 615 subducta:
1251 559 1328 615 ita
1363 577 1603 626 crevere,
1635 571 1694 618 nt
1723 578 1781 618 se

192 653 394 714 Oceani
426 652 646 724 pelagus
678 659 1112 722 transponeutes,
1137 660 1194 706 et
1218 652 1356 708 miro
1383 655 1624 724 germine
1658 645 1778 724 pulo

191 745 426 800 lnlantes
465 743 667 800 nostris
699 741 1045 798 eﬁieerentur
1077 743 1304 799 saltibus
1331 743 1568 800 altiores.
1610 743 1780 814 llnjus

190 832 482 890 eminentis
505 831 724 890 arboris
764 843 948 888 faustis
993 833 1180 889 beatus
1209 835 1421 890 exstitit
1465 835 1780 898 Bonifacius

190 924 532 983 orthodoxus
573 920 820 989 atistcs,
871 922 961 994 qui
992 923 1062 978 ob
1108 923 1230 979 ﬁdei
1260 925 1471 980 eunetis
1520 924 1780 981 imitabile

190 1020 450 1076 meritum
483 1013 620 1074 lues
647 1017 870 1089 patrios,
921 1025 976 1071 et
1031 1015 1205 1072 dulcia
1254 1031 1382 1072 rura
1427 1026 1776 1088 postponens,
1817 1057 1820 1060 .

182 1097 332 1164 idm.
351 1109 590 1179 ignotum
611 1103 908 1162 exsulando
938 1104 1071 1160 adiit
1109 1103 1324 1170 callem,
1355 1107 1552 1161 summi
1603 1107 1781 1176 ponti-

193 1195 314 1256 ﬁcii
361 1197 644 1272 Hagontiat
699 1195 928 1253 infulatu
982 1206 1254 1267 suscepto,
1282 1197 1509 1252 alienam
1547 1198 1598 1252 in
1625 1198 1779 1254 nobis

189 1293 348 1366 quasi
405 1290 678 1364 propriam
733 1290 898 1360 coepit
933 1287 1132 1344 habere
1179 1287 1450 1343 tellurem.
1521 1287 1776 1357 Ejusdem

191 1383 401 1442 ﬂoridae
426 1394 588 1455 atque
627 1382 894 1439 frondosa
938 1381 1148 1436 arboris
1179 1381 1504 1436 Britannica:
1543 1381 1677 1436 rami
1710 1381 1780 1436 ad

190 1494 294 1534 nos
320 1491 490 1548 usque
514 1471 747 1531 existere
772 1473 1008 1543 protensi
1037 1467 1144 1526 duo
1157 1468 1298 1526 beati
1319 1485 1441 1527 eum
1469 1463 1778 1528 castissima

190 1587 382 1628 sorore
411 1568 619 1640 virgine
646 1563 845 1623 Christi
879 1559 1171 1636 Walpurga
1201 1563 1402 1620 Christi
1439 1563 1779 1621 eonfessores

179 1659 539 1718 'Willibaldus
583 1666 638 1714 et
673 1654 1064 1718 Wunebaldus,
1101 1654 1192 1726 qtti
1241 1648 1491 1711 similiter
1515 1654 1586 1709 ob
1625 1670 1776 1710 amo-

188 1770 311 1811 rem
350 1751 590 1809 emlestis
639 1742 828 1822 patria:
871 1741 1207 1819 peregrinari
1254 1739 1557 1817 cupientes,
1603 1749 1775 1817 ipsum

187 1847 284 1918 qui
316 1859 540 1917 peregre
574 1840 846 1914 profectus
873 1849 957 1894 est
1007 1839 1059 1893 in
1103 1837 1377 1909 regionem
1423 1837 1769 1909 longinquam
1803 1843 1847 1902 Β

185 1935 440 2004 accipere
463 1932 564 1988 sibi
607 1944 830 2001 regnum
878 1936 935 1984 et
982 1927 1204 1993 reverti,
1253 1936 1310 1984 et
1351 1927 1451 1996 ipsi
1501 1927 1776 1998 prazcineti

185 2024 404 2080 lumbos
431 2021 697 2078 castitatis
727 2018 960 2090 tegmine
987 2017 1236 2076 lucernas
1263 2018 1525 2074 bonorum
1551 2034 1775 2089 operum

181 2113 242 2169 in
277 2113 526 2169 manibus
554 2118 850 2182 portantes,
897 2109 1067 2166 secuti
1114 2116 1242 2163 sunt
1285 2122 1486 2180 regem.
1536 2107 1774 2178 Quorum

182 2205 342 2278 prior
391 2212 513 2275 post
559 2201 784 2257 multam
835 2201 1013 2256 tenuis
1055 2199 1302 2271 corporis
1353 2189 1774 2258 macerationem

180 2313 299 2368 qua
351 2311 412 2353 se
455 2310 556 2368 per
584 2294 751 2350 multa
799 2293 1132 2350 diversarum
1182 2293 1461 2365 regionum
1510 2291 1776 2350 alllixerat

179 2388 387 2459 spatia,
407 2385 746 2443 obedientiali
771 2399 956 2440 norma
979 2385 1083 2440 sibi
1105 2385 1329 2457 ingesta,
1344 2387 1629 2443 ordinante
1650 2402 1773 2442 eum

180 2478 470 2550 prmlihato
484 2477 585 2548 piae
607 2475 882 2531 memoriae
911 2473 1154 2530 antistite
1181 2474 1480 2542 Bonifacio,
1506 2474 1771 2546 pontiﬁcii

177 2572 437 2644 pervenit
463 2570 530 2624 ad
575 2567 810 2635 culmen,
842 2576 897 2624 et
944 2567 1268 2626 Eistatensis
1298 2569 1554 2626 Ecclesiae
1584 2577 1769 2640 pastor

182 2663 365 2718 ﬁdelis
388 2661 726 2718 sortitusest
769 2674 1026 2733 gregem:
1060 2660 1242 2732 ibique
1271 2662 1548 2720 cmlestem
1581 2672 1636 2719 et
1679 2678 1774 2717 an-

179 2753 416 2824 gelicam
458 2753 600 2807 inter
623 2751 872 2807 homines
900 2751 1068 2806 vitam
1103 2752 1328 2820 ducens,
1359 2752 1611 2808 veniente
1639 2753 1772 2809 hora

177 2845 484 2901 Dominica:
511 2843 830 2911 vocationis,
857 2857 988 2899 oves
1021 2858 1157 2915 quas
1196 2850 1410 2899 rexerat
1434 2859 1647 2900 summo
1675 2859 1771 2915 pa-

178 2922 321 2994 stori
345 2935 568 2992 salutari
600 2935 829 2992 Domino
860 2935 1220 3006 consignavit,
1249 2943 1304 2990 et
1333 2936 1398 2992 ad
1423 2937 1598 3008 ipsum
1634 2952 1772 2991 mer-

179 3027 377 3084 cedem
427 3035 742 3099 recepturus
801 3026 910 3082 ﬁne
957 3027 1269 3082 beatissimo
1313 3027 1565 3084 evolavit.
1619 3029 1783 3084 Alter-

176 3136 316 3176 vero
347 3129 514 3176 totum
548 3135 605 3176 se
629 3119 832 3176 Christi
871 3119 1094 3175 servitio
1137 3119 1454 3192 mancipans
1498 3121 1769 3177 mundana

1881 563 1950 619 lis
1970 567 2056 634 pie
2076 568 2404 638 viventibus,
2419 573 2686 630 universis
2707 575 2946 632 collectis
2967 578 3469 640 sanctimonialibus

1885 671 2012 712 vere
2037 658 2232 728 quibus
2260 664 2432 732 potuit
2459 664 2678 721 Christo
2712 667 2940 736 devotis,
2968 668 3019 723 in
3044 667 3163 727 loco
3186 673 3469 742 praenomi-

1869 758 2008 813 Anato
2063 749 2406 808 Heidenheim
2463 755 2758 826 Dominicis
2807 757 3195 818 instantissime
3247 763 3470 836 incmpit

1881 838 2144 896 inhaerere
2173 844 2460 910 mandatis,
2501 847 2705 904 relictis
2733 858 2895 921 atque
2925 851 3148 910 calcatis
3177 855 3469 916 mundiali-

1878 928 1980 985 bus
2007 932 2258 989 omnibus
2287 936 2452 993 rebus
2497 939 2818 1012 exterisque
2856 942 3105 1013 plurimis
3134 959 3198 1002 ac
3225 946 3473 1004 innume-

1880 1022 2140 1079 rabilibus
2182 1025 2340 1084 istius
2366 1031 2551 1084 mundi
2586 1033 2911 1091 transitoriis
2939 1034 3171 1108 pompis.
3208 1037 3470 1104 Noctibus

1879 1111 2043 1184 igitur
2077 1122 2238 1185 atque
2291 1117 2483 1174 diebus
2509 1121 2561 1176 in
2610 1124 2856 1180 oratione
2907 1125 3225 1196 persistens,
3271 1129 3469 1202 vigiliis

1880 1203 2041 1276 atque
2059 1205 2282 1280 jejuniis
2305 1226 2520 1284 semper
2549 1213 2886 1283 incumbens,
2913 1229 3122 1274 castum
3149 1235 3180 1276 a
3212 1221 3467 1290 primaeva

1878 1297 2104 1369 originis
2155 1301 2398 1358 viredine
2445 1295 2642 1374 corpus
2669 1308 2980 1364 custodiens
3026 1308 3259 1380 scipsam
3301 1322 3468 1378 totam

1880 1386 2110 1443 Domino
2132 1385 2547 1449 commendabat
2582 1397 2857 1463 attentius,
2895 1407 2952 1453 ut
2992 1413 3155 1469 quam
3200 1405 3471 1460 munierat

1882 1477 1986 1534 ﬁde
2011 1490 2162 1537 casto
2195 1494 2547 1542 conservaret
2576 1496 2632 1542 et
2661 1503 2888 1558 corpore
2918 1507 2931 1544 :
2965 1490 3151 1560 sicque
3180 1491 3468 1550 Dominum

1879 1581 2243 1642 protectorem
2273 1589 2487 1647 semper
2515 1578 2567 1632 in
2599 1580 2810 1634 cunctis
2835 1581 3088 1650 operibus
3115 1597 3180 1639 ac
3207 1584 3468 1655 praavium

1879 1663 2086 1732 habuit,
2120 1674 2175 1722 et
2199 1668 2560 1740 quodcunque
2583 1671 2737 1742 petiit
2765 1672 3091 1743 impetravit.

2503 1801 2732 1859 CAPUT
2773 1803 2858 1859 Ill.

1953 1928 2191 2004 Contigit
2218 1947 2451 2003 namque
2479 1941 2556 2001 ut,
2586 1934 2640 1989 in
2673 1934 2788 2006 ipso
2825 1935 2968 2006 quod
2991 1935 3164 1992 frater
3196 1936 3312 2008 ejus
3355 1939 3469 1996 edi-

1881 2019 1956 2074 dit
1986 2021 2316 2078 monasterio
2341 2021 2684 2078 Heidenlreim
2710 2024 2837 2080 dum
2874 2025 2990 2096 ipsa
3027 2024 3243 2082 Christo
3282 2009 3469 2084 sedqu

1879 2111 2119 2166 serviens
2177 2121 2502 2178 moraretur,
2549 2122 2604 2169 et
2653 2123 2871 2184 peracta
2925 2117 3230 2187 vespertina
3275 2120 3468 2190 synaxi

1878 2211 2182 2256 revertente
2210 2203 2322 2271 ipsa
2359 2203 2425 2259 de
2453 2203 2680 2261 ecclesia
2732 2206 2799 2260 ad
2848 2205 3065 2261 solitum
3109 2207 3468 2264 diversorium

1877 2300 2090 2345 noctem
2137 2293 2440 2362 proximam
2487 2311 2645 2351 emere
2705 2297 2939 2353 tenebrat
2989 2298 3348 2366 minarentur,
3401 2315 3466 2357 ac

1869 2381 2096 2461 quidam
2145 2394 2330 2441 custos
2355 2386 2596 2456 ejusdem
2641 2390 2884 2446 ecclesia:
2910 2390 3128 2448 nomine
3171 2390 3468 2447 Goumera-

1876 2475 1977 2531 dus
2003 2475 2180 2533 lumen
2210 2480 2466 2548 praevium
2495 2463 2724 2536 stolidus
2765 2491 2988 2552 negaret
3015 2483 3242 2552 petenti,
3282 2483 3368 2538 illa
3407 2493 3469 2538 ut

1876 2575 1962 2621 est
1991 2582 2106 2622 mos
2145 2577 2456 2624 sanctarum
2504 2570 2786 2635 mentium,
2820 2571 3077 2645 injuriam.
3117 2571 3221 2627 sibi
3253 2571 3456 2628 illatam

1875 2655 2098 2726 patienti
2124 2657 2302 2712 animo
2329 2667 2571 2729 gestans,
2595 2659 3116 2724 sanctimonialibus,
3140 2667 3300 2730 prout
3321 2661 3461 2715 ratio

1875 2750 2172 2806 dictaverat
2197 2752 2472 2822 temporis,
2498 2767 2739 2807 mensam
2770 2751 3018 2808 ctenandi
3046 2752 3226 2824 gratia
3255 2752 3459 2807 adeun-

1875 2842 2036 2909 tibus,
2073 2843 2346 2897 inctenata
2394 2842 2728 2898 lectisternia
2781 2843 2954 2913 petiit.
2997 2840 3133 2896 Tum
3183 2841 3378 2896 mirum
3405 2842 3460 2896 in

1872 2935 2091 2992 modum
2149 2935 2201 2990 in
2253 2935 2526 2991 communi
2595 2935 2910 2992 earumdem
2963 2933 3462 2990 sanctimonialium

1873 3028 2190 3084 dormitorio
2217 3035 2362 3082 tanta
2405 3027 2495 3082 lux
2543 3041 2714 3098 usque
2743 3027 2810 3081 ad
2855 3024 3078 3098 pulsum.
3123 3023 3460 3078 matutinalis

1873 3117 2034 3174 oﬁicii
2073 3118 2398 3183 coruscavit,
2436 3127 2495 3173 ut
2522 3117 2712 3173 eadem
2740 3133 2851 3189 prae
2874 3117 3154 3172 nimietate
3181 3115 3264 3171 sui
3298 3114 3468 3186 fulgo-

175 3215 370 3269 omnia
406 3212 568 3270 corde
596 3210 953 3282 liquidissima
989 3211 1212 3282 respuit,
1244 3219 1300 3267 et
1340 3211 1515 3292 locum
1557 3213 1649 3283 qui
1690 3212 1769 3268 di-
1801 3195 1846 3258 C
1877 3216 1952 3266 ris
1984 3219 2141 3266 terrae
2191 3211 2382 3266 intima
2432 3218 2721 3281 penetrare
2769 3209 3059 3265 videretur.
3108 3206 3464 3278 Stupentibus

177 3306 329 3360 citur
360 3302 698 3358 Heidenheim
740 3302 843 3358 sibi
876 3302 944 3357 ad
973 3301 1312 3358 incolendum
1343 3301 1556 3372 delegit,
1590 3303 1770 3374 ibique

176 3394 433 3449 oratione
462 3407 520 3448 se
565 3392 812 3458 munivit,
841 3406 936 3462 spe
965 3391 1259 3458 roboravit,
1293 3390 1397 3448 ﬁde
1425 3393 1680 3455 armavit,
1716 3401 1771 3448 ct

174 3485 431 3540 eamdem
474 3499 639 3556 quam
687 3499 808 3539 cum
839 3481 1012 3538 fratre
1051 3477 1360 3552 Susceperat
1395 3483 1768 3538 monachicam

175 3579 379 3641 vitam,
411 3584 631 3630 strenue
654 3572 934 3645 bajulavit,
965 3573 1270 3642 multosque
1299 3573 1368 3629 ad
1392 3575 1531 3628 bene
1551 3573 1768 3628 vivendi

174 3667 426 3738 regulam
455 3664 686 3737 praevius
725 3663 994 3720 invitavit.
1035 3653 1258 3730 Deinde,
1290 3678 1414 3719 cum
1445 3671 1652 3735 tempus
1678 3679 1770 3720 su-

174 3775 370 3832 perna:
399 3757 853 3814 remunerationis
879 3756 1124 3823 advenit,
1165 3754 1287 3810 cteli
1312 3753 1510 3824 januas
1531 3756 1644 3827 jam
1679 3771 1769 3812 se-

173 3868 351 3910 curus
377 3851 616 3918 intravit,
650 3851 952 3922 molemque
982 3849 1266 3918 exterioris
1292 3843 1525 3906 hominis
1551 3851 1604 3906 in
1628 3865 1767 3920 pra:-

171 3947 353 4004 libato
401 3942 1014 4001 lleidenhcimensiloco
1065 3943 1402 3999 condendam
1446 3942 1681 4014 reliquit,
1713 3943 1766 3998 in

173 4039 377 4094 ultima
415 4035 678 4092 Dominici
722 4033 991 4090 examinis
1036 4033 1125 4088 die
1166 4033 1336 4105 ipsam
1371 4042 1427 4090 et
1452 4049 1579 4094 non:
1605 4031 1766 4088 aliam

171 4146 304 4186 cum
330 4127 538 4185 sanctis
566 4126 687 4181 aliis
713 4133 1048 4197 recepturus.
1081 4123 1217 4179 Tum
1243 4123 1353 4190 ille,
1383 4140 1545 4195 quem
1578 4138 1768 4194 super-

170 4222 369 4278 stitem
401 4219 504 4274 hac
541 4216 746 4273 dimisit
769 4215 822 4271 in
853 4215 980 4280 vita,
1014 4213 1355 4271 Willihaldus
1383 4214 1596 4271 scilicet
1623 4229 1765 4285 pra:-

169 4314 261 4369 sul
287 4311 561 4383 egregius,
590 4323 751 4380 quem
776 4315 994 4378 propter
1019 4306 1350 4374 sacrosancti
1389 4305 1471 4362 sui
1511 4306 1768 4377 praesula-

169 4401 266 4461 tus
306 4403 518 4473 apicem
565 4400 722 4456 fratri
758 4401 817 4454 in
845 4398 1034 4455 ordine
1082 4397 1352 4453 scribendi
1405 4397 1763 4467 praetulimus,

168 4497 307 4552 licet
333 4505 455 4566 post
483 4493 664 4550 fratris
695 4491 1064 4548 beatissimum
1095 4481 1257 4545 ﬁnem
1289 4489 1593 4560 aliquantos
1618 4491 1767 4546 vixe-

167 4590 247 4644 rit
299 4601 496 4651 annos,
547 4583 790 4657 germani
837 4581 1042 4652 proprii
1093 4595 1292 4651 corpus
1339 4581 1590 4636 exanime
1635 4597 1763 4637 cura
1794 4552 1844 4612 Ῑ)

165 4679 592 4753 diligentissima
631 4677 868 4734 condere
891 4675 1122 4742 curavit,
1151 4683 1226 4742 et,
1255 4683 1315 4731 ut
1354 4675 1578 4746 dignum
1615 4683 1766 4730 tanto

162 4781 297 4835 viro
326 4775 523 4840 fuerat,
546 4772 887 4845 peregrinum
913 4769 1026 4841 jam
1052 4784 1082 4824 a
1105 4771 1382 4840 saeculoct
1406 4770 1580 4827 civem
1605 4786 1768 4841 ange-

165 4871 358 4926 lorum
389 4880 510 4922 cum
544 4863 759 4936 hymnis
783 4872 838 4919 et
862 4861 1093 4917 canticis
1121 4861 1388 4933 sepelivit.

816 4987 1140 5078 CAPUTIL

245 5136 528 5192 Hactenus
556 5127 872 5185 memoriam
898 5128 1178 5183 beatorum
1208 5141 1608 5197 germanorum,
1629 5124 1766 5180 Wil-

163 5225 367 5286 libaldi
395 5217 1021 5282 scilicctethnebaldi,
1046 5217 1319 5288 paululum
1334 5216 1610 5272 exarando
1635 5232 1762 5287 per-

158 5315 472 5378 currimus,
510 5323 571 5368 ut
602 5311 765 5367 sciret
787 5307 938 5380 plebs
959 5293 1393 5380 Christodcvota
1418 5305 1562 5360 viros
1596 5305 1761 5361 etele-

158 5410 278 5468 stis
305 5405 512 5462 militia:
541 5411 596 5458 et
622 5399 875 5472 angelica
903 5398 1027 5454 vita:
1057 5398 1216 5453 unius
1253 5395 1600 5466 ejusdemque
1643 5412 1758 5452 me-

155 5505 267 5562 riti
297 5500 558 5557 habuisse
581 5511 844 5558 sororem,
861 5491 1212 5564 Walpurgam
1239 5489 1489 5545 videlicet
1508 5503 1760 5560 sponsam

152 5591 378 5651 Christi
407 5597 464 5645 et
489 5587 774 5657 virginem.
803 5583 974 5648 Nunc,
1004 5582 1128 5652 quia
1161 5579 1229 5636 ad
1253 5581 1496 5635 eamdem
1523 5581 1636 5650 ipsa
1669 5597 1764 5651 pa-

153 5682 485 5742 trocinante
537 5679 806 5736 calamum
862 5674 1081 5732 ﬂectere
1124 5674 1314 5738 nitor,
1365 5673 1432 5727 de
1493 5672 1576 5728 his
1629 5673 1762 5728 satis

151 5777 383 5837 dixisse
415 5772 665 5833 suﬁiciat.
695 5772 824 5830 Post
845 5771 1143 5829 discessum
1175 5768 1340 5842 igitur
1381 5766 1526 5851 beati
1571 5767 1758 5824 Wuni-

1873 3301 2055 3371 itaque
2080 3318 2198 3372 qua:
2226 3302 2476 3358 viderant
2526 3303 2752 3358 sacratis
2785 3302 2894 3357 Deo
2937 3301 3204 3356 universis
3246 3310 3302 3380 et
3348 3314 3461 3370 pra:

1870 3398 2066 3469 gaudio
2093 3397 2486 3454 exsultantibus
2510 3397 2742 3462 cunctis,
2770 3397 2837 3452 ad
2862 3405 3088 3451 matrem
3111 3395 3462 3466 Walpurgcm

1870 3505 2171 3547 convenere
2203 3491 2393 3546 devote
2414 3501 2470 3545 et
2497 3490 2672 3544 visum
2703 3489 2839 3544 lucis
2870 3487 3119 3543 terriﬁca:
3147 3501 3460 3540 narravere.

1870 3582 1938 3635 At
1981 3580 2070 3637 illa
2093 3593 2152 3635 se
2204 3588 2372 3635 totam
2414 3588 2734 3634 convertens
2759 3577 2826 3632 ad
2862 3576 3146 3632 Dominum
3199 3573 3458 3646 lacrymis

1869 3669 2003 3728 fusis
2049 3671 2206 3726 istam
2253 3670 2498 3742 prorupit
2531 3671 2584 3725 in
2611 3684 2843 3725 vocem:
2881 3668 3022 3733 Tibi,
3063 3667 3316 3733 Domine,
3369 3649 3490 3724 eni‘

1870 3763 2062 3819 ancilla
2095 3763 2314 3818 humilis
2342 3762 2616 3818 deservire
2645 3761 2857 3817 decrevi
2886 3775 2917 3814 a
2950 3758 3239 3824 cunahilis,
3263 3757 3462 3814 collato

1869 3860 1936 3914 de
1963 3871 2185 3912 munere
2214 3855 2416 3924 gratias
2443 3853 2642 3918 refero,
2677 3853 2767 3923 qui
2797 3854 2863 3907 ad
2891 3851 3208 3928 excitandos
3236 3850 3466 3906 famula-

1870 3966 1990 4005 rum
2022 3959 2235 4004 tuarum
2265 3947 2394 4002 mihi
2420 3946 2806 4020 cohaerentium
2831 3944 3042 3999 animos
3073 3957 3160 3998 me
3183 3942 3456 4013 indignam

1869 4039 2088 4107 luminis
2127 4038 2200 4093 tui
2251 4037 2513 4093 solamine
2560 4037 2782 4092 visitare
2820 4035 3072 4106 dignatus
3099 4048 3182 4099 es,
3229 4040 3284 4087 et
3329 4034 3457 4088 tetri

1868 4130 2111 4186 horroris
2135 4129 2422 4201 caliginem
2467 4142 2706 4182 crassam
2738 4124 3125 4180 misericordiae
3157 4132 3264 4179 tua:
3290 4124 3461 4178 radiis

1868 4223 2141 4280 evacuain
2167 4241 2180 4278 :
2217 4233 2272 4278 et
2301 4223 2351 4278 id
2383 4236 2489 4276 non
2531 4222 2667 4277 meis
2695 4219 2904 4276 meritis
2932 4217 3076 4273 valet
3121 4215 3342 4282 ascribi,
3371 4231 3462 4285 vc:

1870 4329 1988 4368 rum
2013 4312 2261 4385 gratuitae
2284 4321 2388 4366 tuae
2415 4310 2796 4366 muniﬁcentia:
2831 4307 3074 4380 pietatis,
3110 4314 3167 4363 et
3207 4297 3464 4377 precibus

1869 4403 1977 4459 mei
2007 4412 2062 4458 et
2086 4402 2161 4456 tui
2189 4395 2368 4457 devoti
2398 4400 2586 4455 famuli
2614 4399 2820 4454 fratris.

2485 4539 2714 4597 CAPUT
2752 4539 2842 4596 IV.

1939 4677 2210 4732 Praeterea
2259 4676 2408 4747 virgo
2449 4685 2748 4730 memorata
2797 4682 2853 4730 et
2898 4689 3111 4743 semper
3159 4674 3212 4728 in
3243 4688 3339 4728 ore
3378 4685 3458 4728 tc-

1868 4769 2040 4836 nenda
2069 4767 2378 4836 Walpurgis
2427 4767 2632 4821 exitum
2661 4766 2848 4822 fratris
2886 4767 2970 4820 sui
3012 4764 3348 4828 Wunihaldi,
3401 4774 3460 4817 ut

1866 4860 2020 4918 sexui
2052 4847 2217 4914 moris
2248 4867 2334 4913 est
2360 4857 2709 4925 feminarum,
2737 4857 2978 4929 graviter
2999 4845 3217 4926 pectere
3240 4869 3454 4924 gerens.

1841 4950 2094 5022 ‘contigit
2117 4959 2174 5004 ut
2195 4949 2429 5020 quadam
2459 4963 2707 5019 vespera,
2733 4947 2880 5003 nullo
2907 4963 2975 5002 ex
3004 4945 3338 5001 monasterio
3369 4962 3454 5001 vet

1869 5041 2062 5112 leniter
2091 5039 2378 5106 sentiente,
2408 5039 2691 5109 egrediens
2719 5039 2788 5092 ad
2819 5035 3036 5092 domum
3059 5034 3340 5109 cujusdam
3375 5036 3453 5090 di—

1866 5132 1994 5188 vitis
2041 5130 2320 5186 deveniret
2365 5139 2421 5185 et
2451 5139 2577 5186 ante
2630 5129 2775 5185 fores
2809 5128 3053 5198 ejusdem
3095 5127 3251 5198 quasi
3293 5142 3452 5198 pcre-

1865 5223 2019 5296 grina
2051 5223 2296 5293 quaedam
2323 5229 2380 5278 et
2418 5221 2596 5293 ignota
2625 5220 2740 5276 sola
2785 5220 3130 5296 consisteret.
3175 5217 3292 5286 Quo
3325 5219 3456 5273 dum

1864 5330 1984 5370 eam
2012 5315 2264 5370 dominus
2291 5315 2483 5369 domus
2521 5313 2637 5368 sive
2675 5311 2894 5367 familiae
2922 5310 3253 5366 intrinsecus
3278 5307 3456 5363 famu-

1853 5407 2005 5463 latus
2051 5406 2223 5462 ofﬁcia
2265 5406 2512 5474 praebens
2555 5402 2816 5459 sensisset
2879 5409 3169 5465 astantem,
3227 5413 3458 5468 quaeque

1865 5498 2007 5555 foret
2036 5513 2264 5568 persona
2294 5496 2550 5559 nesciret,
2582 5503 2844 5550 aestuante
2892 5489 3284 5564 patrefamilias
3328 5503 3452 5543 eum

1866 5589 2179 5644 domessicis
2204 5588 2474 5644 universis
2503 5602 2570 5641 ue
2596 5585 2778 5640 rabida
2803 5599 3016 5639 canum-
3038 5595 3258 5636 suorum
3287 5577 3450 5632 auda-

1863 5680 1967 5746 cia,
1999 5679 2390 5750 qualiscunque
2410 5695 2530 5735 esse
2550 5678 2826 5732 videretur
2854 5688 3107 5746 persona,
3141 5669 3450 5726 dilaniando

1863 5772 2279 5843 discerperetur,
2303 5772 2462 5844 jussit
2490 5780 2548 5828 ut
2569 5786 2690 5846 quae
2711 5769 2930 5844 quidem
2965 5774 3107 5825 esset
3133 5765 3283 5824 ocius
3311 5761 3449 5836 indi—
