3930 5574
545 461 647 529 ετξ

1410 460 1900 525 WOLFHARDUS
1938 460 2350 521 PRESBYTER
2396 460 2883 520 llASENRlETAN
2891 461 2994 521 US.
3716 465 3799 523 87?.

553 576 726 645 caret.
763 572 907 640 Tum
937 570 1059 649 illa,
1087 566 1439 652 Nequaquam
1483 574 1679 651 inquit,
1722 594 1809 635 me
1848 579 1958 645 tui,
2000 579 2142 650 quod
2175 588 2220 645 Α
2251 579 2345 636 Dei
2394 595 2578 636 amore
2623 578 2890 635 ﬁrmasset
2929 587 2986 634 et
3024 577 3285 634 mundum
3317 593 3440 641 cum
3478 580 3601 652 ejus
3637 596 3800 639 concu-

548 679 781 744 vereris,
803 686 966 734 canes
986 674 1179 731 insano
1210 673 1370 729 dente
1402 673 1715 741 contingere
1748 668 1999 742 quibun't,
2039 686 2141 726 nec

549 771 907 841 Walpurgam"
934 754 1036 841 (sic
1065 767 1207 823 enim
1240 764 1542 838 nuncupor)
1580 764 1831 819 mordere
1864 762 2140 819 valebunt.

548 862 671 935 ipse
694 867 889 932 nernpe
914 859 1005 930 qui
1050 858 1224 914 mead
1251 856 1467 912 domum
1514 864 1658 910 tuam
1696 853 1949 926 perduxit
1997 854 2145 910 inco-

552 952 778 1017 lumem,
814 949 882 1006 ad
920 948 1097 1005 locum
1144 947 1288 1003 unde
1334 947 1457 1003 veni
1503 945 1725 1002 reducet
1770 946 2062 1013 valentem,
2090 954 2145 1002 et

551 1041 644 1114 qui
674 1055 761 1095 me
811 1040 880 1096 ad
909 1048 1058 1094 tuum
1110 1046 1162 1093 te
1196 1037 1487 1109 ignorante
1520 1035 1748 1107 pertulit
1784 1037 1981 1092 atrium
2026 1038 2142 1109 ipse

550 1135 734 1191 domui
764 1142 868 1189 tum
896 1122 1179 1188 medicina:
1208 1131 1491 1187 conferret
1530 1129 1755 1194 donum,
1788 1127 1832 1184 si
1861 1124 1986 1186 totis
2011 1129 2145 1185 viri-
2188 1132 2194 1141 '

552 1225 655 1279 bus
677 1223 928 1279 eumdem
964 1221 1260 1278 credideris
1295 1220 1563 1276 medicum
1607 1220 1980 1288 medicorum“
2026 1219 2143 1287 Quo

552 1312 760 1381 audito,
788 1313 875 1369 vir
906 1312 1131 1369 illustris
1171 1326 1202 1367 a
1248 1312 1366 1367 loco
1399 1326 1508 1382 quo
1534 1312 1748 1367 sederat
1786 1310 1931 1368 illico
1971 1312 2144 1383 prosi-

551 1410 686 1473 livit,
721 1416 776 1464 et
810 1409 992 1463 animo
1038 1415 1439 1472 consternatus,
1476 1404 1645 1476 quare
1679 1405 1747 1462 ad
1797 1406 1997 1464 ostium
2040 1422 2141 1461 no-

551 1499 677 1556 bilis
723 1506 957 1569 persona
1001 1509 1058 1555 et
1103 1497 1505 1569 Omnipotcntis
1559 1496 1753 1552 ancilla
1808 1498 2138 1564 constiterit,

551 1591 859 1662 requisivit.
900 1589 994 1646 illa
1037 1605 1169 1646 vero
1199 1604 1306 1647 non
1345 1590 1463 1644 sine
1499 1604 1661 1644 causa
1702 1604 1764 1644 se
1798 1588 2015 1645 venisse
2057 1603 2146 1645 as-

552 1682 747 1738 seruit.
790 1682 928 1737 .Tum
961 1681 1045 1735 vir
1091 1688 1423 1736 memoratus
1453 1695 1577 1735 cum
1608 1680 1754 1735 omni
1793 1676 2144 1736 veneratione

553 1790 674 1831 eam
707 1776 761 1830 in
788 1774 949 1831 domo
972 1774 1207 1844 excepit,
1243 1781 1300 1829 et
1335 1786 1553 1829 omnem
1602 1768 2144 1830 lbntulatumdchita:

555 1866 835 1922 servitutis
859 1867 1124 1923 exhibuit.
1158 1865 1267 1937 .Ubi
1295 1874 1514 1923 ventum
1541 1875 1626 1922 est
1657 1867 1723 1921 ad
1750 1866 1922 1921 noctis
1962 1880 2145 1922 moras

552 1957 1009 2039 soporissilentio
1050 1958 1451 2028 temperandas,
1480 1971 1690 2012 sacram
1740 1957 2005 2028 virginem
2035 1971 2140 2013 non
2173 1962 2219 2021 Β

554 2048 750 2105 alicubi
790 2063 1022 2119 pausare
1067 2040 1336 2103 volentem
1381 2047 1434 2102 iu
1488 2046 1793 2103 cubiculum
1843 2046 2147 2116 languentis

555 2140 681 2197 tilia:
707 2141 949 2213 trepidus
986 2141 1302 2198 introduxit.
1350 2140 1485 2196 Erat
1513 2140 1657 2195 enim
1701 2139 1927 2212 languor
1964 2140 2148 2197 cordis

546 2229 662 2302 jam
692 2220 981 2304 penetrans
1005 2232 1190 2299 libras,
1216 2243 1272 2289 et
1304 2233 1605 2303 intercepto
1630 2232 1812 2289 vitalis
1849 2230 2008 2287 ﬂatus
2050 2231 2146 2288 an-

553 2321 722 2378 belitu
748 2323 939 2378 mortis
968 2320 1345 2393 compendium
1380 2328 1569 2391 parato
1602 2320 1797 2376 itinere
1823 2329 2008 2391 portas
2033 2322 2146 2377 oris

555 2413 758 2469 hiantis
797 2412 948 2468 adire
986 2413 1244 2467 tentabat.
1296 2409 1433 2467 Tum
1480 2419 1633 2481 pater
1674 2410 1914 2479 ejusdem
1956 2410 2145 2481 puellie

553 2503 710 2560 labiis
735 2502 1120 2574 palpitantibus
1150 2501 1395 2573 mugiens
1424 2500 1751 2571 ejulabatget
1774 2508 1914 2556 nata:
1935 2500 2087 2555 chari
2107 2520 2147 2553 :-

555 2591 707 2649 simze
732 2591 937 2647 amaris
968 2590 1227 2663 lacrymis
1267 2590 1513 2646 funebria
1555 2592 1916 2662 pneparabat.
1972 2575 2144 2646 Mater

460 2686 463 2691 ’
551 2699 683 2739 vero
712 2684 903 2739 intimo
930 2683 1110 2740 cordis
1138 2699 1339 2739 arcano
1360 2682 1471 2752 jam
1515 2692 1654 2756 pene
1699 2692 2047 2753 praemortua,
2087 2674 2142 2739 et

552 2775 789 2847 pendula
821 2776 873 2830 in
904 2775 1120 2846 planetu
1159 2788 1291 2832 voce
1318 2775 1539 2831 dimissa
1569 2774 1873 2831 exhalantis
1901 2774 2020 2830 ηιίω
2041 2791 2139 2847 op-

554 2865 864 2937 periebatur
891 2878 1169 2937 egressum
1200 2866 1285 2921 cui
1311 2863 1426 2935 jam
1470 2865 1710 2920 luctuosa
1750 2863 1953 2919 familia
1984 2880 2142 2935 para-

552 2962 702 3010 verat
733 2954 970 3010 bustum.
1029 2953 1229 3010 Verum
1264 2952 1472 3011 Domini
1514 2946 1931 3011 cleméutiSsima
1978 2955 2142 3010 mise-

554 3047 696 3100 ratio
724 3045 813 3116 qui
845 3046 1045 3101 occidit
1066 3042 1120 3102 et
1147 3047 1333 3103 vivere
1362 3046 1510 3113 facit,
1537 3047 1772 3117 percutit
1794 3038 1849 3102 et
1892 3036 2070 3113 sanat,
2107 3038 2137 3101 ti

555 3144 729 3191 morte
754 3136 946 3192 minaci
974 3136 1281 3208 languidam
1307 3138 1602 3202 revocavit,
1631 3147 1686 3192 et
1714 3147 1903 3192 orante
1934 3153 2031 3207 per
2059 3146 2140 3193 to-

555 3238 664 3283 tam
693 3236 903 3284 noctem
934 3229 1141 3301 virgine
1166 3238 1375 3294 sancta,
1403 3230 1455 3284 in
1484 3230 1777 3285 crastinum
1803 3230 1977 3300 puella
2004 3245 2133 3286 sana

2244 672 2507 742 piscentia
2552 681 2859 743 superasset
2899 670 3003 727 lidc
3048 671 3225 743 plena,
3278 673 3527 728 moribus
3573 673 3799 747 insignis,

2243 764 2507 821 charitate
2537 754 2757 831 referta,
2787 764 3047 836 sapientia
3088 765 3360 831 decorata,
3392 767 3647 822 castitate
3684 782 3803 839 gem-

2234 862 2414 925 mata,
2456 858 2826 915 misericordia
2862 858 3131 926 redimita,
3180 858 3491 914 humilitate
3531 858 3731 925 fulcita,
3762 874 3806 915 et

2243 947 2492 1007 omnibus
2514 946 2803 1004 virtutibus
2824 945 3106 1013 adornata,
3128 947 3340 1004 vocanti
3366 940 3620 1016 Domino,
3644 953 3803 1007 mortis

2243 1048 2467 1113 accepto
2489 1040 2826 1111 compendio,
2864 1050 3149 1110 acceptura
3197 1040 3659 1098 remunerationis
3693 1058 3805 1114 pra-

2238 1132 2412 1187 ‘mium
2441 1128 2699 1196 obviavit,
2728 1140 2782 1186 et
2807 1144 2877 1207 ex.
2912 1128 3072 1199 hujus
3108 1130 3291 1187 mundi
3334 1130 3645 1203 lacrymosa
3676 1149 3804 1186 vora-

2234 1217 2367 1292 gine
2391 1218 2532 1276 felici
2564 1219 2671 1275 line
2701 1220 2935 1277 decessit
2960 1233 3012 1287 ι,
3042 1229 3095 1276 et
3124 1221 3176 1275 in
3204 1221 3396 1278 eodem
3428 1238 3540 1293 quo
3573 1223 3625 1278 in
3650 1236 3807 1279 sancto

2244 1310 2522 1383 proposito
2559 1309 2776 1366 Christo
2828 1311 3092 1368 servierat
3129 1313 3498 1380 monasterio,
3539 1315 3679 1371 haud
3711 1316 3807 1371 sine

2242 1392 2480 1456 maxime
2528 1399 2940 1456 lamentantium
2984 1400 3216 1471 ejulatu,
3262 1384 3503 1461 ollicium
3549 1404 3810 1474 sepultura

2245 1493 2490 1550 mortalis
2514 1493 2741 1565 accepit.
2774 1490 2977 1549 Ibidem
3007 1508 3135 1564 ergo
3165 1494 3508 1565 aliquantum
3534 1499 3763 1568 corporis
3782 1516 3809 1553 a

2240 1580 2712 1657 ‘compagiuatioue
2748 1585 3052 1655 quiescens,
3096 1584 3208 1641 suis
3244 1600 3386 1656 quos
3426 1588 3736 1658 superstites
3766 1590 3810 1645 in

2234 1678 2447 1733 'mundo
2498 1676 2756 1749 reliquit,
2819 1677 2995 1733 beatis
3045 1676 3529 1736 intercessionibus
3580 1681 3811 1737 auxilium

2240 1770 2496 1855 prmbuit,
2527 1780 2583 1827 et
2613 1778 2671 1825 ut
2697 1778 2873 1826 mater
2897 1769 3035 1825 lilios
3060 1769 3328 1839 educavit.

2866 1904 3094 1963 CAPUT
3136 1903 3223 1961 Vl.

2318 2035 2493 2093 Parvo
2528 2036 2759 2110 denique
2805 2036 3091 2110 interjecto
3120 2049 3364 2112 tempore
3392 2056 3504 2112 quo
3540 2059 3702 2100 sacrae.
3724 2046 3813 2100 vir-

2242 2120 2388 2200 ginis
2434 2128 2645 2185 cineres
2682 2129 2735 2183 in
2775 2129 2964 2186 eodem
3015 2129 3133 2186 loco
3178 2131 3337 2187 tellus
3379 2147 3547 2188 avara
3599 2135 3810 2198 retinuit,

2246 2219 2475 2290 contigit
2526 2220 2912 2278 decedentibus
2964 2222 3235 2292 prioribus
3288 2224 3537 2296 ejusdem
3597 2225 3814 2281 ecclesia:

2243 2314 2575 2385 pastoribus,
2627 2312 2907 2369 Otkarium
2965 2315 2991 2354 ιν
3039 2317 3404 2373 venerabilem
3447 2320 3625 2374 virum
3664 2318 3813 2374 Eiste-

2245 2414 2452 2461 tensem
2484 2394 2799 2461 cathedram
2841 2405 3123 2461 meruisse.
3152 2405 3255 2474 Qui
3287 2407 3420 2464 dum
3463 2411 3643 2465 minus
3675 2424 3814 2480 quam

2244 2502 2557 2578 deposceret
2587 2501 2886 2558 honestatis
2923 2501 3082 2569 ratio,
3121 2500 3260 2558 idem
3304 2501 3697 2573 monasterium
3724 2514 3814 2569 qu)

2242 2590 2416 2647 beatae
2464 2590 2893 2648 sanctimonialis
2947 2608 3070 2649 ossa
3131 2591 3473 2664 tegebantur,
3533 2590 3812 2652 excoleret;

2242 2667 2478 2752 quadam
2517 2692 2675 2740 nocte
2713 2684 2956 2755 corporis
2989 2685 3175 2762 quiete
3203 2684 3471 2755 sopitum,
3513 2682 3642 2739 dum
3684 2690 3814 2737 tetra:

2242 2770 2291 2826 ei
2335 2772 2573 2829 tenebrat
2616 2772 2889 2829 silentium
2926 2774 3320 2841 ministrarent,
3367 2772 3676 2845 huiusmodi
3709 2786 3814 2828 eum

2242 2861 2476 2932 alloquio
2496 2863 2759 2933 virginem
2783 2863 3137 2936 compellasse
3157 2874 3438 2921 narratur.
3461 2864 3619 2939 ﬁer,
3645 2862 3816 2935 inquit.

2241 2946 2458 3020 Ockari,
2487 2954 2577 3024 qui
2605 2952 2799 3023 praesul
2824 2954 2929 3009 dici
2958 2963 3014 3010 et
3043 2962 3164 3012 esse
3190 2952 3465 3021 meruisti,
3497 2956 3706 3010 domum
3728 2951 3813 3006 Dei

2241 3044 2294 3099 in
2323 3061 2430 3116 qua
2453 3044 2696 3116 corporis
2723 3052 2912 3117 sophrc
2929 3049 3168 3119 quiesco,
3198 3057 3255 3104 et
3284 3049 3604 3122 sepulcrum
3633 3048 3681 3102 in
3723 3060 3819 3117 quo

2240 3150 2404 3190 carne
2431 3134 2664 3206 reposita
2693 3135 2936 3192 ultimum
2969 3136 3164 3209 judicii
3188 3138 3335 3213 diem
3359 3149 3643 3210 exspecto,
3680 3136 3815 3190 inho-

2244 3237 2395 3283 neste
2423 3228 2684 3284 hactenus
2715 3236 2950 3284 tractare
2978 3230 3230 3285 voluiSti?
3257 3229 3397 3285 Nam
3425 3246 3698 3286 servorum
3725 3230 3818 3283 hoc

553 3321 811 3376 surrexit.
862 3318 980 3388 Quo
1017 3329 1269 3391 parentes
1308 3320 1424 3374 viso
1472 3319 1732 3374 miraculo
1762 3316 1949 3375 laudes
1977 3320 2148 3375 omni-
2177 3315 2222 3379 C
2254 3317 2561 3374 coeuntium
2608 3316 2885 3375 lutulentis
2921 3320 3149 3391 pedibus
3176 3320 3418 3393 quotidie
3440 3321 3642 3388 caleor,
3676 3330 3725 3376 et
3749 3319 3820 3374 in-
3890 3318 3897 3325 ’

552 3412 758 3483 potenti
790 3412 902 3467 Deo
931 3410 1302 3466 reddiderunt.
1338 3410 1469 3466 Dein
1496 3410 1544 3465 ei
1587 3410 1820 3481 plurima
1848 3411 2005 3465 xenia
2050 3411 2144 3466 ad-

526 3506 660 3576 huc
685 3505 896 3561 tremuli
924 3500 1231 3571 oﬁ‘erentes,
1253 3512 1308 3560 et
1336 3519 1403 3559 ex
1433 3510 1555 3559 asse
1577 3504 1694 3575 ejus
1715 3517 1776 3561 se
1798 3502 2001 3559 sanctis
2023 3517 2145 3558 ora-

553 3580 787 3652 tionibus
809 3594 1279 3661 commendantes;
1304 3593 1393 3649 illa
1417 3594 1690 3651 Christum
1712 3593 1847 3648 mira
1868 3604 2142 3663 gerentem

565 3687 774 3743 habens
800 3686 1085 3758 pecuniam
1110 3686 1337 3758 respuit,
1378 3696 1433 3741 et
1475 3687 1545 3741 ad
1583 3685 1975 3741 monasterium
2003 3687 2145 3739 unde

490 3778 525 3856 '_
557 3786 779 3831 venerat
804 3777 1121 3847 repedavit:
1154 3785 1209 3830 et
1252 3789 1454 3847 quanto
1490 3777 1664 3849 magis
1705 3777 1942 3832 divinam
1990 3777 2043 3830 in
2086 3791 2145 3831 se

552 3869 896 3924 clementiam
929 3869 1106 3940 vigere
1136 3870 1438 3940 conspexit,
1471 3877 1619 3924 tanto
1649 3869 1718 3923 ad
1758 3868 1979 3923 artioris
2018 3867 2141 3922 vita:

552 3962 611 4013 Se
641 3958 838 4029 gradus
860 3959 1122 4014 extendit.

1183 4091 1410 4149 CAPUT
1448 4091 1515 4149 ν.

626 4224 754 4281 llzec
801 4225 906 4281 duo
957 4232 1162 4280 tantum
1215 4227 1476 4298 praeclara
1527 4228 1785 4284 miracula
1834 4243 1954 4299 qute
1993 4228 2147 4298 virgo

558 4315 717 4371 beata
755 4312 960 4387 peregit
1009 4315 1060 4369 in
1108 4316 1216 4369 vita
1261 4316 1385 4372 huic
1426 4318 1667 4373 inserere
1705 4320 1924 4388 dignum
1962 4317 2148 4388 putavi

552 4407 831 4480 Opusculo,
861 4422 980 4479 quae
1007 4419 1246 4464 nostram
1279 4409 1345 4464 ad
1387 4409 1701 4467 memoriam
1732 4425 2047 4482 pervenere,
2076 4412 2145 4465 ne

552 4500 622 4555 ad
652 4500 756 4554 alia
789 4516 908 4569 qua:
933 4500 1481 4558 liactenus‘Dominus
1508 4518 1606 4573 per
1638 4518 1759 4558 eam
1780 4511 2036 4574 cperatus
2062 4509 2147 4558 est

555 4600 610 4645 et
636 4602 890 4661 operatur
913 4592 1153 4661 quotidie
1173 4593 1449 4664 signorum
1478 4594 1739 4665 prodigia,
1774 4593 1889 4663 ipso
1914 4591 2144 4647 Domino
2183 4657 2186 4661 ἢ

555 4681 816 4752 largiente
834 4681 1065 4737 ﬁdeliter
1088 4684 1378 4748 transiens,
1399 4684 1588 4739 eadem
1606 4684 1856 4739 omisisse
1874 4683 2140 4754 culparer.
2173 4691 2223 4750 ο

555 4771 789 4827 Stultum
835 4788 1027 4844 nempe
1072 4773 1287 4829 videtur
1327 4775 1406 4830 rei
1449 4775 1732 4830 veritatem
1752 4776 1786 4828 'a
1834 4774 1981 4828 calce
2021 4787 2148 4828 nar-

557 4864 726 4918 rando
767 4863 1007 4934 incipere
1043 4870 1098 4918 et
1141 4864 1220 4919 sic
1255 4864 1321 4917 ad
1356 4864 1567 4919 titulum
1606 4865 1798 4935 capitis
1838 4863 2143 4934 pervenire.

2247 3409 2560 3467 decentibus
2584 3409 2824 3482 vestigiis
2851 3403 3087 3482 premor.
3118 3411 3311 3467 Sciens
3340 3411 3516 3483 igitur
3548 3414 3676 3468 scito
3698 3420 3822 3482 quo’

2247 3500 2393 3556 niam
2423 3500 2529 3557 tale
2551 3502 2769 3572 aliquod
2795 3502 3051 3558 indicium
3076 3503 3307 3573 pandam
3336 3519 3449 3574 quo
3482 3520 3591 3559 non
3620 3510 3750 3558 recte
3776 3510 3825 3556 te

2246 3605 2374 3663 erga
2397 3607 2483 3647 me
2503 3600 2559 3647 et
2578 3594 2793 3648 domum
2817 3592 2912 3647 Dei
2935 3593 3107 3664 egisse
3129 3596 3455 3664 coinperias.
3490 3595 3599 3650 Sed
3620 3596 3661 3650 si
3685 3609 3821 3649 reum

2247 3690 2299 3738 te
2345 3681 2461 3739 fore
2498 3676 2816 3754 cognoveris
2854 3686 3066 3740 veniam
3103 3685 3385 3741 merearis.
3436 3685 3593 3757 Quod
3633 3685 3825 3740 modico

2245 3774 2499 3845 explicito
2536 3783 2778 3848 tempore
2816 3777 2892 3834 rei
2920 3778 3167 3849 probavit
3202 3790 3452 3837 eventus.
3487 3779 3623 3836 Nam
3657 3780 3823 3834 statim

2247 3865 2300 3923 in
2347 3871 2632 3940 proximo,
2682 3871 2810 3926 dum
2860 3871 3025 3927 erecti
3080 3879 3262 3927 essent
3313 3873 3557 3943 parietes
3602 3872 3823 3943 ejust

2245 3956 2464 4016 fabricm
2508 3962 2898 4032 prominentes,
2939 3971 2995 4017 et
3041 3963 3276 4018 trabium
3315 3964 3554 4034 spatiosa
3581 3978 3825 4033 compago

2246 4052 2490 4123 sequenti
2519 4053 2604 4109 die
2634 4055 2944 4125 patentibus
2968 4054 3138 4111 muris
3164 4055 3391 4113 deberet
3421 4056 3636 4131 apponi,
3658 4056 3829 4111 subito

2248 4140 2389 4200 facto
2430 4144 2541 4216 jam
2588 4146 2762 4201 noctis
2813 4144 3031 4202 silentio
3079 4156 3266 4201 murus
3310 4148 3644 4218 aquilonaris
3690 4154 3831 4200 terra

2246 4232 2401 4289 tenus
2442 4248 2562 4290 sese
2604 4234 2908 4302 revolvens,
2935 4235 3293 4306 prmcipitium
3320 4237 3433 4305 egit
3480 4233 3829 4295 horrendum,

2245 4323 2617 4397 terroremque
2672 4325 2819 4382 haud
2873 4326 3095 4381 nimium
3160 4336 3271 4381 tam
3333 4328 3646 4383 domesticis
3689 4343 3833 4382 eone

2244 4412 2527 4473 familiaris
2563 4432 2725 4488 quam
2769 4418 2981 4473 cunctis
3026 4418 3458 4490 circumquaque
3502 4417 3830 4475 manentibus

2245 4510 2542 4565 inauditum
2572 4509 2821 4565 incussit.
3249 4518 3253 4522 '

2845 4638 3074 4697 CAPUT
3114 4639 3222 4695 VII.
3287 4689 3291 4692 .

2319 4771 2488 4829 Facto
2515 4776 2693 4830 autem
2725 4777 2865 4830 naue
2897 4789 3020 4830 cum
3053 4773 3120 4830 ad
3147 4772 3459 4843 hujusmodi
3479 4773 3827 4846 spectaculum

2224 4878 2440 4920 .omnes
2473 4864 2655 4935 pavidi
2697 4865 3097 4931 convenissent,
3126 4873 3312 4922 custos
3342 4866 3439 4937 qni
3482 4877 3606 4925 tunc
3640 4865 3828 4922 ibidem

557 4952 788 5024 Ideoque
834 4954 985 5024 prius
1024 4963 1147 5008 acta
1187 4955 1328 5026 stylo
1365 4964 1619 5010 currente
1644 4954 1926 5025 descripSi,
1962 4964 2022 5009 ut
2060 4968 2222 5029 seei,
2252 4954 2561 5012 Reiui’ridus
2624 4955 2803 5011 inerat
2856 4956 2988 5012 calle
3040 4956 3249 5014 directo
3281 4958 3579 5029 'prtelibato
3619 4956 3831 5029 prasnﬁ

555 5048 773 5113 quentia
795 5046 1022 5118 virginis
1052 5046 1530 5103 intercessionibus
1553 5048 1717 5103 etiam
1739 5045 1952 5102 valeant
1972 5044 2144 5102 adno-

562 5138 685 5192 tari.
717 5139 867 5192 Dum-
894 5140 1059 5209 igitur
1083 5154 1236 5195 sacra
1272 5141 1423 5212 virgo
1445 5138 1755 5212 Walpurgis
1792 5149 1958 5197 totam
1993 5154 2053 5197 se
2088 5139 2140 5195 in

631 5259 658 5287 ιι
692 5240 961 5322 Eimirum
992 5256 1025 5305 v
1053 5253 1280 5310 Kalend.
1324 5240 1540 5322 Martii,
1580 5257 1677 5310 hoc
1704 5267 1780 5311 est
1816 5259 1872 5313 in
1912 5254 2142 5312 crastino

564 5314 643 5396 Sa
683 5314 922 5391 Mittth
971 5326 1222 5410 apostoli,
1269 5326 1448 5408 inquit
1473 5314 2155 5420 ‘libilzippps.’E§te£trsisi

1753 5398 1845 5432 “is
1876 5397 1935 5444 ς.
1962 5395 2142 5444 Willi-

2164 5006 2222 5052 ἃ

2250 5048 2496 5104 tremulis
2538 5046 2698 5104 labiis
2742 5048 3029 5114 nuntiavit.
3069 5048 3172 5117 Qui
3228 5050 3539 5122 intelligens
3576 5051 3831 5106 visionem

2247 5157 2410 5214 quam
2440 5143 2591 5213 prius
2630 5142 2684 5197 in
2713 5141 2917 5199 somnis
2946 5141 3157 5197 viderat
3176 5157 3301 5198 esse
3335 5145 3678 5216 completam,
3701 5156 3835 5213 tam

2247 5258 2304 5331 S.
2338 5259 2686 5332 Walpurgam
2712 5259 3205 5332 ctelitumnumero
3235 5262 3562 5332 ascripsisse
3580 5274 3831 5317 concessu

2244 5328 2300 5385 et
2336 5328 2492 5403 jussu
2530 5328 3111 5403 A'driani‘pontiiicis:
3146 5347 3251 5403 qua
3281 5328 3447 5403 d‘eﬂi'e
3470 5329 3613 5403 intra
3648 5332 3835 5403 ing?-

2246 5396 2402 5446 nen'il.
2436 5414 2662 5452 numero
2685 5402 2736 5455 1.
2760 5396 3011 5450 ΠΙΙίέινῖιία
3030 5396 3324 5457 Εἰειὸιωμιὶ
