3930 5728
129 373 223 433 873

1089 372 1380 465 DE’VITA
1420 372 1478 431 S.
1521 370 1959 429 WALPURGIS.
2002 403 2069 412 --—
2108 370 2309 429 LIBER
3277 377 3380 431 87l

132 492 230 548 suis
272 488 361 544 illo
409 502 577 559 usque
627 487 854 547 tetendit
894 496 1058 559 atque
1106 463 1228 542 cum
1272 484 1523 540 oinmbus
1568 500 1703 556 pene
1730 491 1778 547 Λ
1809 482 2037 552 negotiis
2089 463 2496 537 Erehanboldus
2540 480 2827 565 episcopus
2874 478 3160 554 religiosos
3204 487 3387 543 arehi-

130 576 657 653 conlprovincialibus
697 575 983 636 ecclesiam
1023 578 1293 649 repolivi't,
1334 593 1494 650 quam
1536 578 1698 632 etiam

129 687 272 727 sacro
292 671 585 728 chrismate
611 671 897 751 dedicavit.
928 671 1059 728 Dein
1085 687 1207 726 cum
1232 671 1283 725 in
1311 670 1498 726 orbem
1530 680 1702 724 trans-

129 764 287 819 issent
334 763 484 829 dies,
547 773 877 818 memoratus
924 763 1151 819 antistes
1199 762 1701 834 archipresbyteros

128 851 384 910 Wltenem
431 863 489 908 et
536 853 873 925 Attalungum
927 853 1052 909 illuc
1102 853 1323 909 sedulus
1371 853 1698 918 destinavit,

78 982 81 989 μ
125 941 431 998 (immonem
481 955 703 1012 quoque
739 956 866 997 cum
922 943 1330 998 sanctimoniale
1377 942 1584 998 Liubila
1630 958 1696 997 ex

124 1035 441 1093 Inonasterio
473 1034 811 1089 lowenheinr
843 1047 871 1076 ι
913 1049 1036 1091 cum
1061 1035 1145 1091 eis
1170 1036 1324 1091 abire
1353 1037 1610 1108 praecepit
1640 1047 1700 1093 ut

122 1120 303 1184 acres
331 1128 547 1183 cineres
565 1127 794 1199 virginis
816 1142 942 1183 cum
980 1143 1193 1184 summa
1219 1130 1494 1202 diligentia
1522 1131 1701 1187 eleva-

117 1230 253 1285 rent,
284 1234 355 1276 ac
375 1214 498 1275 cum
538 1218 756 1292 hymnis
786 1235 852 1276 ae
876 1220 1205 1292 psalmorum
1244 1223 1595 1280 conventibus
1630 1226 1698 1281 ad

120 1310 485 1367 Eichstatense
528 1310 833 1367 emnobinm
871 1312 1241 1383 deportarent.
1284 1314 1346 1369 lli
1388 1330 1516 1371 vero
1546 1315 1697 1385 jussa

118 1398 289 1455 felicia
319 1414 577 1471 prospero
615 1400 808 1456 itinere
841 1402 1190 1471 complentes,
1235 1406 1611 1462 resonantibus
1643 1407 1694 1462 in

118 1491 311 1548 ctelum
332 1506 717 1561 campanarum
740 1492 985 1548 melodiis
1003 1502 1060 1548 et
1077 1496 1526 1566 concrepant-ibus
1542 1496 1701 1551 uniti-

117 1596 212 1652 que
229 1595 492 1636 canorum
515 1580 876 1650 spiritualium
896 1582 1204 1652 euplioniis,
1232 1583 1323 1654 pia
1342 1584 1548 1639 viscera
1572 1599 1697 1640 rure

115 1671 303 1741 inquo
327 1670 595 1740 hospitata
641 1670 857 1725 fuerant
886 1669 1080 1726 flentes
1104 1687 1215 1743 prae
1254 1674 1451 1745 gaudio
1484 1674 1695 1730 extule-

116 1771 232 1816 runt
267 1769 320 1817 et
362 1762 429 1815 ad
463 1762 576 1833 jam
611 1759 816 1817 dictant
856 1763 1243 1817 monasterium
1273 1760 1298 1799 ι’
1340 1764 1694 1821 devexerant.

1804 570 2145 643 presbyteros
2169 586 2290 627 cum
2318 570 2439 627 aliis
2457 570 2583 626 boni
2608 571 2783 625 meriti
2805 586 3089 639 suos,ossa
3108 573 3284 630 dicata
3306 578 3383 630 sal

1803 677 1908 717 cure
1928 663 2151 735 virginis
2172 662 2333 734 jussit
2385 661 2620 734 exquiri,
2647 671 2704 718 et
2738 664 2952 720 inventa
2978 665 3263 736 diligenter
3300 678 3384 724 at-

1804 754 2024 809 trectari
2039 769 2356 826 summaque
2370 770 2491 810 cum
2509 755 2807 811 reverentia
2829 756 3025 826 partita
3051 760 3295 827 recondi,
3314 761 3385 816 ita

1802 854 1863 901 ut
1880 855 2077 916 optata:
2097 847 2186 901 diu
2210 846 2451 918 reliquiae
2478 846 2740 903 darentur
2759 848 3005 916 Liubilae,
3023 860 3077 906 et
3104 851 3392 908 thesaurus

1800 934 2041 1006 ejusdem
2063 936 2306 1007 corporis
2325 952 2423 1007 per
2443 938 2637 993 saecula
2661 953 2772 994 sua:
2790 950 3102 997 servaretur
3124 942 3387 999 ceclesia-.

1800 1027 1866 1082 Hi
1886 1026 2118 1098 denique
2139 1030 2206 1083 ad
2228 1045 2365 1100 quos
2384 1029 2559 1102 jussio
2583 1032 2833 1101 pervenit
2858 1035 3116 1092 antistitis
3142 1038 3390 1094 eamdem

1800 1119 1956 1174 ocius
1984 1118 2113 1174 licet
2138 1120 2368 1191 simplici
2391 1122 2561 1177 corde
2586 1123 2880 1181 titubantes
2903 1127 3209 1185 accelerare
3234 1144 3393 1185 cura-

1802 1217 1949 1265 runt.
1992 1208 2237 1280 Cittllqtle
2277 1225 2336 1267 se
2375 1220 2516 1268 totos
2556 1212 2848 1270 Dominieae
2884 1216 3216 1273 miserationi
3236 1235 3393 1277 eom-

1802 1301 2080 1356 mitterent
2116 1309 2176 1357 et
2212 1302 2265 1357 in
2303 1302 2527 1373 psalmis
2562 1312 2619 1360 et
2665 1305 2881 1377 hymnis
2920 1307 3041 1364 sine
3091 1311 3394 1369 cessatione

1799 1393 2188 1463 persisterent,
2234 1394 2507 1451 fodientes
2553 1395 2878 1453 invenerunt
2931 1399 3142 1456 cineres
3181 1402 3388 1474 ample-

1801 1482 2025 1538 ctendos
2067 1482 2241 1539 beata:
2280 1484 2473 1540 matris
2501 1494 2700 1541 nostra:
2727 1485 3036 1559 Walpurgis
3055 1491 3208 1559 quasi
3256 1491 3391 1562 lym-

1797 1573 1905 1644 pha
1935 1573 2080 1628 tenui
2105 1575 2441 1631 madefactos
2468 1586 2529 1631 nt
2548 1577 2703 1647 quasi
2723 1580 2983 1649 guttatim
3005 1581 3075 1636 ab
3092 1582 3174 1637 eis
3198 1583 3337 1639 roris
3358 1583 3385 1625 ά

1801 1663 1957 1719 stillae
1982 1666 2296 1737 extorqueri
2325 1667 2590 1724 valerent.
2614 1669 2716 1737 Qui
2743 1668 2870 1727 licet
2898 1679 3043 1727 tanta
3073 1684 3252 1731 essent
3291 1677 3391 1731 hu-

1801 1756 2049 1812 miditate
2107 1757 2330 1826 referti,
2389 1774 2493 1816 nec
2544 1760 2844 1832 pulviculus
2907 1771 3084 1820 tamen
3140 1768 3392 1824 manibus

114 1854 261 1921 Quod
292 1851 493 1908 factum
524 1863 610 1907 est
639 1870 692 1908 χι
730 1852 997 1908 Kalendas
1021 1852 1289 1909 Octobris.
1314 1854 1389 1910 Ea
1415 1871 1545 1912 vero
1570 1860 1695 1913 cum
1799 1851 2249 1906 contrectantium
2277 1866 2494 1924 quoquo
2524 1864 2683 1924 pacto
2712 1854 2880 1911 valuit
2923 1857 3222 1915 adhaerere.
3250 1859 3392 1918 Sub-

113 1942 292 1997 debito
316 1942 522 1997 honore
550 1942 642 1997 illo
669 1941 869 2006 delata,
904 1942 1090 1999 diebus
1120 1942 1560 2014 interjacentibns
1586 1955 1696 2001 ter-

113 2036 210 2101 nis,
246 2050 453 2106 corpus
492 2042 737 2101 sanctum
775 2027 1082 2091 Wnnib'aldi
1126 2035 1457 2093 confessoris
1494 2038 1699 2109 egregii

112 2126 173 2178 ad
222 2125 406 2180 locum
445 2140 567 2180 eum
606 2124 752 2180 unde
799 2125 1005 2181 sororis
1059 2125 1253 2181 tulerat
1292 2126 1505 2183 cineres
1552 2128 1697 2199 idem

112 2219 340 2300 antistes
393 2218 658 2290 reportari
706 2220 994 2291 praecepit,
1030 2218 1100 2289 Aid
1156 2227 1240 2275 est
1291 2236 1385 2276 vin
1431 2220 1700 2279 Kalendas

108 2310 377 2367 Octobris.

706 2400 937 2457 CAPUT
976 2399 1106 2457 Vill.

170 2513 473 2584 Postquam
508 2519 686 2567 autem
705 2510 768 2567 Β.
802 2511 1107 2584 Walpnrgis
1136 2511 1272 2567 lines
1296 2512 1699 2572 Eichstatenses

104 2584 593 2675 per'setuetipsam
637 2603 816 2658 visere
860 2603 1076 2675 dignata
1119 2612 1224 2672 est,
1255 2614 1309 2659 et
1349 2603 1534 2662 fratris
1572 2622 1699 2663 rura

106 2697 353 2752 revisens
398 2697 469 2750 ab
520 2693 772 2750 omnibus
819 2683 1115 2766 gaudenter
1161 2703 1418 2766 excepta;
1449 2698 1697 2769 contigit,

106 2788 354 2844 volvente
382 2795 683 2857 temporum
709 2785 943 2851 climate,
976 2795 1036 2840 ut
1065 2796 1360 2843 memorata
1398 2788 1700 2844 sanctimo-

104 2882 260 2937 nialis
286 2879 521 2936 Liubila'
540 2894 569 2933 a
595 2878 914 2948 propinquis
941 2885 997 2934 et
1017 2877 1286 2946 afﬁnibus,
1312 2896 1520 2937 necnon
1538 2890 1601 2936 et
1625 2884 1699 2940 ab

98 2974 219 3029 aliis
258 2972 821 3029 circumrancntibus
852 2972 923 3027 ita
954 2971 1091 3028 foret
1118 2983 1330 3029 arctata
1357 2982 1416 3029 ut
1443 2976 1611 3032 etiam
1645 2976 1698 3034 vi

102 3067 215 3120 sive
240 3064 464 3135 ingenio
489 3077 522 3117 a
552 3069 793 3119 materna
826 3077 944 3118 eam
977 3077 1143 3135 prope
1169 3063 1501 3136 expellerent
1532 3066 1700 3121 luere-

99 3156 296 3211 ditate.
331 3153 533 3210 Verum
569 3154 657 3209 illa
696 3155 822 3210 totis
851 3154 1057 3209 viribus
1086 3157 1404 3221 reluctante,
1436 3157 1622 3212 incidit
1647 3158 1699 3215 ei

100 3246 364 3302 divinitus
408 3245 629 3301 salubre
673 3245 869 3301 mentis
898 3245 1204 3312 consilium,
1248 3257 1307 3301 ut
1342 3264 1372 3301 a
1401 3248 1693 3304 venerabili

96 3337 483 3395 Erehanboldo
508 3337 766 3409 pontifice
794 3337 886 3408 qui
922 3337 1098 3393 adlmc
1136 3338 1526 3395 Eichstatensis
1554 3340 1698 3395 sezlis

98 3433 269 3487 infula
294 3433 837 3496 deeoratur,sanctas
858 3429 1094 3501 Virginis
1118 3430 1373 3502 reliquias
1395 3431 1521 3486 licet
1539 3432 1697 3486 anxia

96 3524 407 3593 postularet
445 3540 460 3576 :
498 3532 589 3588 ut,
626 3521 675 3577 si
723 3522 905 3578 divino
949 3538 1171 3578 munere
1218 3525 1549 3579 concedente
1582 3524 1701 3595 ejus

96 3625 414 3673 mereretur
462 3615 624 3671 ditari
672 3615 943 3671 cineribus
992 3618 1213 3680 sanctis,
1259 3617 1466 3687 proprii
1510 3616 1699 3672 solatia

85 3706 236 3775 juris
270 3706 390 3762 Deo
414 3715 471 3761 et
497 3705 695 3776 virgini
718 3706 1060 3775 consignaret
1087 3716 1142 3761 et
1167 3708 1221 3761 in
1250 3723 1410 3761 manu
1432 3707 1700 3779 pontificis

90 3798 364 3853 donativa
413 3796 468 3852 in
516 3805 837 3868 perpetuum
877 3799 1135 3853 traderet.
1177 3797 1328 3864 Quod
1369 3800 1495 3869 quia
1534 3815 1564 3854 a
1591 3798 1702 3854 Deo

91 3892 341 3962 sumpsit
365 3886 581 3945 initium
605 3891 674 3945 ab
697 3889 813 3960 ipso
835 3889 958 3945 linis
978 3892 1177 3946 meruit
1193 3891 1437 3947 obtinere
1453 3908 1704 3963 augmen-

90 3994 233 4038 tum.
267 3982 344 4038 Et
372 3981 501 4036 licet
525 3980 678 4052 prius
712 3980 973 4035 tentando
1000 3978 1372 4036 difﬁcillimum
1406 3981 1701 4048 videretur,

89 4074 222 4130 felix
271 4085 463 4129 tamen
511 4082 566 4127 et
597 4071 954 4128 desiderabile
996 4080 1177 4127 vntum
1219 4072 1430 4129 felicem
1473 4075 1704 4146 sumpsit

88 4165 387 4221 eﬂeetnm.
434 4164 675 4234 Accepto
723 4170 987 4233 praeterea
1037 4163 1182 4219 idem
1227 4166 1511 4235 episcopus
1534 4182 1706 4237 super

84 4247 205 4314 hoc.
223 4256 463 4326 negotio
492 4256 635 4326 regis
663 4266 717 4309 et
744 4255 1004 4325 regalium
1042 4256 1283 4311 virorum
1305 4260 1558 4325 consilio,
1589 4261 1701 4315 v'rr-

82 4354 233 4422 ginis
260 4350 579 4422 patrocinia
615 4360 645 4389 ί
686 4359 871 4406 sancta
909 4365 970 4406 se
994 4351 1245 4408 daturum
1276 4368 1398 4410 esse
1432 4357 1700 4426 promisit.

78 4445 246 4516 Quod
280 4451 348 4499 et
376 4451 681 4515 opportuno
702 4452 890 4515 postea
923 4453 1161 4516 tempore
1190 4444 1338 4502 fecit.

730 4550 958 4637 CAPUT
989 4580 1085 4636 ιχ.

148 4695 336 4749 Anno
376 4692 447 4746 ab
480 4690 861 4747 incarnatione
885 4692 1099 4749 Domini
1138 4696 1310 4751 nostri
1339 4694 1468 4753 Jesu
1498 4697 1700 4756 Christi

69 4783 560 4856 octingentesimo
610 4784 961 4854 nonagesimo
988 4785 1180 4852 tertio,
1210 4786 1505 4844 indictione
1541 4792 1699 4846 tertia

72 4882 368 4949 regnante
390 4871 530 4928 felici
548 4873 907 4943 prosperitate
930 4874 1157 4931 Arnnlfo
1180 4877 1528 4937 serenissimo
1547 4896 1696 4952 rege,

68 4974 352 5037 apertum
375 4972 465 5017 est
484 4963 814 5017 mausoleum
840 4963 897 5017 Β.
914 4965 1224 5036 Walpurgis
1239 4967 1462 5039 virginis
1488 4971 1541 5026 in
1558 4974 1701 5029 basi-

71 5060 203 5125 lica,
224 5059 288 5114 in
307 5070 422 5125 qua
438 5053 613 5109 iocata
632 5052 808 5109 fuerat
828 5063 1065 5126 tempore
1087 5056 1293 5115 Otkarii
1309 5061 1568 5135 episcopi.
1586 5062 1701 5119 Mi:-

69 5161 195 5207 tens
218 5149 414 5221 igitur
428 5145 880 5217 prudentissimus
901 5163 962 5203 ac
976 5149 1360 5218 sagacissimus
1379 5151 1432 5208 in
1448 5154 1700 5213 clunibus

1801 1939 1909 1995 lata
1950 1940 2168 1995 demum
2204 1957 2302 2012 pro
2343 1944 2604 2012 qualitate
2647 1945 3093 2017 incomparabilis
3146 1950 3386 2007 thesauri

1800 2034 2266 2092 desideratissima
2296 2038 2568 2107 portione,
2598 2039 2865 2111 reliquum
2890 2041 3011 2100 loco
3038 2045 3395 2102 restituerunt

1799 2144 1921 2186 suo.
1955 2127 2088 2197 Quis
2115 2145 2244 2186 vero
2267 2144 2491 2198 maeror,
2513 2148 2700 2203 qurere
2724 2137 2945 2207 angoris
2973 2138 3191 2194 tristitia
3222 2140 3397 2196 Eista—

1802 2231 1983 2279 tenses
2009 2223 2290 2280 invaderet
2316 2224 2491 2290 cives,
2520 2241 2643 2281 cum
2675 2237 2823 2283 tanta
2856 2230 3079 2302 pignora
3115 2234 3390 2302 partiren-

1802 2326 1912 2382 tnr,
1954 2319 2262 2389 putantium
2306 2319 2580 2375 dominam
2630 2321 2981 2395 Walpurgam
3028 2325 3128 2381 sibi
3174 2328 3390 2398 [munitus

1801 2408 2073 2475 ablatam;
2097 2409 2189 2479 qui
2213 2424 2399 2465 verum
2430 2411 2669 2483 agnoscit
2705 2419 2762 2466 ut
2784 2414 2985 2470 veritas
3008 2416 3202 2486 poscit,
3219 2418 3395 2473 veris-

1800 2498 1971 2553 simus
1996 2498 2266 2553 fateatur!
2308 2499 2422 2571 Ego
2447 2511 2628 2557 autem
2674 2502 2779 2558 illis
2821 2504 2911 2574 qui
2954 2507 3221 2574 nesciunt,
3251 2515 3391 2564 utet

1800 2594 2087 2664 populares
2126 2594 2303 2665 ignari
2352 2595 2622 2661 videntur,
2672 2598 2835 2652 verba
2876 2597 3264 2655 consolationis
3290 2599 3390 2654 im-

1800 2685 1975 2755 pendo
2001 2725 2016 2751 ,
2060 2685 2187 2741 dum
2233 2692 2440 2739 tantum
2492 2686 2753 2757 reliquias
2794 2702 2921 2743 esse
2974 2687 3216 2745 sublatas
3260 2704 3392 2744 vera

1803 2779 2013 2834 ratione
2060 2775 2344 2834 conﬁrmo.
2384 2775 2510 2832 lla‘c
2543 2778 2619 2833 ita
2654 2787 2808 2851 gesta
2844 2780 2957 2850 ipse
2982 2780 3117 2835 mihi
3151 2778 3394 2836 scribere

1800 2868 2128 2925 desideranti
2169 2870 2413 2923 narravit
2444 2868 2533 2940 qui
2573 2869 2799 2924 terribili
2844 2870 2967 2926 huic
3000 2869 3077 2925 rei
3101 2870 3227 2926 dum
3266 2885 3395 2942 age-

1800 2971 1950 3017 retur
1981 2960 2254 3030 interfuit,
2293 2970 2345 3017 et
2367 2962 2521 3017 datas
2549 2961 2806 3033 reliquias
2831 2978 2931 3035 pro
2950 2962 3148 3021 locello
3197 2978 3392 3019 recon-

1802 3053 1956 3109 didit.

2432 3124 2660 3182 CAPUT
2697 3126 2768 3184 Χ.

1725 3227 1769 3290 c
1872 3215 2079 3271 interea
2110 3217 2235 3271 dum
2271 3224 2417 3273 tanta
2447 3228 2628 3289 optata
2663 3217 2902 3273 muneris
2928 3217 3235 3288 patrocinia
3268 3232 3392 3274 cum

1800 3324 1992 3379 magna
2007 3308 2391 3364 exsultantium
2410 3308 2578 3380 gloria
2601 3307 2943 3364 deferrentur
2962 3309 3029 3364 ad
3050 3309 3163 3380 jam
3186 3308 3391 3364 dictum

1800 3399 1976 3453 locum
2010 3400 2400 3454 monasterium
2420 3398 2727 3470 puellarum
2750 3398 3113 3463 Mawenheim,
3136 3398 3229 3453 ubi
3255 3404 3394 3451 ven-

1803 3498 1913 3543 tum
1958 3498 2043 3543 est
2082 3488 2150 3543 ad
2179 3489 2362 3544 villam
2409 3487 2468 3543 S.
2510 3488 2773 3544 Bonifatii
2801 3504 2920 3558 qua:
2949 3487 3151 3543 dicitur
3193 3485 3396 3541 Μυκη.

1801 3582 1936 3634 heim
1958 3621 1973 3646 ,
2000 3581 2221 3649 quidam
2258 3579 2500 3636 caducus
2537 3596 2673 3652 puer
2703 3591 3127 3638 oneratosaero
3155 3580 3396 3651 pondere

1799 3669 2002 3726 feretro
2037 3671 2306 3736 obviavit,
2332 3680 2390 3727 et
2429 3673 2531 3729 sub
2550 3674 2738 3729 eodem
2783 3674 2993 3745 positus
3024 3674 3194 3745 ipsam
3227 3688 3393 3744 quam

1801 3761 2090 3831 quaesierat
2129 3757 2421 3818 sanitatem
2461 3764 2683 3835 recepit.
2716 3764 2870 3820 Tunc
2914 3766 3113 3830 subito,
3146 3775 3207 3820 ut
3247 3781 3396 3821 corn-

1804 3860 2048 3907 meantes
2073 3853 2342 3924 hodieque
2380 3853 2639 3920 fatentur,
2671 3865 2819 3912 tanta
2851 3857 2935 3913 vis
2970 3857 3025 3912 in
3057 3858 3246 3913 eodem
3274 3857 3396 3913 loco

1803 3942 2065 4016 fragravit
2092 3946 2275 4004 odoris
2297 3956 2357 4003 ut
2383 3965 2541 4005 nares
2569 3951 2926 4021 portantium,
2948 3952 3311 4023 praeeuntium
3340 3962 3399 4009 et

1805 4040 2149 4109 sequentium
2198 4040 2460 4098 feretrum
2508 4043 2595 4097 vix
2632 4042 2783 4099 ferre
2830 4044 3152 4115 potuissent.
3194 4045 3396 4101 Eodem

1805 4131 1892 4186 die
1928 4134 2245 4204 priusquam
2282 4135 2568 4191 ecclesiam
2609 4137 2677 4191 ad
2715 4153 2877 4207 quam
2916 4135 3233 4192 ferebantur
3271 4136 3400 4191 reli-

1804 4225 1946 4294 quiae
1964 4225 2190 4296 virginis
2224 4226 2575 4293 inferrentur,
2606 4228 2865 4298 parvulus
2893 4227 3144 4296 quidam,
3177 4227 3400 4282 nomine

1804 4317 2088 4382 Rudolfus,
2109 4317 2202 4388 qui
2226 4318 2403 4373 adhuc
2429 4319 2538 4373 vita
2564 4319 2817 4375 incolumi
2843 4321 3091 4376 restituta
3115 4320 3397 4391 tripudiat,

1806 4410 1996 4465 eadem
2024 4424 2185 4478 quam
2222 4424 2384 4479 supra
2423 4411 2725 4466 taxavimus
2746 4412 3001 4482 passione
3026 4421 3315 4483 quassatus
3341 4424 3400 4469 et

1806 4492 1836 4555 a
1867 4509 2041 4555 matre
2075 4498 2165 4553 illo
2192 4516 2365 4568 usque
2396 4502 2721 4571 perductus,
2750 4501 2877 4559 dum
2903 4502 3168 4560 feretrum
3196 4504 3398 4576 attigit,

1728 4577 1781 4638 Ῐ)
1806 4590 2046 4645 omnium
2077 4590 2445 4644 membrorum
2473 4591 2761 4645 sanitatem
2780 4591 2987 4662 recepit
3007 4601 3063 4648 et
3088 4592 3398 4651 addomutlt

1809 4681 1949 4736 unde
1979 4689 2202 4734 venerat
2232 4680 2418 4736 hilaris
2451 4683 2702 4737 recurrit.

2425 4789 2652 4849 CAPUT
2692 4790 2782 4846 XI.

1877 4882 2172 4954 Postquam
2194 4896 2328 4939 vero
2349 4881 2590 4952 ejusdem
2619 4883 2843 4953 virginis
2869 4886 3029 4941 xenia
3055 4892 3400 4941 sacrosancta

1807 4974 1861 5030 in
1903 4974 2129 5030 basilica
2167 4988 2292 5044 quae
2330 4977 2436 5032 sita
2470 4978 2636 5033 estin
2664 4978 2929 5033 honorem
2956 4978 3167 5048 epilicis
3192 4985 3247 5034 et
3284 4977 3404 5032 Sal-

1807 5066 2012 5122 vatoris
2038 5064 2247 5141 Domini
2279 5067 2454 5126 nostri
2480 5066 2610 5127 Iesu
2634 5065 2858 5131 Christi,
2889 5084 3019 5126 cum
3045 5069 3227 5144 populi
3248 5067 3407 5124 laude

1804 5157 2053 5230 plenaria
2102 5167 2229 5215 sunt
2256 5176 2422 5234 super
2443 5160 2620 5221 altare
2651 5172 2678 5201 ο
2721 5156 2925 5226 locata,
2963 5173 3124 5220 nocte
3165 5157 3408 5231 sequenti

139 5273 167 5345 εξ
212 5256 578 5345 Η
604 5274 714 5345 θεν.
740 5256 977 5345 ﬂagiti?!
997 5300 1028 5345 ,_
1060 5261 1223 5345 modo
1268 5262 1546 5323 civitatula
1600 5271 1700 5345 sub
1808 5267 2291 5345 ___d_8tilli_cidium
2338 5274 2572 5345 hoe._ut
2597 5273 2820 5345 vocati}.
2857 5282 2979 5345 sucu
3001 5276 3181 5333 oleum
3212 5277 3412 5329 sancta

62 5334 299 5408 {titione
360 5327 581 5408 comitis
625 5327 853 5408 Palatini
901 5326 1248 5408 Neohurgici,
1293 5349 1400 5408 non
1444 5340 1632 5408 procul
1670 5355 1700 5393 a
1808 5338 1878 5395 W

64 5397 1190 5489 ΨευάίιξεέΒξξξιτίξᾲξξῘθᾲρῐζςηγῇςεφῖο
1215 5397 1243 5462 ι’
1258 5402 1347 5461 cui
1371 5397 1705 5466 monasterio
1810 5397 2194 5489 naré_di5itnr,
2220 5397 2363 5468 infra
2388 5413 2444 5465 in
2469 5397 3223 5489 έρῥᾷῖιάἰςεἠ-υηιξξξ““”“
3352 5476 3384 5489 ﬂ

62 5466 604 5549 praeerat'Leulgila,
635 5466 883 5551 Philippo
906 5466 1162 5529 Neubila.

80 5617 111 5632 ν
129 5546 173 5632 ξ
194 5538 596 5632 ¹“,ἳ9⁹[εἱῗ¹³ἒξῗ¹
613 5538 923 5632 ,δξέξῖίέιίξὶἷο
940 5552 1275 5632 9,“.‘2203‘9"
1301 5542 1362 5601 ⁵·
1390 5546 1699 5623 Walpurﬁis

1880 5489 1907 5519 ο
1944 5479 2013 5535 Ει
2036 5466 2216 5536 tamen
2247 5466 2438 5538 sancta
2469 5466 2789 5554 Wleurgis
2818 5477 2891 5534 ob
2921 5466 3292 5542 eam'causam
3317 5476 3387 5531 ali

1806 5549 2324 5632 quandonntiracnla
2374 5549 2561 5604 facere
2596 5546 2805 5598 ιιραιίιίι
2867 5555 3103 5592 tum...
3146 5551 3185 5588 ς
3232 5547 3412 5584 nam--

58 5617 218 5672 dicta
248 5619 391 5669 est;
414 5606 499 5689 uti
520 5608 574 5662 in
603 5607 915 5681 Appendice
940 5606 1263 5684 videbimus.
1354 5685 1366 5688 _
1517 5606 1539 5623 ⁸
1620 5606 1651 5623 ⁹

132 5682 316 5728 {Sic
347 5691 557 5722 Μεθ’*
590 5693 609 5702 ·
1378 5685 1388 5690 ’

1809 5606 2004 5658 ἇιιινηο
2036 5620 2088 5634 ι’·

132 5696 160 5725 c
178 5726 181 5728 _
199 5691 316 5728 Sil!
347 5691 557 5722 m“""‘
590 5693 609 5702 "

1882 5338 2121 5412 alpurgis
2145 5356 2232 5412 ex
2262 5342 2438 5399 sacris
2480 5341 2655 5410 ipsius
2687 5336 2939 5412 reliquiis
2965 5342 3229 5403 hactenus
3260 5353 3410 5396 ωιςι-
3462 5376 3466 5379 .
3544 5376 3545 5379 η
