4026 6296
547 407 683 466 Ἣῗέὶ

1431 407 1916 468 ιιυιιίιιιιουδ
1951 409 2360 467 PRESBYTER
2404 409 2998 470 IIASENRIETANUS.

3757 400 3862 468 διδ

565 526 706 581 «lum
736 535 1028 582 memorata
1077 525 1507 582 sanctimonialis
1554 524 1758 580 Liubila
1805 541 1926 596 qum
1967 526 2018 580 in
2059 525 2159 580 isto
2187 532 2232 590 Α
2259 525 2415 596 just'e
2447 526 2624 581 meriti
2662 527 2799 596 apud
2853 527 3018 582 Deum
3065 526 3179 582 haec
3229 535 3412 582 sancta
3445 527 3516 582 sit
3546 527 3701 598 virgo
3745 544 3861 599 qua

579 613 909 672 tuonas'terio
936 625 1060 672 tunc
1097 623 1300 671 erat-et
1339 615 1515 670 adhuc
1557 626 1838 686 permanet
1867 615 2162 680 abbatissa,

573 724 698 762 cum
741 708 861 762 aliis
911 709 1018 764 Deo
1069 707 1297 762 sacratis
1333 705 1547 762 feminis
1588 708 1640 761 in
1679 708 1792 778 ipso
1813 707 2010 777 oppido
2039 724 2166 778 pro-

549 810 695 872 ἴτριον
738 801 1080 856 traditionem
1118 816 1278 872 quam
1325 801 1532 856 fecerat
1578 799 1637 854 Β.
1689 799 1996 854 Willibaldo
2043 798 2166 868 jure

572 893 918 948 barreditario
946 894 1186 965 ejusdem
1219 894 1556 956 monasterii,
1593 893 1729 948 sicut
1767 893 1852 948 lex
1885 892 2163 946 Sualavcl-

571 983 691 1038 alica
723 996 748 1023 ιι
780 983 1044 1050 continet,
1091 993 1369 1040 moratura
1408 985 1582 1040 tribus
1623 985 1676 1038 in
1706 983 1864 1038 domo
1906 994 2162 1040 extranea

569 1073 820 1130 noctibus
836 1075 1014 1145 sopori
1036 1076 1277 1131 membra
1295 1075 1532 1131 dedisset
1549 1075 1806 1146 gravique
1827 1075 2165 1132 inconnnodo

563 1163 822 1235 podagrae
844 1175 1182 1234 quateretur,
1213 1167 1389 1222 astitit
1417 1168 1465 1221 ci
1497 1167 1714 1236 quidam
1746 1166 2047 1222 veneranda
2070 1181 2160 1220 αι⁹

569 1252 702 1308 nitie
739 1255 968 1310 clericus
996 1256 1087 1326 qui
1119 1271 1241 1312 eam
1281 1257 1354 1310 ita
1398 1255 1728 1327 compellans
1757 1256 1833 1308 ait
1864 1272 1876 1308 :
1927 1253 2160 1320 Linbila,

547 1358 667 1398 -enr
697 1343 936 1400 dormis?
971 1344 1152 1414 Quare
1190 1363 1295 1402 non
1342 1362 1570 1420 surgens
1604 1347 1669 1400 ad
1707 1345 2004 1400 Ecclesiam
2035 1360 2161 1415 per-

567 1435 684 1504 gis?
729 1436 824 1492 Cui
876 1439 982 1502 illa,
1018 1447 1075 1494 nt
1107 1441 1369 1496 hactenus
1395 1441 1624 1501 asserit,
1653 1438 1848 1494 similis
1874 1437 2160 1492 dormienti

541 1529 882 1598 rrespondit:
911 1529 988 1586 -Ut
1033 1532 1162 1602 quid
1193 1546 1334 1587 nunc
1363 1532 1428 1586 ad
1457 1530 1746 1587 ecclesiam
1791 1531 2026 1586 eundum
2056 1540 2158 1595 est,

562 1637 687 1676 cum
729 1623 882 1694 signa
925 1623 1266 1678 matutinalia
1318 1624 1548 1679 necdum
1601 1621 1812 1696 pulsata
1863 1622 2162 1694 sint?-Ego

540 1703 761 1784 quippe
808 1729 907 1770 nec
937 1715 1048 1770 illic
1100 1716 1310 1771 incessu
1359 1716 1555 1787 pedum
1601 1729 1828 1786 pergere
1857 1713 2030 1779 valeo,
2058 1714 2158 1768 nisi

561 1808 811 1863 manilius
863 1807 1092 1864 aliorum
1139 1809 1315 1865 delata
1364 1795 1646 1864 exstitere.
1691 1808 1795 1877 Qui
1841 1810 1958 1863 ait;
2013 1809 2158 1864 Vade

542 1896 832 1962 celeriter,
863 1913 931 1954 ne
958 1900 1209 1964 moreris,
1240 1901 1365 1968 quia
1399 1897 1458 1953 Β.
1493 1898 1837 1956 Willibaldus
1865 1898 2150 1955 ecclesiam
2183 1888 2229 1950 Β

559 2000 680 2038 cum
723 1985 890 2040 multo
917 1989 1133 2060 agmine
1163 1989 1320 2059 petit,
1351 1987 1586 2057 qualiter
1615 1995 1860 2042 sanctam
1892 2003 2047 2042 suam
2073 2003 2157 2042 so-

561 2097 738 2136 rorem
783 2082 1114 2136 reconditam
1153 2081 1379 2147 habeas,
1412 2097 1442 2135 a
1495 2090 1546 2136 te
1583 2063 1798 2136 curiose
1835 2081 2157 2152 perquirere

559 2175 763 2231 volens.
793 2175 924 2244 Qua:
946 2175 1154 2239 statim,
1184 2189 1248 2228 ac
1265 2175 1309 2229 si
1335 2173 1467 2228 nihil
1495 2173 1817 2229 incommodi
1845 2172 2155 2244 pertulisset

555 2283 855 2340 exsurgens
898 2276 951 2323 et
987 2266 1057 2322 de
1099 2266 1218 2322 loco
1247 2265 1314 2322 ad
1337 2265 1512 2320 locum
1542 2264 1798 2320 exsiliens
1819 2306 1836 2331 ,
1871 2265 2149 2321 basilicam

555 2361 623 2414 ad
667 2375 828 2429 quam
896 2358 1150 2414 tendebat
1196 2357 1482 2413 sanissima
1532 2357 1776 2425 ingressa
1832 2367 1954 2422 est,
2016 2357 2152 2412 Deu-

553 2467 658 2522 qne
694 2452 852 2506 simul
881 2463 1063 2522 grates
1095 2459 1150 2505 et
1181 2451 1376 2522 virgini
1421 2463 1521 2520 pro
1561 2450 1751 2520 adepta
1783 2451 2042 2523 sosltitate
2067 2468 2147 2507 re-

559 2546 760 2614 pcn‘lit.

1162 2610 1387 2668 CAPUT
1427 2611 1539 2668 XII.

623 2730 850 2797 Quidam
875 2744 1098 2800 pauper,
1134 2728 1348 2784 nomine
1388 2727 1679 2794 Leibolfus,
1708 2744 1774 2784 ex
1803 2737 1958 2784 utero
1996 2730 2145 2801 geni-

552 2819 706 2874 tricis
745 2819 1010 2890 parientis
1052 2819 1122 2873 ita
1151 2827 1462 2875 contractus
1491 2828 1545 2874 et
1571 2834 1768 2875 curvus
1796 2827 1879 2875 est
1905 2829 2064 2875 natus
2085 2828 2143 2874 nt

552 2911 705 2981 quasi
758 2918 1057 2965 monstrum
1104 2909 1320 2979 aliquod
1358 2918 1675 2963 cerneretur
1708 2924 1739 2964 a
1769 2909 1998 2964 cunctis.
2037 2907 2138 2976 Qui

550 3002 677 3054 dum
705 3001 844 3054 inter
871 2999 1053 3070 plures
1089 2999 1180 3069 qui
1223 2999 1291 3052 ad
1319 2999 1612 3068 patrocinia
1663 2999 1888 3069 virginis
1936 3014 2134 3054 convo-

538 3087 757 3154 labant,
785 3090 836 3143 in
863 3089 1050 3144 eodem
1069 3089 1398 3145 monasterio
1418 3089 1592 3144 victus
1618 3091 1820 3160 pariter
1835 3099 1890 3144 et
1917 3088 2137 3144 remedii

549 3191 818 3252 quan-cret
847 3179 1096 3236 solatium
1124 3220 1138 3244 ,
1169 3180 1402 3250 quadam
1447 3188 1605 3234 nocte
1649 3179 1776 3234 dum
1809 3179 2137 3235 lectisternia

531 3272 827 3327 stlormiens
855 3279 1177 3342 premeret,
1222 3268 1377 3324 beata
1417 3269 1565 3341 virgo
1602 3268 1910 3341 Walpurgis
1952 3269 2001 3324 ei
2041 3284 2136 3338 per
2164 3264 2209 3324 C

541 3363 720 3420 visunt
751 3365 1002 3436 apparuit
1036 3374 1091 3420 et
1130 3373 1185 3420 ut
1229 3363 1296 3418 ad
1322 3363 1604 3420 ecclesiam
1626 3371 1874 3432 pergeret
1901 3361 2134 3432 impera-

545 3453 638 3508 vit.
666 3451 785 3521 Quo
829 3453 1188 3524 respondente
1230 3468 1354 3510 sese
1386 3453 1584 3524 algoris
1629 3453 1881 3509 canitiem
1911 3453 2138 3522 perhor-

533 3557 764 3600 rescere
789 3552 844 3598 et
873 3543 1128 3614 glaciales
1164 3543 1392 3616 injurias
1429 3542 1739 3612 formidare,
1784 3543 2014 3614 ideoque
2039 3559 2138 3598 nec

545 3651 580 3692 tt
609 3635 724 3692 loco
754 3637 954 3707 quietis
976 3638 1176 3693 audere
1200 3636 1392 3692 saltem
1425 3651 1748 3707 exsurgere;
1796 3636 1884 3692 illa
1919 3636 1985 3690 ad
2011 3653 2134 3690 eum

542 3726 759 3784 blandis
790 3728 1020 3799 eloquiis
1049 3729 1224 3798 inquit
1249 3744 1265 3782 :
1307 3727 1519 3784 Vadens
1543 3729 1704 3793 vade,
1741 3729 1970 3794 miselle,
1996 3729 2136 3786 cele-

547 3817 703 3883 riter,
731 3819 984 3888 quoniam
1023 3833 1124 3889 ego
1153 3835 1182 3872 a
1217 3828 1268 3873 te
1314 3818 1404 3873 illo
1430 3833 1536 3888 quo
1562 3835 1706 3874 nunc
1751 3820 2017 3889 premeris
2057 3819 2135 3873 al-

533 3922 675 3984 .gorc
703 3908 916 3964 deterso
939 3908 1203 3962 fervidam
1242 3908 1612 3963 membrorum
1637 3910 2012 3980 compaginem
2035 3910 2135 3964 mi-

545 3998 805 4062 nistrabo,
864 4006 921 4054 et
981 3996 1144 4066 hujus
1194 3998 1246 4052 in
1295 3998 1796 4069 recompensatione
1847 3998 2128 4062 mercedis,

541 4088 778 4146 scabella
808 4089 837 4130 δ
878 4089 1008 4145 mihi
1039 4089 1234 4160 quibus
1270 4089 1448 4144 adhuc
1479 4090 1659 4145 curvis
1695 4089 1919 4146 artubus
1942 4089 2131 4157 uteris,

542 4180 746 4236 donare
775 4179 1018 4236 debebis.
1043 4180 1144 4248 Qui
1174 4180 1299 4236 licet
1335 4181 1514 4252 segnis
1540 4180 1826 4237 ecclesiam
1867 4183 2127 4249 introivit,

540 4277 595 4322 et
643 4268 919 4340 paululum
966 4280 1370 4335 commoratus,
1420 4270 1541 4324 inde
1571 4271 1636 4326 ad
1679 4271 1948 4342 hospitale
1990 4273 2134 4328 unde

541 4370 769 4414 venerat
826 4361 1022 4416 anxius
1068 4361 1250 4415 rediit.
1301 4359 1565 4430 Snrgente
1613 4375 1745 4415 vero
1786 4369 1970 4431 Optata
2023 4361 2130 4416 diei

543 4465 735 4504 aurora
768 4450 962 4505 iterum
987 4449 1262 4506 basilicam
1286 4450 1436 4516 adiit,
1464 4460 1518 4504 et
1536 4460 1660 4505 ante
1689 4450 1944 4506 feretrum
1969 4452 2136 4522 virgi-

544 4541 632 4596 nis
671 4541 993 4596 benelicium
1041 4552 1365 4612 accepturus
1419 4541 1666 4596 ac‘cessit.
1713 4541 1870 4597 Circa
1917 4543 2127 4598 tertiam

541 4647 671 4688 vero
693 4632 879 4687 horam
911 4632 1090 4687 subito
1116 4611 1429 4703 palpitando
1451 4647 1508 4687 se
1540 4632 1783 4687 volutare
1808 4633 1971 4701 cmpit
1995 4633 2123 4687 etin
2158 4611 2206 4670 Ῐ)
2235 4611 2317 4651 cm

531 4723 851 4794 pavimento
888 4722 1182 4778 reﬂectere.
1209 4723 1343 4777 Cum
1374 4736 1501 4776 ecce
1543 4721 1782 4792 tripediae
1805 4722 2000 4791 quibus
2027 4739 2125 4776 sua

451 4880 458 4886 θ
542 4831 671 4871 usus
718 4824 803 4871 est
857 4815 910 4870 in
958 4816 1089 4881 vita,
1139 4815 1395 4870 divinitus
1428 4829 1458 4867 e
1498 4813 1745 4868 manibus
1769 4812 2129 4879 acsievulsze,

539 4917 666 4962 ante
698 4907 868 4962 altare
905 4907 1162 4978 proiecta:
1189 4915 1330 4960 sunt.
1362 4905 1560 4974 Sicque
1592 4906 1848 4960 membris
1875 4906 2128 4960 omnibus

541 4996 787 5052 solidatis
809 5007 974 5068 atque
1000 4996 1199 5053 erectis
1225 4995 1375 5052 stetit
1403 5004 1456 5050 et
1485 4994 1813 5059 ambulavit,
1854 4996 1945 5065 qui
1979 4997 2128 5065 prius

541 5087 759 5171 natibus
807 5088 1190 5144 miserabiliter
1231 5102 1449 5156 repens,
1497 5087 1694 5157 prioris
1743 5088 1864 5141 vitze
1907 5101 2128 5144 cursum

525 5177 870 5235 llaboriosum
908 5182 1240 5252 impleverat.
1295 5180 1442 5236 Idem
1480 5195 1713 5250 namque
1747 5195 1908 5235 sanus
1936 5189 1989 5236 et
2031 5197 2127 5236 va-

540 5267 659 5322 lens
701 5269 753 5322 in
801 5271 1106 5326 ministerio
1157 5269 1399 5339 ejusdem
1457 5287 1626 5341 usque
1677 5271 1841 5326 hodie
1887 5271 2123 5328 deservit

529 5357 785 5414 ecclesiae
829 5369 886 5414 ut
917 5362 1125 5417 cunctis
1151 5362 1360 5432 liquido
1397 5362 1796 5418 demonstretur
1825 5364 1999 5434 qualis
2033 5381 2125 5419 cn-

610 5504 636 5568 _-
673 5490 1013 5548 Sualaveldia
1057 5509 1224 5568 pagus
1257 5511 1354 5553 seu
1395 5497 1858 5568 tt'acttts,_in‘qno
1881 5497 2122 5556 Ileiden-

528 5563 816 5646 ‘heimen‘se
848 5563 1255 5646 monasterium,
1285 5567 1444 5623 modo
1475 5568 1540 5622 ad
1573 5563 2121 5638 Wirtetitbergensem

533 5640 859 5706 comitatum
899 5642 1128 5706 spectat.

611 5703 638 5740 δ
675 5702 948 5773 Tripediai
1000 5713 1156 5760 vocat
1203 5704 1362 5760 intra.
1421 5705 1779 5762 Scubellorum
1832 5710 1994 5764 etiam
2027 5725 2120 5765 seu

535 5772 905 5826 acantellbrnm
941 5776 1184 5830 meminit
1217 5775 1552 5832 Adrevaldns
1579 5779 1631 5832 in
1661 5779 1895 5833 librode
1936 5780 2118 5834 Mirac.

536 5841 601 5892 ὃ.
633 5840 856 5907 Bened.,
889 5858 1007 5912 cap.
1033 5844 1126 5908 36,
1158 5842 1355 5899 saeculo
1380 5861 1442 5898 ιι.

2268 615 2570 686 bnjnsmodi
2592 626 2648 672 et
2671 617 2866 672 similia
2901 617 3192 686 impetrare
3231 627 3468 672 meretur

2851 731 3079 787 CAPUT
3118 730 3253 786 XIII.

2264 890 2272 896 .
2337 843 2450 899 lloc
2475 845 2640 914 igitur
2665 854 2879 915 patrato
2903 845 3161 900 miraculo
3185 845 3503 902 Adelbcrtus
3525 845 3858 900 Alamannia:

2265 941 2446 993 eomes
2487 938 2716 993 illustris
2763 937 2854 993 illo
2903 953 3073 1008 usque
3098 939 3322 994 devotus
3362 937 3614 1000 advenit,
3642 952 3856 992 cereum

2263 1045 2370 1083 non
2411 1028 2681 1084 modicum
2727 1029 2942 1093 detulit,
2983 1039 3042 1084 et
3093 1027 3286 1084 altario
3321 1043 3525 1098 pronus
3574 1027 3854 1098 imposuit.

2265 1134 2362 1189 pro
2407 1135 2466 1174 se
2509 1121 2733 1190 suisque
2785 1120 3100 1192 suppliciter
3147 1119 3432 1174 Dominum
3483 1129 3538 1173 et
3595 1119 3858 1187 virginem

2261 1213 2541 1277 exoravit;
2574 1214 2764 1283 sicque
2801 1212 3179 1268 benedictione
3224 1213 3393 1280 potita
3421 1209 3488 1265 ad
3518 1211 3742 1282 propria
3775 1225 3858 1265 rc-

2263 1305 2481 1359 meavit.
2508 1303 2825 1375 Snscipiens
2849 1313 3028 1359 autem
3051 1303 3296 1359 eamdem
3318 1303 3601 1358 candelam
3621 1296 3853 1366 Liubila,

2261 1395 2384 1464 quia
2410 1395 2637 1464 praefato
2671 1394 2853 1451 comiti
2891 1394 3316 1450 familiarissima
3346 1404 3429 1449 est
3455 1404 3512 1450 ct
3535 1410 3666 1451 cara
3687 1437 3704 1459 ,
3730 1412 3856 1450 can-

2259 1484 2482 1539 delabro
2528 1485 2704 1541 erexit
2755 1494 2810 1540 et
2867 1485 3208 1540 inaccensam
3242 1493 3368 1540 tunc
3419 1483 3561 1538 forte
3614 1485 3850 1554 reliquit.

2259 1577 2464 1646 Quarto
2511 1583 2642 1634 vero
2677 1579 2765 1633 die
2790 1579 3005 1634 coalitus
3057 1578 3234 1632 lumen
3286 1577 3516 1647 accepit,
3573 1577 3852 1646 tribusque

2260 1668 2448 1723 diebus
2473 1677 2528 1722 et
2571 1669 2822 1724 noctibus
2852 1669 2904 1722 in
2941 1684 3005 1722 ea
3034 1668 3235 1722 lumine
3257 1667 3586 1736 perdurante
3613 1707 3628 1728 ,
3659 1677 3852 1737 quarto

2260 1759 2475 1814 nemine
2495 1767 2819 1830 emungente
2847 1759 3111 1814 exstincta
3136 1767 3238 1813 est.
3257 1757 3400 1812 liora
3427 1767 3610 1814 autem
3638 1772 3750 1828 qua
3773 1757 3850 1813 di-

2263 1850 2468 1906 vinitus
2492 1861 2513 1888 ο
2565 1865 2748 1905 comas
2775 1850 3035 1904 radiantis
3066 1848 3205 1919 ignis
3237 1849 3533 1904 ablambuit
3557 1890 3571 1913 ,
3604 1849 3848 1903 videlicet

2259 1956 2426 2006 nona,
2451 1942 2524 1996 ita
2561 1957 2621 1996 se
2654 1952 2846 2011 sponte
2866 1941 3004 1995 ostia
3030 1941 3348 1997 obstrinxere
3369 1941 3620 1997 ecclesia:
3645 1951 3707 1995 ut
3741 1941 3848 1994 unl-

2256 2029 2338 2086 lus
2369 2031 2506 2086 infra
2553 2033 2782 2087 duarum
2813 2030 2926 2086 fere
2969 2032 3224 2087 horarum
3273 2033 3436 2104 spatii
3480 2032 3842 2103 quantitatem

2254 2125 2437 2195 patula
2477 2127 2682 2182 habere
2728 2134 3032 2181 mereretur
3063 2135 3120 2181 et
3163 2127 3368 2197 pervia.
3414 2125 3622 2180 Deinde
3663 2125 3713 2180 is
3758 2124 3842 2194 qui

2251 2217 2522 2273 obstruxit
2569 2218 2822 2274 Christus
2875 2218 3124 2288 apparuit
3151 2227 3204 2272 et
3248 2217 3485 2288 patentia
3519 2218 3731 2272 intrare
3761 2233 3842 2270 vo-

2252 2312 2487 2367 lentibus
2521 2312 2666 2368 fecit.

2837 2378 3068 2450 CAPUT
3114 2376 3251 2436 XIV.

2319 2494 2446 2552 Dote
2497 2504 2756 2566 praterea
2812 2495 3032 2566 virginis
3080 2495 3330 2566 prmsidia
3396 2489 3742 2565 requirentes
3785 2493 3841 2546 il-

2185 2579 2188 2582 ’
2247 2587 2334 2644 lue
2395 2586 2660 2642 devenere
2724 2584 3023 2652 mulieres,
3078 2593 3251 2638 mater
3297 2598 3424 2638 eum
3479 2582 3589 2637 lilia
3621 2623 3640 2646 ,
3702 2592 3842 2636 utra.

2244 2691 2350 2747 que
2417 2691 2669 2731 manuum
2721 2676 3014 2732 curvedine
3071 2675 3355 2730 inhonesta
3385 2713 3400 2736 ,
3455 2673 3524 2727 de
3570 2673 3692 2728 vico
3751 2674 3839 2742 qui

2243 2767 2442 2821 dicitur
2483 2765 2834 2837 Wemedinga
2876 2765 2928 2820 ἀ.
2971 2765 3065 2821 Ha:
3113 2765 3240 2820 dum
3287 2763 3484 2820 creetis
3535 2763 3587 2817 in
3642 2763 3838 2816 emtam

2241 2855 2412 2912 oculis
2437 2855 2617 2912 cordis
2647 2856 2906 2910 auxilium
2956 2856 3024 2910 ab
3067 2854 3185 2926 ipso
3221 2851 3313 2925 qui
3363 2851 3490 2908 feeit
3541 2851 3740 2907 castum
3786 2860 3839 2906 et

2243 2955 2445 3018 terram
2481 2947 2705 3019 supplici
2733 2947 3014 3004 devotione
3046 2946 3426 3018 deposcerent,
3464 2953 3522 3000 et
3551 2944 3838 2999 missarum

2241 3039 2517 3096 soleumiis
2575 3039 2922 3103 interessent,
2979 3037 3178 3117 divina.
3214 3037 3424 3092 meritis
3471 3036 3699 3106 virginis
3759 3037 3839 3090 eis

2240 3130 2412 3186 adfuit
2441 3131 2632 3198 virtus,
2662 3139 2717 3185 et
2755 3131 2808 3184 in
2846 3130 3068 3185 exordio
3108 3129 3282 3185 festivi
3332 3128 3510 3184 missa:
3542 3138 3841 3204 concentus

2243 3233 2414 3279 mater
2445 3222 2637 3293 adepta
2684 3232 2767 3278 est
2807 3222 3124 3294 smpitatem
3157 3221 3381 3277 laudans
3421 3221 3590 3275 Deum
3629 3231 3684 3276 et
3729 3222 3838 3274 viro

2239 3313 2439 3385 ginem.
2501 3313 2636 3367 Tum
2684 3321 2808 3367 nata
2849 3313 3091 3383 parentis
3124 3312 3315 3368 dubios
3362 3311 3416 3366 in
3465 3310 3696 3366 tremulo
3743 3327 3837 3381 pc.

2238 3413 2388 3460 etore
2428 3404 2638 3459 animos
2675 3413 2895 3474 gestans
2928 3413 2982 3460 et
3005 3401 3288 3473 fluctivaga
3327 3411 3507 3457 mente
3531 3403 3838 3458 consistens

2241 3500 2507 3556 ineffabile
2553 3501 2602 3557 ei
2648 3501 2716 3556 de
2761 3501 2954 3556 matris
3005 3499 3213 3555 reddita
3256 3498 3490 3554 sanitate
3539 3497 3839 3568 tripudium

2239 3591 2436 3656 intulit,
2483 3590 2551 3645 de
2595 3606 2689 3646 sua
2735 3606 2862 3646 vero
2900 3589 3100 3646 nodosa
3149 3588 3518 3645 contractione
3558 3589 3836 3659 gemebat.

2240 3680 2464 3737 Videbat
2502 3679 2616 3748 jam
2653 3695 2804 3735 suam
2845 3695 3008 3751 quam
3043 3688 3234 3734 natura
3261 3679 3486 3735 dederat
3512 3678 3836 3750 genitricem

2236 3771 2489 3842 obpansis
2510 3771 2756 3826 manibus
2773 3771 2895 3826 εειΙί
2916 3771 3235 3826 benedicere
3254 3770 3618 3833 Conditorem,
3642 3784 3836 3823 verum

2235 3865 2411 3920 adlmc
2441 3863 2491 3917 in
2521 3877 2582 3918 se
2619 3861 2877 3918 misellam
2913 3861 3170 3917 cernebat
3201 3860 3832 3936 regnarecurvedinem.

2238 3955 2360 4010 llaec
2395 3957 2522 4010 dmn
2555 3955 2748 4026 stepius
2777 3954 3084 4009 nutabunda
3116 3965 3293 4008 mente
3330 3952 3609 4008 reflectens
3643 3955 3836 4007 consi‘

2235 4055 2424 4110 steret,
2458 4046 2608 4100 finito
2636 4043 2876 4114 ejusdem
2905 4044 3085 4099 missre
3109 4059 3326 4109 canore,
3356 4044 3426 4097 ab
3469 4044 3582 4113 ipso
3623 4044 3722 4112 qui
3775 4061 3833 4099 se

2235 4140 2451 4194 initium
2477 4147 2531 4193 ct
2567 4138 2725 4192 tinem
2761 4138 2927 4192 voluit
2972 4137 3259 4209 propalare
3301 4147 3356 4192 et
3395 4138 3506 4206 ipsa
3534 4137 3832 4193 sanitatem

2236 4232 2433 4287 meruit
2481 4232 2745 4288 obtinere.
2813 4228 2965 4285 Tunc
3025 4229 3212 4285 eadem
3261 4237 3434 4284 mater
3495 4242 3617 4283 cum
3669 4226 3832 4292 filia,

2235 4321 2496 4400 moniales
2521 4338 2642 4378 cum
2675 4330 2846 4376 matre
2871 4321 3104 4388 Liubila,
3135 4337 3342 4377 necnon
3365 4330 3418 4375 et
3442 4331 3624 4376 astans
3646 4322 3834 4376 orantis

2234 4411 2536 4468 communis
2577 4427 2738 4490 sexus
2780 4410 3006 4478 familia,
3051 4413 3444 4469 exsultantibus
3471 4411 3668 4466 animis
3703 4427 3828 4466 cum

2237 4503 2448 4575 hymnis
2495 4511 2545 4558 et
2595 4504 2821 4558 canticis
2877 4503 3226 4559 reddiderunt
3268 4501 3490 4557 Domino
3537 4501 3730 4556 laudes
3777 4503 3828 4555 in

2321 4595 2404 4660 lis,
2432 4595 2522 4665 qui
2549 4595 2867 4650 solutionem
2903 4595 3090 4651 tribuit
3121 4595 3438 4666 compeditis
3477 4603 3534 4648 et
3585 4595 3824 4650 erectio-

2231 4704 2352 4744 nem
2381 4686 2608 4758 largitur
2638 4686 2824 4741 ailisis.

2825 4797 3053 4855 CAPUT
3111 4798 3225 4853 XV.

2301 4914 2482 4970 Delata
2499 4915 2664 4972 estad
2683 4914 2822 4969 idem
2844 4915 3225 4970 monasterium
3241 4915 3433 4970 mulier
3448 4915 3723 4984 quaedam,
3739 4930 3823 4968 no-

2232 5006 2373 5060 mine
2387 5005 2802 5077 Reginswindis,
2826 5021 2946 5075 qua:
2968 5005 3134 5076 ipsius
3151 5013 3232 5060 est
3259 5005 3431 5061 vicina
3459 5005 3727 5067 ecclesitc,
3753 5005 3821 5058 ita

2237 5091 2494 5152 membris
2525 5097 2778 5151 omnibus
2807 5095 3060 5151 destituta
3098 5106 3154 5150 ut
3179 5096 3280 5150 nisi
3307 5095 3552 5150 vehiculo
3571 5137 3591 5159 ,
3614 5095 3823 5149 duobus

2234 5189 2482 5244 videlicet
2504 5189 2891 5254 deferentibus,
2925 5189 3140 5245 lacertis
3163 5190 3383 5246 insertis
3413 5199 3469 5246 et
3495 5189 3822 5246 altrinsecus

2233 5280 2474 5334 oneratis
2507 5294 2726 5350 quoquo
2775 5289 2934 5350 pacto
2972 5279 3062 5336 illo
3097 5280 3315 5352 pervehi
3351 5281 3634 5352 potuisset.
3694 5283 3821 5350 Quae

2233 5377 2358 5424 ante
2379 5367 2547 5426 altare
2575 5368 2833 5425 feretrum
2857 5369 3035 5426 adhuc
3065 5371 3290 5441 virginis
3317 5372 3626 5438 continens,
3659 5387 3689 5425 a
3711 5370 3821 5426 suis

2300 5517 2321 5544 ο
2363 5504 2541 5578 Forte
2567 5504 2840 5578 Divinum.
2879 5505 2970 5561 Sic
3008 5506 3150 5560 cnim
3183 5505 3499 5578 Philippus:
3535 5505 3684 5562 ﬂora
3727 5525 3820 5562 ati-

2225 5585 2327 5658 tem
2369 5579 2472 5646 qua
2509 5577 2685 5630 divina
2730 5577 2888 5630 virtus
2926 5593 3101 5632 comat
3130 5577 3387 5632 radiantia
3419 5577 3604 5649 (ignis)
3630 5579 3820 5633 abster-

2225 5657 2322 5792 ῗιξι
2347 5657 2686 5792 (ἰῗξξηάίηςιρη
2711 5757 2726 5782 ,
2752 5733 2890 5792 _non
2944 5717 3217 5792 inelegans
3273 5719 3464 5774 civitas
3510 5718 3596 5792 in:
3627 5717 3820 5778 finibus

2228 5783 2503 5853 Ilajoarite,
2557 5783 2692 5840 teste
2749 5786 3037 5842 Stevartio.
3088 5783 3111 5791 ⁷
3297 5793 3302 5798 ’
