3930 5612
68 372 149 428 8ἴῖ
505 333 509 337 ’
1012 366 1100 421 ne
1141 364 1297 420 \‘ITA
1338 361 1394 418 s.
1437 361 1872 419 wawunms.
1913 395 1982 403 -
2021 361 2220 420 unca
2256 348 2321 418 tt.

3206 367 3318 422 878

67 485 326 556 diligenter
353 481 601 554 exposita
629 472 860 554 gratam,
884 458 1186 552 'Walpurga
1223 479 1632 541 interveniente,
1666 485 1709 541 Α
1741 478 2021 549 laerymosi
2061 481 2120 534 “ei
2164 488 2422 548 praestare
2477 471 2647 535 valuit
2693 477 2912 534 doloris.
2967 462 3107 535 'Dum
3154 465 3324 555 igitur

69 593 92 630 a
123 575 338 630 Domino
377 572 562 628 statim
613 573 803 643 adepta
842 581 927 627 est
973 574 1291 637 sanitatem,
1333 580 1396 626 'et
1451 586 1638 625 omnes

65 666 139 735 qui
180 662 472 720 interfuere
524 664 812 719 audierunt
859 661 1100 733 largitori
1129 663 1319 717 salutis
1353 665 1472 716 eam
1518 659 1639 731 gra-

67 758 150 810 tias
197 753 539 810 referentem.

611 814 848 880 CAPUT
912 822 1048 878 XVI.

123 927 240 995 Fuit
273 940 492 1010 quidam
541 938 623 992 vir
665 938 733 991 de
765 937 883 992 vico
908 935 1189 990 vocamine
1216 934 1568 1006 Negeaslmim
1590 947 1636 996 ι,

64 1033 265 1087 nomine
292 1030 604 1102 Woll'gerus
630 1070 646 1096 ,
677 1028 766 1098 qui
800 1027 992 1099 pedem
1021 1041 1185 1082 unum
1223 1041 1385 1096 super
1412 1025 1639 1080 alterum

59 1126 127 1178 ita
154 1140 454 1180 connexum
505 1123 793 1187 habuerat,
836 1129 898 1175 ut
943 1120 1083 1176 infra
1126 1129 1334 1191 septem
1377 1134 1639 1174 annorum

62 1220 405 1292 lacrymosum
437 1217 510 1273 illi
538 1217 799 1273 circulum
826 1217 1022 1272 sedens
1043 1229 1318 1285 numquam
1365 1213 1470 1269 cibi
1514 1211 1644 1267 edu-

61 1311 173 1364 liuzn
217 1325 436 1365 sumere
481 1309 770 1379 potuisset.
825 1306 1018 1362 Mirum
1046 1306 1191 1362 enim
1217 1305 1270 1360 in
1303 1305 1520 1361 modum
1546 1318 1642 1373 pes

60 1400 224 1454 vicino
241 1409 302 1455 ‘et
323 1400 507 1456 comiti
537 1399 658 1470 pedi
679 1398 996 1462 inhaeserat,
1024 1405 1083 1452 et
1107 1396 1375 1452 residendi
1400 1396 1641 1466 quidem

60 1494 270 1548 morbus
300 1493 577 1548 insaniens
614 1491 939 1548 claudicanti
979 1499 1287 1559 negaverat.
1333 1491 1384 1546 Is
1428 1490 1494 1544 ad
1526 1491 1641 1560 .jam

61 1587 250 1642 dictum
277 1602 446 1642 sacra:
475 1585 702 1657 virginis
730 1583 1070 1640 arcisterium
1101 1593 1406 1654 opportuno
1429 1586 1641 1652 tempo-

61 1680 125 1733 ris
165 1679 385 1734 climate
426 1679 668 1742 vcniens,
719 1686 775 1732 et
813 1692 918 1732 non
964 1675 1177 1732 incessu
1216 1676 1408 1747 pedum
1455 1675 1644 1731 ambu-

59 1767 232 1833 lando,
255 1768 345 1824 sed
365 1769 521 1839 quasi
544 1783 668 1823 cum
689 1766 880 1823 baculo
901 1767 1097 1822 misere
1118 1766 1377 1832 saliendo,
1406 1765 1642 1836 spatiosa

1741 570 1990 642 lucifugae
2019 572 2192 625 noctis
2230 569 2570 625 teterrimum
2603 571 2783 627 ‘cltaOS
2811 571 2916 627 diei
2951 573 3179 644 gratiam
3209 591 3328 630 mo-

1744 661 2010 726 lestasset,
2055 671 2110 717 et
2151 663 2389 717 membra
2437 662 2742 732 languentia
2779 665 2968 720 eadem
3000 674 3172 721 stratu
3213 668 3331 724 sin-

1741 751 1987 819 gultuoso
2013 762 2381 823 componeret,
2413 767 2477 808 ac
2501 753 2768 824 palpebris
2801 756 3106 813 tremulos‘is
3125 759 3332 829 quietis

1743 845 1932 899 saltem
1963 845 2189 915 gratiam
2233 845 2592 916 degustasset,
2628 848 2800 903 astitit
2838 849 2890 904 ei
2931 850 3151 907 domina
3180 852 3333 909 Wal-

1743 937 1930 1006 purgis
1957 951 2076 1005 qua:
2104 936 2257 991 nobis
2302 953 2331 990 a
2371 937 2604 992 Domino
2638 941 2939 995 condonaut
2969 949 3053 996 est
3079 943 3331 1010 venialis,

1741 1026 1956 1080 veniam
1994 1026 2247 1081 muniﬁca
2283 1029 2685 1098 repromittens,
2729 1029 2774 1084 si
2817 1031 3088 1088 dubietate
3125 1043 3330 1090 semota

1746 1119 1906 1174 iidem
1946 1121 2216 1189 panderet
2261 1122 2458 1176 cordis.
2525 1121 2692 1187 Vade,
2744 1121 2936 1195 inquit,
2997 1126 3332 1194 muliercula,

1744 1211 1932 1283 gratia:
1974 1211 2158 1283 ignara
2198 1198 2407 1279 salutis,
2440 1223 2494 1269 et
2526 1216 2857 1272 archiatrum
2889 1227 2992 1275 tua:
3015 1221 3177 1276 stude
3214 1235 3337 1292 per-

1743 1303 1962 1373 quirere
1986 1305 2342 1360 sectioniszet
2370 1305 2493 1361 dum
2529 1322 2651 1362 eum
2680 1309 2744 1362 ad
2772 1309 3074 1380 lmjusmodi
3097 1310 3334 1368 cilicium

1745 1395 2024 1452 liberalem
2069 1398 2339 1452 inveneris
2363 1439 2378 1461 ,
2411 1399 2475 1453 de
2505 1409 2684 1455 seeata
2714 1401 2842 1455 tibia
2871 1403 3020 1458 intus
3046 1404 3339 1460 abstractis

1746 1489 2001 1569 ossiculis
2019 1491 2206 1546 salutis
2233 1506 2264 1544 a
2292 1490 2510 1546 Christo
2538 1494 2878 1562 postmodum
2906 1497 3138 1567 gratiam
3175 1497 3341 1569 impe-

1747 1584 1916 1638 trabis
1950 1602 1961 1636 :
1989 1567 2126 1637 Tum
2157 1583 2266 1648 illa,
2307 1594 2366 1640 ut
2392 1585 2598 1639 audivit
2640 1602 2750 1642 sum
2783 1589 3080 1645 remedium
3106 1567 3341 1659 sospita-

1747 1675 1816 1730 tis
1851 1716 1864 1738 ,
1915 1675 2041 1728 totis
2093 1675 2298 1730 nisibus
2343 1673 2710 1746 Omnipotenti
2767 1687 2948 1747 grates
2999 1681 3338 1752 rependens,

1747 1761 2062 1834 suffragium
2135 1764 2445 1821 aceelerans
2510 1766 2644 1820 adiit
2705 1768 2985 1823 arcltiatri.
3052 1769 3340 1843 Complens

57 1857 421 1930 interiacentia
467 1874 592 1912 rura
629 1857 986 1929 perlustrans,
1034 1865 1204 1913 totum
1249 1871 1308 1912 se
1357 1856 1498 1912 illius
1547 1856 1648 1928 pia:
1682 1863 1724 1924 Β
1753 1853 1984 1924 denique
2025 1854 2246 1910 visionis
2281 1853 2434 1924 iussa
2481 1857 2736 1924 salubris,
2777 1868 2839 1916 et
2868 1861 3080 1918 ossibus
3121 1865 3342 1920 minutis

51 1948 381 2001 miserationi
405 1948 701 2003 contribuit
730 1947 1022 2017 statimque
1058 1946 1284 2002 salutem
1331 1945 1642 2001 ambulandi

56 2040 273 2108 recepit.

629 2108 859 2167 CAPUT
908 2108 1069 2165 XVII.

118 2228 218 2282 Est
254 2227 402 2282 rieus
438 2228 489 2281 in
529 2226 757 2281 Francia
810 2223 1156 2298 [Franconia]
1206 2226 1295 2294 qui
1345 2224 1412 2278 ab
1460 2225 1650 2281 incolis

55 2311 690 2394 appellatusestBergila
715 2362 728 2388 ,
771 2321 859 2376 ubi
905 2321 1149 2391 quaedam
1194 2322 1407 2377 exstitit
1447 2320 1648 2378 femina

46 2423 170 2482 qua:
206 2412 600 2485 Engilsvvindis
645 2420 728 2467 est
777 2419 1104 2482 nuncupata.
1144 2410 1270 2466 llaec
1297 2411 1424 2466 dum
1467 2428 1496 2466 a
1533 2411 1652 2469 loco

56 2503 118 2557 ad
161 2503 342 2558 locum
392 2502 643 2572 equitans
693 2516 791 2572 pro
835 2500 1237 2570 opportunitate
1272 2501 1470 2572 negotii
1503 2501 1654 2570 adja-

53 2595 227 2649 centis
267 2593 525 2649 festinare
562 2591 838 2656 voluisset,
879 2607 1019 2661 equo
1054 2607 1161 2662 quo
1195 2590 1308 2660 jam
1354 2608 1550 2648 casura
1598 2595 1650 2650 in

47 2686 301 2756 proximo
331 2685 625 2748 residebat,
657 2683 809 2754 lapsu
845 2683 971 2754 agili
1003 2691 1058 2738 et
1089 2684 1357 2739 horrendo
1403 2685 1652 2755 perlapsa

52 2785 150 2830 est.
190 2771 646 2842 Crine-namque
670 2773 850 2843 pavidi
879 2773 1126 2842 corporis
1169 2773 1474 2844 huiusmodi
1514 2789 1654 2846 prte-

42 2868 242 2936 cipitio
273 2866 441 2921 rttintc
478 2863 777 2928 contracto,
826 2871 881 2919 et
922 2872 1138 2918 artuum
1186 2865 1429 2922 omnium
1472 2868 1653 2939 baiulo

47 2960 226 3015 eidem
259 2959 457 3014 misere
485 2957 749 3013 minutato
769 2955 894 3029 [al.,
924 2955 1232 3028 immutata]
1257 2997 1272 3021 ,
1313 2971 1434 3027 qua:
1463 2958 1655 3014 alienis

47 3062 249 3108 conata
278 3058 362 3108 est
391 3049 691 3107 incessibus
715 3049 814 3115 uti,
847 3049 1073 3104 duorum
1105 3064 1371 3105 annorum
1399 3060 1655 3122 vergente

45 3143 257 3199 reﬂexo
281 3141 517 3212 prepriis
538 3139 683 3196 haud
703 3139 899 3194 meruit
921 3137 1050 3193 frui.
1084 3132 1348 3205 Tandem,
1371 3139 1657 3195 miseratur

1748 1945 1970 2010 evulsis,
2001 1947 2252 2017 pristina:
2291 1947 2522 2017 gratiam
2557 1949 2776 2020 indepta
2823 1960 2908 2006 est
2955 1953 3226 2010 sanitatis.
3270 1957 3345 2012 At

1749 2033 1839 2088 ubi
1870 2034 2007 2089 vidit
2030 2035 2224 2090 divina:
2251 2037 2300 2090 ei
2331 2037 2694 2092 miserationis
2734 2039 3032 2096 subsidium
3084 2043 3342 2116 adfuisse,

1750 2120 2051 2181 lzetabunda
2095 2137 2150 2182 et
2193 2128 2415 2184 laudans
2446 2129 2655 2185 incessu
2682 2131 2878 2200 pedum
2905 2133 3126 2204 virginis
3157 2151 3345 2191 mona-

1751 2217 1976 2272 sterium
2016 2218 2170 2283 adiit,
2205 2219 2281 2272 rei
2307 2228 2472 2291 gesttc
2507 2219 2703 2275 seriem
2743 2221 2928 2291 patule
2969 2225 3263 2292 peroravit,
3290 2235 3348 2282 et

1741 2309 2115 2366 oblationibus
2146 2325 2279 2380 quas
2309 2311 2500 2367 detulit
2523 2312 2682 2368 altari
2711 2314 2997 2384 impositis,
3031 2317 3192 2372 etiam
3219 2334 3348 2389 par-

1752 2406 1860 2455 tem
1889 2401 2151 2457 conl'racti
2181 2403 2355 2457 cruris
2383 2403 2449 2457 ad
2475 2403 2730 2459 indicium
2761 2405 3012 2462 veridicae
3029 2409 3348 2466 assertionis

1753 2492 1986 2548 ostendit
2012 2533 2028 2559 ,
2071 2492 2252 2563 ibique
2290 2493 2375 2547 sui
2415 2495 2658 2563 corporis
2709 2495 3093 2552 vehiculariam
3134 2509 3345 2570 partem

1756 2585 2082 2656 relinquens,
2109 2593 2317 2656 partem
2349 2587 2619 2642 revocavit
2649 2589 2716 2642 ad
2740 2588 2993 2658 patriam.
3040 2588 3214 2657 Quam
3251 2607 3351 2646 an-

1755 2678 1877 2732 cilla
1910 2676 2113 2733 Christi
2149 2677 2360 2734 Liubila
2393 2688 2605 2749 partem
2647 2695 2960 2746 assumens,
3006 2692 3232 2755 argento
3261 2683 3348 2738 ia-

1756 2771 1970 2826 bricare
2015 2770 2272 2841 pracepit
2297 2779 2352 2825 et
2392 2771 2444 2825 in
2493 2772 2683 2828 eadem
2713 2773 2935 2829 basilica
2961 2757 3260 2846 suspendit,
3291 2785 3352 2831 ut

1759 2863 1804 2918 si
1839 2862 1960 2934 quis
1985 2863 2089 2917 hac
2117 2862 2342 2918 audiens
2372 2862 2646 2919 incredula
2690 2873 2870 2922 mente
2908 2867 3230 2937 perstiterit,
3258 2868 3351 2925 illo

1757 2954 1982 3010 veniens
2005 2953 2189 3010 oculos
2214 2969 2325 3009 suae
2347 2954 2610 3011 excitatis
2625 2956 2835 3026 aperiat
2859 2973 2874 3011 :
2907 2965 2963 3012 et
3003 2958 3130 3014 dum
3161 2960 3356 3015 viderit

1758 3055 1964 3115 partem
1995 3044 2213 3101 feminei
2235 3045 2479 3116 corporis
2502 3061 2656 3100 muro
2681 3046 2982 3116 dependere
3009 3046 3348 3114 fabricatam,

1762 3137 1951 3192 saltem
1978 3135 2237 3214 confusus
2267 3137 2538 3203 abscedat,
2581 3144 2637 3193 et
2670 3153 2766 3194 sua
2815 3138 2882 3194 de
2925 3138 3220 3212 stoliditate
3265 3156 3359 3196 ve-

47 3241 102 3286 et
142 3232 463 3288 misericors
491 3232 752 3288 Dominus
780 3231 991 3302 injuriis
1018 3231 1231 3287 misera:
1265 3229 1423 3285 solita
1456 3227 1658 3298 pietate
1683 3226 1730 3288 C
1761 3227 1906 3282 niam
1930 3227 2229 3298 deprecans
2255 3230 2558 3284 erubescat.

43 3325 418 3397 compatiens,
447 3325 673 3396 virginis
705 3323 1126 3396 suﬂragantibus
1168 3322 1400 3388 meritis,
1454 3329 1651 3376 metam

2319 3317 2529 3374 Cretera
2578 3319 2792 3374 omissa.

36 3449 149 3561 rt
191 3435 348 3518 Aliis.
379 3434 892 3509 Hagericchesheim.
949 3433 1254 3489 Stevartius
1293 3433 1513 3503 conjieit
1559 3430 1846 3502 legendum
1910 3430 2202 3486 Memshem
2259 3432 2437 3487 vicum
2480 3447 2650 3503 prope
2711 3430 2977 3490 Monlm'm
3027 3439 3082 3494 in
3131 3433 3354 3498 (Eumeni

67 3515 370 3561 astetcusu

67 3515 370 3562 iistetcusi.

1260 3820 1558 3897 LIBER
1637 3820 1808 3897 SEC
1827 3823 1952 3898 ΗΝ
1972 3823 2170 3898 DUS

305 3948 727 4044 Complectens
754 3965 993 4045 aliquot
1020 3965 1329 4026 miracula
1363 3983 1529 4026 anno
1559 3965 1678 4028 895-
1704 3974 1964 4044 patrata
1989 3969 2058 4027 in
2097 3971 2482 4047 parthenone
2518 3958 3073 4037 Mowcnheimensi

119 4223 329 4296 Opera:
349 4228 582 4296 pretium
610 4227 738 4282 duxi
760 4267 776 4292 ,
801 4228 1054 4297 quoniam
1081 4230 1218 4294 mira
1245 4247 1365 4302 quae
1387 4235 1488 4301 per
1508 4245 1660 4287 suam
1691 4233 1743 4293 D
1770 4234 1957 4288 tentim
1984 4235 2144 4306 lepidi
2175 4237 2315 4293 viam
2345 4249 2536 4310 carpat
2577 4249 2627 4295 et
2677 4243 2840 4311 coepti
2885 4241 3111 4304 itineris,
3145 4249 3222 4306 ut,
3247 4252 3356 4312 quo

30 4307 486 4370 famosissimam
513 4315 763 4372 Christus
788 4317 1029 4387 quotidie
1057 4330 1312 4388 operatur
1330 4330 1386 4375 et
1411 4326 1668 4390 operatus
1766 4323 1959 4386 tendit,
1983 4322 2262 4379 Trinitatis
2289 4307 2496 4397 opilieaa
2519 4307 2781 4400 dirigatur
2801 4330 3033 4386 auxiliis.
3066 4307 3356 4386 Citriosiim

30 4416 139 4461 cst
205 4406 494 4477 virginem,
515 4405 836 4476 jamdudum
896 4410 1044 4466 tenui
1105 4412 1353 4468 chartula
1415 4412 1666 4483 colligere
1768 4423 2020 4468 caulemm
2062 4414 2316 4471 lectorem
2355 4419 2646 4474 secundum
2689 4421 2949 4491 incipiens
2986 4421 3221 4477 libellum
3263 4423 3332 4476 ad

23 4495 236 4566 cmpi,
265 4504 324 4550 ut
357 4511 421 4553 ea
465 4512 587 4566 qua:
627 4507 755 4554 sunt
797 4499 1098 4571 indaganda
1142 4503 1431 4570 requiram,
1460 4510 1511 4558 et
1546 4503 1667 4556 dili-
1771 4521 1983 4568 moneo,
2015 4514 2073 4558 ut
2100 4505 2558 4562 barbarismorum
2581 4507 2780 4565 foedam
2814 4511 3122 4581 congeriem
3163 4509 3218 4564 in
3253 4509 3358 4565 hoc

26 4586 218 4660 genti
239 4587 484 4657 apposita
504 4587 780 4659 vigilantia
798 4629 812 4653 ,
839 4599 1002 4659 prout
1021 4591 1166 4647 vires
1186 4600 1491 4663 suppetunt,
1516 4592 1667 4648 inda-
1768 4595 2025 4665 opusculo
2051 4595 2421 4666 ﬂoccipcndat,
2454 4607 2510 4654 et
2537 4600 2750 4656 veritati
2793 4601 2849 4656 in
2895 4601 3102 4672 vulgari
3141 4593 3357 4671 eloquio

25 4687 186 4751 gata
224 4677 607 4749 perstringam.
645 4677 763 4733 Non
807 4694 916 4748 quo
946 4681 1251 4751 quisquam,
1279 4691 1340 4737 ut
1365 4696 1508 4747 reor,
1541 4681 1664 4737 talia
1773 4685 1896 4739 ﬁdei
1918 4700 2103 4742 aurem
2132 4697 2384 4758 apponat,
2413 4698 2468 4742 et
2496 4687 2638 4758 quod
2675 4688 2764 4744 hic
2798 4689 3002 4744 invenit
3042 4690 3359 4762 simpliciter

23 4786 109 4827 ac
163 4777 326 4824 tanta
357 4784 480 4839 quae
513 4771 774 4826 hactenus
806 4777 1019 4841 patrata
1050 4775 1177 4830 sunt
1209 4776 1260 4831 in
1292 4774 1512 4845 prmlato
1545 4791 1663 4831 mo-
1772 4779 2030 4849 perlegat.
2052 4790 2107 4836 et
2131 4779 2252 4835 acsi
2277 4780 2328 4836 in
2350 4781 2688 4850 sterquilinio
2703 4781 3050 4852 margaritam
3069 4781 3356 4853 exquirat:

27 4862 316 4918 nasterio
373 4863 600 4933 virginis
658 4863 1073 4935 suifragantibus
1118 4868 1328 4927 meritis
1369 4883 1434 4922 ac
1477 4867 1666 4923 diebus
1771 4871 1956 4940 sicque
1978 4870 2038 4924 lit
2058 4882 2119 4928 ut
2145 4879 2199 4926 et
2223 4885 2319 4926 sua
2359 4870 2588 4927 ﬁdeliter
2617 4870 2772 4926 tollat
2804 4878 2859 4924 et
2885 4877 3077 4929 nostra
3112 4875 3360 4929 inconta-

20 4965 213 5022 pene
238 4950 467 5022 singulis
502 4961 786 5020 patrantur
811 4953 1069 5024 prodigia,
1093 4967 1163 5014 ex
1194 4971 1320 5017 asse
1357 4955 1537 5010 valeat
1565 4970 1661 5010 ex—
1771 4949 2004 5018 minatus
2031 4965 2266 5020 omittat.
2306 4961 2562 5021 Ceril‘erte
2583 4975 2812 5031 namque
2833 4963 3037 5040 saepius
3062 4980 3218 5042 apes,
3241 4959 3374 5014 licet
3459 5024 3462 5027 _

27 5041 315 5112 plicare:
348 5040 550 5111 quippe
567 5057 687 5097 cum
717 5049 864 5096 tanta
889 5043 992 5096 sint
1020 5053 1230 5113 numeri
1269 5045 1576 5119 quantitate
1606 5056 1666 5103 ut
1769 5053 2035 5109 abstrusis
2075 5053 2308 5111 vasculis
2348 5052 2555 5126 hyblam
2601 5051 2755 5109 mdia
2793 5040 3130 5130 dil'uudam,
3179 5049 3378 5108 cloacis

29 5135 149 5186 vix
187 5130 413 5187 valeant
437 5134 608 5202 promi
638 5131 854 5202 eloquio
879 5130 1082 5202 lingua);
1108 5154 1312 5208 verum
1350 5145 1409 5191 ut
1448 5141 1646 5206 sponsi.

1774 5154 1946 5200 tamen
1990 5147 2367 5218 squalentibus
2406 5145 2646 5202 insidere
2691 5157 2794 5199 non
2837 5152 3132 5212 recusant.

29 5219 296 5281 bonaﬁiis
326 5223 508 5298 Patris
523 5230 791 5293 praecepto
827 5229 995 5291 pareat
1029 5222 1395 5308 imperantis,
1427 5237 1481 5283 et
1507 5234 1670 5300 pede.

1482 5373 1962 5416 .,____._._.._.._

1236 5417 1653 5536 marmur
1697 5460 2094 5525 CAPITULA
2147 5480 2197 5521 ι.
