3930 5614
69 386 164 445 831
453 393 456 396 ’
978 404 983 409 ·
1032 388 1121 443 BE
1159 385 1313 443 VITA
1356 386 1413 442 S.
1460 383 1893 441 WALPURGIS.
1932 414 1999 446 -τ
2041 384 2241 441 LIBER
2281 385 2366 441 Ill.
3219 384 3369 441 882‘“

65 510 389 573 qumsuerant
411 501 806 567 benedictione,
834 499 957 571 quia
994 499 1074 555 eis
1110 498 1312 554 tardior
1339 497 1468 554 hora
1497 498 1644 553 incu-
1674 502 1722 562 Α
1752 497 1878 552 tiam
1918 498 2071 552 vanis
2099 512 2392 554 exercuere
2427 495 2622 569 vigiliis
2648 495 2956 566 crassisque
3003 495 3057 573 in
3089 495 3330 553 tenebris
3365 525 3374 538 ν

66 594 221 658 buit,
272 592 326 648 in
375 593 555 650 vicino
604 593 918 649 monasterii
964 591 1327 648 castrametati
1378 597 1504 645 sunt
1560 589 1646 644 die
1748 587 1893 642 circa
1921 590 2306 644 monasterium
2354 588 2463 644 Deo
2491 586 2761 655 amabile,
2814 590 2959 642 omni
3008 588 3127 665 nisu
3165 596 3353 665 atque

65 683 235 739 altero
276 684 345 739 ad
382 684 609 755 prepria‘
651 684 945 740 reversuri.
999 680 1219 739 Verum,
1244 696 1425 752 opaca:
1472 680 1647 736 noctis
1680 740 1683 743 λ
1749 677 2034 733 conamine
2072 694 2197 734 rura
2235 686 2461 748 paterna
2507 677 2720 735 calcare
2764 677 2949 749 procul
2987 664 3152 735 dubio
3187 681 3333 734 testi-

66 774 279 830 silentio
322 776 607 841 veniente,
641 790 939 845 somnoque
963 775 1154 846 ianuas
1198 773 1460 828 luminum
1502 770 1646 841 jain-
1750 778 1961 825 mantcs
1987 811 2002 836 ,
2043 771 2169 824 dum
2217 770 2405 826 domos
2445 771 2693 841 proprias
2736 770 2857 825 laeta
2892 769 3213 840 altrinsecus
3252 770 3333 825 fa-

60 869 282 938 jamque
310 850 701 936 quiescentium
733 867 1051 923 clementius
1080 866 1336 929 adeunte,
1380 863 1529 918 fures
1555 860 1647 933 qui
1751 860 2025 917 bulatione
2071 861 2222 915 adire
2264 862 2419 932 quasi
2449 863 2619 932 agiles
2648 862 2958 927 voluissent,
2999 860 3141 916 facta
3174 876 3329 917 rosea
3367 899 3374 905 η

68 978 97 1015 a
130 960 307 1021 furvo.
338 960 391 1015 id
421 970 507 1015 est
530 962 705 1029 nigro,
738 969 955 1014 traxere
978 956 1360 1029 etymologiam
1389 955 1643 1025 priscam,
1752 951 2084 1008 matutinalis
2111 952 2365 1021 temporis
2388 953 2505 1008 luce
2535 953 2586 1008 in
2614 953 2862 1023 proximo
2887 950 3136 1008 eulturali
3163 966 3337 1007 sacra:

66 1050 345 1119 cuius-lam
386 1051 700 1116 Alamanni,
738 1050 1016 1105 vocamine
1065 1047 1332 1113 Ratbarii,
1368 1056 1651 1103 cernentes
1753 1044 1977 1114 virginis
2016 1060 2045 1099 a
2088 1046 2393 1114 semetipsis
2429 1044 2632 1100 inventi
2663 1051 2788 1099 sunt
2814 1059 2964 1100 arvo.
2991 1043 3331 1111 Quisautem
3364 1078 3375 1089 ι

67 1143 285 1212 fatigata
313 1156 382 1196 ex
426 1142 615 1196 itinere
652 1141 1033 1211 Regincnsium
1068 1124 1308 1195 membra
1348 1152 1542 1207 sopore
1571 1137 1652 1191 ni-
1752 1152 1847 1194 eos
1878 1146 2054 1193 terror
2087 1138 2401 1202 invaderet,
2449 1153 2673 1208 qumque
2717 1138 3036 1193 verecundia
3069 1148 3210 1194 totos
3236 1153 3368 1208 per.

65 1232 171 1286 raio
219 1240 552 1301 praegravata
581 1270 595 1295 ,
650 1230 901 1299 nulloque
975 1228 1232 1300 vigilante
1282 1228 1504 1283 custode
1555 1241 1653 1297 per
1753 1228 1930 1283 omnia
1959 1228 2276 1298 possideret,
2308 1226 2519 1283 ditIlcile
2547 1237 2631 1283 est
2661 1236 2841 1282 mente
2869 1237 3126 1295 tractare,
3156 1229 3337 1285 verbis
3368 1264 3373 1271 ι

64 1320 282 1374 distenti
314 1320 651 1375 latitudinem
676 1322 848 1390 campi
880 1320 1124 1390 jumenta
1162 1317 1276 1373 fore
1313 1317 1483 1390 [esst
1536 1318 1682 1373 dis-i
1752 1323 2058 1394 exprimere
2098 1338 2162 1378 ac
2205 1323 2399 1394 pagina
2447 1322 2723 1379 festinanti
2775 1324 2842 1377 ad
2892 1322 2994 1377 alia
3050 1323 3334 1379 adnotare.

64 1426 221 1481 Dem
249 1452 263 1476 ς
304 1412 409 1465 duo
449 1427 677 1481 quorum
728 1426 872 1465 Caeca
913 1410 1195 1466 Obscurior
1256 1417 1413 1464 ηυοιθ
1460 1407 1654 1478 cupido
1755 1413 2003 1470 Tandem
2024 1416 2205 1486 cupidi
2233 1431 2450 1486 quoquo
2476 1425 2635 1485 pacto
2682 1417 2747 1471 ad
2775 1432 2834 1473 se
2864 1417 3066 1472 reversi
3100 1416 3334 1473 miracu-

63 1500 297 1570 coriam
332 1510 529 1556 tetrum
568 1501 872 1578 intraverat
894 1501 1303 1571 possidendum,
1336 1515 1475 1553 unus
1500 1497 1650 1555 clan-
1754 1504 1865 1559 lum
1922 1520 2018 1576 per
2068 1515 2271 1561 sanetae
2317 1505 2757 1561 intercessionem
2805 1507 3030 1578 virginis
3073 1520 3369 1577 agnovere.

63 1590 181 1646 cule
209 1592 551 1661 apprehenso
596 1592 849 1662 capistro,
869 1575 1018 1646 alter
1051 1600 1270 1661 arrepto
1308 1603 1494 1644 renum
1539 1589 1654 1644 cin-
1753 1575 2028 1667 patratum
2066 1612 2079 1649 :
2112 1604 2167 1650 et
2195 1588 2391 1651 rubore
2431 1605 2773 1667 tremoreque
2812 1575 3153 1654 inell‘abiliter
3177 1596 3341 1652 casti-

62 1681 185 1751 gulo
215 1697 428 1737 cassam
460 1681 690 1737 duorum
739 1696 1000 1752 equorum
1049 1681 1323 1751 diripuere
1348 1689 1648 1749 capturam.
1754 1688 2019 1759 gati,gqui
2065 1688 2214 1758 prius
2251 1687 2442 1745 alienis
2468 1689 2644 1745 conati
2697 1700 2826 1745 sunt
2867 1688 3187 1758 furtivisque
3233 1685 3371 1742 frui.

62 1770 236 1840 Rapta
262 1771 428 1842 igitur
448 1771 611 1826 iidem
640 1770 901 1827 iuellicaci
928 1771 1212 1825 latrunculi
1242 1772 1439 1840 przeda,
1465 1783 1653 1823 ascen-
1755 1776 2017 1833 vehiculis
2067 1779 2135 1833 ad
2174 1779 2391 1850 propria
2426 1780 2753 1850 repedarunt
2780 1778 3053 1850 gressibus
3084 1778 3339 1850 propriis,

60 1860 244 1928 sisque
294 1874 413 1930 quae
452 1870 713 1931 ceperant
761 1861 977 1931 procaci
1030 1862 1337 1915 temeritate
1366 1860 1649 1931 iumentis,
1685 1860 1727 1919 Β
1758 1868 1959 1924 relictis
2005 1870 2058 1925 in
2091 1870 2287 1940 quibus
2331 1881 2488 1927 antea
2526 1872 2699 1943 gavisi
2744 1858 2966 1927 fuerant
3002 1871 3176 1942 cquis.
3222 1872 3373 1939 Quo.

62 1954 167 2006 iter
194 1953 267 2006 ad
293 1953 526 2022 patriam
561 1952 839 2008 remeandi
873 1952 1154 2023 arripuere
1180 1952 1497 2022 gaudentes.
1545 1952 1652 2006 Sed
1761 1959 2051 2017 Doniiuicze
2069 1962 2449 2018 ostentationis
2475 1963 2630 2034 signo
2654 1979 2844 2020 omnes
2867 1964 2958 2033 qui
2983 1964 3231 2020 viderunt
3256 1966 3369 2019 vel»

62 2045 106 2099 is
134 2044 326 2114 quise
353 2045 405 2099 in
438 2034 642 2100 sanctis
671 2046 785 2100 suis
818 2045 1110 2116 gloriosum
1140 2053 1302 2113 atque
1331 2042 1652 2098 laudabilem
1759 2053 2048 2108 audierunt
2075 2054 2253 2108 mirari
2286 2062 2414 2109 sunt
2442 2072 2455 2108 ς
2487 2054 2579 2110 sed
2618 2055 2848 2126 amplius
2874 2056 2929 2112 hi
2957 2056 3048 2125 qui
3074 2056 3228 2126 jussu
3257 2056 3342 2111 di-

67 2142 280 2195 :uuctis
311 2142 583 2205 ostendit,
620 2142 874 2213 gaudium
922 2140 1440 2211 praesumptionariae
1484 2141 1652 2195 avidi-
1758 2145 1884 2201 vino
1906 2144 2153 2217 iumenta
2196 2146 2403 2216 perdita
2450 2147 2693 2217 recipere
2738 2156 3074 2203 meruerunt.
3112 2147 3349 2215 Agentes

60 2232 189 2287 tatis
218 2233 276 2286 in
302 2233 557 2289 ruborem
589 2248 988 2306 maeroremque
1010 2237 1298 2302 convertit,
1324 2246 1382 2290 ut
1411 2235 1654 2290 mundia-
1759 2253 1890 2294 sane
1916 2239 2088 2294 unicae
2126 2237 2375 2294 Triuitati
2413 2240 2749 2308 gratissimas
2773 2239 2956 2305 laudes
2982 2238 3346 2310 Ratisponen-

58 2325 121 2382 lis
149 2330 532 2383 controversia
584 2330 896 2386 stoliditatis
938 2330 1114 2402 palam
1161 2337 1479 2401 agnosceret
1523 2327 1653 2398 quid
1761 2344 1851 2385 ses
1882 2329 1933 2382 hi
1966 2330 2055 2400 qui
2088 2340 2349 2386 venerant
2379 2331 2525 2387 cives
2549 2371 2565 2397 ,
2607 2339 2716 2394 tam
2762 2318 2860 2401 pro
2887 2330 3153 2401 acquisita
3183 2344 3346 2400 quam

58 2420 268 2475 Christi
318 2421 372 2476 in
418 2421 575 2477 caelis
611 2432 665 2478 et
716 2424 769 2477 in
817 2408 1395 2493 terrisomnipotentia
1426 2421 1651 2477 valeret.
1763 2424 2090 2494 quaesieram
2135 2422 2380 2479 ecclesiae
2429 2423 2828 2495 benedictione,
2857 2440 3021 2493 quam
3066 2437 3166 2493 pro
3208 2421 3346 2492 εἰμί

58 2511 193 2567 Nam
230 2529 459 2584 rapaces
486 2515 663 2571 alieno
692 2519 889 2587 portati
928 2516 1174 2572 vehiculo
1202 2516 1475 2587 equitandi
1508 2515 1654 2587 peri-
1764 2512 2098 2569 admirabilis
2126 2529 2373 2581 munere,
2401 2515 2678 2571 redierunt
2706 2515 2773 2569 ad
2801 2515 3021 2584 propria
3060 2521 3349 2570 narrantes

129 2616 158 2644 ι
204 2601 309 2659 Hic
336 2604 543 2660 omissa
581 2605 757 2661 claudi
787 2607 1016 2662 curatio.
1672 2594 1677 2601 ’
1766 2604 1993 2661 ﬁdeliter
2020 2605 2086 2660 de
2123 2605 2207 2661 bis
2233 2606 2482 2662 omnibus
2518 2621 2640 2675 qua:
2667 2614 2816 2677 gesta
2853 2613 3009 2660 erant
3037 2605 3092 2660 in
3118 2604 3209 2661 via
3223 2617 3274 2655 II.

1314 2937 1612 3014 LIBER
1667 2935 2114 3016 TERTIUS
2188 3016 2191 3021 .

886 3107 1307 3188 Complectens
1336 3104 1642 3168 miracula
1672 3103 1895 3167 ibidem
1916 3123 2076 3166 anno
2103 3106 2221 3168 895
2248 3112 2522 3186 patrata.

1642 3269 1959 3289 -ιῄ

129 3371 405 3431 Volvente
437 3381 742 3443 temporum
776 3370 1089 3427 instantium
1119 3372 1296 3429 adhuc
1324 3373 1664 3445 lacrymabili
1696 3380 1738 3440 C
1772 3375 1905 3430 duos
1930 3372 2043 3442 jam
2073 3374 2283 3445 pridem
2317 3376 2697 3432 miraculorum
2727 3393 2941 3449 semper
2969 3389 3146 3435 mente
3175 3389 3228 3436 et
3256 3396 3363 3437 ore

54 3467 227 3528 serie,
261 3463 550 3518 variantur
578 3459 741 3517 etiam
772 3461 978 3533 pariter
1009 3462 1271 3518 mentium
1304 3463 1663 3517 humanarum
1775 3465 2070 3520 retinenda:
2115 3466 2307 3525 matris
2334 3464 2649 3537 Walpurgis
2696 3468 2904 3524 libellos
2942 3470 3218 3526 succincte
3252 3488 3352 3543 po-

57 3555 406 3613 multimoda:
441 3552 753 3625 qualitates.
798 3553 916 3621 Quo
947 3562 1163 3609 constat
1192 3569 1299 3609 non
1331 3571 1544 3626 semper
1570 3556 1667 3610 lio-
1770 3555 1991 3626 pularite
2020 3556 2283 3612 orationis
2313 3560 2603 3628 perstrinxi
2633 3569 2957 3615 commento.
2990 3560 3188 3617 Verum
3221 3564 3355 3617 mule

54 3646 273 3702 minem
311 3659 479 3717 agere
508 3643 689 3699 valere
728 3646 870 3715 quod
911 3646 958 3699 ei
1003 3644 1213 3712 adiacet
1253 3645 1433 3701 velle:
1477 3662 1663 3702 verum
1772 3650 2029 3722 tipartitis
2089 3649 2432 3707 anfractunm
2501 3652 2840 3708 saecularium
2911 3655 3354 3725 occupationibus

52 3751 185 3790 cum
224 3735 429 3790 labitur
457 3733 698 3789 exterior
726 3734 988 3800 mundus,
1031 3734 1325 3790 inclinatur
1352 3744 1407 3790 et
1434 3736 1665 3791 interior
1772 3754 2013 3811 pressus,
2056 3755 2194 3811 pene
2230 3740 2458 3797 duorum
2497 3743 2738 3799 decursis
2772 3744 3202 3800 hebdomadibus
3239 3746 3350 3801 cir-

50 3827 285 3885 animus
314 3824 715 3905 variisictibus
747 3825 1070 3890 tcrebratus,
1108 3834 1166 3880 ut
1202 3825 1270 3880 ab
1301 3824 1493 3881 affectu
1532 3842 1664 3881 cou-
1772 3830 2192 3885 cumrotantium
2229 3840 2531 3901 temporum
2558 3873 2573 3895 ,
2622 3832 2689 3887 ad
2721 3832 2932 3888 initium
2986 3835 3127 3889 tertii
3172 3849 3358 3904 perve-

52 3929 231 3989 eepto
257 3918 371 3989 jam
412 3917 569 3989 prius
599 3914 935 3987 frequentius
966 3916 1215 3972 concidat
1241 3917 1294 3971 in
1327 3933 1433 3987 quo
1464 3918 1662 3974 dudum
1766 3928 1885 3983 nire
1915 3943 2016 3984 nec
2043 3928 2226 3999 quivi,
2269 3943 2373 3985 nec
2402 3929 2595 3985 merui.
2645 3929 2800 3985 Nunc
2834 3938 3013 3986 autem
3046 3931 3172 4002 quia
3212 3940 3360 3987 meta

53 4012 171 4066 tixo
204 4009 383 4081 gradu
420 4008 623 4063 stabat.
677 4006 877 4078 Sicque
909 4007 968 4062 lit
999 4016 1057 4063 ut
1092 4024 1322 4079 corpus,
1364 4010 1489 4062 dum
1521 4024 1605 4079 qui

1800 4021 1991 4076 ecundi
2011 4018 2233 4090 jamjam
2257 4020 2468 4076 initium
2495 4021 2731 4092 postulat
2758 4022 2923 4087 tertii,
2948 4023 3121 4093 ipsum
3147 4005 3352 4079 utinam

50 4116 165 4155 non
202 4099 420 4170 appetit
448 4098 698 4169 percipit,
725 4098 968 4153 obtineat
997 4096 1383 4154 detrimentum
1413 4107 1467 4154 et
1497 4098 1602 4153 anil

1803 4110 1973 4166 labere
2010 4126 2225 4166 merear
2258 4112 2448 4166 ducem
2485 4112 2773 4183 cordisque
2809 4113 2987 4184 exigui
3030 4115 3355 4185 benignissi-

48 4193 296 4250 aﬂ‘ectus
325 4201 615 4264 promptus
642 4192 838 4247 habeat
868 4192 1175 4263 praemium.

1796 4216 1922 4255 num
1952 4202 2273 4257 directorem
2294 4245 2307 4267 ,
2346 4203 2435 4272 qui
2468 4218 2567 4258 sua
2596 4204 2856 4275 sapientia
2887 4220 2949 4258 os
2978 4206 3189 4275 aperuit
3217 4204 3348 4258 muti

125 4285 408 4355 Exigente
436 4298 672 4353 namque
702 4294 826 4349 ture,
860 4275 1099 4355 pontifex
1130 4284 1457 4350 venerande,
1492 4284 1666 4343 domi-
1772 4299 1829 4346 et
1854 4291 2068 4364 linguas
2098 4292 2383 4349 infantium
2410 4293 2540 4348 facit
2568 4310 2687 4350 esse
2715 4295 2944 4350 discrtas
2969 4297 2981 4349 !

46 4377 309 4435 nationis
346 4377 605 4448 imperio,
645 4391 744 4448 pro
782 4376 1081 4432 tenuissimi
1124 4377 1424 4448 capacitale
1464 4377 1659 4449 ingenii

1235 4666 1639 4730 lNClPlUNT
1680 4667 2087 4759 CAPITULA'
2122 4684 2147 4710 α

48 4918 88 4974 Ι.
136 4917 231 4971 De
244 4931 325 4989 _eo
354 4915 443 4968 ubi
479 4912 667 4989 mulier
692 4927 831 4989 ca'ca
863 4911 1158 4989 iilmuiuam
1190 4922 1296 4989 esl_._
1701 4914 1748 4973 D
1926 4914 2060 4989 '_De
2088 4914 2280 4989 {carina
2308 4914 2498 4989 clauda
2524 4925 2571 4971 et
2597 4919 2804 4989 satiata.

48 4991 113 5043 ll.
160 4991 179 5008 ⁴
235 4985 319 5039 De
346 5000 486 5053 pane
511 4982 769 5046 mulieris,
804 4982 894 5052 qui
935 4999 966 5034 η
1003 4982 1119 5035 sinu
1150 4982 1383 5053 perditus
1417 4993 1464 5037 et
1494 4992 1670 5053 postea
1777 4986 1909 5040 Vlll.
1952 4985 2029 5040 Dc
2058 4982 2222 5040 tribus
2252 4986 2405 5039 crocis
2432 4983 2767 5041 illuminatis.

368 5056 606 5131 inventus
632 5064 729 5131 est.
772 5123 783 5131 _
856 5068 863 5076 ‘
943 5122 974 5131 η
1167 5125 1178 5131 _
1292 5123 1303 5131 _
1387 5125 1398 5131 _
1890 5055 1989 5131 ﬁt;
2017 5059 2157 5131 pisce
2185 5056 2237 5109 in
2268 5057 2349 5110 via
2375 5056 2687 5113 mirabiliter
2711 5055 2971 5129 itwento.

47 5131 142 5186 Ill.
192 5132 212 5148 ’
267 5123 349 5178 De
388 5121 601 5191 pulvillo
635 5123 783 5178 domi
828 5122 1029 5189 perdito
1070 5133 1116 5176 et
1160 5125 1216 5179 iu
1258 5123 1336 5178 ria
1380 5125 1607 5180 invento.
1778 5127 1847 5181 Χ.
1887 5124 1986 5182 Ubi
2017 5121 2205 5181 mulier
2231 5137 2376 5180 muta
2408 5142 2595 5184 curata
2624 5135 2717 5180 est.
2804 5124 2808 5129 ’

48 5202 143 5255 ιν.
188 5201 208 5219 ⁹
259 5193 367 5249 Ubi
393 5194 545 5265 homo
565 5195 783 5265 quidam
810 5200 1004 5245 wantos
1029 5195 1272 5261 perdidit.
1778 5196 1869 5251 XI.
1915 5201 1932 5220 ⁶
1975 5196 2048 5250 De
2077 5198 2239 5251 bubus
2267 5207 2497 5265 qualum:
2522 5202 2576 5255 in
2606 5196 2688 5252 riu
2717 5193 3025 5264 inventis.

51 5273 118 5326 ν.
167 5266 415 5339 (Ibisne
440 5264 496 5316 in
519 5264 700 5339 itinere
729 5263 1119 5339 inventumest.
1203 5337 1210 5339 Α
1394 5336 1406 5339 Α
1642 5308 1658 5325 ,
1779 5268 1891 5323 ΧΠ,
1935 5268 1951 5287 '
1991 5265 2092 5322 Ubi
2119 5263 2304 5335 porcus
2335 5286 2366 5321 α
2393 5263 2519 5339 lupo
2548 5269 2784 5336 dire-pm:
2812 5271 2929 5316 est.
2958 5312 3001 5326 ﬁ

47 5344 139 5396 Vl.
196 5335 320 5393 Ubi
354 5335 410 5386 in
435 5350 544 5416 ⁸ιιηιι
568 5336 868 5459 [eademque
902 5331 1096 5400 femina
1121 5337 1349 5407 quinque
1377 5336 1522 5405 facta
1552 5347 1673 5394 sunt

377 5419 563 5459 nuracu
587 5426 638 5459 (ι.

377 5419 638 5461 nuracula.

586 5510 832 5574 CAPUT
868 5509 1154 5569 PRIMUM.
1783 5510 2067 5566 beatorum
2110 5513 2405 5577 martyrum
2444 5462 2709 5603 Gordiani
2756 5502 2811 5552 et
2849 5495 2997 5603 Epi
3016 5503 3193 5572 εηπιιῖ
3216 5538 3231 5564 ,

2643 5590 2706 5614 _::
2747 5582 2951 5614 ιρι-ιη’.-
3161 5574 3438 5614 _-|:u:'0"'
