3930 5474
547 419 654 483 883

1403 426 1902 494 WOLFHARDUS;
1931 433 2344 507 ΡῆεδΒιΤΕιι
2381 435 2978 502 HASENRIETANUS.
3708 443 3784 508 ἄη

547 538 686 604 hebri
712 536 923 593 Doniini
963 539 1175 595 audiret
1210 541 1494 607 famosam,
1538 546 1703 616 carpit
1743 547 1908 602 etiam
1939 556 1993 602 et
2021 548 2134 620 ipsa
2165 554 2212 614 Α
2239 552 2509 608 abstulere
2537 553 2764 621 oblatas,
2790 572 2902 612 rem
2931 574 3029 629 pro
3051 574 3155 630 qua
3177 574 3321 616 eatea
3345 572 3572 618 venerat
3595 561 3786 622 sollicite

549 631 679 688 totis
729 631 987 687 anhelare
1035 633 1349 702 praecordiis
1393 644 1452 690 ut
1498 638 1565 691 ad
1608 641 1905 696 sacrarium
1948 643 2132 698 venire

548 732 850 790 mereretur
890 723 1220 784 beatissima:
1257 727 1508 799 virginis.
1545 727 1708 800 Cujus
1736 732 1862 788 dum
1891 735 2130 790 membra

547 835 794 890 soporem
829 820 1154 880 felicissimae
1189 824 1385 894 quietis
1421 827 1693 888 modicum
1731 830 2128 904 degustassent,

547 908 720 964 adfuit
775 910 826 964 in
885 911 1004 981 ipso
1047 912 1394 970 domuitionis
1443 918 1673 975 articulo
1729 922 1822 991 qui
1877 939 1996 977 eam
2059 925 2130 978 ita

545 1000 874 1070 compellans
899 1001 1013 1057 ait:
1059 1003 1188 1070 Cur,
1234 1006 1453 1074 misera,
1493 1010 1722 1080 geminis
1759 1014 1946 1068 orbata
1978 1013 2134 1069 lumi-

547 1091 727 1156 nibus,
764 1091 935 1148 furvis
972 1093 1042 1149 ita
1083 1095 1254 1166 sopita
1295 1099 1529 1167 quiescis
1568 1100 1622 1154 in
1659 1103 1914 1168 tenebris,
1944 1115 2131 1166 etnon

548 1181 720 1252 magis
754 1181 963 1238 blanda:
998 1184 1385 1243 lucubrationis
1420 1190 1717 1247 domestica
1751 1193 1817 1248 de
1855 1195 2028 1250 salute
2059 1207 2133 1252 tc-

545 1288 669 1333 cum
699 1275 1024 1338 ruminando
1049 1279 1322 1362 conquiris
1359 1285 1776 1352 pernecessaria:
1815 1285 2135 1357 sospitatis?

543 1363 680 1418 Nam
706 1364 835 1421 licet
858 1375 909 1421 te
933 1380 1191 1426 consueto
1220 1387 1370 1427 more
1394 1373 1729 1431 matutinalis
1751 1386 1912 1448 atque
1938 1380 2130 1435 diurna

544 1453 639 1522 lux,
659 1466 940 1525 gratanter
960 1461 1214 1530 excipiat,
1240 1479 1440 1518 caecam
1477 1473 1651 1524 tamen
1688 1469 1866 1524 haurit
1893 1470 2089 1543 [Canis
2114 1490 2132 1526 :

542 1544 681 1614 forte
702 1548 990 1621 haustisfa
1017 1553 1270 1617 tenebris,
1295 1555 1483 1610 orbam
1509 1559 1735 1612 remittit
1762 1561 1826 1614 ad
1857 1563 2129 1619 tenebras.

545 1637 744 1694 Verum
789 1641 834 1696 si
883 1651 1078 1698 tetrum
1127 1662 1156 1700 a
1207 1656 1257 1701 te
1300 1647 1561 1718 repellere
1605 1650 1795 1707 niteris
1834 1653 2030 1721 chaos,
2080 1665 2133 1711 et

543 1731 814 1791 distensas
850 1735 973 1791 caeli
1016 1738 1167 1808 cupis
1207 1754 1430 1795 cernere
1477 1741 1669 1808 nubes,
1717 1759 1924 1800 necnon
1965 1755 2018 1802 et
2056 1748 2145 1805 vi-.

543 1835 724 1883 rentes
765 1830 1120 1902 contemplari
1163 1832 1404 1898 tellures,
1452 1834 1753 1906 importuni
1791 1839 2002 1908 sottoris
2045 1855 2130 1900 se-

541 1918 763 1988 gnitiem
805 1920 995 1989 mitte,
1036 1922 1207 1989 solita:
1249 1923 1446 1993 quietis
1489 1941 1700 1981 cassam
1736 1927 2001 1998 ignaviam
2043 1946 2127 1985 re-
2164 1924 2206 1983 Β

539 2009 716 2078 prime
756 2019 810 2065 ct
847 2011 916 2066 ad
954 2012 1340 2068 monasterium
1380 2013 1650 2078 Meum-im
1687 2017 1882 2071 ducatu
1919 2019 2130 2074 concito

539 2113 723 2169 perge.
770 2101 838 2156 Et
875 2117 998 2157 cum
1042 2102 1183 2160 felici
1228 2105 1353 2160 illuc
1391 2121 1581 2178 gressu
1611 2109 1942 2180 perveneris,
1976 2112 2130 2182 prius

541 2199 692 2244 actas
732 2201 787 2246 ct
831 2192 999 2251 nitide
1043 2205 1228 2257 coctas
1271 2205 1433 2267 atque
1459 2197 1513 2252 iu
1542 2200 1747 2268 buxula
1767 2200 2020 2263 obtrusas
2051 2203 2138 2260 al-..

543 2284 686 2340 tario
738 2287 1002 2344 oblatas.
1045 2290 1297 2360 impone,
1366 2292 1552 2362 sicque
1607 2300 1775 2347 totam
1837 2303 1890 2348 te
1949 2309 2128 2350 rerum

540 2377 721 2444 opiﬁci
771 2387 826 2434 et
870 2380 1066 2450 virgini
1113 2382 1279 2440 trade.
1350 2382 1484 2437 Cum
1533 2391 1714 2439 autem
1760 2385 1975 2444 easdem
2023 2403 2132 2442 arte

541 2468 808 2526 locaveris
850 2472 1289 2538 oblatiancuias,
1349 2474 1490 2529 bime
1544 2490 1575 2530 e
1621 2475 1801 2531 vicino
1852 2477 2130 2534 venientes

538 2560 751 2638 gallinae
787 2563 935 2632 ipsas
967 2563 1162 2626 veraci,
1191 2566 1475 2628 comedent
1517 2565 1696 2632 dente,
1726 2567 1926 2638 talique
1952 2568 2130 2623 edulio

539 2636 707 2716 pasta:
752 2651 940 2708 altaris
981 2651 1230 2709 excubiis
1270 2655 1629 2711 desudabunt.
1683 2657 1780 2713 llis
1819 2636 1893 2712 an
1936 2659 2127 2725 dictis,

537 2742 824 2812 verbisque
843 2759 964 2799 cum
989 2744 1262 2801 salutifera
1285 2746 1491 2803 visione
1513 2749 1811 2817 subductis,
1847 2750 2120 2806 residuum

538 2832 682 2901 quod
723 2843 1015 2904 supererat
1047 2836 1222 2897 noctis
1275 2836 1513 2906 puellula
1551 2838 1854 2898 ltetabunda
1897 2841 2125 2914 peregit.

537 2922 723 2981 Noctis
766 2941 895 2981 vero
940 2927 1165 2983 horrore
1212 2928 1381 2994 linito,
1427 2945 1550 2985 cum
1587 2931 1698 3001 jam
1730 2932 1865 2988 vasti
1895 2937 2127 3002 atquoris

536 3017 741 3074 Oceani
799 3018 1028 3090 lymphte
1088 3021 1262 3077 lautas
1316 3021 1528 3078 Titanis
1586 3024 1730 3079 arvis
1787 3026 2127 3082 remitterent

538 3127 742 3174 ruinas,
773 3129 803 3166 a
850 3113 987 3167 lecto
1030 3114 1084 3168 iu
1131 3129 1240 3183 quo
1293 3114 1534 3168 membra
1591 3116 1771 3184 sopori
1827 3117 2125 3174 tradiderat

539 3200 698 3255 hilari
743 3211 923 3256 mente
965 3203 1274 3271 prosiliens,
1302 3215 1548 3274 sumptus
1584 3205 1793 3261 itineris
1817 3209 2124 3278 acquisivit,

538 3293 791 3350 comitem
837 3309 900 3348 ac
941 3295 1195 3363 prmviam
1256 3295 1488 3363 puellam
1533 3298 1826 3366 assumpsit
1871 3308 1926 3354 ct
1975 3299 2128 3356 calﬁs
2156 3285 2200 3345 (ί

538 3381 726 3450 ignara
752 3375 920 3437 felicis
966 3383 1071 3438 iter
1113 3383 1359 3456 arripuit.
1403 3383 1602 3455 Sicque
1637 3401 1735 3456 per
1771 3387 1922 3448 devia
1949 3399 2126 3446 trans-

537 3476 656 3531 iens
699 3492 856 3543 rura,
904 3478 1234 3532 monasterio
1275 3481 1416 3548 quod
1471 3463 1790 3538 nutabunda.
1843 3494 2121 3554 quaerebat

537 3567 735 3620 meruit
770 3568 1154 3638 propinquare.
1201 3569 1306 3624 Sed
1340 3571 1651 3644 priusquam
1689 3574 1832 3631 illius
1869 3578 2136 3639 terminos.

536 3656 780 3721 adiisset,
809 3658 1162 3726 reminiscens
1204 3677 1314 3716 suae
1350 3663 1724 3722 saluberrima:
1763 3668 1995 3728 visionis
2014 3685 2124 3726 ca-

539 3745 666 3801 litus
707 3749 989 3816 numiata:,
1029 3751 1512 3812 oblat-asdccc..tcr
1549 3759 1788 3828 excernit,
1830 3759 1884 3815 in
1925 3762 2122 3818 buxula

542 3841 810 3908 reposuit,
840 3843 1087 3913 viamque
1123 3859 1349 3915 carpere
1384 3851 1566 3920 cmpit.
1598 3851 1696 3906 Ubi
1737 3867 1867 3909 vero
1902 3865 2122 3910 ventum

541 3939 626 3984 est
648 3931 713 3986 ad
738 3932 826 3986 diu
852 3943 1092 4003 optatmn
1127 3936 1365 3994 basilicze
1395 3939 1620 4004 aditum,
1653 3941 1740 3997 die
1769 3941 2120 3998 celeberrima

540 4023 846 4080 Palmarum
889 4026 956 4080 ad
996 4043 1273 4100 vesperam
1303 4029 1521 4087 finiente
1559 4048 1681 4096 cum
1719 4033 1908 4090 intimo
1944 4035 2124 4090 cordis

540 4115 745 4189 gemitu
787 4117 1082 4174 oratorium
1130 4119 1393 4186 introivit,
1416 4136 1642 4192 seseque
1678 4121 1741 4184 in
1775 4134 1976 4179 terram
2005 4139 2124 4194 pro-

538 4213 789 4261 sternens
847 4215 1011 4276 atque
1066 4223 1096 4261 a
1161 4209 1316 4264 tetris
1369 4209 1630 4264 luminum
1687 4212 1934 4267 cavernis
1978 4213 2120 4269 salsa

536 4294 896 4366 iacrytnarum
938 4297 1155 4369 [Iuntina
1196 4298 1443 4365 fundens,
1488 4311 1549 4356 ut
1581 4302 1756 4373 jussio
1789 4303 2012 4359 visionis
2039 4312 2123 4370 at—

535 4387 739 4450 tentius
778 4388 1094 4459 imperarat,
1135 4407 1202 4446 ex
1247 4406 1368 4446 asse
1408 4392 1498 4446 uni
1542 4407 1600 4447 se
1640 4393 1869 4449 Domino
1896 4401 1951 4448 et
1981 4393 2122 4448 salu-

539 4475 712 4540 tifera:
767 4480 964 4549 virgini
1021 4483 1441 4538 commendavit.
1507 4484 1752 4556 Cumque
1810 4486 1902 4540 diu
1960 4485 2116 4556 longa

534 4569 880 4636 protraheret
922 4571 974 4625 in
1023 4573 1267 4627 oratione
1308 4574 1573 4644 suspiria,
1627 4577 1841 4632 tandem
1888 4592 1916 4630 a
1963 4579 2117 4648 pavi-

532 4658 802 4722 mentoﬂin
835 4674 942 4728 quo
964 4659 1209 4728 iacuerat
1239 4662 1454 4732 humilis
1487 4666 1842 4739 exsurrexit,
1865 4667 1930 4720 ad
1968 4682 2118 4722 aram

533 4746 802 4812 accessit,
850 4748 1074 4815 oblatas
1106 4765 1240 4819 quas
1287 4751 1552 4806 detulerat
1599 4754 1842 4825 tremulis
1883 4755 2120 4825 digitulis

533 4838 947 4908 superingessit,
985 4849 1040 4896 et
1076 4841 1217 4895 haud
1254 4842 1411 4918 longe
1442 4845 1712 4915 modicum
1743 4847 1809 4915 ab
1835 4847 2023 4905 eadem
2057 4864 2117 4904 se

530 4938 821 5002 pausatura
854 4930 1085 5001 semovit
1113 4949 1142 4984 ε..
1165 4949 1286 4991 cum
1318 4949 1458 4997 ecce.
1476 4935 1594 4990 dua:
1622 4951 1758 5004 quas
1786 4946 2033 4993 creverat
2061 4937 2114 4993 in

532 5021 743 5077 visione
775 5022 1033 5094 gallinae,
1068 5024 1120 5078 id
1165 5034 1248 5079 est
1282 5026 1780 5093 sanctimonialibus
1812 5027 1876 5099 [f.
1907 5029 2110 5083 sancti-

534 5112 820 5185 moniales]
851 5117 1125 5188 geminae,
1163 5127 1368 5181 stantes
1408 5116 1564 5187 juxta
1608 5120 1800 5184 altare,
1833 5114 2111 5192 impositas

607 5221 928 5300 éEtiam_S.
957 5225 1303 5300 Radegundis
1341 5238 1477 5300 teste
1511 5229 1812 5284 Fortunato
1849 5231 1902 5285 in
1944 5233 2111 5300 ipsius

534 5290 659 5343 Vita
705 5293 904 5346 saeculo
942 5310 982 5358 ι,
1031 5290 1178 5350 num.
1210 5299 1314 5352 16:
1367 5293 1665 5354 Oblutioues
1713 5302 1822 5355 suis
1871 5290 2111 5356 manibus

539 5358 759 5410 ΐαείεηε.
809 5360 934 5408 Ιυεῖι
983 5367 1352 5420 twnerabilibtts
1402 5370 1723 5420 incessanter
1771 5371 2109 5422 disnenmril.

2236 644 2592 713 requirentes.
2644 645 2852 713 Quibus
2895 649 3008 719 ipsa
3047 650 3288 721 ejusdem
3320 652 3553 708 rationis
3581 653 3786 711 ordinem

2235 737 2465 791 retexuit
2493 747 2546 792 et
2573 740 2639 794 ad
2667 740 2870 796 calcem
2898 757 3068 812 usque
3093 744 3366 814 perduxit.
3404 745 3592 801 Finito
3613 747 3790 818 eloquio

2233 825 2455 897 linguae,
2486 827 2657 883 adfuit
2688 829 2925 887 solamen
2955 834 3136 888 statim
3168 849 3230 889 ex
3263 835 3501 906 virgine.
3535 835 3672 904 Nam
3696 837 3791 893 0-

2234 917 2482 987 nipotens
2529 919 2595 973 de
2643 921 2780 977 ctrlo
2829 937 3044 993 semper
3090 910 3429 995 prospiciens
3478 943 3646 998 super
3687 928 3796 985 ﬁlios

2234 1007 2533 1074 hominum,
2567 1019 2625 1064 ut
2651 1011 2829 1073 videat
2861 1013 2905 1068 si
2944 1025 3027 1068 est
3065 1015 3366 1086 iuteHigens
3396 1027 3494 1071 aut
3544 1020 3796 1088 requirens.

2234 1097 2433 1165 Deum,
2475 1101 2659 1155 statim
2692 1117 2858 1175 super
2887 1105 3160 1172 credulam
3195 1109 3260 1173 de
3291 1109 3432 1172 coelo
3466 1111 3722 1179 respexit,
3754 1123 3794 1164 et

2235 1190 2475 1246 vacuatis
2528 1191 2647 1248 luce
2703 1193 2996 1256 luminibus
3048 1197 3176 1252 solis
3233 1198 3422 1253 radios
3477 1200 3792 1254 ministravit.

2234 1280 2614 1356 Expavescens
2652 1301 2782 1358 ergo
2819 1287 2886 1341 de
2928 1289 3160 1355 lumine,
3210 1292 3334 1361 quia
3377 1295 3643 1347 cernebat
3682 1294 3800 1362 quod

2235 1388 2340 1426 non
2370 1375 2577 1430 viderat
2611 1387 2755 1443 ante,
2791 1379 3139 1437 illuminatori
3171 1398 3270 1437 suo
3299 1383 3528 1452 Christo
3566 1395 3624 1440 et
3660 1387 3792 1439 inter-

2233 1466 2472 1527 v_entrici,
2495 1468 2686 1539 virgini
2717 1486 2838 1525 cum
2868 1474 3081 1529 caeteris
3107 1477 3413 1532 astantibus
3452 1478 3659 1548 gratias
3682 1480 3794 1550 egit.

2231 1567 2287 1610 et
2313 1571 2444 1612 sana
2475 1559 2726 1617 discessit
2748 1563 2798 1617 ἱ).
3725 1554 3731 1560 ’

2863 1682 3088 1739 CAPUT
3126 1685 3187 1738 Υ.

2302 1790 2426 1856 Pari
2457 1793 2830 1861 etiarnntodo,
2861 1795 2988 1851 dum
3019 1798 3184 1854 Gisiia
3215 1811 3466 1855 matrona
3496 1800 3790 1870 pernobilis,

2235 1897 2373 1938 uxor
2412 1881 2709 1939 Burchardi
2736 1925 2751 1951 ,
2791 1885 3146 1944 Walachonis
3174 1900 3196 1926 ο
3255 1890 3475 1945 comitis
3522 1890 3654 1956 tilii,
3697 1905 3798 1962 qua

2233 1982 2390 2029 antea
2414 1976 2759 2032 matrimonio
2777 1975 2961 2045 juncta
2985 1978 3166 2035 fuerat
3178 1981 3398 2047 comitis
3416 1981 3796 2052 Megingaudid,

2231 2065 2494 2120 orationis
2520 2082 2714 2132 causa,
2749 2077 2809 2124 ut
2843 2069 3000 2124 solita
3032 2081 3146 2136 est,
3177 2071 3369 2126 cellam
3399 2073 3632 2144 virginis
3657 2075 3797 2127 adiis-

2233 2166 2336 2222 set,
2370 2156 2422 2212 in
2457 2159 2650 2228 primis
2678 2175 2777 2230 pro
2804 2175 2866 2216 se
2893 2162 3117 2233 suisque
3145 2165 3401 2220 omnibus
3429 2165 3660 2221 Domino
3687 2183 3794 2236 sup-

2232 2248 2451 2318 plicavit
2477 2267 2489 2304 :
2523 2250 2645 2306 dein
2673 2251 2889 2322 erigens
2916 2267 2976 2308 se
3005 2262 3058 2308 et
3085 2255 3241 2326 signo
3267 2255 3555 2311 Dominico
3575 2257 3798 2312 muniens

2231 2355 2325 2395 cas
2353 2355 2490 2409 quas
2519 2355 2702 2396 secum
2737 2341 3009 2398 detulerat
3036 2343 3232 2398 obtulit
3256 2345 3530 2416 eulogias.
3563 2346 3659 2403 Ubi
3689 2363 3806 2402 ven-.

2233 2439 2343 2490 tum
2380 2440 2468 2492 est.
2492 2432 2560 2486 ad
2591 2448 2885 2504 pauperum
2917 2434 3116 2490 Christi
3147 2437 3550 2508 eleemosynam
3577 2439 3797 2509 partien-

2231 2525 2386 2591 dam,
2411 2523 2550 2579 datis
2589 2524 2702 2579 cibi
2725 2526 3018 2596 stipendiis,
3038 2530 3389 2598 congruentis
3412 2571 3426 2590 .
3485 2530 3610 2585 dum
3641 2531 3796 2586 etiam

2230 2614 2419 2684 pocula
2464 2615 2646 2670 sedula
2695 2617 3060 2684 miniStraret,
3099 2636 3195 2674 vas
3223 2621 3367 2691 quod
3402 2623 3633 2693 banuipa
3657 2634 3680 2661 ε
3710 2639 3796 2677 τωρ

2231 2710 2466 2762 minatur
2503 2723 2612 2778 quo
2654 2709 2838 2767 mistio
2887 2711 3169 2781 agebatur,
3222 2713 3368 2768 inter
3399 2730 3593 2769 manus
3632 2715 3796 2785 propi-

2231 2797 2480 2856 nautiuna
2524 2798 2603 2854 ita
2643 2799 2979 2854 exinanitum
3017 2810 3100 2856 est
3133 2812 3297 2871 atque
3334 2803 3660 2858 subductum
3687 2844 3704 2868 ,
3746 2813 3797 2856 ut

2232 2886 2410 2942 nullus
2439 2887 2811 2943 assistentium
2855 2888 2963 2944 ullo
3005 2891 3165 2946 modo
3207 2893 3351 2947 scire
3393 2894 3650 2963 potuisset
3680 2910 3797 2964 qua-

2231 2993 2356 3034 nam
2391 2980 2602 3035 ratione
2633 2979 2904 3049 perditum
2937 2995 3057 3036 esse
3091 2982 3386 3037 videretur.
3441 2983 3656 3038 Sciebat
3681 2999 3796 3038 sane

2233 3069 2562 3124 conscientia
2599 3071 2820 3140 propria
2863 3079 3002 3129 teste
3038 3073 3409 3142 propinatrix,
3459 3089 3560 3129 nec
3587 3075 3796 3142 quodam

2231 3161 2432 3225 casuali
2467 3176 2616 3217 more
2652 3161 2770 3217 fore
2801 3157 3100 3233 dilapsum.
3140 3180 3239 3222 nec
3277 3181 3306 3218 a
3345 3182 3509 3233 manu
3542 3167 3806 3236 dispensa—_

2235 3251 2351 3306 trici
2384 3265 2506 3305 esse
2525 3251 2818 3322 direptum,
2846 3269 3018 3324 itaque
3043 3254 3223 3323 aliqua
3250 3254 3442 3310 fraude
3467 3256 3792 3311 subductum.

2233 3342 2428 3399 Verum
2467 3347 2651 3402 animo
2685 3349 2952 3403 mstuabat
2997 3349 3241 3420 obliquo,
3284 3351 3546 3420 quoniam
3591 3351 3662 3405 nil
3700 3352 3804 3404 tale

2229 3440 2478 3507 viderat,
2531 3442 2608 3497 nil
2656 3443 2834 3507 simile
2871 3443 3054 3497 auditu
3095 3453 3436 3514 perceperat.
3500 3444 3793 3506 Mirabatur,

2229 3534 2351 3603 quia
2395 3533 2647 3602 oculatim
2696 3535 2837 3604 quod
2884 3534 3034 3604 prius
3072 3534 3319 3590 manibus
3350 3534 3666 3597 vectitabat,
3693 3535 3801 3602 jam.

2230 3627 2374 3682 nullo
2405 3629 2616 3684 furante
2647 3629 2728 3683 vel
2764 3629 3006 3699 rapiente
3037 3629 3280 3683 carebat.
3310 3627 3456 3696 Quid
3486 3629 3678 3698 plura?
3704 3627 3790 3684 Ubi

2227 3720 2376 3774 hora:
2405 3719 2508 3774 diei
2550 3730 2802 3789 protensa
2854 3728 2940 3776 est
2990 3719 3196 3784 dilatio,
3249 3735 3378 3790 spes
3425 3734 3640 3789 quoque
3670 3719 3788 3773 ι·εεί-

2226 3809 2407 3880 piendi
2441 3809 2646 3863 vasculi
2697 3809 2831 3863 mire
2882 3809 3135 3864 subducti
3186 3809 3396 3880 pariter
3448 3809 3655 3864 sublata
3697 3818 3783 3863 est.

2226 3901 2394 3972 Igitur
2424 3899 2710 3970 completis
2746 3914 2846 3970 pro
2877 3900 3074 3969 quibus
3105 3910 3331 3955 venerat
3368 3898 3579 3963 causis,
3615 3898 3675 3950 ad
3706 3911 3786 3951 sua

2225 3989 2487 4061 disposito
2537 3990 2733 4045 itinere
2786 3989 2963 4044 redire
3015 3990 3196 4044 conati
3247 3998 3395 4044 sunt.
3453 3987 3692 4057 Dumque
3731 3986 3790 4038 de

2224 4080 2490 4151 pluribus,
2532 4089 2596 4145 ut
2634 4097 2751 4140 mos
2783 4081 3097 4138 iterautium
3129 4090 3243 4148 cst,
3297 4083 3444 4146 inter
3474 4097 3535 4137 se
3563 4080 3792 4138 sermocio.

2224 4181 2488 4241 narentur
2516 4182 2570 4226 et
2602 4181 2925 4244 qurerereut,
2953 4176 3101 4228 vasis
3131 4188 3349 4244 quoque
3377 4173 3578 4243 perditi
3608 4171 3784 4226 mentio

2225 4264 2397 4320 adfuit
2426 4265 2669 4335 copiosa.
2705 4265 2842 4320 Tum
2873 4264 3057 4320 subito
3095 4267 3311 4320 eminus
3338 4265 3561 4334 quidam
3600 4262 3780 4317 illorum

2224 4356 2498 4426 aSpiciens
2534 4356 2668 4411 vidit
2718 4356 2953 4426 idipsum
3005 4356 3060 4409 iu
3113 4353 3290 4410 medio
3331 4355 3432 4409 via:
3483 4354 3671 4409 itinere
3703 4367 3786 4406 vas

2217 4446 2404 4516 jacere
2431 4446 2736 4517 expositum
2769 4446 3136 4502 immutatum.
3170 4443 3324 4511 Quod
3360 4443 3608 4498 tollentes
3633 4452 3684 4497 et
3706 4442 3786 4495 do-

2223 4536 2384 4603 mina:
2415 4535 2526 4604 jam
2555 4537 2712 4591 dictae
2738 4551 2862 4590 cum
2900 4535 3067 4589 nimia
3105 4533 3468 4589 admiratione
3499 4533 3778 4589 aﬂ'erentes.

2150 4642 2198 4700 ῃ
2227 4641 2332 4678 una
2364 4641 2486 4680 cum
2523 4627 2711 4679 eadem
2753 4625 2958 4694 gratias
2996 4623 3227 4678 retulere
3267 4623 3588 4692 gaudentes.
3623 4623 3665 4675 Α
3689 4635 3786 4688 qua

2226 4720 2410 4774 statim
2442 4719 2560 4775 loco
2589 4719 2656 4774 ad
2687 4720 2993 4774 emnohium
3036 4718 3394 4782 remiserunt,
3439 4726 3502 4770 ut
3535 4717 3604 4769 ibi
3641 4716 3778 4768 mira-

2210 4812 2407 4866 ‘hilitcr
2435 4820 2749 4866 servaretur
2776 4810 2864 4865 ubi
2897 4809 3150 4865 Christus
3187 4823 3285 4887 per
3321 4806 3584 4878 virginem
3630 4804 3782 4866 miras

2223 4903 2354 4958 bilia
2387 4910 2674 4971 operatur.

2839 5011 3066 5067 CAPUT
3107 5011 3190 5066 Vl.

2292 5123 2453 5178 \‘icus
2480 5123 2697 5192 quidam
2728 5120 2778 5175 in
2806 5119 3050 5192 Bajoaria
3089 5119 3332 5191 regione,
3366 5136 3506 5192 pago
3528 5120 3783 5188 Chelagdv

2217 5231 2718 5306 885_coustitutum
2768 5231 3148 5306 Lantgravium
3178 5231 3454 5306 Turingia:
3497 5247 3511 5285 :
3555 5232 3641 5306 cui
3682 5238 3782 5306 tota

2271 5303 2495 5383 afuisse
2518 5301 2825 5383 Popponem
2861 5300 3054 5383 probat
3084 5300 3459 5357 Henscher§ists
3485 5317 3549 5344 ει-
3583 5300 3790 5352 Anule

2218 5317 2495 5424 retulisse
2520 5317 2825 5420 rorponem
2861 5317 2983 5383 pro.

2255 5387 2316 5426 Ila
2345 5372 2592 5426 Fltltlmtsi
2615 5387 2716 5424 κίε,
2753 5371 2788 5404 ιι
2933 5387 2946 5390 -
2965 5388 2983 5392 ,ν
