3930 5440
111 386 225 445 833

1034 406 1037 409 ι
1074 382 1162 439 ηε
1200 380 1360 439 γιτΑ
1399 379 1457 436 s.
1499 366 1941 433 WALPt'iltGlS.
1979 399 2045 409 -
2086 370 2299 427 Limﬂt'
2322 371 2409 427 nr.

3271 374 3416 433 886:.

109 524 212 574 ne,
262 471 651 562 Aduloltestorh
692 474 1086 574 nuncupamine
1123 507 1390 558 vocitatus
1410 540 1426 565 ,
1474 492 1657 550 multis
1676 530 1690 554 .
1722 492 1770 550 Α
1798 495 2062 564 crymosis
2088 494 2417 567 singultunm
2445 494 2666 549 vocibus
2699 494 3054 564 postulantes.
3080 495 3231 564 Quos
3254 512 3379 552 cum

109 599 248 655 mihi
292 613 509 671 quoque
551 597 651 653 ista
685 596 914 660 fideliter
951 592 1207 653 scribenti
1250 588 1566 663 plenissime
1599 582 1694 640 co-

107 691 317 759 gnitus,
345 690 399 744 in
424 704 533 760 quo
559 689 802 758 qumdam
834 686 1012 742 adhuc
1056 686 1109 740 in
1150 683 1259 738 vita
1294 687 1571 751 superstes
1615 681 1700 729 est

111 780 449 844 muliercula,
476 778 693 834 nomine
717 778 904 841 Asnia,
928 778 980 832 in
1008 792 1115 849 qua
1140 790 1372 847 superna
1396 767 1695 831 miseratio.

108 871 536 943 suifragantibus
566 863 757 927 matris
802 879 1001 926 nostrae
1041 869 1273 934 meritis,
1310 867 1549 938 quinque
1582 866 1700 921 evi-

108 966 431 1022 dentissima
460 965 673 1037 operari
708 965 927 1038 dignata
958 971 1043 1018 est
1083 963 1256 1033 signa.
1293 959 1429 1016 Nam
1475 959 1621 1015 labili
1647 967 1703 1014 et

110 1057 349 1112 tremulo
399 1071 626 1128 corpore
675 1065 785 1111 tota
832 1054 1036 1111 caduca
1063 1097 1076 1119 ,
1129 1055 1353 1124 insuper
1405 1053 1703 1109 obsistente

109 1148 272 1204 obice
299 1148 605 1205 inﬂexibilis
636 1146 830 1219 lingua:
860 1144 1243 1202 miserabiliter
1273 1152 1440 1208 mnta,
1469 1142 1538 1197 ad
1571 1156 1703 1196 cun-

110 1239 217 1295 ctis
247 1248 435 1295 notum
467 1239 853 1294 monasterium
879 1246 964 1293 est
1001 1237 1230 1293 adducta
1249 1278 1264 1302 ,
1296 1244 1355 1290 ιιι
1387 1235 1458 1291 ibi
1488 1233 1701 1289 inveni-

114 1339 198 1386 ret
232 1330 554 1395 remedium,
577 1328 669 1386 ubi
701 1327 854 1384 multi
885 1328 1170 1400 quaesitum
1216 1327 1472 1384 invenere
1518 1325 1709 1395 pnnsio

111 1422 287 1477 dium.
319 1423 563 1493 Cumque
591 1421 719 1481 inibi
751 1421 1084 1496 lacrymosas
1105 1419 1173 1475 ad
1200 1420 1486 1475 Dominum
1515 1416 1708 1473 funde-

113 1521 200 1571 ret
224 1527 438 1585 preees,
465 1528 567 1568 vox
595 1513 649 1568 in
678 1513 892 1569 sublimi
921 1513 1102 1568 audita
1126 1520 1212 1568 est
1249 1511 1625 1582 supplicantis,
1651 1518 1708 1565 et

111 1607 320 1663 sociata
345 1606 600 1680 lacrymis
630 1606 863 1663 sanitate
897 1621 1178 1677 corporea,
1206 1605 1488 1661 incolumis
1515 1605 1707 1659 mulier

112 1690 382 1756 rameavit
407 1700 473 1754 ad
518 1699 759 1771 propria.
791 1697 897 1755 Sed
929 1698 1175 1768 insipidte
1203 1697 1497 1753 multorum
1542 1695 1706 1751 rusti-

111 1808 376 1849 canorum
400 1808 465 1849 ac
486 1791 824 1848 saacularium
853 1800 1080 1856 mentes,
1107 1790 1232 1846 dum
1259 1790 1397 1845 dona
1419 1805 1448 1843 a
1476 1787 1704 1843 Domino

111 1896 168 1943 et
192 1889 417 1960 przemia
440 1897 847 1958 consequuntur
873 1886 1131 1951 indebita,
1161 1900 1268 1940 non
1296 1884 1362 1939 ad
1391 1883 1579 1940 laudes
1602 1898 1705 1939 nec

112 1981 183 2032 ad
225 1979 422 2047 dignas
461 1978 761 2051 gratiarum
810 1991 871 2033 se
915 1984 1224 2049 pra-parant
1252 1975 1538 2032 actiones:
1578 1974 1706 2044 quin

112 2069 295 2141 magis
328 2085 428 2141 pro
455 2069 633 2141 dignis
660 2085 858 2124 munus
898 2082 956 2123 se
986 2067 1204 2124 caeleste
1232 2066 1538 2139 percepisse
1567 2065 1710 2122 acsti—

113 2170 271 2216 mant
293 2159 525 2225 meritis,
549 2168 641 2213 aut
662 2167 810 2215 certe
838 2158 999 2214 nullis
1021 2158 1451 2229 praecedentibus
1475 2157 1708 2230 meritis,

112 2252 210 2307 sed
256 2251 430 2307 solum
460 2250 655 2307 divinae
693 2249 894 2307 auxilio
932 2248 1319 2305 miserationis.
1351 2247 1430 2304 Ita
1454 2249 1531 2303 .in
1566 2247 1712 2303 bono

113 2341 376 2401 deﬁciunt
398 2355 565 2413 opere
590 2349 648 2398 ιιι
673 2356 1013 2412 nequaquam
1039 2334 1260 2395 stabiles
1283 2338 1630 2395 inveniantur
1655 2338 1707 2392 in

115 2434 244 2489 lide.
279 2432 433 2500 Quod
458 2431 620 2501 hujus
646 2431 979 2487 mulierculae
1023 2431 1277 2488 fortuitus
1312 2432 1505 2503 probat
1545 2446 1709 2487 even-

117 2533 228 2589 tus,
258 2521 385 2577 dum
426 2522 503 2578 rei
535 2530 700 2594 gesta:
741 2531 994 2577 narratur
1018 2516 1253 2578 auditus.
1290 2523 1526 2579 Veniens
1551 2538 1708 2578 nam-

114 2629 223 2684 que
249 2614 469 2669 domum
502 2622 615 2669 tota
648 2614 894 2693 restituta
930 2614 1123 2680 saluti,
1156 2615 1170 2670 i
1198 2616 1297 2669 .l’ra
1325 2616 1510 2670 decem
1539 2615 1712 2670 ferme

117 2706 586 2764 hebdomadarum
614 2704 872 2762 circulum
916 2706 1109 2773 nullas,
1144 2715 1203 2762 ιιι
1245 2707 1458 2777 opinor,
1502 2706 1713 2763 debitas

113 2801 399 2857 Altissimo
426 2800 611 2859 retulit
636 2809 835 2873 grates.
864 2799 1005 2869 Quin
1035 2799 1214 2870 potius
1237 2798 1481 2870 segnitiae
1507 2806 1713 2869 tempo-

119 2893 251 2949 ralis
297 2894 505 2950 incuria
550 2909 772 2964 pressa,
809 2901 1042 2948 mentem
1094 2891 1355 2947 lubricam
1391 2891 1459 2947 ad
1505 2891 1710 2948 caduca

117 2985 331 3057 reﬂexit
354 2993 410 3041 et
437 2986 581 3040 baud
603 2984 983 3041 obliviscenda:
1006 2984 1243 3055 propriae
1260 2980 1425 3039 oblita
1453 2991 1538 3040 est
1562 2985 1711 3042 sani-

118 3078 272 3131 tatis.
300 3076 456 3134 Unde
484 3085 606 3148 post
627 3076 948 3147 explicatam
975 3075 1237 3146 praelibati
1265 3075 1522 3147 temporis
1539 3088 1713 3147 quan-

116 3166 347 3226 titatem.
391 3167 641 3237 dignatus
683 3166 826 3222 Deus
849 3165 1190 3235 omnipotens
1230 3164 1432 3221 salubri
1482 3166 1711 3237 castiga-

119 3257 269 3311 tione
296 3271 451 3311 suant
483 3270 830 3310 rommonere
861 3255 1113 3310 ancillam
1133 3297 1148 3321 ,
1194 3269 1262 3310 ne
1306 3255 1439 3310 tanti
1470 3256 1712 3312 muneris

119 3348 440 3404 felicissimo
487 3345 628 3403 dono
681 3348 891 3420 ingrata
940 3347 1061 3405 fore
1105 3349 1415 3417 videretur;
1476 3350 1710 3420 quadam

118 3447 279 3494 nocte
331 3439 639 3511 huiusmodi
668 3440 893 3494 visionis
939 3455 1057 3495 eam
1087 3455 1373 3512 aggressus
1401 3449 1488 3497 est
1524 3455 1658 3497 voce
1692 3458 1706 3495 :

117 3533 253 3599 Cur,
280 3529 481 3605 inquit,
509 3532 846 3597 muliercula,
870 3532 1155 3602 jam'enim
1189 3532 1415 3590 Domino
1443 3543 1616 3602 grata,
1641 3534 1710 3590 de

119 3626 394 3698 perceptis
437 3626 601 3681 tantis
633 3624 912 3683 beneﬂciis
956 3624 1160 3682 caelesti
1211 3625 1401 3696 gratia:
1448 3627 1713 3682 hactenus

116 3715 358 3770 existere
401 3714 618 3771 voluisti
667 3716 911 3787 ingrata?
954 3712 1088 3771 Redi
1146 3716 1424 3785 igitur’ad
1473 3725 1710 3773 mentem

121 3817 271 3862 tuam
298 3808 447 3863 omni
469 3807 804 3863 dubitatione
828 3808 1101 3872 submota,
1124 3816 1179 3863 et
1205 3808 1334 3878 quid
1365 3808 1418 3862 in
1447 3816 1499 3864 te
1519 3808 1709 3864 deiiica

119 3899 297 3953 virtus
329 3900 402 3956 sit
445 3909 692 3970 operata,
726 3900 911 3957 nubilo
938 3900 1120 3956 cordis
1165 3903 1380 3956 deterso
1428 3901 1711 3973 recogita;

120 3991 373 4060 undeque
404 3990 498 4045 tibi
526 3990 677 4046 salus
711 3990 942 4061 indignae
984 3990 1319 4060 provenerit,
1345 3990 1712 4046 curiosissima

120 4082 287 4139 animi
319 4083 655 4138 scrutatione
702 4090 997 4151 pertracta.
1049 4081 1115 4136 Et
1159 4097 1282 4137 cum
1335 4082 1713 4138 incunctanter

122 4186 228 4231 tua:
256 4177 511 4231 tenebras
548 4175 863 4247 ignorantiae
891 4173 1130 4245 diligenti
1163 4175 1567 4232 examinatione
1608 4176 1715 4235 dis-

121 4266 384 4333 cusseris,
430 4282 657 4337 surgens
685 4266 900 4322 concito
926 4266 1094 4337 gradu
1114 4308 1129 4331 ,
1157 4268 1224 4322 ad
1256 4266 1552 4322 Maenheim
1596 4284 1711 4323 mo-

121 4359 422 4431 nasterium
456 4372 618 4429 perge
650 4358 833 4428 ibique
865 4354 1203 4427 competenti
1225 4356 1490 4428 completa
1513 4358 1718 4414 oratio-

123 4469 224 4519 ne,
244 4469 274 4506 a
305 4451 573 4527 Deitbilda
597 4442 833 4511 custl'ice
858 4448 1100 4507 ecclesiae
1130 4449 1199 4505 ad
1226 4450 1560 4521 operandam
1585 4462 1713 4520 pro-

1730 1848 1784 1912 Β

1801 587 2206 645 materfamilias
2252 586 2461 644 Liubila
2502 602 2628 643 cum
2671 587 2881 644 devotis
2922 587 3035 644 Deo
3081 587 3417 646 famuiabus.

1801 681 2110 737 humaniter
2150 680 2477 751 suscepisset
2511 688 2567 736 et
2604 680 2778 736 victus
2819 680 3126 738 alimoniam
3173 682 3384 743 miseri-

1800 773 2037 829 corditer
2062 773 2439 839 ministrasset,
2472 772 2643 828 risum
2674 780 2758 831 est
2780 773 2862 830 eis
2892 781 2953 829 ut
2989 771 3245 846 suli'ragia
3274 776 3409 833 virm

1800 864 1942 935 ginis
1986 864 2246 921 attentius
2284 865 2664 937 implorarent,
2690 874 2961 937 quatenus
2983 867 3156 923 visum
3197 883 3229 922 a
3273 868 3386 939 pri-

1802 973 1972 1014 tuaava
2000 957 2584 1031 origineinexpertum
2623 957 2741 1029 eius
2783 961 2994 1017 meritis
3033 970 3091 1017 et
3133 960 3419 1033 precibus-

1803 1049 2030 1121 adipisci
2061 1057 2423 1107 mererentur.
2452 1050 2681 1107 Motibus
2720 1050 2882 1122 igitur
2904 1051 3102 1123 quibus
3134 1060 3415 1123 poterant.

1804 1141 1860 1197 in
1889 1141 2171 1198 ecclesiam
2200 1142 2501 1209 intravere,
2527 1151 2583 1198 et
2612 1142 2753 1197 facta
2784 1143 3031 1199 oratione
3056 1144 3234 1199 votiva
3264 1152 3386 1200 tan-

1803 1235 1856 1308 gi
1883 1235 1987 1292 sibi
2015 1250 2156 1291 carca
2186 1235 2393 1292 lumina
2421 1237 2701 1294 oculorum
2730 1237 2797 1293 de
2825 1237 3076 1293 cambnta
3105 1237 3131 1277 ι)
3164 1235 3423 1309 virginis.

1803 1327 2027 1399 petiere.
2055 1327 2210 1396 Quod
2240 1328 2367 1383 dum
2408 1328 2607 1385 factum
2633 1337 2805 1394 esset,
2833 1330 3034 1386 sensim
3064 1330 3210 1386 visus
3235 1330 3423 1386 ineo-~—

1803 1421 1986 1493 gnitns
2029 1421 2278 1490 pervenit
2301 1422 2371 1478 ad
2410 1421 2589 1487 orbes,
2620 1432 2676 1478 et
2714 1423 2955 1480 irradiati
2993 1422 3158 1481 radiis
3178 1421 3391 1491 iubaris

1792 1515 1979 1570 lucem
2021 1520 2244 1570 crevere
2286 1515 2599 1586 gaudentes.
2647 1515 2703 1570 id
2748 1531 2937 1572 omnes
2979 1514 3069 1586 qui
3111 1515 3295 1571 videre
3335 1523 3420 1570 et:

1805 1605 2025 1662 audiere
2053 1607 2234 1663 mirati
2263 1617 2406 1674 sunt,
2436 1617 2494 1664 et
2524 1610 2574 1665 ei
2599 1608 2692 1679 qui
2723 1609 2872 1667 solus
2898 1609 3161 1666 mirabilia
3191 1623 3419 1681 magna‘

1807 1697 1935 1755 fecit
1961 1699 2167 1771 gratias
2193 1715 2302 1755 non
2326 1700 2567 1757 modicas
2594 1700 2912 1758 retulerunt.

2243 1840 2249 1847 '
2353 1845 2356 1849 ’
2436 1822 2794 1881 (ᾺΡΌΤΙΧ.

1880 1940 2126 2009 Quadam
2156 1941 2243 1997 die
2281 1940 2407 1995 dum
2453 1955 2555 2011 ego
2596 1940 2666 1996 ad
2711 1940 2853 1996 idem
2885 1937 3268 1995 monasterium
3299 1936 3393 1993 ali-

1809 2034 1937 2104 quid
1963 2034 2081 2089 novi
2107 2047 2173 2089 ac
2193 2032 2559 2089 desiderabile
2571 2032 2762 2088 audire
2780 2031 3007 2103 cupiens
3031 2030 3393 2095 advenissem,-

1808 2132 1863 2179 et
1892 2122 2035 2179 fideli
2070 2123 2254 2178 animo
2281 2122 2327 2178 si
2356 2121 2483 2195 quid
2507 2122 2690 2178 auditu
2718 2123 2937 2195 dignum
2964 2122 3226 2180 existeret
3251 2122 3433 2194 quod:

1811 2214 1876 2268 ad
1925 2212 2171 2268 notitiam
2218 2212 2529 2283 perveniret
2570 2213 2924 2284 requirerem,
2951 2213 3243 2269 adfuerunt
3278 2212 3399 2267 dua!

1809 2320 1878 2361 ex
1906 2304 2132 2374 virginis
2162 2303 2468 2363 famulabus
2510 2303 2795 2360 Diethildis
2839 2313 2896 2360 et
2938 2302 3245 2359 Ruathildis
3276 2317 3407 2373 quas

1812 2409 1948 2451 mea:
1992 2392 2371 2450 satisfacerent
2400 2393 2685 2461 voluntati,
2725 2394 2965 2466 mihique
2993 2409 3118 2449 cum
3147 2393 3401 2449 cautione

1811 2495 1867 2540 et
1893 2484 2142 2541 chartula
2173 2485 2430 2541 residenti
2462 2485 2607 2541 inter
2629 2486 2734 2541 alia
2761 2483 3133 2556 hujuscemodi
3165 2481 3401 2538 retulere

1812 2577 2155 2633 miraculum.
2203 2576 2415 2633 Accidit
2458 2590 2722 2648 namque,
2771 2577 2962 2642 aiunt,
3000 2584 3061 2631 ut
3106 2575 3397 2630 multorum

1813 2671 1982 2727 moris
2001 2680 2083 2726 est
2107 2671 2464 2741 quaarentiutn
2491 2670 2775 2726 Dominum
2798 2677 2853 2726 et
2878 2683 3098 2725 suorum
3126 2667 3399 2722 interven-
3432 2678 3435 2683 '

1813 2763 1988 2820 tiones
2019 2772 2364 2829 sanctorum,
2396 2770 2456 2817 ut
2498 2762 2716 2832 quidam
2763 2759 3027 2817 orationis
3056 2773 3218 2815 causa
3254 2758 3404 2813 idem

1812 2853 2112 2909 oratorium
2161 2852 2439 2908 adiissent.
2490 2851 2758 2907 intrantes
2801 2865 2930 2906 vero
2977 2849 3032 2906 in
3087 2848 3400 2914 ecclesiam,

1814 2947 1941 3001 dum
1970 2930 2331 3002 adoraverunt
2358 2946 2628 3001 viventem
2660 2945 2712 3000 in
2753 2945 2969 3009 saecula,
3006 2945 3171 3000 etiam
3196 2944 3402 3003 beatis-

1814 3038 1965 3094 simze
1990 3036 2303 3110 Waipurgis
2330 3038 2518 3108 pronis
2539 3035 2774 3092 vultibus
2816 3035 3084 3107 quaesiere
3119 3028 3398 3107 sul’ragia.

1815 3130 2199 3202 Completoque
2225 3145 2323 3201 pro
2347 3144 2455 3201 quo
2475 3135 2738 3185 venerant
2756 3136 2903 3193 voto,
2937 3126 3156 3198 insuper
3181 3126 3403 3198 accepta

1736 3209 1790 3276 ο
1820 3221 2190 3278 benedictione
2218 3237 2338 3293 quae
2367 3236 2550 3276 comes
2579 3220 2632 3275 in
2674 3219 2852 3276 eundo
2880 3217 3140 3276 existeret
3183 3218 3399 3284 animae,

1817 3312 2001 3370 viatici
2030 3328 2244 3384 quoque
2291 3310 2585 3382 corporalis
2633 3310 2899 3382 eulogiam
2930 3327 2959 3364 a
2991 3307 3413 3365 matrefamilias.

1815 3419 2097 3476 accepere.
2140 3404 2269 3460 Erat
2298 3404 2444 3459 enim
2472 3411 2684 3473 tempus
2712 3400 3014 3457 abstinendi
3046 3418 3075 3455 a
3107 3413 3322 3457 carne:
3347 3408 3402 3455 et
3428 3416 3431 3423 η

1815 3497 2019 3554 idcirco
2061 3511 2123 3554 ea
2170 3512 2292 3567 quae
2336 3510 2526 3550 manus
2566 3493 2847 3566 largientis
2886 3494 3168 3550 invenerat
3213 3494 3435 3549 secum'

1814 3587 1999 3652 animo
2038 3586 2234 3641 devoto
2269 3584 2462 3650 tulere,
2486 3582 2714 3647 scilicet,
2740 3596 2957 3654 panem,
2989 3596 3208 3639 caseum
3237 3589 3433 3653 atque

1813 3674 2117 3745 cervisiam.
2164 3675 2301 3729 Dum
2346 3688 2476 3743 ergo
2519 3672 2588 3727 ab
2617 3672 2703 3728 eis
2742 3671 2904 3743 piscis
2947 3664 3301 3742 qtnereretnr,
3347 3677 3404 3724 et

1816 3774 2049 3839 negante
2094 3765 2394 3836 qualitativi
2439 3764 2700 3834 temporis
2737 3763 2859 3819 vice
2905 3763 3130 3819 minime
3174 3761 3438 3832 adipisci.

1814 3858 2100 3930 potuisset,
2126 3856 2331 3913 onerati
2364 3855 2575 3913 sarcina
2620 3854 2869 3927 superius
2891 3861 3116 3909 exarata
3161 3853 3266 3907 iter
3291 3866 3437 3908 cae—7

1816 3965 1944 4022 pere
1972 3949 2235 4005 redeundi
2261 3947 2325 4003 ad
2356 3947 2594 4019 propria.
2625 3945 2869 4017 Cumque
2894 3943 3129 4015 plurima
3157 3941 3403 3999 fabulans

1817 4050 1899 4097 tes
1937 4040 2311 4097 comitantium
2353 4053 2506 4095 more
2550 4036 2905 4103 incederent,
2948 4042 3169 4093 ventum
3209 4041 3294 4090 est
3318 4032 3405 4088 ad

1814 4133 1994 4189 locum
2029 4132 2121 4189 ubi
2167 4141 2322 4202 grata
2359 4138 2415 4186 et
2454 4129 2685 4185 virentia
2722 4126 2984 4197 iumentis
3027 4125 3272 4197 gramina
3304 4137 3443 4194 pro:~

1817 4224 2076 4295 temporis
2099 4221 2452 4294 congruentia
2479 4219 2867 4276 invenirentur.
2894 4216 2952 4271 In
2972 4231 3082 4286 quo
3107 4221 3445 4270 exonerato.

1817 4314 2131 4370 earumdem
2176 4311 2415 4382 pondere
2443 4309 2848 4380 iumentorum,
2896 4308 2962 4362 de
3005 4306 3097 4361 Dei
3145 4304 3311 4360 donis
3336 4318 3404 4358 ac

1817 4405 1958 4461 datis
1981 4411 2038 4459 et
2074 4399 2542 4459 benedictionibus
2570 4399 2790 4469 virginis
2828 4396 3131 4468 percepturi
3183 4409 3303 4451 sese
3346 4394 3403 4449 in

1822 4493 2004 4550 fenum
2030 4493 2202 4548 viride
2229 4497 2656 4563 prostraverunt.
2689 4487 2825 4543 Tum
2855 4488 2902 4542 is
2934 4487 3027 4557 qui
3069 4497 3259 4541 eorum
3285 4492 3407 4539 sa‘r—
3432 4524 3441 4528 ι

122 4545 256 4641 ντὲίε
300 4544 552 4641 mm"?
597 4542 801 4641 θὲίηυίίὲ
837 4541 1303 4641 ,οΡετίῖθθείνεῦ
1350 4548 1426 4641 υἱ
1461 4540 1604 4641 “ii”
1650 4541 1715 4596 ⁸¹θ
1747 4564 1795 4623 D
1820 4540 2967 4641 ;;;{;“..;.I;.;;.'.'signa;causam;
3004 4584 3402 4641 consueverat,

122 4637 333 4707 reliquo
366 4644 472 4690 tua:
500 4635 733 4689 dominae
768 4633 1008 4689 debitum
1042 4632 1352 4704 impendere
1398 4630 1715 4686 famulatum

123 4746 161 4783 ει·
179 4744 286 4799 qna
318 4730 608 4798 insperatae
633 4726 839 4781 salutis
852 4724 1096 4780 meruisti
1126 4722 1533 4779 commercium.
1559 4722 1713 4790 Quod

125 4821 168 4873 si
203 4834 313 4875 non
360 4817 577 4883 feceris,
609 4817 751 4872 scias
781 4824 833 4871 te
882 4814 1235 4886 proculdubio
1259 4813 1496 4883 aliquam
1539 4815 1591 4870 in
1622 4825 1715 4870 tuo

126 4924 363 4981 corpore
381 4908 626 4964 invenire
663 4906 986 4972 molestiam,
1015 4915 1074 4961 ut
1101 4906 1214 4977 ipsa
1243 4905 1461 4963 vexatio
1506 4907 1710 4962 intelle-

127 5010 267 5055 ctum
298 4998 509 5054 auditui
535 4982 783 5056 conferat
807 5012 965 5068 quem
996 4995 1131 5053 lenis
1159 4995 1459 5053 admonitio
1486 5014 1593 5055 non
1625 5013 1715 5054 re-

129 5091 303 5161 gebat,
331 5099 440 5144 etc.
476 5102 522 5143 α.

719 5158 949 5216 CAPUT
990 5157 1119 5214 \‘lll.

154 5266 155 5269 “
193 5276 408 5333 interea
452 5275 571 5330 dum
602 5276 719 5332 base
752 5282 1067 5343 agerentur,
1094 5274 1316 5345 quidam
1344 5272 1512 5345 ignoti
1546 5242 1715 5335 tresla

380 5356 389 5367 \

132 5369 410 5422 norivilale
439 5367 699 5410 Ωδνρηονο
747 5367 877 5398 nd“!

1817 4676 2096 4733 sistarcias
2123 4686 2146 4715 ε
2178 4674 2460 4730 evidenter
2501 4672 2782 4744 aperiens,
2818 4710 2831 4724 .
2854 4687 2867 4700 ·
2889 4709 2903 4724 .
2937 4670 3077 4727 miro
3114 4667 3405 4743 admodum

1818 4766 1977 4822 modo
2007 4765 2237 4821 invisum
2269 4769 2430 4819 antea
2462 4772 2518 4818 et
2546 4763 2807 4817 intactum
2838 4760 3053 4831 aspexit
3091 4767 3155 4816 et.
3187 4755 3421 4813 sustulit-

1817 4857 2043 4929 piscem,
2070 4865 2176 4913 etc.

2436 4966 2666 5028 CAPUT
2705 4964 2772 5019 Χ.

1889 5085 2007 5141 Duo
2034 5082 2311 5154 aregione
2336 5054 2925 5157 Turingia'Burcbardi
2955 5080 3172 5139 comitis
3197 5070 3435 5135 milites,

1821 5176 2130 5233 Deitbarius
2157 5166 2321 5247 atque
2355 5172 2521 5246 Heio,
2547 5183 2716 5231 sacrm
2745 5166 2989 5238 Virginis
3009 5165 3273 5245 quaesit!“
3286 5172 3422 5230 νηυ-
3520 5208 3526 5215 -

1819 5268 1981 5335 sidia,
2008 5268 2341 5324 adducentes
2361 5279 2562 5329 secum
2579 5262 2827 5320 feminam
2852 5268 3156 5336 (manuum
3176 5258 3448 5313 humane.

2771 5349 2842 5384 ³⁸λῖ
2882 5355 3131 5398 εληηάηῆΔ
3145 5349 3432 5392 ηιὶωιδειηιρ
