4026 6296
495 345 608 404 sar
656 324 675 377 Τί
1343 328 1833 394 woumanous
1868 329 2086 388 passu

2182 328 2283 386 “ER
2321 326 2927 393 HASENRIETANUS.
3667 320 3786 386 888

499 459 781 519 consecuti
809 465 936 515 sunt
986 448 1218 513 veniam.
1255 452 1375 521 Quo
1404 453 1531 509 dum
1574 462 1833 522 prospero
1870 444 2080 503 itineris
2106 454 2154 510 Α
2183 454 2439 516 pausaret
2469 443 2525 501 in
2558 430 2805 511 lectulo;
2827 440 3001 499 adl'uit
3022 440 3072 498 ei
3095 440 3340 513 quaedam
3369 439 3787 514 elegantisspc.

497 516 847 610 calle'alacri
869 547 1032 605 corde
1074 516 1370 611 venissent,
1405 516 1853 612 desiderio'potiti
1897 540 2081 611 priore
2140 566 2146 571 -
2184 535 2287 592 ciei
2338 535 2597 607 mirasque
2642 534 2941 592 venustatis
2984 532 3161 607 puella
3202 547 3323 604 quae
3355 532 3406 590 ei
3434 532 3564 590 ﬂatu
3608 533 3789 606 placi-
3832 516 3843 527 ’

498 645 613 702 suis
639 636 744 717 pro
772 639 998 716 piaculis
1035 636 1423 710 indulgentiam
1447 634 1580 690 fusis
1599 648 1632 689 a
1657 630 1823 688 fundo
1843 629 2082 703 pectoris
2136 646 2143 651 ·
2184 628 2411 685 dissimo
2438 625 2729 684 insulilavit
2752 626 2805 681 in
2832 640 3011 682 aures.
3043 623 3174 694 Qum
3204 626 3386 681 statim
3429 625 3695 698 evigilans
3722 634 3791 682 et

493 734 751 809 precibus
791 732 1083 805 petierunt.
1130 728 1263 785 Dein
1306 725 1469 780 allata
1515 719 1836 780 nmnuscula
1888 718 2082 775 altario
2136 760 2143 767 .
2186 722 2254 778 de
2279 719 2470 778 eadem
2517 719 2660 777 felici
2689 719 2900 776 visione
2936 718 3150 774 curiosa
3198 718 3549 774 meditatione
3570 727 3791 790 pertra-

2183 827 2365 886 ctans,
2389 817 2565 890 ligatae
2589 818 2639 873 ei
2667 816 2900 873 solutum
2932 825 3017 873 est
3040 814 3314 872 vinculum
3355 815 3549 889 lingua:
3574 825 3636 873 et
3659 831 3792 873 mo-

2187 911 2343 967 dulos
2363 918 2627 982 promptae
2648 909 2813 981 carpit
2833 923 3093 966 exercere
3117 907 3364 979 loquelae,
3407 906 3654 965 referens
3682 906 3792 962 de-

2187 1001 2332 1059 bitas
2354 1016 2639 1058 munerum
2669 1000 2915 1073 largitori
2941 1000 3130 1056 laudes
3145 999 3237 1071 qui
3274 998 3466 1055 locatis
3494 1013 3681 1057 secum
3726 995 3795 1051 in

2189 1091 2401 1163 superis
2465 1091 2669 1148 sanctis
2717 1091 2949 1164 plurima
2996 1089 3178 1145 valere
3225 1088 3444 1145 donavit
3490 1088 3543 1144 in
3592 1086 3793 1142 terris.

497 829 861 898 imponentes,
891 821 1172 879 mulierem
1207 818 1372 875 etiam
1399 822 1606 871 mutam
1646 826 1811 885 quam
1837 825 2021 867 secum
2049 824 2081 863 a

495 917 675 990 patria
722 915 1084 979 adduxerunt,
1135 911 1320 967 animo
1363 910 1558 965 devoto
1584 912 1640 961 et
1657 901 1878 967 credulo
1918 898 2084 956 corde

495 1000 898 1082 omnipotentis
925 1004 1181 1074 [argillam
1211 998 1543 1059 miserationi
1571 1005 1628 1054 et
1671 993 1896 1067 virginis
1929 1006 2082 1049 com-

496 1098 891 1155 mendaverunt
910 1094 1178 1151 muniﬁcat
1198 1089 1406 1164 pietati.
1428 1084 1523 1144 Illa
1541 1085 1735 1153 etiam,
1753 1083 1879 1156 quia
1902 1082 2084 1154 lingua

499 1203 606 1245 non
633 1183 1134 1260 potuit,.humiliati
1171 1181 1396 1255 spiritus
1440 1177 1769 1236 contritione
1803 1173 2085 1245 indulgen-

496 1281 632 1337 tiam
659 1275 1229 1352 postulavit.Peractis
1251 1290 1350 1347 pro
1375 1272 1570 1344 quibus
1591 1277 1853 1327 venerant
1873 1267 2082 1333 causis,

498 1375 697 1430 adsue
751 1373 928 1429 redire
975 1369 1153 1431 conati
1184 1378 1311 1425 sunt
1346 1364 1593 1423 eamdem
1642 1376 1826 1420 secum
1879 1367 2082 1416 mutam

492 1465 866 1523 mulierculam
904 1465 971 1520 ad
1028 1463 1259 1535 patriam
1316 1459 1657 1517 revelnentes.
1720 1455 1965 1525 Cumque
2016 1453 2084 1509 de

493 1558 616 1629 eius
651 1558 919 1628 exquisita
962 1564 1018 1613 et
1045 1570 1155 1612 non
1199 1554 1416 1610 iuventa
1445 1550 1619 1608 salute
1661 1547 1845 1605 tristes
1865 1545 1932 1601 ad
1953 1558 2083 1617 pro-

490 1651 613 1724 pria
654 1651 1003 1722 repedarent,
1057 1648 1291 1720 quadam
1333 1652 1491 1703 nocte
1527 1658 1653 1700 cum
1698 1641 1841 1699 lassa
1898 1653 2087 1695 omnes
2120 1705 2127 1711 ν

491 1744 663 1816 quieti
689 1743 1005 1816 corpuscula
1029 1741 1400 1808 tradidissent,
1425 1740 1537 1812 ipsa
1559 1752 1774 1811 quoque
1790 1733 2086 1793 somnifero

564 1874 592 1903 ι
629 1859 760 1915 item
794 1858 907 1914 duo.
928 1855 1019 1913 hic
1044 1862 1338 1939 resecata.

2130 1220 2137 1225 -
2189 1182 2344 1240 Unde
2362 1182 2590 1239 comites
2610 1190 2665 1237 et
2691 1180 2931 1238 universi
2956 1179 3048 1251 qui
3080 1179 3301 1236 audiere
3328 1178 3506 1235 mirati
3529 1177 3797 1247 latisque

2190 1276 2456 1332 meatibus
2493 1276 2745 1349 proprias
2791 1273 3036 1333 revisere
3073 1273 3315 1331 tellures.
3373 1272 3481 1329 Sed
3520 1269 3797 1343 prudenti

2190 1368 2373 1425 animo
2396 1368 2697 1441 cogitantes
2723 1382 2832 1424 non
2862 1364 3056 1423 decere
3081 1371 3193 1420 tam
3212 1364 3435 1421 evidens
3455 1361 3801 1419 miraculum

2192 1460 2433 1526 retioeri,
2479 1469 2666 1516 notum
2689 1474 2788 1531 per
2811 1473 2940 1515 suos
2977 1456 3308 1513 monasterio
3352 1470 3519 1512 sacrae
3545 1451 3800 1525 virginis

2192 1551 2373 1609 facere
2393 1553 2736 1620 studuerunt,
2766 1559 2826 1607 ut
2849 1549 2945 1607 Dei
2969 1549 3274 1606 famulabus
3297 1556 3353 1603 et
3379 1546 3626 1602 omnibus
3646 1543 3803 1598 ﬁde-

2190 1642 2315 1699 liter
2335 1642 2679 1699 audientibus
2696 1641 2854 1698 ticret
2873 1640 3151 1714 cognitum
3171 1638 3311 1710 quod
3336 1638 3388 1693 in
3410 1636 3599 1693 eadem
3622 1631 3803 1689 feni.

2193 1747 2259 1787 na
2286 1731 2546 1788 divinitus
2574 1741 2659 1787 est
2682 1739 2986 1787 ostensum.
3014 1742 3039 1770 ιι

2299 1984 2699 2002 σ-ιΑ--α-

1705 2083 1999 2162 LIBE‘!
2078 2071 2563 2173 QUARTUS

1382 2264 1800 2348 C’omplecteus
1827 2256 1960 2321 alia
1986 2230 2298 2319 miracula
2332 2244 2557 2315 ibidem
2587 2255 2870 2331 patrata.

2008 2379 2338 2394 Μ

564 2508 851 2566 Volucrum
880 2502 1039 2573 hujus
1057 2499 1302 2573 opusculi
1330 2493 1666 2568 breviloquio
1689 2500 1886 2549 metam
1908 2474 2079 2561 impo-
2107 2487 2156 2550 B
2183 2486 2331 2541 tione
2357 2487 2641 2555 percurrat
2661 2487 2719 2573 ct
2756 2474 3041 2532 Dominum
3070 2471 3246 2529 solum
3275 2466 3542 2524 mirabilia
3572 2464 3793 2523 facien-

488 2615 623 2658 nere
647 2597 962 2655 dissolutam
988 2613 1001 2650 :
1026 2608 1213 2650 verum
1237 2587 1674 2648 concurrentium
1699 2582 1902 2655 iugiter
1924 2579 2084 2635 mira-

486 2693 677 2751 bilium
707 2707 887 2748 rerum
936 2699 1098 2760 atque
1148 2687 1423 2758 signorum
1462 2677 1834 2738 desiderabilis
1872 2673 2113 2752 novitas.

488 2785 689 2849 iterum
723 2784 1030 2852 iterumque
1054 2779 1122 2835 ad
1149 2775 1492 2834 scribendum
1520 2769 1744 2842 impellit
1769 2777 1933 2836 atque
1957 2778 2085 2835 pro-

488 2882 669 2938 vocat,
695 2883 752 2931 et
781 2882 840 2928 ut
866 2872 1105 2943 perfecto
1129 2883 1291 2939 opere
1313 2866 1380 2922 ad
1409 2866 1568 2919 linem
1597 2875 1767 2932 usque
1788 2857 2079 2928 perducam

489 2965 805 3035 frequenter
836 2962 1043 3018 invitat.
1072 2958 1193 3014 Non
1216 2957 1361 3012 extim
1390 2954 1443 3009 iu
1468 2950 1622 3007 initio
1666 2947 1862 3021 galeati
1893 2943 2111 3029 militis,

487 3054 795 3126 praliantis
821 3053 993 3107 virtus
1028 3048 1376 3111 adscribitur,
1423 3056 1610 3099 verum
1641 3039 1693 3095 in
1718 3038 1824 3094 line
1850 3035 2084 3093 eﬂicacis
2123 3071 2126 3074 ~

487 3125 735 3219 victoria;
766 3142 939 3197 virtus
966 3154 1089 3196 cum
1140 3137 1325 3193 favore
1372 3150 1403 3189 a
1444 3129 1806 3205 referentibus
1836 3125 2081 3199 propala-

488 3217 599 3293 tur.
630 3235 860 3309 Dignum
889 3242 972 3290 est
1000 3231 1145 3288 enim
1174 3237 1234 3286 ut
1277 3228 1401 3283 laus
1422 3223 1746 3297 praedicetur
1784 3220 1838 3274 in
1870 3217 1994 3280 fine,
2029 3224 2086 3273 et

488 3328 623 3397 linis.
644 3307 931 3382 decoretur
952 3321 1005 3378 in
1029 3319 1204 3384 laude,
1234 3315 1464 3375 Domino
1496 3312 1748 3369 dicente:
1782 3307 1888 3375 Qui
1907 3322 2084 3377 perse-

489 3396 926 3487 mauerit'usque
954 3413 1007 3468 iu
1035 3412 1216 3482 ﬁnem,
1243 3407 1327 3463 hic
1366 3403 1542 3462 salvus
1561 3401 1660 3457 erit
1690 3396 1909 3473 (Matth.
1932 3411 2080 3463 ntv,

486 3510 605 3582 15).
624 3507 963 3578 Quapropter
989 3501 1149 3560 libelli
1172 3498 1375 3571 quarti,
1405 3495 1624 3554 Christo
1651 3489 1891 3554 favente,
1917 3500 2079 3582 exor-

487 3573 894 3670 diumfcapiam,
922 3574 982 3651 ut
1027 3602 1081 3651 et
1128 3588 1454 3650 transcursis
1491 3583 1631 3661 ston
1672 3586 1929 3641 currente
1963 3573 2083 3647 glo—

486 3694 651 3751 riosis
675 3669 846 3750 sacrae
877 3691 1103 3763 virginis
1142 3685 1418 3745 miraculis
1459 3681 1527 3738 ad
1560 3669 2085 3763 promissumgdialo-

488 3784 868 3857 gumveniam,
886 3792 945 3839 et
968 3761 1020 3838 in
1031 3796 1098 3838 eo
1111 3795 1211 3852 pro
1231 3774 1485 3848 ingenioli
1511 3769 1819 3843 quantitate
1842 3761 2085 3819 admisso

2186 2584 2294 2631 tem
2321 2579 2600 2644 agnoscat.
2628 2567 2745 2625 Non
2769 2567 2915 2623 enim
2940 2563 3275 2621 membranis
3292 2561 3551 2616 adnotata
3572 2563 3790 2623 essent,

2184 2666 2231 2720 si
2277 2660 2545 2719 mirabilia
2596 2676 2704 2717 non
2752 2658 3002 2715 fuissent.
3059 2653 3314 2726 Legimus
3362 2661 3598 2719 namque
3652 2647 3788 2717 quia

2184 2759 2334 2829 signa
2365 2770 2470 2812 non
2500 2753 2767 2815 ﬁdelibus,
2798 2751 2893 2807 sed
2922 2748 3229 2805 inﬁdelibus
3252 2747 3376 2802 data
3414 2751 3544 2800 sunt
3572 2741 3622 2813 (Ι
3652 2740 3789 2796 Cor.

2184 2864 2297 2911 xlv,
2336 2846 2450 2919 22).
2481 2844 2643 2902 Unde
2680 2842 2955 2900 credimus
3001 2831 3070 2896 in
3089 2838 3399 2896 novissimis
3446 2834 3793 2906 temporibus

2183 2948 2347 3010 atque
2390 2934 2711 3008 periculosis
2739 2932 2905 2989 multa
2953 2931 3193 2987 inaudita
3236 2929 3455 3001 operari
3499 2926 3791 2983 Christum

2183 3046 2283 3104 per
2307 3044 2460 3088 suam
2476 3026 2781 3089 ,amabilem
2807 3024 3072 3095 virginem
3102 3021 3241 3079 velle
3283 3019 3557 3093 prodigia,
3587 3025 3649 3069 ut
3692 3014 3789 3069 he-

2184 3122 2372 3180 stiales
2412 3120 2714 3176 innumera!
2749 3118 2805 3174 in
2833 3115 3029 3174 smeulo
3070 3113 3352 3172 hominum
3379 3119 3618 3174 mentes,
3661 3122 3790 3178 quae

2146 3216 2151 3219 ⁷
2180 3212 2597 3288 pmdicantium
2610 3211 2852 3271 converti
2875 3209 3179 3281 despicth
3197 3206 3401 3270 verbis,
3416 3203 3612 3260 saltem
3628 3201 3787 3255 inau-

2185 3308 2317 3364 ditis
2357 3306 2691 3364 inclinentur.
2717 3317 2785 3359 ex
2827 3301 3016 3374 signis.
3048 3297 3308 3369 Quisquis
3333 3309 3465 3367 ergo
3514 3292 3705 3365 legere
3729 3299 3789 3345 et

2184 3400 2374 3456 audire
2418 3397 2723 3462 desiderat,
2754 3394 2938 3452 cordis
2963 3393 3009 3449 si
3036 3401 3123 3448 est
3149 3390 3452 3461 rubiginem
3497 3384 3691 3449 tollat,
3729 3389 3784 3436 el

2184 3494 2312 3549 dum
2342 3507 2429 3547 me
2459 3505 2587 3546 vera
2616 3489 2859 3545 scribere
2882 3484 3259 3558 experimento
3283 3479 3567 3545 didicerit,
3591 3477 3787 3532 credat

2184 3582 2433 3653 sciatque
2465 3595 2556 3639 me
2602 3594 2709 3636 non
2758 3578 3035 3650 signon
3079 3590 3203 3633 esse
3246 3573 3492 3629 fictorem
3519 3609 3537 3636 ,
3590 3580 3783 3623 verum

2184 3671 2561 3729 ﬁdelissimum
2597 3678 2971 3741 excerptorem
2992 3709 3007 3735 ,
3036 3675 3097 3723 ut
3138 3681 3239 3738 pro
3266 3665 3371 3721 hoc
3400 3657 3603 3719 labore
3648 3659 3787 3714 libe-

2182 3765 2292 3820 rari
2320 3779 2534 3821 merear
2558 3779 2590 3821 a
2617 3763 2876 3835 peccatis,
2904 3761 3161 3833 precibus
3193 3769 3251 3815 et
3286 3751 3789 3816 iuterveutioulns

438 3902 443 3908 -
489 3847 692 3930 sudore
716 3847 1008 3929 decertum.
1041 3869 1100 3927 Si
1112 3847 1253 3941 quid
1277 3847 1408 3938 ergo
1433 3866 1489 3920 in
1517 3864 1622 3919 hoc
1646 3854 1904 3930 opusculo
1935 3849 2080 3907 invi-
2106 3847 2153 3912 C
2184 3855 2419 3927 virginis

492 3979 615 4023 sum
638 3974 701 4022 et
725 3964 1031 4037 inauditum
1054 3962 1224 4020 lector
1252 3953 1651 4025 iuvenerit,pia
1680 3946 1879 4006 mentis
1904 3944 2081 4000 inten-

1534 4190 1537 4195 ‘
1569 4222 1575 4227 -
1674 4186 2073 4254 INCIPIUNT
2093 4130 2513 4247 'CAPITULA
2555 4203 2619 4242 ιι

559 4437 607 4495 Ι.
639 4436 718 4493 De
742 4439 765 4507 κ’
794 4430 1240 4507 quodamhclaudo
1262 4436 1473 4507 curato.

558 4509 625 4564 ιι.
667 4510 681 4528 ⁶
729 4499 860 4561 Item
889 4505 953 4558 de
977 4503 1084 4558 alio
1115 4499 1307 4557 claudo
1342 4505 1546 4553 curato.

558 4560 647 4638 ill.
688 4578 705 4597 ⁹
732 4560 844 4631 Ubi
874 4572 1096 4628 claudus
1125 4570 1264 4625 alius
1290 4564 1367 4624 est
1391 4564 1613 4623 sanitati
1639 4577 1695 4616 re
1723 4560 1928 4616 (intus.

557 4648 650 4704 IV.
690 4646 765 4702 De
793 4643 1010 4700 muliere
1038 4641 1257 4712 pedibus
1281 4640 1541 4712 restituta.

558 4717 626 4772 ν.
667 4707 1080 4772 Ubiitemalitia
1102 4710 1287 4781 debilis
1311 4707 1527 4781 pedibus
1549 4711 1795 4761 sanata.

564 4787 655 4844 Vl.
694 4786 770 4842 De
798 4795 943 4840 muto
969 4793 1017 4839 et
1044 4779 1233 4838 claudo
1263 4779 1484 4835 sanatis.

557 4858 668 4918 VII.
708 4862 727 4881 ‘
766 4857 843 4915 De
868 4854 1194 4913 dwuwm’aca
1221 4861 1428 4905 curam.

1104 4962 1333 5023 CAPUT
1368 4961 1461 5019 IV.

2252 4415 2386 4485 Vill.
2427 4414 2565 4485 {De
2593 4430 2751 4479 circa,
2779 4427 2897 4485 qua;
2921 4411 3087 4485 visum
3117 4407 3325 4485 recepit.

2251 4484 2345 4555 lx.
2381 4487 2401 4555 ῗ
2438 4483 2537 4541 Ubi
2563 4500 2736 4540 circa:
2757 4480 2975 4555 quidam
3000 4480 3329 4536 illuminat”
3354 4486 3453 4533 est.

2252 4552 2323 4612 X.
2366 4552 2442 4611 De
2472 4555 2579 4612 alio
2605 4570 2742 4610 cruce
2766 4551 3094 4608 illuminato.

2250 4624 2341 4683 XI.
2383 4626 2462 4681 De
2489 4623 2873 4679 illuminatione
2898 4621 3117 4676 alterius
3144 4617 3289 4675 carni.

2248 4696 2362 4753 XII.
2400 4699 2417 4719 ⁵
2458 4696 2537 4752 De
2580 4692 2794 4749 muliere
2837 4707 2955 4763 qua
2999 4691 3101 4745 cibi
3146 4699 3195 4745 et
3238 4697 3394 4763 potus
3441 4703 3777 4763 commune.

2320 4768 2508 4823 rictum
2536 4765 2700 4821 multo
2726 4758 2957 4835 tempore
2984 4777 3091 4817 non
3116 4758 3285 4833 potuit
3320 4758 3607 4829 percipere.

2178 4947 2302 5003 dam
2332 4943 2585 5002 feminam
2617 4937 3005 4997 Manswindam
3032 4936 3101 4993 ad
3125 4941 3360 4991 mentem
3397 4931 3663 4988 reducere
3691 4929 3772 4984 fe-

2177 5040 2463 5101 stinemus,
2494 5044 2555 5091 ut
2584 5035 2697 5104 ipsa
2726 5045 2943 5103 quoque
2972 5027 3202 5100 qualiter
3228 5033 3418 5082 curata
3444 5024 3517 5078 sit
3548 5038 3773 5079 enarre-

556 5123 709 5215 Si‘ide
736 5123 987 5181 omnibus
1007 5122 1100 5195 qui
1130 5120 1240 5179 illic
1282 5119 1509 5178 incessu.
1536 5118 1730 5191 pedum
1760 5115 1914 5188 potiti
1943 5124 2073 5172 sunt

2182 5145 2320 5215 mus.
2350 5127 2430 5183 Ex
2464 5124 2585 5181 villa
2616 5136 2851 5193 namque
2892 5134 3013 5191 qua:
3042 5118 3242 5175 dicitur
3268 5114 3573 5185 Trutbiuga
3606 5113 3771 5167 adtea

486 5214 702 5275 chu’dis
728 5215 957 5274 voluero.
974 5225 1162 5273 texere
1187 5213 1492 5273 orationem
1509 5250 1526 5278 ,
1556 5221 1683 5271 ante
1711 5211 1927 5269 deﬁciet
1954 5210 2070 5266 dies

488 5319 654 5379 «nam
680 5305 954 5376 signorum
977 5306 1252 5363 evidentia
1283 5304 1657 5378 plurimorum.
1687 5300 2069 5360 Verumtamen

488 5409 563 5451 ea
585 5410 707 5467 qua;
746 5395 817 5451 ad
860 5397 1175 5453 memoriam
1208 5395 1432 5455 veniunt
1467 5411 1574 5454 non
1620 5395 1833 5453 aestimo
1856 5393 2073 5451 silentio

489 5487 830 5552 eonticenda,
855 5486 1131 5571 quoniam,
1162 5497 1224 5545 ut
1245 5488 1495 5571 legimus,
1524 5487 1620 5545 Dei
1642 5485 1919 5543 narranda
1947 5492 2073 5542 sunt

487 5598 652 5653 opera
680 5583 837 5654 cujus
863 5592 988 5640 sunt
1018 5568 1342 5657 iueiquisita
1372 5568 1595 5656 judicia.
1624 5585 1857 5656 ideoque
1880 5599 2081 5656 quam»

563 5724 598 5754 ι
628 5710 868 5775 Cauitula
899 5706 1492 5791 asteriscis-przunotata
1517 5722 1710 5779 desunt
1743 5722 1796 5780 iu
1828 5731 1995 5781 textu.

2175 5202 2355 5289 niens,
2379 5229 2438 5277 et
2459 5216 2725 5275 medelam
2753 5212 3001 5286 corporis
3023 5209 3324 5279 animaeque
3350 5206 3404 5262 in
3434 5202 3772 5260 monasterio

2174 5326 2425 5387 quaerens
2465 5311 2609 5383 (erat
2654 5307 2799 5364 enim
2835 5303 3033 5376 pedum
3079 5298 3357 5357 debilitate
3401 5293 3663 5352 deformis
3708 5302 3768 5349 ct

2177 5402 2507 5477 inhonesta),
2533 5399 2736 5458 diutius
2764 5398 2832 5453 ad
2874 5395 3074 5454 caelum
3116 5390 3378 5449 orationis
3405 5404 3573 5444 voces
3603 5402 3636 5443 e
3672 5401 3767 5457 pe-

2177 5507 2328 5555 ctore
2375 5492 2588 5568 lugubri
2639 5487 2968 5553 destinavit,
3019 5495 3113 5553 et,
3161 5492 3223 5541 ut
3269 5482 3354 5539 sui
3406 5479 3766 5553 Omnipotens

2178 5567 2791 5656 misereridignaretur,
2826 5577 3039 5651 prolixo
3081 5586 3300 5648 precatu
3345 5569 3632 5645 ﬂagitavit.
3661 5567 3769 5627 Cui
