3930 5442
1109 436 1522 497 WOLFIIARDI
1561 426 1878 493 PRIEFA’I‘.
1920 429 1983 486 IN
2022 425 2269 485 LIBROS
2310 417 2487 486 SUOS
2522 429 2613 486 XII
2657 429 2741 486 DE
2775 430 2974 488 ACTIS
3011 430 3113 488 SS.

755 534 1009 624 Praefatio
1042 553 1097 607 in
1135 552 1226 607 lib.
1265 551 1349 607 IV
1378 538 1469 607 seu
1509 551 1760 623 Aprilem.

458 422 567 505 suis
608 428 613 435 ’
1109 436 1522 497 WOLFHARDI
1561 426 1878 493 primm.
1920 429 1983 486 IN
2022 425 2269 485 LIBROS
2310 422 2487 486 suos
2522 429 2613 486 xu
2657 429 2741 486 ue
2775 430 2974 488 ACTIS
3011 430 3113 488 ss.
3607 432 3695 488 sos

2074 546 2122 603 Α
2151 543 2283 598 nihil
2310 544 2532 600 invenit.
2578 546 2898 602 lmminente
2922 563 3049 619 ergo
3084 548 3279 603 hiemis
3318 557 3556 619 tempore
3599 551 3699 605 fun-

2154 646 2260 691 tem
2288 638 2601 706 repetimus.
2632 637 2698 692 Et
2728 638 2985 708 quoniam
3031 639 3224 711 hydria
3264 638 3420 693 nobis
3459 654 3565 693 non
3602 652 3701 705 est,

2152 736 2206 782 et
2231 736 2425 798 puteus
2454 727 2596 782 altus
2621 737 2741 793 est,
2766 740 2821 783 et
2852 744 3026 798 neque
3057 732 3109 784 in
3139 745 3247 799 quo
3272 740 3485 785 nosmet
3509 730 3706 785 hauria-

2154 835 2274 874 mus
2296 860 2309 885 ,
2336 821 2662 875 omnimodis
2693 821 2981 884 habemus,
3011 830 3257 891 petamus
3287 823 3357 876 ab
3402 837 3465 876 eo
3511 825 3598 891 qui
3634 823 3707 876 di-

2156 913 2275 966 xit:
2311 912 2414 978 Qui
2459 902 2589 979 sitit,
2626 915 2795 967 veniat
2828 914 2896 967 ad
2946 932 3025 969 me
3073 924 3120 969 et
3163 915 3326 979 bibat,
3361 912 3708 970 delectabilem

2159 1005 2409 1059 haustum
2432 1044 2447 1070 ,
2468 1013 2522 1058 et
2546 1004 2878 1059 inveniemus
2903 1006 3181 1060 hauriendi
3209 1005 3481 1061 effectum.
3508 1006 3575 1059 Et
3594 1022 3709 1076 quo-

2158 1096 2304 1175 niam
2329 1096 2498 1150 nostri
2525 1111 2628 1150 non
2649 1104 2731 1150 est
2754 1095 2940 1151 bibere
2965 1096 3016 1149 in
3042 1094 3361 1165 profundum
3386 1094 3593 1150 calamo
3614 1095 3714 1148 tau-

2163 1198 2273 1243 Ium
2320 1189 2456 1243 ﬂexa
2484 1190 2695 1244 cervice
2739 1189 3003 1254 demisso,
3050 1189 3367 1243 studeamus
3417 1189 3533 1258 ipso
3558 1188 3711 1257 propi-

2163 1284 2330 1337 tiante
2376 1284 2614 1352 sugendo
2663 1283 2876 1337 trahere
2916 1279 3196 1351 poculum,
3243 1291 3299 1336 et
3344 1289 3555 1335 sextum
3595 1278 3714 1351 sexti

2163 1372 2367 1427 mensis
2395 1387 2424 1425 a
2455 1370 2711 1426 Januario
2739 1372 3014 1442 capiamus
3039 1370 3274 1424 initium.

544 689 849 753 Hactenus,
880 684 1039 741 Pater
1066 686 1283 757 egregie
1307 693 1361 740 et
1387 684 1623 754 pontifex
1652 700 1863 740 summe
1881 725 1895 751 ,
1926 701 2053 740 san-

476 789 689 835 ctorum
720 775 1058 848 peragrando
1087 774 1342 846 upuscula
1376 775 1594 830 Patrum
1616 816 1629 840 ,
1664 774 1823 829 trium
1855 789 2055 845 prmcc-

476 870 717 927 dentium
758 868 1022 934 librorum,
1057 868 1296 922 breviter
1318 875 1532 936 compta
1567 867 1848 936 congerie,
1884 873 2054 920 restat

476 970 539 1018 ut
563 960 769 1016 sanctis
798 975 897 1031 pro
926 960 1100 1023 nobis,
1129 960 1195 1014 de
1221 960 1417 1028 quibus
1444 974 1625 1014 sermo
1655 960 1849 1030 agitur,
1883 960 2054 1013 inter-

478 1051 844 1124 pellantibus,
905 1051 1207 1120 vestrisque
1264 1052 1628 1122 praebentibus
1685 1053 1930 1118 meritis,
1988 1053 2056 1107 ad

480 1144 662 1216 quarti
711 1144 925 1199 initium
966 1144 1264 1198 veniamus.
1306 1143 1536 1213 Ideoque
1575 1143 1828 1198 lectorem
1866 1145 2054 1199 cernui

480 1234 866 1305 imploramus,
898 1243 991 1299 ut,
1024 1235 1150 1288 dum
1181 1233 1438 1288 sulcando
1467 1243 1659 1288 cuncta
1694 1235 1917 1289 rimatus
1947 1234 2059 1287 fue-

484 1326 589 1391 rit,
638 1341 759 1396 qua:
806 1336 931 1379 sunt
974 1325 1242 1381 catholica
1293 1334 1347 1379 et
1383 1325 1606 1395 probata
1639 1328 1904 1392 retineat,
1943 1342 2061 1397 qua:

485 1427 667 1473 autem
694 1418 876 1473 minus
902 1417 1124 1481 idonea,
1155 1426 1363 1473 resecet
1392 1428 1446 1473 et
1473 1419 1699 1473 abradat
1719 1460 1733 1484 ,
1764 1420 1941 1475 sciens
1965 1436 2062 1475 nus

486 1519 675 1567 nostro
703 1526 867 1567 sensu
900 1511 1044 1566 nulla
1087 1512 1425 1581 excogitasse
1467 1511 1666 1574 anilia,
1709 1513 1839 1581 quin
1883 1494 2074 1582 potius~

486 1616 555 1655 ex
582 1600 804 1656 Patrum
833 1601 984 1656 libris
1015 1613 1266 1671 excerpta
1299 1611 1496 1657 nostra:
1521 1602 1884 1673 agglutinasse
1914 1603 2063 1673 pagi-

488 1691 652 1746 nulse.
684 1691 837 1760 Quod
874 1692 918 1748 si
960 1692 1279 1761 contigerit,
1320 1692 1606 1764 vigilanter
1642 1702 1801 1765 agat,
1841 1708 1907 1749 ne
1942 1708 2068 1747 san-

489 1790 699 1839 ctorum
734 1792 950 1856 arrepta
998 1784 1307 1840 temeritate
1336 1784 1540 1855 scripta
1577 1785 1844 1841 dilauians
1879 1791 2068 1840 nostra

492 1884 851 1933 transcurrat.

2273 1480 2528 1554 Praefatio
2560 1484 2612 1537 in
2649 1482 2740 1536 lib.
2776 1482 2918 1537 VIII
2945 1500 3036 1538 seu
3059 1500 3284 1538 mensem
3311 1482 3620 1552 Augustum.

2238 1595 2491 1666 Legimus
2537 1595 2764 1667 Augusti
2806 1610 3001 1651 nomen
3044 1595 3110 1649 ab
3146 1594 3386 1666 augendo
3426 1592 3717 1647 vocabulum

2171 1687 2466 1755 accepisse.
2504 1686 2737 1755 Ideoque
2780 1686 3205 1741 misericordiam
3236 1682 3476 1738 auctoris
3505 1684 3718 1737 omnium

2170 1776 2550 1845 imploramus,
2585 1784 2640 1830 ut
2672 1776 2785 1845 ipse
2810 1776 2898 1845 qui
2928 1786 3144 1831 sanctos
3174 1774 3433 1845 templum
3460 1789 3568 1828 suze
3591 1772 3722 1827 habi—

2099 1903 2147 1964 Β
2178 1870 2396 1925 talionis
2421 1870 2685 1936 instituit,
2708 1881 2763 1925 et
2784 1886 2876 1927 eos
2903 1873 3006 1927 sibi
3032 1870 3389 1926 diversorium
3416 1884 3536 1924 esse
3553 1868 3720 1939 elegit,

2177 1962 2232 2017 in
2284 1976 2382 2017 nos
2426 1978 2610 2017 eorum
2659 1964 3012 2034 opitulatione
3056 1963 3328 2034 piissima,
3362 1959 3723 2016 benedictionis

2176 2069 2375 2110 munus
2413 2052 2694 2120 infundat,
2723 2063 2773 2111 et
2818 2054 2921 2110 iter
2961 2064 3195 2125 ereptum
3239 2053 3517 2107 ambulare
3557 2064 3726 2106 conoe-

2179 2146 2308 2213 dat,
2346 2146 2599 2218 pabulum
2642 2146 2793 2201 verbi
2832 2146 3098 2216 benignus
3137 2145 3445 2214 impendat,
3485 2140 3724 2197 calamum

2179 2241 2382 2297 siccum
2414 2255 2524 2295 sua:
2553 2239 2768 2315 pietatis
2799 2254 2919 2293 rore
2947 2237 3267 2308 perfundat,
3297 2245 3353 2291 et
3394 2233 3615 2305 Augusti
3643 2233 3730 2285 ini-

2181 2332 2313 2388 tium
2356 2332 2726 2401 capientibus,
2772 2320 3047 2385 'scribendi
3107 2329 3247 2383 dona
3302 2326 3642 2388 contribuat,
3684 2331 3727 2375 et

2181 2424 2506 2481 cumulando
2535 2422 2941 2493 potentissimus
2967 2428 3193 2492 augeat,
3222 2429 3279 2474 et
3303 2419 3561 2489 quoniam
3587 2415 3730 2487 ipsius

2182 2525 2267 2573 est
2294 2531 2458 2586 opus,
2487 2514 2657 2585 ipsius
2691 2512 3074 2583 inagniticetur
3097 2520 3153 2566 et
3184 2511 3377 2565 virtus.

813 1988 1071 2060 Praefatio
1105 1991 1158 2045 in
1189 1990 1280 2045 lib.
1325 1988 1361 2043 V
1392 2006 1484 2045 seu
1519 1990 1742 2047 Maium.

564 2101 856 2175 Raphaelis
888 2102 1232 2173 archangeli,
1266 2102 1448 2157 Tobiae
1485 2104 1643 2160 beato
1666 2102 1879 2159 ccelitus
1910 2102 2075 2158 desti-

495 2194 611 2248 nati
644 2208 808 2263 opera
837 2192 1019 2248 divina
1047 2192 1578 2265 cunctisnuntianda
1602 2233 1618 2260 ,
1648 2194 1866 2251 monitis
1904 2194 2076 2250 sacris

496 2283 835 2350 audivimus,
864 2284 956 2354 qui
1002 2292 1053 2340 et
1102 2284 1349 2340 levamen
1396 2294 1708 2341 sanctorum
1754 2286 2078 2342 mirabiliter

497 2374 758 2441 contulit,
808 2383 863 2430 et
915 2375 981 2430 ad
1025 2375 1194 2431 caelos
1233 2383 1447 2445 patrata
1483 2375 1598 2447 ejus
1633 2377 1824 2432 domus
1862 2378 2080 2433 benedi-

498 2465 677 2521 ctione
707 2466 922 2521 rediens
944 2467 1112 2522 verba
1141 2466 1333 2523 salutis
1361 2467 1644 2537 impendit.
1677 2467 1878 2523 Idcirco
1905 2478 1958 2524 et
1982 2483 2081 2524 nos

499 2569 598 2624 pro
645 2555 862 2612 modulo
907 2555 1234 2613 valetudinis
1266 2567 1466 2612 nostrae
1502 2556 1752 2613 Christus
1790 2559 1843 2613 in
1879 2559 2080 2613 sanctis
2182 2555 2267 2573 ω’
2295 2555 2458 2637 ξνπ)
2490 2555 2597 2637 "_

500 2623 647 2714 suis,
694 2650 939 2718 quamvis
984 2652 1061 2705 rei
1110 2650 1456 2716 criminibus,
1503 2651 1906 2717 collaudamus,
1955 2653 2080 2723 quia
2291 2629 2545 2699 ΡηεῙα¹ί⁰
2581 2629 2635 2682 θη
2661 2628 2751 2681 ίίδθ
2784 2624 2869 2680 IX
2902 2643 2993 2681 ⁸⁸³⁸
3019 2642 3245 2683 “mm”
3278 2623 3642 2694 8⁸Ρ⁸⁶⁸¹³¹⁷⁷⁶⁸¹¹’

500 2744 718 2793 sanctos
749 2739 801 2793 in
829 2738 1100 2795 Christum
1131 2740 1429 2796 consistere
1461 2741 1751 2797 credimus.
1784 2741 1902 2812 Ipse
1934 2735 2079 2798 enim

502 2829 606 2885 fuit
641 2847 829 2886 eorum
870 2833 922 2887 in
959 2848 1131 2904 agone
1168 2833 1438 2902 victoria;
1471 2828 1716 2905 ipse,'ne
1753 2836 2080 2902 deﬁcerent,

502 2916 1008 2994 protectio'valida:
1042 2927 1156 2997 ipse
1183 2937 1305 2997 post
1335 2928 1666 2999 triumphum
1700 2945 1932 2995 corona,
1966 2930 2081 3000 ipse

502 3032 598 3072 eos
633 3018 959 3087 repromissa
997 3019 1190 3074 ditavit
1222 3029 1276 3075 et
1315 3020 1506 3092 gloria.
1536 3020 1843 3077 Oil‘eramus
1868 3037 1996 3093 ergo
2028 3022 2080 3076 in

505 3107 664 3161 domo
711 3107 921 3162 Domini
954 3123 1058 3164 non
1089 3124 1284 3164 aurum
1304 3152 1317 3174 ,
1364 3126 1471 3189 non
1501 3122 1782 3182 argentum
1805 3154 1819 3177 ,
1852 3128 1957 3168 non
1991 3129 2083 3169 ve-

2255 2742 2518 2810 Quouiam
2549 2742 2659 2795 Deo
2688 2737 2975 2808 adjuvante
3004 2738 3229 2809 Augusti
3264 2738 3468 2792 mensis
3498 2734 3727 2790 ferventia

2185 2849 2309 2888 rura
2345 2822 2720 2898 transivimus,
2756 2841 2809 2887 et
2836 2832 2903 2887 de
2927 2832 3076 2886 fonte
3100 2840 3347 2900 paterno,
3376 2828 3628 2900 quidquid
3653 2841 3726 2896 pol

2189 2925 2419 2987 tuimus,
2469 2926 2706 2995 sugendo
2755 2921 3158 2987 contraximus,
3210 2928 3385 2976 restat
3431 2930 3491 2975 ut
3541 2919 3737 2973 umbras

2187 3015 2521 3085 Septembris
2547 3016 2707 3085 tepidi
2726 3055 2741 3080 ,
2770 3014 2894 3069 licet
2919 3012 3215 3068 laboraturi
3236 3052 3253 3078 ,
3278 3011 3561 3067 sollicitius
3582 3013 3732 3080 requi-

2188 3119 2391 3160 ramus.
2423 3104 2741 3175 September
2766 3104 2912 3159 enim
2941 3104 3059 3159 soni
3089 3100 3438 3168 diliinitione,
3466 3103 3605 3174 quod
3632 3116 3730 3172 sep-

509 3203 621 3248 stes
651 3195 948 3264 pretiosas,
976 3196 1069 3252 sed
1103 3198 1240 3266 pilos
1271 3213 1560 3268 caprarum
1592 3210 1834 3269 tantum,
1865 3212 1920 3258 et
1948 3204 2083 3274 peti-

509 3298 633 3338 mus
662 3293 722 3338 ut
752 3285 945 3340 merito
968 3287 1124 3343 nobis
1143 3260 1667 3344 collata-sanctorum
1697 3260 1872 3362 portio
1900 3260 2084 3348 nostra
2113 3260 2158 3321 C

511 3380 581 3431 sit
605 3377 658 3432 in
684 3387 827 3433 terra
850 3377 1163 3434 viventium.
1191 3379 1443 3452 Legimus
1471 3397 1702 3452 namque
1727 3384 1936 3439 viduam
1960 3401 2091 3456 pau-

512 3468 784 3537 perculam
811 3467 918 3524 duo
941 3471 1143 3526 minuta
1172 3472 1560 3545 gazophylacio
1589 3474 1904 3544 praebuisse.

804 3586 1064 3658 Prwfatio
1101 3588 1159 3642 in
1194 3586 1285 3643 lib.
1323 3585 1402 3643 VI
1439 3606 1531 3643 seu
1566 3588 1812 3645 Iunium.

2189 3199 2354 3254 timus
2377 3198 2481 3264 sit,
2511 3198 2580 3254 ab
2607 3199 2780 3253 imbre
2818 3210 3056 3266 congrue
3097 3196 3430 3252 nominatur.
3476 3194 3624 3251 Unde
3661 3212 3740 3251 nos

2189 3288 2519 3359 septiformis
2548 3288 2976 3344 misericordiam
3019 3287 3191 3344 sancti
3234 3286 3477 3358 Spiritus
3514 3287 3738 3358 implen-

2192 3396 2347 3445 nms,
2391 3386 2448 3434 ut
2496 3379 2669 3433 imbre
2708 3395 2819 3433 suae
2860 3377 3037 3433 liuida:
3079 3377 3301 3450 pietatis
3346 3385 3582 3448 emptum
3628 3392 3741 3448 opus

2192 3471 2466 3537 infundat,
2497 3479 2551 3525 et
2584 3470 2809 3527 feliciter
2836 3470 2907 3525 ad
2932 3470 3094 3525 linem
3123 3484 3294 3539 usque
3322 3471 3605 3540 perducat,
3631 3484 3741 3538 qua-

2197 3571 2351 3619 tenus
2382 3560 2497 3632 cjus
2524 3561 2695 3617 virtus
2732 3561 2912 3632 operis
2941 3568 2997 3616 et
3032 3559 3190 3615 nobis
3229 3560 3602 3632 peccatmibus
3630 3570 3742 3629 pne

2193 3655 2361 3710 mium
2389 3654 2460 3709 sit
2486 3653 2705 3711 laboris.

589 3698 833 3756 Evolutis
863 3698 1022 3769 hujus
1044 3701 1288 3772 opusculi
1319 3703 1555 3772 quinque
1581 3704 1996 3774 praecedentium
2026 3705 2093 3761 li-

516 3789 738 3843 brorum
770 3792 1136 3860 compendiis,
1167 3793 1397 3861 quibus,
1440 3793 1660 3850 Patrum
1700 3796 1904 3867 scripta
1946 3812 2096 3852 scru-

521 3888 735 3946 tantes,
765 3897 935 3950 pauca
965 3884 1029 3938 de
1058 3884 1302 3955 pluribus
1331 3888 1618 3943 scribendo
1646 3890 2092 3959 perstrinximus,

520 3984 695 4035 nunc,
723 3969 939 4027 Christo
962 3975 1230 4044 prepitio,
1261 3986 1320 4031 ut
1358 3978 1424 4032 ad
1467 3981 1603 4034 sexti
1648 3981 1862 4036 initium
1905 3982 2092 4037 venia-

521 4073 668 4124 mus,
709 4068 765 4113 et
801 4075 1136 4132 consequens
1183 4067 1319 4121 ratio
1360 4067 1626 4136 postulat,
1664 4080 1719 4126 et
1759 4083 1978 4137 vestra,
2013 4088 2099 4127 sa-

525 4150 830 4207 cratissime
858 4154 1051 4223 praesul
1073 4195 1088 4218 ,
1117 4156 1350 4213 hortatio
1378 4161 1520 4229 cogit
1546 4201 1560 4227 ,
1590 4178 1710 4232 quae
1741 4179 1837 4217 nos
1865 4166 1931 4218 ad
1971 4167 2103 4220 scri-

478 4276 483 4283 -
525 4241 761 4298 bendum
790 4260 1006 4315 semper
1031 4246 1276 4317 impellit.
1319 4250 1586 4309 Laborem
1617 4271 1851 4326 namque
1893 4257 2099 4328 impen-

2356 3772 2614 3844 Prtefatio
2650 3774 2708 3828 in
2730 3772 2823 3828 lib.
2859 3772 2909 3826 X
2938 3790 3030 3843 seu
3054 3791 3281 3830 mensem
3312 3774 3603 3830 Octobrem.

2268 3889 2558 3962 Przeceptis
2598 3891 3034 3960 obtemperantes
3078 3891 3307 3956 vestris,
3356 3887 3592 3961 pontifex
3644 3899 3749 3941 vere

2196 3979 2355 4037 beate
2399 3990 2452 4037 et
2502 3982 2556 4036 in
2601 3979 2795 4036 szecula
2847 3981 3224 4046 memorande,
3274 3995 3470 4036 novem
3517 3977 3747 4033 mensium

2199 4073 2314 4128 dies
2339 4071 2692 4129 Kalendarios
2736 4072 2956 4128 totidem
3003 4071 3405 4137 voluminibus,
3446 4080 3637 4141 quanta
3669 4084 3747 4139 po-

2202 4165 2436 4230 tuimus,
2468 4163 2936 4239 commendatione
2965 4162 3421 4233 perstrinximus,
3464 4169 3521 4215 et
3558 4161 3609 4215 in
3643 4175 3747 4228 pra-

2202 4255 2271 4310 tis
2299 4248 2590 4310 uberrimis
2614 4252 2966 4309 llosculantes
2996 4253 3173 4309 dulcia
3204 4252 3363 4308 mella
3394 4252 3749 4311 transivimus.

523 4335 730 4402 dimus,
758 4354 943 4394 verum
967 4340 1032 4394 ad
1061 4340 1260 4398 laboris
1287 4344 1537 4400 cll‘ectum
1579 4350 1866 4417 pervenire
1909 4351 2097 4419 ncqui-

526 4444 667 4494 mus,
697 4430 799 4486 nisi
826 4431 941 4502 ipse
966 4435 1281 4503 praestiterit
1303 4437 1395 4506 qui
1426 4453 1523 4508 pro
1547 4446 1606 4494 se
1635 4440 2010 4496 laborantibus
2038 4443 2090 4498 in

526 4519 634 4576 fine
658 4523 939 4593 praemium
972 4525 1164 4580 reddit.
1198 4526 1351 4582 Unde
1380 4537 1434 4583 et
1466 4545 1565 4584 nos
1594 4531 1662 4585 ab
1700 4530 1822 4609 ipso
1865 4532 2098 4602 postula-

525 4626 647 4667 mus
672 4613 930 4669 auxilium
951 4655 965 4681 ,
997 4624 1052 4671 et
1077 4615 1284 4687 paginm
1308 4616 1523 4689 figimus
1550 4619 1770 4690 stylum.

698 4723 951 4796 Prwfatio
976 4728 1030 4780 in
1058 4726 1150 4782 lib.
1190 4726 1297 4783 VII
1326 4746 1419 4784 seu
1445 4746 1671 4785 mensem
1696 4731 1925 4788 Iulium.

595 4833 822 4890 Evoluto
867 4835 1156 4892 multorum
1190 4839 1473 4895 intervallo
1513 4818 1753 4909 dierum,
1793 4859 1901 4913 quo
1941 4859 2103 4899 secen-

525 4921 628 4978 Iari
672 4939 840 4980 onere
887 4935 1297 4996 praegravante,
1346 4937 1402 4983 et
1450 4931 1813 4986 mundialibus
1858 4948 1888 4987 e
1935 4932 2104 4989 latere

529 5014 929 5072 stimulantibus
954 5018 1133 5085 curis,
1176 5029 1447 5091 arreptum
1485 5022 1596 5091 jam
1638 5023 1844 5093 pridem
1872 5024 2105 5094 opuscu-

529 5104 641 5159 lum
667 5106 974 5156 calop'pnug
995 5110 1313 5162 “p'trahern
1339 5112 1560 5164 minime.
1580 5114 1847 5158 ("Divinum
1886 5131 1965 5148 θη·
2024 5129 2040 5134 ·

2201 4348 2352 4403 suavi
2389 4356 2594 4402 tantum
2636 4346 2813 4402 nitore
2851 4348 3088 4402 contenti
3110 4386 3126 4412 ,
3153 4354 3210 4401 et
3236 4345 3546 4415 graminum
3573 4342 3752 4413 exigui-

2203 4446 2315 4493 tate
2354 4453 2454 4507 pro
2493 4437 2699 4492 viribus
2735 4436 2968 4492 onerati.
3014 4435 3170 4506 Cogit
3205 4438 3376 4491 etiam
3422 4453 3568 4493 nunc
3589 4443 3751 4489 vestr:

2204 4529 2489 4599 imperium
2518 4527 2831 4599 dignitatis,
2865 4536 2926 4582 ut
2953 4529 3191 4583 decimus
3230 4528 3371 4583 liber
3410 4543 3609 4584 nonum
3648 4525 3751 4580 sub-

2124 4605 2180 4666 Ῑ)
2208 4632 2483 4692 sequatur,
2529 4631 2579 4678 et
2627 4621 3002 4693 promissionis
3049 4622 3250 4692 prioris
3291 4621 3466 4693 exigit
3506 4619 3749 4681 debitum,

2211 4719 2337 4772 dum
2377 4715 2597 4771 mandat
2625 4715 2834 4770 arctius
2863 4713 3029 4785 figere
3070 4715 3292 4786 stylum.
3338 4713 3575 4783 Adjuvet
3618 4713 3751 4784 igitur

2210 4808 2327 4878 ipse
2346 4846 2363 4872 ,
2391 4822 2422 4860 a
2451 4820 2558 4875 quo
2597 4804 2732 4860 liber
2762 4797 2939 4860 sumit
2963 4806 3277 4871 exordium,
3320 4803 3604 4876 Remigius
3629 4805 3754 4859 Pater

2211 4907 2395 4953 noster
2423 4905 2478 4970 et
2510 4910 2731 4951 suorum
2760 4905 2815 4951 et
2843 4896 3084 4951 omnium
3116 4895 3356 4952 tidelium
3387 4897 3715 4969 pepnlorum.

2227 5047 2231 5051 .
2320 5005 2578 5075 Prtefatio
2609 5008 2664 5061 in
2690 5005 2783 5062 lib.
2817 5005 2899 5060 XI
2928 5024 3019 5062 seu
3050 5024 3279 5062 mensem
3309 5006 3673 5065 Nouembrem.

2714 5118 2769 5134 ﬂ-
2826 5120 2838 5132 ο

2876 5129 2925 5146 ⁸η
2954 5122 3166 5178 favente
3191 5139 3550 5194 aggressuros
3572 5124 3756 5181 Novem-

3232 5220 3235 5225 λ
3380 5218 3751 5282 ““mniutu,
