3930 5612
114 404 212 461 ml
1014 414 1461 477 rmm'noa‘es
1498 410 2137 483 EMMERAMMENSES.
2181 459 2245 468 -
2287 427 2407 484 Lm.
2448 418 2485 484 ι.

3289 436 3395 504 ςιοὲ

138 579 3343 635 ——.—_________________________________

504 754 1505 874 TRADITIONUM
1592 764 2401 883 EMMERAMM
2416 773 2593 889 EN
2605 777 2938 891 SIUM

1378 1023 1674 1101 LIBER
1734 1022 2148 1107 PRIMUS.

112 1375 226 1429 Car.
262 1368 479 1428 l.—De
520 1374 1241 1478 comntlutatimteHludowici
1282 1379 1414 1447 regis
1441 1394 1689 1448 thrum-
1719 1387 1765 1459 Λ
1796 1384 1941 1438 mitis
1969 1384 2036 1439 ad
2068 1385 2207 1441 idem
2232 1389 2538 1443 casnoblum
2570 1395 2709 1462 quad
2742 1394 3075 1455 Adalv‘vimus
3100 1404 3387 1478 episcopus

656 1447 777 1498 dum
813 1446 1140 1500 clericorum.

176 1580 226 1633 lu
251 1581 468 1635 nomine
490 1590 692 1636 sanctae
720 1591 773 1634 et
806 1583 977 1636 unicm
1017 1583 1317 1639 Trinitatis.
1361 1585 1687 1641 Cunctorum

114 1674 344 1744 liquefiat
369 1675 645 1730 industrim
666 1675 925 1739 ﬁdelium,
946 1692 1391 1747 quorumcunque
1412 1680 1689 1735 obtutibus

117 1767 221 1820 lucc
240 1766 496 1820 Cliartula
524 1766 779 1821 intuenda
810 1768 1134 1838 porrigatur,
1161 1768 1391 1838 qualiter
1413 1771 1688 1839 piissimus

112 1873 196 1909 rex
223 1850 586 1922 liludowicus,
619 1866 772 1927 pater
800 1858 1054 1913 videlicet
1090 1856 1464 1924 Karlomanui,
1491 1877 1683 1931 quem-

111 1950 223 2002 dam
267 1949 565 2015 clericum,
624 1950 839 2005 nomine
892 1950 1291 2022 Gundpertum,
1346 1953 1413 2007 de
1460 1953 1682 2009 ecclesia

111 2041 270 2095 sancti
314 2042 451 2095 Petri
484 2042 707 2111 apostoli
754 2057 877 2096 cum
911 2058 1011 2097 suo
1041 2042 1279 2111 quolibet
1306 2043 1508 2099 clerico
1538 2060 1685 2099 enm-

111 2130 343 2183 mutavit.
376 2130 662 2200 Lat-gicute
702 2130 865 2202 igitur
913 2131 1195 2186 clementia
1232 2148 1325 2187 sua
1368 2134 1682 2203 prmdictum

112 2220 468 2290 (hindpertum
502 2222 604 2276 sibi
634 2222 866 2290 accepit,
900 2230 956 2276 ut
985 2237 1107 2277 eum
1146 2222 1216 2277 ob
1248 2225 1541 2279 remedium
1568 2242 1683 2280 aln-

111 2328 201 2366 nta:
235 2329 344 2368 sua:
372 2314 623 2380 liberum,
673 2324 836 2384 atque
878 2316 947 2369 ab
990 2330 1153 2384 opere
1199 2319 1379 2373 senili
1429 2336 1681 2375 securum

111 2414 361 2475 przccepto
411 2408 754 2463 auctoritatis
806 2423 916 2463 sua:
967 2407 1251 2465 ediceret:
1291 2414 1434 2483 quod
1478 2415 1680 2469 etenim

114 2498 515 2555 misericorditer
562 2500 634 2553 ita
676 2500 896 2570 peregit.
950 2500 1183 2556 Econtra
1230 2513 1412 2558 autem
1462 2505 1679 2562 donavit

112 2589 351 2644 clericum
373 2605 552 2655 suum,
578 2591 793 2645 nomine
816 2590 1117 2646 Elelantem
1147 2592 1197 2646 in
1230 2610 1448 2648 manum
1480 2605 1679 2652 sancta:

113 2678 193 2732 Dei
240 2680 478 2735 ecclesia:
518 2680 680 2750 paulo
731 2690 857 2735 ante
909 2683 1198 2737 nominatae
1249 2699 1313 2739 ac
1353 2685 1679 2742 venerabilis

1794 1474 2096 1542 gubernare
2126 1477 2400 1533 Videretur
2431 1481 2481 1535 in
2513 1499 2648 1554 pago
2676 1490 2765 1555 qui
2798 1489 2996 1545 dicitur
3024 1474 3381 1561 Swalavelda,

1791 1571 1845 1645 et
1868 1567 2114 1621 eamdem
2150 1584 2263 1623 rem
2296 1572 2542 1636 tradidit,
2579 1584 2738 1647 atque
2786 1579 3142 1641 Fridalzertus
3188 1603 3382 1642 conso‘

1792 1653 1909 1709 cius
1935 1654 2051 1723 ejus
2085 1658 2283 1715 exinde
2314 1660 2598 1732 lidcjussor
2634 1669 2841 1724 exstitit
2885 1675 3181 1730 secundum
3211 1676 3380 1748 legem

1790 1761 1997 1811 corum,
2036 1753 2345 1809 astantibus
2387 1755 2469 1809 his
2516 1756 2745 1827 quorum
2791 1763 2905 1818 lucc
2952 1768 3171 1821 nomina
3204 1782 3327 1824 sunt
3363 1790 3375 1825 :

1786 1836 2119 1907 Ercltanlob,
2150 1841 2433 1909 Muniboll‘,
2467 1847 2738 1913 llcrimot,
2785 1852 3095 1924 llegiul‘rid,
3139 1859 3376 1926 Leidrat,

1788 1927 2104 1999 Adalprcbt,
2150 1932 2428 2000 Gisall‘rid,
2478 1938 2595 1993 Per:
2620 1957 2743 2011 ger,
2796 1944 3086 2013 \Volfhart,
3138 1949 3373 2019 llerirat,

1789 2019 1985 2087 Wico,
2036 2023 2256 2092 Altuni,
2307 2028 2618 2097 Irtninl'rid,
2678 2034 3047 2107 l'lalpdurin'c,
3101 2044 3373 2117 Amalgcr,

1788 2108 2035 2177 Einhart,
2069 2114 2373 2186 Egisprebl,
2400 2119 2656 2189 Rilipold,
2680 2124 2874 2192 Otfrid,
2906 2130 3180 2199 Adalram,
3208 2108 3378 2191 Givsal;

1785 2203 1964 2271 prebt,
1998 2204 2331 2277 Meginbart,
2366 2209 2647 2281 Meginl‘rid
2670 2258 2683 2281 ,
2714 2218 2952 2285 Dcotoll‘,
2980 2222 3241 2295 Sigihart,
3268 2228 3378 2283 lin-

1785 2296 2003 2367 gilliart.
2053 2300 2115 2355 lli
2149 2302 2397 2358 viderunt
2427 2315 2482 2360 ct
2518 2308 2806 2364 audierunt
2852 2313 2991 2369 hanc
3024 2318 3372 2374 traditionem

1786 2387 2006 2453 factam,
2042 2402 2202 2462 atque
2229 2397 2475 2451 eamdem
2510 2399 2824 2455 vcstituram
2862 2403 3143 2461 Adalwino
3164 2409 3373 2478 episco-

1783 2492 1869 2546 po.
1903 2477 2093 2535 Postea
2144 2484 2286 2539 venit
2332 2485 2647 2543 Adalwinus
2689 2492 2976 2563 cpiscopus
3022 2497 3088 2550 ad
3119 2477 3368 2554 eumilcm

1783 2568 1979 2631 locum,
2006 2574 2269 2628 vocabulo
2298 2575 2566 2647 Piparodi,
2609 2592 2711 2634 una
2749 2595 2870 2637 cum
2920 2587 3369 2644 testimonialibus

1783 2662 1894 2715 suis
1920 2672 1974 2716 et
1999 2663 2364 2735 interpellavit
2413 2669 2737 2739 Deotpertus
2771 2672 3114 2739 Rodfridum,
3149 2686 3206 2731 ut
3240 2693 3365 2734 eum

106 2771 325 2841 episcopi
354 2772 750 2826 Ambrichonis.
786 2772 954 2827 Porro
973 2774 1149 2828 eidem
1177 2771 1519 2845 G'mdperlo’
1550 2776 1673 2845 quia
1709 2782 1750 2840 Β
1781 2753 2064 2845 revestiret
2108 2757 2401 2810 secundum
2449 2757 2724 2829 Ekkiperti
2756 2762 2969 2817 comitis
3010 2762 3309 2831 jussionem
3348 2784 3361 2820 :

111 2862 275 2917 utilior
301 2872 356 2919 et
384 2864 606 2934 majoris
652 2864 850 2937 ingenii
888 2864 989 2920 fuit
1023 2868 1337 2933 scribendi,
1377 2884 1584 2924 necnon
1619 2879 1676 2924 et

112 2951 321 3021 legendi,
353 2954 557 3010 addidit
582 2970 677 3010 rex
703 2956 1159 3025 prudentissimus
1185 2969 1307 3026 quae
1342 2959 1676 3029 subsequen-

111 3053 181 3098 ter
210 3045 449 3101 referam.
478 3045 615 3101 Nam
646 3047 939 3102 donatione
964 3063 1062 3103 sua
1092 3048 1314 3105 donavit
1357 3051 1409 3105 in
1454 3067 1670 3106 manum

109 3137 355 3204 przedictze
380 3147 581 3194 sancta:
611 3139 703 3193 Dei
735 3139 978 3194 ecclesia:
1004 3140 1354 3213 ejusdemque
1376 3144 1670 3213 provisoris

108 3230 295 3284 novalia
322 3245 441 3302 quae
469 3240 596 3285 sunt
622 3240 811 3285 contra
841 3233 1225 3287 monasterium
1256 3234 1321 3287 ad
1352 3233 1585 3290 Uderida
1617 3244 1670 3290 et

107 3327 272 3374 contra
299 3335 487 3377 nemus
516 3321 783 3387 medium,
813 3322 953 3390 quod
986 3322 1183 3378 ibidem
1222 3323 1436 3378 obvimn
1467 3336 1665 3382 exstat.

107 3410 259 3466 Omne
283 3426 409 3466 vero
433 3412 579 3481 quod
606 3412 819 3468 naviter
855 3413 907 3468 in
936 3413 1127 3468 eodem
1155 3414 1272 3469 loco
1298 3431 1554 3487 agrorum
1582 3419 1666 3474 vel

105 3508 360 3562 pratorum
384 3502 737 3573 exstirpatum
762 3512 845 3558 est
874 3519 941 3557 ex
972 3504 1180 3575 integro
1203 3504 1327 3560 illuc
1356 3506 1663 3574 transfodit,

103 3600 157 3641 ac
177 3590 341 3647 eidem
361 3592 657 3662 adjacentia
683 3594 734 3648 in
766 3603 919 3663 parte
940 3596 1187 3650 orientali
1217 3605 1401 3666 postea
1436 3600 1487 3652 in
1513 3616 1663 3654 com-

105 3684 432 3739 mutationem
464 3685 736 3740 allaxavit.
770 3686 863 3741 Illo
892 3695 1074 3742 autem
1106 3688 1157 3742 in
1210 3697 1449 3759 tempore
1480 3690 1663 3745 Wuito

104 3776 447 3833 ministerialis
466 3779 607 3848 regis
626 3779 744 3843 fuit,
762 3780 1011 3851 princeps
1031 3796 1394 3849 superonmes
1409 3781 1659 3841 loreates.

102 3865 360 3937 Subjectus
407 3887 620 3941 quoque
663 3871 798 3940 ejus,
852 3872 1070 3933 nomine
1105 3871 1372 3939 Wichad,
1423 3874 1539 3930 lucc
1592 3875 1661 3930 ad

100 3962 393 4026 perficienda
424 3973 481 4019 et
510 3965 846 4021 investienda
873 3966 1227 4037 dirigebatur.

305 4079 433 4135 CAP.
465 4080 613 4134 ll.—
636 4080 870 4135 Traditio
901 4082 1161 4153 Ekkiperti
1189 4084 1410 4140 comitis.

152 4181 305 4258 igitur
341 4190 393 4244 in
420 4189 512 4245 Dei
544 4192 780 4246 nomine.
804 4192 915 4263 Ego
940 4193 1281 4262 Ekkibertus,
1315 4214 1413 4267 per
1448 4199 1655 4255 miseri—

96 4280 306 4334 cordiam
355 4280 447 4336 Dei
493 4298 715 4349 comes,
761 4298 860 4353 pro
897 4285 1137 4340 remedio
1175 4288 1371 4343 anima:
1422 4306 1554 4346 mea:
1602 4302 1655 4347 ct

98 4372 382 4428 remissione
398 4383 745 4444 peccatorum
771 4391 1035 4441 meorum,
1062 4387 1120 4433 ut
1146 4380 1198 4433 in
1231 4379 1412 4436 futuro
1436 4384 1650 4438 veniam

96 4465 316 4533 consequi
347 4480 560 4520 merear
580 4477 861 4532 :eternam,
888 4468 1083 4524 tradidi
1122 4480 1283 4541 atque
1315 4473 1505 4528 vestiri
1530 4490 1656 4529 vas-

95 4563 189 4608 sum
215 4570 386 4611 meum
414 4556 785 4625 Deotpertum,
816 4558 909 4626 qui
948 4573 1167 4613 manere
1194 4559 1406 4614 videtur
1431 4561 1482 4614 in
1515 4576 1651 4632 page

94 4645 164 4710 qui
190 4647 375 4701 dicitur
400 4646 661 4712 Folel‘eld,
691 4648 757 4702 de
781 4649 942 4703 rebus
972 4648 1325 4718 proprietatis
1358 4664 1492 4705 mea:
1513 4667 1649 4721 quas

1781 2842 1873 2909 qui
1903 2845 2089 2897 statim
2119 2845 2192 2899 ita
2226 2845 2371 2912 fecit,
2397 2857 2452 2902 et
2496 2849 2607 2918 ipse
2639 2850 2958 2920 Dcnlpcrtus
2998 2857 3062 2909 de
3090 2856 3277 2911 eadem
3305 2871 3365 2911 re

1773 2931 2114 2989 Adalwinum
2156 2937 2465 3008 episcopum
2514 2950 2568 2994 et
2615 2941 3010 2997 Erclianlobum
3044 2946 3361 3001 advocatum

1774 3039 1929 3079 suum
1960 3028 2239 3082 revestivit
2276 3044 2460 3084 coram
2495 3032 2941 3089 testintouialibus
2984 3051 3211 3106 quorum
3261 3052 3362 3092 no-‘

1775 3117 1916 3172 mina
1957 3120 2496 3184 subici-inseruntur,
2531 3140 2652 3179 cum
2697 3128 2949 3183 omnilms
2974 3129 3236 3193 auliliciis,
3264 3144 3354 3184 ca-

1772 3210 1869 3275 sis,
1901 3211 1983 3265 vel
2006 3213 2202 3279 scutris,
2234 3215 2416 3280 terris,
2442 3217 2669 3287 Campis,
2696 3219 2869 3280 silvis,
2898 3224 3090 3289 pratis,
3120 3223 3356 3292 pascuis,

1769 3302 1944 3370 aquis,
1976 3318 2309 3373 aquarumve
2352 3308 2689 3371 decursibus,
2745 3311 3036 3366 mobilibus
3074 3323 3127 3365 et
3172 3312 3357 3368 immo-

1768 3391 1989 3458 bilibus,
2025 3396 2369 3463 moleudiuo,
2402 3400 2661 3470 quidquid
2700 3403 2750 3455 in
2792 3420 2857 3458 eo
2893 3404 3007 3459 loco
3037 3406 3103 3461 de
3153 3421 3208 3460 re
3234 3422 3352 3476 pro.

1766 3486 1880 3553 pria
1911 3486 2111 3542 habere
2133 3489 2436 3545 videbatur.
2475 3493 2546 3547 De
2577 3508 2883 3549 eoauuarca
2919 3511 3047 3551 vero
3083 3512 3147 3553 ex
3174 3499 3353 3552 oricn-a

1770 3574 1856 3627 tali
1886 3586 2041 3643 parte
2089 3593 2259 3647 usque
2304 3582 2357 3634 in
2389 3596 2756 3638 commarcam
2807 3584 3078 3640 Deotkarii
3118 3588 3350 3655 abbatis,

1765 3667 1986 3721 australi
2014 3668 2176 3722 etiam
2202 3680 2354 3739 parte
2378 3688 2547 3743 usque
2572 3675 2623 3728 in
2648 3691 3009 3733 commarcam
3029 3679 3347 3751 Gundperti,

1770 3756 1864 3809 ubi
1898 3757 1997 3826 ipsi
2021 3757 2233 3828 signum
2260 3762 2521 3827 fecerunt,
2551 3772 2604 3819 et
2628 3778 2981 3835 perrexerunt
3007 3770 3057 3824 iu
3084 3785 3350 3826 commara

1763 3859 1879 3900 cam
1910 3846 2234 3918 Gumlpcrti,
2258 3859 2313 3905 et
2340 3854 2668 3909 contradixit
2692 3856 3039 3927 Gundpertus
3067 3859 3349 3915 Adalwinu

1760 3935 2013 4005 episcopo
2052 3945 2105 3992 et
2155 3938 2446 3996 Deotberto
2490 3952 2698 4012 partem
2745 3947 3031 4015 quamdam
3070 3948 3212 4005 inter
3252 3949 3349 4005 llu-

1762 4027 1904 4081 mina
1931 4028 2059 4093 duo,
2088 4030 2304 4085 nomine
2347 4030 2620 4102 Piparodi.
2652 4035 2717 4089 Et
2755 4046 2939 4105 postea
2968 4038 3350 4095 considerat-ce

1683 4156 1727 4220 Ο
1760 4128 1887 4173 runt
1912 4117 2279 4191 Gundpertus,
2327 4132 2383 4178 et
2413 4123 2581 4179 ilurili
2612 4134 2773 4196 atque
2816 4128 3051 4184 Gozmar
3081 4149 3093 4183 :
3139 4140 3193 4185 et
3222 4148 3350 4202 par-

1762 4218 1868 4265 tem
1893 4226 2054 4280 quam
2076 4216 2518 4271 Contradicebaut
2545 4219 2611 4272 ad
2644 4218 2978 4276 Salvatorem
3006 4238 3101 4292 pm
3134 4220 3345 4277 illorum

1760 4302 1952 4357 anima:
1980 4306 2216 4360 remedio
2244 4305 2603 4361 tradiderunt.
2629 4307 2790 4364 Parte
2818 4313 3117 4367 meridiana
3150 4313 3344 4366 millia-

1756 4393 1837 4447 ria
1871 4397 2221 4465 m,aquilone
2246 4397 2494 4452 milliaria
2528 4414 2586 4453 ιι.
2616 4399 2777 4455 Facta
2808 4417 2938 4456 vero
2965 4405 3221 4458 vcstitura
3252 4421 3345 4458 vc;

1757 4482 1836 4536 nit
1864 4482 2125 4538 Odilwart
2162 4500 2282 4539 cum
2330 4486 2539 4542 duobus
2568 4487 2692 4543 ﬁliis
2720 4490 2854 4552 suis,
2904 4490 3183 4555 l’czirone,
3238 4494 3339 4548 lica

1753 4573 2036 4643 ginwarto,
2066 4584 2117 4629 et
2142 4591 2264 4631 eum
2291 4576 2410 4632 aliis
2439 4594 2670 4648 quorum
2701 4583 2918 4637 nomina
2947 4594 3070 4638 sunt
3096 4603 3108 4638 :
3141 4585 3339 4657 Regina

1754 4664 1879 4727 ΙιοΙι,
1912 4665 2167 4735 Arphert,
2195 4668 2424 4723 Adaloll‘.
2450 4669 2575 4727 llaec
2626 4673 2843 4726 nomina
2898 4678 3333 4733 testimonialium

1750 4755 1841 4823 qui
1898 4756 2035 4811 hanc
2081 4758 2399 4813 vestituratn
2453 4760 2652 4817 fartam
2709 4764 3005 4822 viderunt:
3053 4768 3334 4838 Napubbi,

1752 4846 1978 4914 Hunrib,
1999 4846 2335 4919 Gundperbt,
2363 4849 2620 4919 Gozmar,
2652 4852 2999 4925 Fridaperht,
3031 4858 3207 4922 Otrih,
3226 4857 3333 4913 lle-

1750 4938 1921 5005 riwic,
1951 4940 2219 5007 Rantwic,
2252 4942 2498 5013 Rodl'rid,
2522 4947 2701 5009 Petto,
2729 4945 3036 5021 Pcronzan,
3055 4949 3333 5013 Frobnoll‘,

1748 5030 1963 5100 Kipiho,
1995 5032 2194 5088 Eccho.
2245 5035 2409 5091 Facta
2462 5050 2640 5095 autem
2689 5054 2831 5092 anno
2884 5043 3100 5104 Domini
3131 5044 3337 5097 iucarn.

1746 5122 1849 5178 8l0
1881 5123 1933 5177 in
1968 5124 2082 5193 ipso
2108 5123 2228 5179 loco
2254 5126 2342 5195 qui
2375 5128 2574 5187 dicitur
2600 5128 2879 5198 Piparodi.

94 4730 263 4792 habere
287 4740 433 4793 visus
459 4754 578 4793 sum
611 4739 663 4792 in
702 4753 862 4808 pago,
890 4737 1151 4793 vocabulo
1199 4738 1474 4810 Raugewi,
1506 4741 1647 4795 infra

95 4823 237 4892 ipsum
281 4845 542 4894 ereinum,
574 4830 834 4900 quidquid
873 4829 1003 4884 milii
1048 4830 1101 4883 in
1133 4828 1321 4884 eodem
1372 4830 1495 4886 loco
1532 4840 1643 4887 tra-

94 4914 232 4973 ditum
260 4920 360 4975 fuit
390 4922 477 4976 ubi
502 4923 606 4978 duo
644 4918 864 4976 ﬂumina
891 4936 1013 4991 qua:
1052 4933 1317 4977 vocantur
1358 4920 1642 4994 Piparodi,

95 5009 356 5075 conﬂuunt,
384 5022 441 5065 ut
472 5013 583 5083 ipse
635 5026 798 5080 supra
830 5012 1007 5067 dietus
1054 5030 1207 5070 meus
1234 5016 1432 5073 missus
1478 5019 1641 5074 Deot-

93 5113 245 5168 pertus
268 5109 474 5163 easdem
508 5123 593 5164 res
628 5122 768 5176 quas
808 5108 1028 5177 prmdixi
1064 5128 1185 5171 cum
1217 5116 1466 5169 omnibus
1508 5120 1643 5174 inte-

96 5196 182 5261 gris
223 5199 284 5254 ad
326 5199 716 5257 monasterium
745 5202 914 5257 sancti
959 5201 1257 5261 Salvatoris
1295 5219 1319 5246 ιι
1366 5214 1510 5279 quod
1557 5220 1643 5265 est

97 5300 411 5348 constructum
433 5294 586 5365 juxta
643 5288 845 5348 ﬂuenta
890 5294 1255 5353 Relttratanze
1298 5299 1385 5355 ubi
1434 5303 1489 5361 in
1544 5304 1639 5359 Dei

98 5384 270 5441 notitiae
304 5387 615 5443 Adalwinus
665 5384 952 5461 episcopus
996 5392 1078 5445 vel
1115 5392 1250 5447 abba
1291 5407 1528 5461 praeesse
1556 5397 1638 5451 vi-

97 5468 224 5534 detur,
250 5493 339 5534 pro
367 5480 553 5518 animm
1251 5482 1279 5490 ·’
1503 5497 1627 5511 .-.η

2029 5253 2158 5310 Car.
2191 5257 2359 5313 ill.—
2383 5260 2466 5318 De
2496 5262 2677 5318 Μανία
2703 5258 2771 5310 ad
2798 5258 3068 5332 Chamba.

1810 5391 1966 5447 Anno
1989 5392 2282 5448 Dominicm
2310 5393 2708 5455 lnearnationis
2733 5395 2867 5466 819,
2904 5422 2963 5467 eg
2988 5421 3147 5473 sexu)
3190 5404 3361 5467 impc‘

2482 5508 2543 5536 np
2592 5496 2744 5520 ﬁne-lin

1738 5485 1803 5514 σιδῖ
1834 5483 2131 5520 ηΙιιιΙιιινῖηἷ
2180 5485 2400 5528 ΔησιιαΙί
