3930 5654
545 401 652 458 903

1537 393 1836 449 ANAMODI
1874 390 2121 449 llATlSP

2227 391 2417 448 ENSIS
2457 388 2866 448 SUJDIACONI
3708 384 3793 443 θαι

547 520 632 566 ter
653 509 790 565 duas
812 520 999 578 aquas,
1028 503 1082 560 id
1111 511 1216 570 est,
1247 502 1387 558 inter
1411 501 1726 570 Gcwinaha,
1755 516 1809 560 et
1832 502 2124 573 Marclaha,
2156 512 2201 572 Λ
2230 502 2375 559 αλιι·
2401 503 2486 559 IV.
2528 536 2598 545 —
2635 503 2988 560 Commutatio
3003 503 3165 578 inter
3181 500 3586 578 {linbrichonm
3627 502 3793 572 epim-

544 612 603 659 et
640 599 872 657 habebat
893 612 1077 653 secum
1106 592 1403 651 Rodoldum
1453 604 1786 660 venatorem,
1838 610 2049 651 necnon
2076 604 2132 651 et

543 692 824 748 Bettonem
856 687 1141 751 vicarium,
1172 684 1382 741 scilicet
1411 694 1465 740 et
1496 684 1719 741 missum
1768 683 2018 742 llattonis
2040 700 2134 742 co-

544 783 712 846 mitis,
739 778 954 834 nomine
982 774 1364 837 lliltirochum,
1393 789 1554 844 quem
1582 775 1696 846 ipse
1719 773 1881 830 llatto
1905 775 2132 832 commi-

543 880 691 926 serat
717 870 786 924 ad
814 868 1065 923 eumdem
1093 865 1336 921 Cltambe
1361 865 1562 930 locum,
1591 874 1651 920 ιιι
1676 866 1889 921 audiret
1915 865 2130 936 qualem

542 964 660 1032 ipse
688 961 974 1030 episcopus
998 973 1120 1013 cum
1147 956 1253 1011 illis
1283 956 1473 1011 vicinis
1502 955 1728 1011 haberet
1752 956 2017 1012 rationem
2037 956 2131 1028 qui

539 1066 904 1109 couunarcam
956 1049 1127 1105 sancti
1170 1048 1314 1103 l'etri
1370 1046 1598 1117 apostoli
1636 1055 1690 1102 et
1724 1049 1868 1104 beati
1916 1049 2130 1105 Emme-

540 1144 737 1199 rammi
771 1143 1026 1215 martyris
1052 1143 1249 1214 injuste
1275 1142 1490 1197 sibimet
1519 1152 1933 1212 usurpaverunt.
1958 1141 2131 1198 Vene-

540 1243 669 1291 runt
693 1233 857 1289 etiam
893 1241 949 1289 et
987 1232 1061 1287 illi
1090 1233 1182 1304 qui
1216 1232 1410 1304 injuste
1447 1233 1691 1288 eamdem
1740 1248 2126 1299 commarcam,

538 1326 682 1381 ultra
720 1318 873 1397 quod
892 1325 1212 1391 debuerant,
1240 1325 1672 1395 exstirpaverunt
1717 1333 1904 1380 contra
1934 1325 2127 1396 legem.

538 1416 597 1472 Id
620 1428 746 1473 sunt
774 1416 1058 1487 Ratpreht,
1094 1414 1285 1481 Scurz,
1319 1414 1646 1485 Engilmunt,
1675 1414 1843 1486 Tago,
1873 1415 2125 1480 ltihbart,

539 1510 775 1581 Liupger
795 1552 810 1573 ,
855 1508 1011 1563 Meio.
1041 1507 1108 1562 Et
1133 1508 1298 1577 carpit
1324 1507 1609 1577 episcopus
1637 1505 1922 1560 Baturicus
1950 1504 2131 1575 inqui-

540 1618 661 1659 rere
686 1603 857 1673 ipsam
886 1615 1252 1657 commarcatu
1281 1608 1449 1655 totam
1480 1614 1577 1669 per
1605 1598 1785 1653 omnia
1811 1637 1827 1664 ,
1862 1598 2127 1668 quemad-

538 1694 757 1749 modum
785 1710 905 1750 eam
937 1692 1143 1748 Tessilo
1180 1692 1287 1747 dux
1332 1705 1596 1747 renovans
1624 1690 1914 1746 anterioris
1962 1690 2130 1746 tradi-

538 1783 743 1838 tionem
767 1783 925 1839 beato
952 1784 1186 1839 restituit
1212 1782 1612 1838 Emmerammo
1636 1798 1736 1852 pro
1756 1796 1854 1837 sua
1881 1796 2128 1839 suorum-

536 1893 643 1948 que
689 1876 869 1932 anima
911 1885 1214 1948 parentum.
1265 1876 1333 1931 Et
1380 1892 1501 1930 cum
1548 1876 1674 1931 hinc
1705 1884 1761 1931 et
1804 1875 1927 1930 inde
1973 1874 2126 1945 plura
2156 1880 2202 1940 Β

536 1966 892 2038 loquerentur
918 1977 1025 2021 tam
1051 1966 1145 2036 qui
1179 1963 1377 2033 injuste
1403 1979 1707 2034 possessam
1742 1974 1797 2019 et
1824 1978 2125 2035 proprzece-

535 2070 683 2130 ptam
713 2059 956 2113 eamdem
987 2058 1290 2112 habuerunt
1318 2073 1478 2127 quam
1508 2057 1562 2112 hi
1605 2058 1696 2125 qui
1737 2058 1935 2114 iterum
1967 2057 2125 2113 beato

537 2149 700 2204 Petro
725 2160 779 2204 et
810 2160 999 2205 sancto
1026 2149 1426 2203 Emmeranuuo
1445 2148 1712 2218 justitiam
1743 2166 1896 2205 suam
1943 2149 2124 2220 cupie-

537 2251 664 2295 runt
699 2240 851 2310 juxta
897 2239 1065 2310 legem
1118 2238 1467 2294 Beoariorum
1494 2280 1509 2304 ,
1558 2240 1795 2295 surrexit
1840 2240 2124 2295 Baturieus

535 2334 822 2404 episcopus
846 2342 899 2388 et
918 2332 1113 2388 Rodolt
1136 2348 1243 2387 una
1273 2348 1395 2387 cum
1423 2332 1647 2387 Bettone
1672 2342 1725 2387 et
1755 2331 2045 2398 lliltirobo,
2069 2344 2125 2388 ct

536 2435 807 2489 venerunt,
830 2425 1079 2495 primi;us
1123 2432 1313 2480 contra
1350 2424 1689 2480 occidentem
1724 2423 1791 2477 ad
1815 2422 1960 2478 illam
1993 2423 2122 2478 stir-

534 2530 659 2587 pem
675 2531 836 2585 quam
858 2514 1215 2571 Gcwiuahare
1237 2512 1488 2583 injustam
1515 2521 1829 2583 usurpatam
1865 2514 2120 2579 habebat,

537 2622 706 2676 usque
728 2607 796 2661 ad
826 2607 998 2677 ipsum
1024 2606 1194 2660 rivum
1221 2603 1511 2660 Gewinaha
1531 2645 1545 2669 ,
1576 2614 1631 2660 et
1658 2604 1729 2659 ibi
1766 2602 1903 2659 dixit
1929 2602 2122 2659 Rodolt

534 2708 591 2753 et
630 2698 785 2754 Betto
823 2698 963 2767 quod
1000 2712 1304 2753 commarca
1355 2696 1591 2752 Baturici
1631 2696 1867 2767 episcopi
1906 2696 2121 2752 debuis-

535 2799 619 2847 set
649 2806 771 2847 esse
798 2790 868 2844 ad
890 2789 1036 2846 illam
1068 2790 1285 2844 domum
1330 2789 1443 2852 Dei,
1475 2798 1662 2843 contra
1691 2787 1972 2844 meridiem
2000 2804 2120 2843 sur-

534 2900 651 2941 sum
673 2884 827 2955 juxta
856 2884 1027 2937 rivum
1054 2898 1223 2953 usque
1243 2883 1309 2936 ad
1337 2882 1484 2937 illum
1510 2881 1704 2947 locum.
1722 2881 1811 2936 ubi
1832 2882 1945 2951 ipse
1973 2880 2120 2935 rivus

533 2978 795 3043 exoritur,
825 2986 880 3032 et
908 2977 1029 3032 inde
1054 2976 1250 3031 Rodolt
1273 2986 1328 3031 et
1352 2976 1794 3053 Bettoduxeruut
1819 2974 2117 3030 Bituricum

533 3068 845 3137 episcopum
880 3076 1067 3122 contra
1107 3067 1372 3123 orientem
1416 3080 1584 3136 usque
1622 3068 1689 3119 ad
1715 3064 2008 3121 Marclaha.
2054 3064 2123 3118 Et

534 3157 976 3227 dixeruntquod
1024 3173 1331 3213 commarca
1387 3157 1554 3227 ipsius
1597 3157 1833 3228 episcopi
1879 3157 2117 3212 Baturici

534 3244 979 3315 deberetveuire
1007 3247 1059 3301 in
1104 3246 1339 3301 medium
1385 3248 1580 3312 rivum,
1614 3247 1716 3300 hoc
1754 3256 1868 3312 est,
1899 3247 1950 3300 in
1982 3246 2115 3301 Mar-
2148 3263 2191 3326 ρ

532 3336 708 3391 clalta.
738 3336 815 3411 Et,
835 3337 957 3392 inde
987 3338 1254 3392 duxerunt
1279 3337 1528 3392 eumdem
1551 3338 1864 3407 episcopum
1892 3339 1980 3392 ubi
2007 3338 2120 3407 ipse

540 3429 693 3483 rivus
714 3428 768 3482 in
794 3428 983 3503 eodem
1012 3436 1195 3484 monte
1222 3429 1416 3497 ‘orjtur.
1450 3428 1517 3483 Et
1544 3428 1798 3485 dixerunt
1840 3429 2037 3486 Rodolt
2064 3440 2118 3487 ct

532 3516 692 3575 Bctto
718 3533 732 3572 :
763 3518 865 3573 ista
889 3534 1194 3575 commarca
1226 3519 1385 3575 debet
1405 3535 1524 3575 csse
1547 3535 1644 3590 per
1680 3520 1841 3576 istum
1886 3522 2121 3576 medium

534 3617 772 3664 montem
804 3608 1004 3675 Bosun,
1038 3610 1091 3665 id
1139 3618 1226 3664 est
1266 3607 1439 3665 de‘eo
1467 3610 1583 3666 loco
1627 3610 1713 3665 ubi
1762 3610 2036 3665 Marclaba
2068 3612 2120 3665 in

529 3698 714 3770 Regan
744 3698 964 3757 ﬂuvium
996 3702 1182 3768 cadit,
1233 3718 1403 3772 usque
1433 3705 1500 3758 ad
1544 3702 1659 3771 jam
1693 3704 1896 3758 dictum
1943 3702 2119 3758 locum

532 3804 724 3850 contra
761 3796 1061 3862 meridiem,
1114 3806 1170 3851 et
1204 3796 1399 3851 deinde
1450 3811 1544 3865 per
1596 3797 1829 3851 medium
1883 3807 2119 3852 montem

532 3884 587 3938 in
619 3886 879 3941 orientem
908 3902 1077 3956 usque
1101 3886 1168 3939 ad
1210 3902 1334 3941 eum
1366 3887 1542 3942 locum
1571 3889 1658 3941 ubi
1684 3886 1981 3943 Gcwiuaha
2028 3903 2122 3942 cx-

531 3978 733 4038 oritur;
764 3986 818 4033 et
853 3977 976 4031 inde
1011 3977 1063 4030 in
1101 3976 1348 4031 orientali
1380 3986 1534 4047 parte
1573 3978 1738 4046 ipsius
1771 3994 1925 4048 aqtue
1953 3994 2122 4049 usque

534 4070 600 4124 ad
635 4069 835 4123 ﬂumen
864 4066 1048 4138 Regan
1098 4067 1189 4121 ubi
1225 4067 1340 4136 ipsa
1377 4066 1672 4122 Gewiuaha
1710 4068 1898 4124 introit
1920 4069 1973 4124 iu
2017 4069 2122 4124 Re-

533 4177 660 4233 gan.
688 4160 841 4215 Tunc
865 4158 1004 4213 dixit
1027 4156 1222 4213 Rodolt
1255 4168 1306 4213 et
1352 4158 1505 4213 Bello
1534 4176 1548 4213 :
1598 4158 1706 4214 Nos
1728 4161 1989 4215 audemus
2021 4162 2122 4216 hoc

531 4252 712 4307 dicere
752 4258 809 4304 et
836 4248 1178 4314 confirmare,
1210 4248 1422 4305 etiamsi
1467 4249 1629 4304 fuerit
1672 4265 1854 4305 coram
1890 4251 2120 4307 Domino

531 4346 883 4416 imperatore,
914 4342 1058 4413 quod
1082 4342 1184 4399 ista
1219 4342 1398 4396 omnis
1423 4358 1754 4409 commarca,
1796 4344 1938 4399 sicut
1978 4344 2123 4398 hunc

530 4436 777 4490 eumdem
811 4434 1121 4504 episcopum
1150 4430 1461 4488 Baturicum
1491 4434 1960 4490 circumducentes
1991 4448 2120 4489 con-

531 4527 885 4598 signavimus,
929 4524 1089 4579 debet
1133 4524 1430 4579 consistere
1477 4539 1599 4578 cum
1625 4524 1771 4579 omni
1791 4524 2002 4595 justitia
2049 4523 2119 4579 ad

2761 592 2887 647 pum
2914 584 2962 628 et
2994 572 3303 645 Egilolftmt.

2302 727 2599 784 Fructuosa
2626 727 2780 785 valde
2804 743 2869 783 ac
2901 727 3125 784 nimium
3148 728 3298 785 utilis
3327 729 3661 784 consuetudo
3685 729 3791 785 olim

2233 820 2374 873 inter
2441 819 2691 875 homines
2761 820 3061 876 inoleverat
3123 820 3496 881 commutandi
3572 822 3795 879 videlicet

2231 911 2493 980 quasdam
2531 926 2619 967 res
2666 928 2763 983 pro
2804 912 3086 968 ambarum
3127 914 3537 986 opportunitate
3564 915 3792 984 partium.

2232 998 2357 1057 llzec
2398 1004 2601 1057 etenim
2642 1003 2915 1058 modernis
2958 1005 3291 1073 temporibus
3332 1005 3583 1061 crebrius
3610 1020 3673 1059 ac
3697 1021 3796 1060 cre-

2230 1091 2382 1146 brius
2401 1092 2767 1161 piissimorum
2792 1093 3010 1149 licentia
3043 1110 3225 1165 regum
3255 1094 3543 1151 coniicitur
3572 1094 3796 1166 frequen-

2233 1182 2550 1254 tissimoque
2590 1186 2732 1239 inter
2777 1184 3036 1240 nobilium
3077 1187 3407 1242 substantias
3442 1197 3606 1257 atque
3648 1187 3796 1242 eccle-

2230 1276 2444 1331 siastica
2453 1293 2569 1331 rum
2587 1292 2767 1332 rerum
2782 1280 3058 1347 portiones
3077 1279 3390 1350 contingere
3404 1279 3566 1334 solet.
3591 1278 3797 1334 Proinde

2229 1381 2359 1438 ergo
2386 1368 2603 1437 quidam
2641 1368 2724 1422 vir
2765 1368 2980 1434 nobilis,
3014 1370 3230 1425 nomine
3266 1368 3554 1440 Egilolfus,
3602 1370 3798 1427 tradiﬁt

2231 1458 2301 1512 ad
2362 1468 2609 1514 sanctum
2674 1458 2891 1514 Petrum
2952 1461 3253 1531 apostolum
3312 1470 3670 1531 sanctumque
3716 1460 3794 1517 Dei

2231 1560 2526 1620 martyrem
2566 1550 3029 1609 Emmerammum
3065 1552 3225 1608 talem
3266 1552 3657 1624 proprietatem
3682 1567 3797 1623 qna-

2230 1640 2335 1696 lem
2376 1642 2565 1697 habuit
2587 1642 2740 1712 juxta
2772 1644 2970 1700 ﬂuenta
3000 1646 3224 1702 Labarae
3255 1657 3310 1701 et
3340 1646 3498 1715 juxta
3528 1646 3698 1702 locum
3716 1652 3794 1718 qui

2231 1732 2429 1789 dicitur
2464 1734 2597 1790 Perc
2633 1736 2686 1790 in
2710 1753 2929 1792 manum
2951 1739 3334 1796 Ambricltonis
3354 1741 3680 1796 venerabilis
3700 1742 3796 1811 epi-

2231 1825 2377 1895 scopi
2399 1833 2455 1880 et
2476 1827 2720 1881 advocati
2747 1825 2864 1895 ejus
2884 1827 3123 1884 llelirici.
3137 1828 3194 1884 ld
3212 1840 3299 1885 est
3322 1847 3336 1885 :
3365 1846 3614 1897 areasrv,
3628 1829 3793 1885 Poma-

2233 1917 2311 1970 ria
2337 1932 2395 1983 ll,
2428 1927 2588 1973 terrae
2617 1920 2839 1976 arabilis
2857 1918 3053 1993 jugera
3073 1937 3197 1988 cu,
3232 1922 3529 1978 Pratorum
3545 1924 3725 1994 jugera
3744 1940 3790 1987 ι..

2158 2050 2161 2053 .
2231 2006 2377 2062 silva:
2423 2006 2718 2065 fructifera:
2748 2010 2940 2082 jugera
2980 2029 3188 2079 Lxxxu,
3238 2014 3439 2071 molam
3485 2031 3530 2081 ι,
3580 2015 3793 2085 nihilque

2227 2110 2383 2155 extra
2427 2101 2724 2169 dimittens,
2774 2104 2900 2169 viis,
2949 2108 3198 2176 pascuis,
3244 2106 3427 2175 aquis,
3486 2121 3792 2176 aquarenve

2227 2189 2546 2247 decursibus
2563 2194 2694 2264 quin
2723 2195 2907 2250 omnia
2928 2209 2993 2250 ex
3021 2196 3231 2265 integro
3258 2197 3387 2252 illuc
3409 2197 3788 2256 traitsfudisset.

2227 2281 2271 2336 Ε
2310 2292 2499 2338 contra
2544 2299 2674 2340 vero
2716 2284 2984 2343 llelfricus
3025 2296 3187 2357 atque
3229 2288 3345 2359 Ogo
3371 2304 3500 2343 cum
3546 2304 3790 2344 causam

2225 2376 2428 2432 domini
2450 2378 2532 2432 sui
2562 2378 2800 2450 episcopi
2823 2380 3159 2445 tradiderunt
3178 2381 3353 2436 eidem
3376 2380 3546 2436 nobili
3566 2382 3633 2437 de
3652 2380 3791 2437 rebus

2225 2466 2599 2537 praedictorum
2640 2479 2989 2535 sanctorum,
3034 2470 3087 2524 id
3123 2478 3209 2524 est
3264 2470 3331 2525 ad
3370 2469 3789 2533 Talachiriclma.

2224 2572 2408 2614 aream
2436 2574 2476 2624 ι,
2516 2567 2676 2614 terra:
2712 2558 2933 2615 arabilis
2964 2558 3154 2631 jugera
3188 2575 3393 2628 cccxx,
3443 2571 3713 2631 pratorum
3740 2578 3786 2624 ι.

2223 2648 2371 2704 silvae
2414 2648 2706 2705 fructiferae
2752 2649 2870 2721 jug.
2898 2667 2977 2719 Vl,
3023 2651 3394 2708 molendinum
3444 2652 3625 2712 locum
3664 2671 3702 2717 ι,
3740 2661 3790 2707 et

2222 2741 2367 2796 viam
2404 2739 2473 2794 ad
2505 2741 2649 2796 illius
2686 2741 2932 2797 ecclesia:
2973 2741 3251 2798 introitum
3301 2743 3358 2797 in
3406 2742 3683 2798 latitudine
3707 2758 3786 2813 pb

2224 2833 2350 2888 dum
2382 2847 2457 2897 vt,
2489 2842 2644 2888 extra
2672 2834 2951 2891 dimittens
2981 2844 3165 2889 autem
3202 2834 3456 2890 eamdem
3503 2835 3784 2895 ecclesiam.

2224 2939 2288 2979 ac
2316 2924 2552 2980 areolam
2578 2940 2617 2991 ι,
2642 2934 2700 2980 et
2726 2922 3058 2980 territorium
3079 2925 3254 2998 juger.
3282 2941 3413 2991 xxx,
3445 2934 3614 2997 atque
3630 2936 3787 2982 extra-

2225 3034 2387 3075 neas.
2431 3019 2839 3089 inquisitiones,
2886 3018 3145 3089 quidquid
3214 3029 3553 3089 praecaptum
3600 3018 3784 3075 fuisset.

2224 3111 2432 3167 Caetera
2479 3125 2607 3166 vero
2659 3113 2844 3167 omnia
2886 3110 3114 3181 prtefato
3159 3109 3391 3182 Egilolfo
3426 3111 3483 3165 in
3534 3111 3786 3182 proprium

2218 3200 2343 3271 jure
2368 3211 2627 3273 perpetuo
2651 3201 3033 3273 possidendum
3064 3202 3538 3258 contradiderunt.
3573 3201 3787 3256 Testitum

2224 3315 2439 3370 quoque
2469 3300 2686 3354 nomina
2728 3308 2855 3353 sunt
2880 3298 2996 3353 Ιιειξο
3021 3317 3032 3350 :
3059 3298 3252 3362 Pallio,
3285 3297 3423 3369 Ogo,
3472 3297 3640 3367 Papo,
3668 3296 3789 3364 Sigi-

2222 3394 2369 3466 pold,
2417 3393 2619 3456 Nanzo,
2665 3394 2933 3458 Fastmot,
2984 3390 3268 3458 Macbelm,
3324 3390 3596 3455 Wicram,
3646 3390 3787 3445 Laut.

2222 3490 2400 3559 perht,
2425 3488 2645 3553 Rihker,
2671 3487 3006 3557 Amalperht,
3029 3487 3152 3551 Ato,
3181 3486 3523 3559 Engilperbt,
3548 3485 3785 3546 Rodium,

2223 3581 2552 3653 Engilscalh,
2607 3578 2876 3644 Lantfrid,
2922 3579 3189 3644 Swidker,
3232 3579 3509 3643 Adalbob,
3561 3578 3784 3641 liildreri,

2221 3674 2485 3745 Egilheltn
2513 3714 2527 3738 ,
2582 3672 2840 3739 Eliudeo,
2890 3671 3197 3735 Rodtuuut,
3255 3671 3504 3734 Antltat,
3552 3669 3785 3729 ﬂeriwic.

2225 3766 2428 3831 Walto,
2455 3764 2805 3836 Wegalanzo,
2839 3764 3025 3830 Immo,
3054 3763 3345 3833 Peregbcr,
3388 3760 3644 3833 Otperth,
3668 3760 3787 3815 Ger—

2223 3859 2422 3923 nando,
2451 3856 2778 3927 Lantpertus
2813 3865 2991 3911 autem
3041 3854 3209 3909 frater
3233 3856 3481 3924 ejusdem
3512 3852 3715 3925 Egilolli
3737 3860 3787 3905 et

2220 3949 2469 4006 Adalbun
2507 3962 2704 4003 vassus
2747 3946 2984 4018 episcopi
3034 3946 3381 4015 ﬁdejussorcs
3421 3956 3481 4001 et
3524 3947 3785 4002 vcstitorcs

2220 4042 2563 4106 exstiterunt.

2219 4179 2348 4234 Cxp.
2384 4176 2449 4231 V.
2476 4174 3134 4248 -ίίοοηριαι-ἰιαιὶολὶκιςτ
3168 4175 3575 4235 Ambrichouem
3610 4179 3783 4248 episto-

2728 4262 2853 4316 pum
2878 4257 2925 4300 et
2950 4245 3301 4300 Arndeouem.

2294 4360 2682 4417 Nonnullorum
2731 4360 3028 4431 comperiat
3071 4361 3337 4417 industria
3389 4362 3631 4419 ﬁdelium
3668 4379 3786 4436 pr:-

2220 4446 2393 4509 sentis
2435 4451 2739 4508 concambii
2780 4450 3091 4522 qualitatem
3137 4452 3280 4521 quod
3322 4454 3623 4509 secundum
3660 4453 3781 4508 anti-

2219 4559 2384 4614 quam
2410 4558 2533 4613 quae
2565 4542 2695 4597 olim
2737 4543 2877 4613 apud
2905 4543 3151 4599 homines
3180 4543 3481 4601 inoleverat
3524 4555 3785 4603 consueta-

531 4614 1030 4709 ??‘lcwlltpeu'um
1056 4623 1118 4709 {ii
1151 4625 1398 4669 ⁸³¹¹⁰ιυ¹¹¹
1427 4613 1887 4709 εωιηθηπηνιηη
1923 4616 2117 4709 iniri“
2148 4619 2195 4677 ί)
2221 4613 2402 4691 dinem
2452 4644 2729 4707 peractmn
2758 4645 2841 4690 est
2884 4636 2987 4690 hoc
3015 4637 3195 4691 modo.
3246 4637 3417 4708 Igitur
3462 4641 3681 4709 quidam
3716 4639 3785 4693 vir

530 4707 733 4762 ditione
770 4707 965 4761 ducum
990 4706 1081 4776 qui
1108 4706 1264 4760 istam
1305 4706 1536 4775 patriam
1584 4708 1958 4777 possederunt.
1985 4707 2114 4763 Haec

531 4806 657 4851 sunt
681 4796 899 4851 nomina
944 4810 1133 4851 eorum
1162 4796 1253 4865 qui
1299 4796 1588 4851 audierunt
1629 4798 1897 4854 rationem
1929 4798 2110 4864 istam,

529 4894 586 4940 et
613 4886 1072 4942 cavallicaverunt
1114 4885 1257 4941 illam
1291 4901 1675 4953 commarcam,
1705 4900 1761 4944 et
1806 4889 2025 4944 fuerunt
2057 4890 2110 4945 in

532 4976 635 5031 ista
659 4977 883 5048 pireisa,
914 4978 1000 5033 die
1055 4976 1307 5032 Mercurii
1355 4994 1446 5032 xrx
1495 4978 1614 5033 Kal.
1653 4980 1774 5035 Jan.
1829 4980 2114 5035 Baturicus

532 5067 854 5136 episcopus,
905 5066 1063 5141 Welo
1118 5068 1399 5139 presbyter
1444 5078 1500 5123 et
1548 5072 1888 5137 monachus,
1949 5071 2113 5126 David

456 5148 465 5153 ’
532 5155 813 5224 presbyter
834 5165 889 5209 et
932 5158 1246 5224 monachus,
1278 5157 1462 5214 Folrat
1495 5160 1798 5230 presbyter,
1842 5160 2116 5230 Couperht

535 5245 817 5314 presbyter
862 5255 916 5299 et
960 5251 1288 5315 monachus,
1346 5249 1557 5306 lluurih
1609 5253 1925 5306 monachus.
1980 5252 2111 5307 ltem

536 5330 767 5393 Rodolt,
798 5332 983 5398 Betto,
1024 5335 1282 5404 Hiltiroh,
1316 5340 1512 5405 immo,
1566 5342 1814 5398 Bultlt‘altl
1840 5382 1856 5407 ,
1900 5342 2112 5409 Pillinc,

540 5419 717 5486 Meiul,
755 5419 1093 5491 Fridaperht,
1128 5428 1434 5502 Welagrim,
1468 5433 1778 5505 Cotaperlit,
1809 5436 1942 5490 Avo.
1979 5437 2112 5493 ltem

540 5511 855 5570 Οοιιιοενιιι.
892 5516 1222 5577 Amalnerltt.
1263 5523 1497 5574 “mllmll'
1564 5528 1843 5584 Irminnlf.
1872 5528 2112 5582 Baldrih-

2221 4729 2417 4785 nubilis
2455 4728 2673 4783 nomine
2710 4727 2927 4783 Arudeo
2958 4729 3177 4782 tradidit
3214 4730 3279 4782 ad
3319 4728 3377 4785 S.
3410 4729 3632 4786 Petrum
3671 4746 3783 4801 apo-

2216 4820 2411 4875 stolum
2442 4835 2506 4874 ac
2544 4828 2837 4888 martyrem
2866 4819 2956 4873 Dei
2990 4819 3473 4891 Emmerammum,
3502 4824 3558 4877 in
3587 4839 3782 4877 manum

2220 4909 2467 4964 videlicet
2489 4906 2872 4963 Ambricbonis
2907 4909 3232 4964 venerabilis
3258 4913 3500 4984 episcopi
3529 4923 3584 4969 et
3617 4913 3782 4968 vicarii

2219 4997 2550 5070 ejusOgonis
2568 4996 2739 5053 talem
2764 4995 3158 5068 proprietatem
3183 5002 3399 5071 qualem
3428 5019 3553 5059 eum
3583 5003 3782 5072 conjuge

2223 5105 2323 5144 sua
2346 5092 2789 5160 consequebatur
2828 5093 2883 5150 in
2918 5092 3043 5149 vico
3070 5091 3333 5164 Hartinga
3370 5108 3695 5167 nuncupato,
3736 5094 3781 5147 id

2222 5188 2305 5233 est
2359 5194 2541 5234 casam
2590 5194 2714 5236 cum
2756 5178 2933 5249 curte,
2965 5179 3124 5237 terrte
3164 5176 3388 5239 arabilis
3436 5184 3626 5255 jugera
3668 5200 3777 5249 xxx,

2220 5269 2505 5324 Pratorum
2556 5272 2735 5327 carrd.
2780 5290 2851 5339 x,
2900 5274 3165 5343 mancipia
3205 5291 3315 5329 \vt.
3364 5275 3406 5330 E
3438 5287 3623 5332 contra
3668 5292 3781 5330 vero

2221 5363 2477 5431 pmlatus
2502 5364 2787 5433 episcopus
2824 5374 2881 5420 et
2905 5365 3140 5420 vicarius
3163 5365 3282 5435 ejus
3321 5367 3440 5439 Ogo
3471 5370 3780 5424 tradiderant:

2221 5452 2395 5508 cidem
2442 5454 2608 5509 nobili
2661 5465 2716 5510 et
2766 5457 2980 5527 conjugi
3030 5472 3163 5522 suae,
3194 5459 3415 5513 nomine
3458 5459 3627 5526 Tota.
3669 5460 3781 5513 illud

2218 5539 2595 5596 beneﬁciolum
2632 5545 2700 5596 ad
2736 5544 2943 5599 Tanna.
2994 5546 3048 5601 id
3086 5555 3196 5598 est.
3243 5564 3432 5605 casam
3462 5567 3587 5606 cum
3624 5560 3778 5613 certe.
