4026 6296
180 313 314 409 ao:~

1082 347 1542 405 TRADITIONES
1582 344 2223 404 EMMERAMMENSES.
2251 377 2320 389 ——
2345 346 2474 405 LIB.
2513 349 2553 404 I.

3346 357 3454 412 906

180 473 399 526 sidcant
450 484 618 538 usque
661 467 726 522 ad
762 468 968 522 nbttutu
1011 482 1188 520 suum.
1234 467 1360 521 Post
1401 478 1579 522 autem
1630 467 1770 520 retli-
1801 468 1846 525 Α
1877 463 2054 520 lacum
2082 464 2217 532 lluit,
2250 481 2420 535 usque
2443 467 2510 521 ad
2535 480 2658 521 eum
2689 466 2866 522 locum
2903 469 2992 524 ubi
3035 469 3210 526 Iscula
3240 471 3292 526 in
3324 473 3460 528 Tru-

181 578 348 636 gatur
409 565 475 619 ad
530 564 817 634 pristinum
884 571 1192 618 sanctorum
1246 563 1421 618 locum
1471 560 1596 628 jure
1649 575 1771 629 per—

182 665 373 724 PClIIO.
884 687 917 713 ο

180 766 321 823 ου.
354 765 442 822 VI.
484 797 549 811 -—
586 767 937 822 Commutatio
978 769 1112 822 inter
1161 768 1558 822 Ambrichonem
1600 783 1679 836 ep.
1725 775 1771 819 et

670 837 945 893 Olitorium
973 840 1288 909 episcopum.

217 927 220 934 I
256 950 560 1005 Fructuosa
585 947 759 1012 valde,
791 955 974 1002 etnon
1003 946 1175 1002 solum
1207 946 1454 1010 honesta,
1485 945 1581 1001 sed
1605 943 1771 1000 etiam

183 1039 416 1093 nimium
465 1038 613 1093 utilis
647 1036 980 1093 consuetudo
1013 1035 1132 1104 jam
1179 1035 1307 1090 olim
1337 1035 1481 1089 inter
1525 1035 1774 1088 homines

184 1127 486 1184 inoleverat
533 1127 903 1184 commutandi
949 1127 1167 1183 scilicet
1211 1126 1470 1196 quasdam
1537 1140 1625 1181 res
1673 1140 1774 1194 pro

183 1219 572 1274 commoditate
593 1228 945 1288 utrarumque
961 1217 1217 1288 partium.
1233 1215 1346 1271 Hac
1369 1215 1534 1286 igitur
1564 1216 1774 1272 ratione

181 1310 440 1376 convenit
471 1311 718 1381 quaedam
760 1310 1115 1366 commutatio
1168 1309 1311 1364 inter
1351 1307 1772 1364 Ambrichonem

185 1399 440 1454 videlicet
455 1400 775 1472 Reginensis
791 1401 1046 1458 Ecclesia:
1061 1401 1445 1472 episcopumet
1466 1398 1746 1455 Otkarium
1757 1441 1772 1464 ,

183 1486 512 1546 Eistatensis
534 1491 788 1547 Ecclesia:
807 1491 1114 1562 praesulem.
1137 1490 1384 1546 Tradidit
1406 1490 1585 1560 itaque
1611 1488 1775 1546 Otlta-

182 1579 386 1634 riuset
418 1581 713 1638 advocatus
739 1580 855 1651 ejus
877 1581 1160 1652 Wicpotus
1200 1580 1361 1636 talem
1379 1581 1773 1652 preprietatem

182 1679 246 1722 ut
277 1684 463 1742 arege
481 1682 763 1728 assecutus
790 1681 875 1728 est
901 1673 966 1728 ad
995 1671 1299 1743 Zullingon,
1326 1681 1380 1726 et
1403 1671 1468 1726 ad
1489 1671 1770 1726 Mammiu-

167 1773 292 1827 ..gon
321 1768 378 1812 et
400 1760 466 1814 ad
493 1759 860 1833 Ustarlingon.
898 1771 954 1819 et
978 1762 1250 1832 mancipia
1277 1778 1374 1825 xx,
1404 1777 1634 1833 quorum
1669 1778 1768 1817 no—

179 1849 334 1902 mina
361 1850 628 1903 sunthaec
652 1863 667 1902 :
694 1849 976 1915 Ratmunt,
995 1851 1232 1916 Ribholl‘,
1254 1849 1526 1916 Adalmot,
1555 1849 1762 1910 Otmar.

179 1938 514 2008 Adalperht,
565 1939 825 2005 Ottnunt,
879 1942 1102 2009 Rodilo,
1141 1943 1362 2012 Alprat,
1416 1942 1766 2012 Liupcundo,

181 2027 468 2098 Wolﬂiup,
501 2029 740 2094 Arnhilt,
765 2029 1025 2100 Gozpirc,
1054 2031 1242 2096 Wasa,
1276 2032 1600 2099 Swanahilt,
1635 2033 1768 2088 Per-

173 2121 398 2190 ‘hetger,
427 2119 608 2184 Rihni,
640 2120 866 2192 Alpwiz,
897 2123 1095 2190 Altrat,
1122 2123 1414 2194 Eparhart,
1439 2125 1768 2195 Cundperbt,

177 2211 525 2266 ad-sanctum
549 2211 800 2268 Petrum.
834 2213 876 2268 Ε
895 2223 1095 2270 contra
1128 2231 1258 2272 vero
1280 2216 1537 2287 prmiatus
1559 2219 1774 2274 Ambri-

177 2301 290 2356 cbo
308 2287 599 2372 episcopus
623 2310 681 2357 et
702 2302 1000 2360 advocatus
1016 2305 1134 2376 ejus
1155 2305 1416 2364 Batoldus
1439 2310 1775 2366 tradiderunt

178 2409 290 2448 una
330 2410 456 2449 cum
496 2410 762 2452 consensu
791 2397 1118 2454 famulorum
1163 2399 1256 2456 Dei
1287 2401 1493 2457 ibidem
1531 2404 1771 2458 servien-

180 2485 323 2540 tium
349 2485 583 2542 Otkario
611 2490 871 2558 praedicto
903 2492 1160 2562 episc0po
1194 2493 1357 2548 talem
1399 2494 1769 2550 haereditatem

179 2587 246 2630 ut
273 2577 436 2631 Tenit
463 2579 680 2646 quidam
719 2580 914 2636 nobilis
948 2582 1014 2636 ad
1046 2582 1104 2638 S.
1134 2582 1358 2639 Petrum
1399 2600 1499 2655 pro
1534 2588 1772 2641 remedio

179 2669 383 2723 animae
410 2685 522 2724 sure
549 2672 874 2728 contradidit
896 2673 962 2727 ad
983 2673 1154 2746 Perga
1175 2683 1231 2730 et
1260 2677 1327 2731 ad
1350 2676 1594 2748 Egiwila,
1628 2677 1771 2732 scili-

178 2760 344 2814 c’etin
362 2761 744 2830 proprietatem
766 2763 1162 2824 habendamret
1177 2767 1444 2837 mancipia
1465 2768 1658 2823 iterum
1676 2785 1768 2834 xx,

179 2865 418 2920 quorum
435 2851 658 2906 nomina
680 2863 806 2907 sunt
828 2854 943 2909 haec
971 2871 984 2908 :
1009 2854 1256 2922 Wolfolt,
1279 2856 1770 2928 IIina,-Cundigart,

181 2940 441 3006 Ruodilo,
463 2941 705 3007 WolfoIt,
731 2942 969 3010 Rihholf,
994 2943 1226 3010 Rodﬂat,
1266 2946 1434 3018 Popo,
1477 2948 1767 3014 Purcman,

179 3032 444 3102 Adalgoz,
487 3032 734 3099 Ncndilo,
762 3025 1002 3105 Alphilt,~
1032 3037 1160 3103 Ala,
1198 3038 1513 3108 chiubart,
1558 3039 1768 3094 Frowi-

1878 570 2000 610 nam
2052 557 2232 621 cadit,
2282 566 2346 612 ut
2397 558 2600 628 absque
2639 557 2798 614 ullius
2848 563 3276 619 contradictione
3335 565 3457 622 illuc

1877 655 2185 714 constaret;
2213 657 2269 704 et
2289 664 2356 705 ex
2387 650 2488 704 alia
2519 657 2672 719 parte
2701 653 2992 708 terminum
3031 655 3256 711 haberet
3285 673 3458 728 usque

1877 734 1944 786 ad
1980 734 2264 805 Wizinpah
2307 735 2398 790 ubi
2449 745 2505 790 et
2551 737 2664 807 ipse
2707 738 2760 792 in
2807 739 3034 796 Atarseo
3076 744 3256 808 vadit,
3293 754 3350 800 et
3388 749 3458 801 ad

1877 824 2040 878 alium
2062 825 2351 895 Wizinpah
2373 840 2542 895 usque
2563 826 2688 882 dum
2713 825 2830 898 ipse
2857 828 2912 883 in
2934 829 3172 886 Trunam
3196 832 3457 900 decurrit,

1879 915 1951 968 ita
1978 913 2258 978 videlicet,
2312 923 2371 971 ut
2419 930 2578 972 nemo
2610 916 2820 974 alienus
2856 918 2910 973 in
2955 921 3059 976 hoc
3100 921 3219 978 lacu
3255 924 3456 994 piscari

1877 1007 2100 1062 auderet
2129 1022 2303 1078 neque
2327 1008 2381 1064 in
2407 1010 2736 1080 supradictis
2765 1011 2898 1069 locis
2923 1015 3268 1071 venationem
3294 1033 3452 1074 exer-

1877 1113 2041 1164 cere,
2087 1099 2182 1154 sed
2223 1099 2464 1168 pleniter
2518 1094 2586 1156 ad
2635 1103 3008 1172 supradictum
3071 1107 3458 1180 archangelum

1877 1196 2176 1242 constaret.
2201 1187 2328 1245 Haec
2351 1190 2570 1247 donatio
2587 1190 2734 1248 facta
2751 1202 2843 1250 est
2865 1195 2932 1250 ad
2963 1183 3296 1254 Rantcsdorl'
3312 1214 3459 1256 anno

1876 1278 2088 1334 Domini
2117 1279 2243 1337 89.9.

1875 1403 2004 1460 CAP.
2034 1403 2167 1460 VIII.
2196 1437 2268 1446 —
2288 1405 2639 1488 Commutatio
2673 1411 2808 1488 inter
2833 1413 3234 1471 Ambricltonem
3261 1418 3461 1488 episco-

2359 1496 2484 1549 pum
2513 1491 2561 1535 et
2589 1481 2973 1553 Amalpertunt.

1935 1599 2244 1656 ‘Fructuosa
2263 1602 2428 1678 valde
2457 1611 2508 1658 et
2534 1604 2760 1663 nimium
2790 1603 3129 1667 rationabilis
3155 1611 3285 1668 olim
3314 1615 3460 1670 inter

1875 1689 2123 1746 homines
2157 1693 2359 1749 iuolere
2409 1683 3032 1765 cmperatconsuetudo
3087 1706 3460 1760 commutandi

1875 1781 2128 1839 videlicet
2161 1785 2425 1854 quasdam
2477 1802 2564 1843 res
2607 1804 2708 1858 pro
2741 1790 3035 1846 ambarum
3071 1792 3306 1850 utilitate
3326 1810 3478 1866 par--

1879 1873 2034 1928 tium.
2063 1874 2178 1930 Hoc
2208 1876 2373 1931 etiam
2422 1893 2610 1950 regum
2653 1881 2940 1949 celsitudo,
2969 1899 3092 1939 cum
3116 1885 3174 1938 in
3221 1885 3454 1942 diversis

1879 1973 2146 2021 terrarum
2211 1967 2346 2024 locis
2405 1969 2656 2026 homines
2722 1974 2911 2030 eodem
2988 1991 3088 2032 usu
3141 1977 3456 2041 utebantur,

1877 2057 2110 2113 maxime
2134 2059 2186 2113 in
2217 2059 2598 2117 ecclesiasticis
2633 2065 2792 2120 rebus
2816 2065 2931 2121 ﬁeri
2959 2067 3196 2123 decrevit
3221 2076 3280 2123 et
3303 2068 3463 2138 quin-

1877 2163 1984 2218 que
2032 2149 2294 2206 hobarum
2348 2154 2725 2224 supplemento
2773 2157 2825 2212 id
2886 2167 3140 2216 constare
3187 2162 3460 2232 permisit.

1877 2239 2108 2297 Proinde
2136 2243 2300 2314 igitur
2337 2246 2555 2314 quidam
2593 2249 2804 2314 nobilis,
2853 2252 3070 2308 nomine
3093 2253 3460 2326 Amalpertus,

1878 2333 2099 2389 tradidit
2139 2335 2207 2389 ad
2253 2345 2496 2392 sanctum
2534 2337 2626 2394 Dei
2661 2350 2955 2413 martyrem
2996 2344 3460 2401 Emmerammum

1876 2425 2233 2494 proprietates
2261 2441 2407 2492 suas,
2439 2443 2573 2498 quas
2595 2432 2661 2484 ad
2679 2431 2882 2504 Perga,
2909 2441 2968 2487 et
2994 2433 3268 2504 Hasalpah
3299 2444 3463 2505 atque

1875 2513 2300 2573 Ganuninchova
2329 2518 2539 2586 habere
2565 2523 2713 2578 visus
2739 2532 2844 2578 est.
2877 2523 2934 2578 In
2961 2525 3106 2580 areis
3134 2541 3368 2596 namque
3395 2541 3461 2582 ac

1875 2605 2121 2662 domibus
2146 2622 2268 2662 cum
2295 2609 2562 2668 universis
2589 2613 2745 2668 simul
2766 2615 2991 2681 aedibus,
3018 2617 3260 2688 exceptis
3277 2625 3472 2674 autem

1876 2707 2156 2750 servorum
2215 2699 2642 2769 mansiunculis,
2695 2704 2904 2775 reliqua
2973 2721 3104 2762 vero
3153 2709 3335 2764 omnia
3389 2708 3470 2764 ad

1876 2789 2244 2857 supradictum
2274 2803 2524 2848 sanctum
2570 2799 2891 2854 contradidit
2937 2808 3101 2871 atque
3143 2801 3459 2868 transiudit,

1877 2877 2036 2930 terris
2065 2877 2225 2932 cultis
2250 2888 2305 2934 et
2333 2881 2567 2948 incultis,
2594 2886 2784 2956 pratis,
2815 2886 2988 2953 silvis,
3014 2892 3250 2960 pascuis,
3281 2893 3459 2962 aquis,

1877 2981 2247 3038 aquarumque
2293 2969 2632 3041 decursibus,
2687 2975 3027 3046 molendinis,
3077 2981 3212 3036 nihil
3239 2983 3458 3051 quidem

1875 3057 2308 3125 praetermittens,
2341 3059 2436 3116 sed
2457 3069 2651 3118 cuncta
2671 3065 2738 3119 ad
2763 3075 3010 3122 sanctum
3035 3068 3116 3125 bis
3143 3071 3470 3140 praedictum

181 3123 308 3234 lci":
351 3123 636 3234 lst‘nhlarl,‘
659 3125 940 3192 Machelm,
981 3128 1310 3231 Adalswind,
1347 3129 1558 3234 ﬂebat),
1605 3132 1767 3188 Odal-
1798 3171 1848 3234 ο
1878 3123 2098 3200 tradidit
2146 3146 2199 3200 in
2242 3163 2402 3204 manu
2431 3150 2810 3210 Ambricbonis
2846 3123 3461 3229 venerabilisepiscopi

177 3213 366 3282 perm.
410 3213 475 3267 Et
501 3213 587 3284 (ut
620 3215 734 3271 haec
779 3219 1132 3276 commutatio
1168 3228 1224 3274 et
1253 3222 1612 3277 commoditas
1653 3239 1768 3277 am-

183 3306 378 3356 barum
406 3306 640 3372 partium
673 3307 984 3364 inconvulsa
1012 3321 1347 3379 permaneat,
1377 3313 1580 3382 placuit
1607 3323 1770 3372 testes

180 3394 447 3448 adbibere
468 3412 695 3466 quorum
719 3400 938 3454 nomina
964 3401 1052 3455 hic
1072 3411 1200 3458 sunt
1234 3405 1484 3476 insignita
1512 3425 1525 3460 :
1557 3407 1767 3473 Fritilo,

180 3481 356 3552 Papo,
415 3485 542 3539 item
591 3485 758 3558 Papo,
809 3489 1126 3561 Wolfdregi,
1183 3493 1386 3549 iterum
1449 3497 1768 3570 Wolfdregi,

182 3571 596 3644 Erchanperht,
659 3577 1027 3650 Cbuniperht,
1108 3583 1437 3656 Reginpold,
1501 3587 1769 3655 lrminolt,

182 3665 456 3737 Reginoll‘,
487 3668 746 3735 Dtachar,
789 3671 1040 3743 Adalger,
1079 3672 1279 3741 Masso,
1316 3675 1567 3748 Patager,
1606 3677 1771 3734 Odal-

181 3756 366 3823 perht,
388 3753 590 3820 Arfrid,
617 3759 902 3825 Macbclm,
923 3763 1173 3832 Otperht,
1189 3763 1436 3831 ilartrih,
1463 3767 1764 3834 Mahall’rid,

181 3845 452 3913 Irminolt,
481 3847 736 3913 Otachar,
761 3849 1100 3923 Heimperht.
1133 3855 1328 3910 Actum
1358 3866 1442 3912 est
1472 3858 1525 3913 in
1553 3859 1759 3932 Regina

178 3939 408 3996 civitate
444 3939 600 4010 juxta
651 3941 822 4000 aitare
872 3945 932 4000 S.
981 3945 1150 4014 Petri,
1203 3966 1345 4005 anno
1394 3951 1604 4008 Incarn.
1659 3955 1737 4010 Do

180 4030 320 4084 mini
351 4031 478 4087 863.

205 4169 349 4238 Car.
374 4183 484 4241 VII.
508 4186 820 4245 —Donatio
846 4191 1142 4249 Hludowiri
1170 4197 1302 4266 regis
1343 4198 1407 4251 de
1434 4197 1728 4255 Mantnsea.

258 4315 314 4373 In
338 4317 441 4375 hac
469 4320 633 4392 igitur
668 4324 857 4380 notitia
893 4328 1201 4384 continetur
1228 4332 1464 4401 qualiter
1491 4333 1730 4406 Lantper

178 4421 272 4466 tus
303 4413 471 4468 abbas
516 4413 885 4473 llludowicum
936 4436 1116 4492 regem
1159 4425 1487 4494 postulavit,
1533 4429 1740 4488 intercc

1874 3236 1930 3288 et
1977 3235 2222 3292 advocati
2276 3237 2393 3307 ejus
2443 3241 2748 3300 Antarboti.
2805 3245 2847 3300 E
2898 3256 3086 3303 contra
3137 3263 3266 3304 vero
3317 3250 3463 3306 idem

1875 3326 2169 3384 advocatus
2195 3345 2316 3384 cum
2351 3347 2614 3389 consensu
2649 3336 2889 3407 episcopi
2919 3339 3138 3394 tradidit
3173 3343 3468 3410 praenomia

1876 3425 2004 3470 nato
2044 3416 2358 3488 Amaiperto
2398 3421 2463 3476 de
2522 3423 2683 3478 rebus
2737 3427 2911 3480 sancti
2959 3425 3342 3485 Emmerammi
3378 3422 3463 3486 ’θα

1875 3503 2128 3576 Drudpah
2161 3509 2445 3566 ecclesiam
2480 3527 2664 3580 unam,
2693 3523 2748 3570 et
2784 3531 2940 3572 areas
2970 3535 3028 3573 ιιι
3063 3535 3184 3574 cum
3205 3522 3461 3578 omnibus

1876 3595 2200 3662 appenditiis
2224 3612 2434 3665 earum,
2469 3603 2777 3670 territoriis,
2803 3608 2994 3676 pratis,
3023 3613 3259 3679 pascuis,
3279 3615 3460 3682 aquis.

1873 3685 2042 3751 silvis,
2077 3702 2284 3742 necnon
2315 3703 2435 3745 cum
2460 3692 2667 3764 integro
2695 3698 2903 3764 pariter
2932 3700 3165 3756 termino
3185 3701 3311 3758 illuc
3339 3719 3461 3773 pcr-

1879 3775 2100 3832 tincnte.
2160 3778 2353 3834 Actum
2403 3793 2488 3837 est
2534 3795 2717 3840 autem
2765 3787 2818 3841 in
2853 3792 3144 3858 praesentia
3193 3793 3456 3865 episcopi,

1874 3870 2167 3928 assistente
2221 3873 2270 3926 ei
2327 3873 2637 3946 Egilpcrto,
2688 3878 3000 3951 Deotpcrto,
3068 3883 3455 3953 Faramundo,

1873 3963 2208 4034 presbyteris
2229 3972 2284 4020 et
2312 3968 2611 4023 monachis.
2657 3969 2729 4026 De
2769 3974 3047 4030 canonicis
3083 3988 3236 4042 vero,
3263 3977 3458 4033 Erem-

1873 4064 2048 4126 perto,
2100 4056 2448 4126 Ermanoldo,
2494 4061 2838 4130 Germundo,‘
2875 4067 3222 4138 presbyteris.
3269 4069 3462 4126 Testes

1873 4163 2088 4221 quoque
2127 4155 2253 4206 sunt
2299 4167 2397 4222 per
2445 4168 2603 4210 aures
2642 4159 2799 4212 tracti
2851 4147 3128 4226 llarahad,
3165 4159 3454 4232 Gerperbt,

1869 4242 2044 4309 Poso,
2100 4244 2379 4309 Adalbun,
2431 4247 2718 4316 Folcpold,
2753 4249 3141 4320 'Reginperht,
3193 4252 3457 4323 Folcger,

1873 4333 2109 4400 Ibieholt,
2143 4337 2271 4391 item
2295 4337 2678 4405 Rihltolt,Ato,
2701 4339 2950 4408 Gammo,
2978 4341 3190 4413 Egilolf,
3223 4343 3458 4410 llelfrih,

1874 4426 2183 4492 Faramunt,
2217 4427 2494 4499 Waldger,
2525 4430 2834 4500 [.intprant,
2867 4431 3137 4500 Lintbart,
3167 4434 3449 4499 Rilmtunt,

177 4505 435 4560 dentibus
470 4507 701 4564 Ernosto
725 4520 781 4565 et
824 4511 1139 4582 Adaipcrto,
1187 4525 1247 4571 ut
1273 4521 1342 4573 ad
1373 4522 1758 4578 monasterium
1789 4526 1844 4587 Β
1873 4516 2178 4583 Perebll‘ih.
2230 4517 2430 4584 Freso,
2484 4519 2786 4592 Reginhoh.
2842 4515 3086 4591 “351.011;
3153 4523 3447 4590 Nordhel'i.

176 4596 356 4650 sancti
388 4596 660 4653 Michaelis
693 4601 836 4671 quod
867 4613 952 4657 est
977 4607 1328 4662 constitutum
1369 4609 1436 4664 ad
1483 4610 1762 4669 Maninseo

178 4686 236 4742 in
265 4686 660 4760 elecmosynam
687 4708 845 4749 suam
872 4697 1194 4776 pcrdonaret
1238 4706 1525 4770 quemdam
1563 4706 1759 4776 lacum,

175 4778 401 4833 nomine
449 4773 828 4849 Aparinesseo,
875 4799 998 4840 cum
1033 4773 1182 4869 omni
1225 4788 1426 4847 foreste
1473 4773 1762 4869 circumjae

175 4880 340 4926 cente
388 4872 454 4925 ad
489 4873 778 4931 utilitatem
835 4863 1117 4936 servorum
1176 4883 1270 4938 Dei
1321 4885 1412 4954 qui
1468 4887 1520 4940 in
1570 4863 1760 4946 eodem

175 4967 516 5022 monasterio
553 4968 777 5026 Domino
813 4973 1020 5028 servire
1057 4976 1292 5032 student.
1345 4978 1458 5048 Ipse
1498 4995 1626 5037 vero
1667 4999 1762 5040 rex

171 5057 248 5112 ob
275 5059 579 5113 mercedem
608 5063 802 5117 anima:
843 5063 971 5119 fecit
1007 5065 1100 5131 ita,
1139 5075 1194 5121 et
1225 5069 1444 5126 donavit
1477 5073 1544 5127 ad
1580 5071 1640 5128 S.
1666 5073 1763 5130 Mi-

171 5148 422 5203 diaelcm
451 5152 826 5220 supradictum
865 5153 1044 5210 iacum
1067 5167 1124 5212 et
1155 5157 1434 5226 forestem,
1480 5171 1542 5218 ut
1578 5165 1762 5222 nullus

173 5239 245 5295 de
269 5241 360 5294 die
383 5240 473 5295 illa
495 5243 552 5296 et
573 5243 827 5316 deinceps
853 5247 1089 5318 aliquam
1120 5255 1559 5310 contrarietatem
1593 5255 1645 5312 in
1675 5258 1762 5314 his

175 5334 345 5389 rebus
394 5331 576 5391 facere
626 5338 871 5398 auderet.
901 5341 1156 5412 deditque
1206 5335 1429 5401 missum
1461 5363 1617 5404 suum
1665 5353 1758 5422 qui

175 5424 304 5480 inde
326 5441 487 5496 supra
517 5428 849 5483 nominatum
881 5431 1131 5488 abbatem
1161 5443 1217 5488 et
1253 5450 1440 5493 servos
1470 5440 1564 5494 Dei
1595 5443 1762 5497 vesti-

174 5524 283 5575 ret.
317 5516 478 5575 Tune
512 5527 566 5573 et
591 5518 680 5573 ille
710 5520 909 5577 missus
951 5522 1250 5592 jussionem
1291 5526 1617 5587 dominicam
1661 5535 1761 5590 im-

175 5612 334 5682 p‘lcns
363 5611 677 5667 vestitumm
708 5613 934 5684 peregit.
964 5613 1019 5668 In
1045 5616 1327 5673 occidente
1362 5635 1393 5674 a
1432 5621 1548 5677 rivo
1579 5628 1758 5682 nomi-

175 5715 310 5758 nato
329 5704 668 5773 Zinchinpah
691 5705 778 5758 ubi
800 5705 916 5773 ipse
947 5705 1000 5759 in
1026 5705 1389 5776 Aparinesseo
1416 5711 1674 5780 decurrit,
1705 5725 1761 5772 et

175 5796 248 5851 ab
289 5796 500 5851 oriente
539 5797 607 5849 ab
653 5811 718 5849 co
759 5797 878 5850 loco
921 5797 1009 5850 ubi
1065 5798 1368 5856 Tinuilioab
1419 5803 1472 5859 in
1505 5807 1752 5864 eumdem

613 5893 894 5954 .PAﬂtOL.
938 5893 1230 5960 CXXIX.

1868 4610 2180 4682 Gregorius,
2209 4619 2315 4666 etc.

1867 4767 1997 4827 CAP.
2018 4766 2112 4822 IX.
2126 4765 2558 4843 —Comm_utat_i_o
2577 4771 2712 4825 inter
2729 4772 3126 4826 Ambrirhoncm
3152 4771 3453 4843 episcopum

2289 4849 2336 4893 et
2377 4837 2734 4911 Engilpertum
2764 4843 3024 4897 comitem.

1937 4991 2193 5048 Omnium
2225 4995 2436 5048 noverit
2477 4995 2738 5051 industria
2781 4995 3015 5052 ﬁdelium
3043 4996 3455 5068 quibuscunque

1868 5097 1964 5152 per
1988 5082 2149 5154 hujus
2175 5084 2435 5140 chartulae
2455 5087 2808 5152 assertionem
2847 5087 3222 5143 manifestetur
3251 5087 3454 5143 intelli-

1868 5172 2048 5240 gentia
2079 5172 2312 5243 qualiter
2333 5189 2570 5243 prmsens
2601 5175 2997 5247 (commutatio)
3033 5191 3132 5246 pro
3167 5178 3448 5232 ambarum

1866 5260 2098 5316 utilitate
2145 5263 2382 5332 partium
2432 5272 2650 5333 peracta
2693 5264 2946 5333 sit:qu:e
2991 5265 3156 5320 etiam
3211 5265 3454 5334 liquidis-

1868 5351 2005 5405 sima
2048 5352 2340 5407 intellectui
2369 5353 2621 5408 consistit
2665 5355 3108 5423 subsequentium
3135 5355 3326 5410 ordine
3357 5353 3450 5408 lit-

1869 5455 2126 5502 terarum.
2166 5447 2241 5502 Ita
2270 5449 2432 5520 igitur
2461 5447 2796 5520 Engilpertus
2836 5467 3020 5507 comes
3051 5468 3245 5524 magna
3277 5451 3448 5506 subli-

1869 5545 2048 5592 matus
2073 5541 2387 5609 pr.estantia
2413 5533 2630 5598 tradidit
2655 5542 2726 5598 ad
2751 5551 2998 5597 sanctum
3035 5544 3128 5598 Dei
3156 5551 3451 5613 martyrem

1866 5627 2323 5684 Emmerammum
2350 5631 2698 5701 proprietatis
2719 5647 2828 5688 sua:
2853 5634 2918 5690 de
2940 5633 3072 5691 silva
3094 5632 3283 5702 jugera
3305 5647 3451 5686 ειη

1864 5720 1919 5773 in
1966 5720 2084 5774 loco
2123 5723 2318 5793 Atinga
2365 5734 2694 5794 nuncupato,
2726 5726 2778 5780 in
2815 5742 3032 5781 manum
3068 5725 3447 5792 Ambrichonis

1863 5811 2184 5866 venerabilis
2223 5815 2456 5887 episconi
2497 5827 2550 5872 et
2591 5818 2832 5872 advocati
2873 5815 2987 5880 ejus
3029 5814 3354 5870 Wicrammi.
3393 5804 3438 5862 ii

2891 5909 2971 5970 ἐξ)
