3930 5778
518 345 642 405 “9.37

3121 292 3175 336 91'

1488 344 1795 406 amnem
1829 345 2370 415 RATISPONENSIS
2419 344 2826 407 suumsuum
3124 332 3170 347 "
3680 358 3757 429 an

541 445 733 519 eouira
777 478 907 519 vero
953 464 1266 533 magniﬁcus
1302 463 1503 536 praesul
1548 463 1771 536 ejusque
1816 464 2116 520 advocatus
2145 469 2191 528 Α
2223 472 2309 518 tur
2332 462 2550 534 Rorpab
2576 465 2627 519 ei
2653 465 3020 520 remitteretur
3051 480 3219 539 usque
3247 467 3313 523 ad
3344 468 3507 525 linem
3528 471 3758 539 viuesuae,

536 556 833 627 prtedictus
882 554 948 610 de
995 555 1153 610 rebus
1191 556 1364 610 sancti
1406 554 1795 634 Emmerannni
1833 554 1888 609 in
1928 554 2118 610 eodem
2206 562 2278 607 tet
2321 564 2380 609 ut
2404 562 2519 624 post
2551 555 2754 609 obitum
2797 570 2951 611 suum
2973 556 3167 612 eadem
3199 562 3506 630 proprietas
3538 575 3761 634 perpetrm

526 649 658 705 loco
687 647 1025 704 tradiderunt
1044 648 1354 718 supradicto
1383 646 1564 702 comiti
1603 630 1915 719 Engilberto
1942 654 2120 716 prato-

537 754 658 794 rum
692 737 881 811 jugera
910 753 1055 802 XXIV,
1090 738 1143 792 in
1187 738 1462 808 proprium
1485 736 1868 807 perpetualiter
1905 736 2112 790 haben-

2213 644 2336 712 jure
2377 647 2428 700 in
2463 656 2729 715 potestate
2780 647 2839 702 S.
2892 647 3275 704 Emmerammi
3308 664 3649 720 permaneret
3680 671 3763 709 una

2219 750 2340 789 eum
2387 734 2473 790 illa
2502 737 2730 807 pecunia
2755 752 2919 807 quam
2965 738 3221 806 donavit;
3254 741 3307 795 id
3352 752 3439 797 est
3466 760 3478 796 :
3512 744 3647 798 calix
3668 760 3764 800 cum

535 830 807 895 dum.lsti
855 839 1035 887 autem
1079 839 1202 886 sunt
1257 838 1423 889 testes
1470 829 1561 901 qui
1614 829 1730 893 hoc
1765 829 2017 885 viderunt
2060 835 2117 882 et
2217 833 2412 896 patena
2468 834 2701 898 argent.,
2754 827 3059 884 Lectionar.
3118 836 3183 897 ιι,
3228 830 3429 888 Mlssal.
3480 849 3544 899 ll,
3600 834 3766 891 librum

532 922 819 981 audierunt
846 940 858 977 :
884 922 1157 988 Framrih,
1190 921 1444 987 Wicbad,
1472 920 1758 987 Pernhart,
1788 920 2111 991 Perehtgoz,

529 1009 737 1078 Nanzo,
785 1012 1082 1083 Egilpreht,
1132 1012 1459 1084 Engilbelm.
1498 1011 1764 1080 lielmt-ilt,
1805 1009 2109 1079 Hartnand,

531 1102 835 1172 Gatabelm,
864 1104 1102 1171 Plidlter,
1128 1105 1473 1172 Gotascalclt,
1500 1113 1606 1160 etc.

527 1237 657 1295 CAP.
688 1237 759 1294 Χ.
782 1269 851 1279 -
871 1236 1221 1294 Commutatio
1243 1239 1380 1292 inter
1400 1237 1791 1292 Ambricltonem
1813 1235 2107 1308 episcopum

909 1321 956 1365 et
993 1309 1285 1364 Alawilium
1312 1308 1684 1379 presbyterum.

600 1419 898 1476 Fructuose
951 1418 1105 1474 valde
1166 1428 1222 1474 et
1263 1418 1488 1475 honesta
1540 1430 1606 1471 ac
1675 1414 1901 1471 nimium
1957 1414 2105 1470 utilis

520 1513 860 1570 consuetudo
891 1512 1020 1568 olim
1063 1513 1203 1567 inter
1233 1511 1492 1567 homines
1523 1508 1821 1567 inoleverat
1860 1522 2105 1563 commu-

520 1604 955 1660 tandiwidelicet
982 1618 1088 1660 res
1112 1603 1502 1674 quasdampro
1541 1602 1824 1658 ambarum
1868 1613 2105 1657 commo-

521 1698 692 1754 ditate
722 1696 980 1769 partium.
1012 1696 1088 1752 Eo
1115 1696 1277 1768 igitur
1302 1682 1489 1751 tenore
1517 1709 1582 1749 ac
1617 1692 1827 1749 ratione
1853 1690 2101 1762 quaedam

519 1790 873 1845 commutatio
892 1788 1144 1844 convenit
1165 1788 1307 1843 inter
1334 1785 1751 1843 Ambricbonem
1776 1781 2097 1859 Regillensis

516 1877 775 1939 Ecclesiae
813 1878 1174 1934 venerabilem
1220 1877 1555 1949 episcopum,
1595 1884 1651 1930 et
1680 1874 1966 1945 quemdam
1998 1888 2096 1928 no-

521 1970 686 2039 bilem
738 1969 1134 2042 presbyterum,
1180 1968 1504 2032 Ala-vvibum,
1553 1964 1937 2023 cancellarium
1988 1962 2097 2018 Ro-

520 2063 668 2124 4oldi
702 2063 918 2120 comitis
944 2063 1254 2119 venerandi.
1296 2060 1540 2117 Tradidit
1578 2074 1814 2129 namque
1841 2056 2098 2129 praefatus

513 2155 806 2227 ‘atresbyter
833 2154 1037 2226 pariter
1058 2169 1181 2208 cum
1219 2167 1318 2209 suo
1347 2151 1613 2207 advocato
1651 2151 1705 2205 in
1735 2163 1953 2204 manum
1985 2146 2102 2217 cpi-

500 2232 666 2315 3scopi
700 2253 756 2300 et
785 2244 1028 2300 advocati
1067 2243 1184 2313 ejus
1226 2242 1482 2299 lnnnonis
1511 2241 1672 2297 talem
1709 2239 2096 2312 proprietatrm

498 2345 578 2390 -ιιι
630 2335 818 2391 habuit
865 2335 932 2390 ad
980 2334 1280 2405 Ottarpalt,
1327 2332 1461 2388 nihil
1524 2331 1941 2398 extramittens,
2002 2330 2096 2386 sed

518 2435 689 2482 totum
719 2441 786 2482 ex
816 2426 1026 2497 integro
1054 2426 1106 2480 in
1152 2432 1471 2496 potestatem
1501 2424 1675 2479 sancti
1709 2423 2096 2479 Emmeratnmi

510 2516 921 2573 transfundens.
952 2517 1018 2571 Et
1038 2515 1107 2570 ad
1128 2513 1423 2570 liacinhofa
1446 2529 1627 2570 aream
1648 2528 1809 2569 unam
1832 2521 1888 2569 et
1902 2510 2093 2583 jugera

512 2606 639 2662 duo.
662 2607 705 2661 E
729 2616 916 2662 contra
943 2622 1070 2670 vero
1089 2604 1311 2660 tradidit
1337 2604 1624 2674 praedictus
1649 2602 1819 2659 immo
1840 2618 1943 2658 una
1971 2618 2094 2657 cum

511 2694 765 2766 episcopo
786 2692 901 2764 jam
932 2693 1076 2748 dicto
1101 2708 1164 2749 ex
1214 2693 1374 2748 rebus
1405 2692 1464 2748 S.
1495 2692 1880 2747 Emmerammi
1929 2691 2089 2747 talem

511 2785 894 2863 proprietatem
928 2793 985 2838 ut
1010 2783 1190 2854 Poppo
1214 2782 1486 2853 quondam
1513 2781 1579 2837 ad
1605 2790 1853 2837 sanctum
1878 2780 2093 2837 Emme-

510 2892 777 2932 rammum
814 2876 1141 2931 contradidit
1184 2873 1380 2930 inloco
1416 2882 1762 2945 nuncupante
1798 2872 2089 2941 Holzhusa,

509 2965 754 3021 Alawibo
787 2965 996 3020 scilicet
1020 2965 1071 3019 in
1095 2964 1481 3036 proprietatem
1501 2962 1625 3033 jure
1658 2970 1917 3034 perpetuo
1955 2976 2083 3033 pos-

511 3055 812 3135 sidendam,
843 3053 977 3110 nihil
1002 3055 1398 3118 extrantittens,
1430 3053 1522 3109 sed
1555 3062 1724 3108 totum
1748 3069 1814 3109 ex
1854 3052 2082 3122 integro,

2218 915 2604 981 llotneliarum,
2652 917 2873 974 Gradal.
2905 935 2965 985 ll,
2998 919 3315 977 Nocturnal.
3362 939 3425 989 ιι,
3459 923 3555 979 lib.
3597 925 3764 991 Cant.

2213 1003 2535 1063 Psalterium
2565 1022 2599 1072 I,
2624 1002 2867 1072 Passion.
2896 1023 2957 1075 tt,
2998 1007 3236 1067 Olliciale
3272 1026 3313 1078 ι,
3345 1011 3714 1068 Collectarium
3733 1033 3766 1079 l,

2214 1094 2594 1152 Ptenitentiale
2623 1113 2637 1151 ι
2667 1114 2680 1150 :
2713 1106 2931 1154 servum
2980 1100 3230 1156 videlicet
3280 1111 3337 1157 et
3382 1103 3655 1169 ancillam,
3684 1104 3768 1161 hoc

2212 1192 2314 1250 est,
2345 1185 2590 1241 Adalhoh
2626 1194 2679 1240 et
2703 1185 2894 1253 Imma,
2918 1187 3108 1244 cavalli
3134 1194 3208 1253 vt,
3251 1200 3306 1245 et
3332 1190 3475 1247 fctus
3499 1193 3595 1264 qui
3620 1208 3683 1249 ex
3705 1193 3770 1250 eis
3872 1176 3873 1187 ³

2210 1283 2333 1344 post
2378 1272 2576 1331 factam
2613 1274 2974 1334 donationem
3002 1278 3191 1345 fuerit”,
3236 1278 3413 1336 in’illa
3462 1284 3769 1353 proprietate
3872 1340 3873 1345 η

2209 1362 2332 1423 cum
2364 1368 2863 1425 casteris'omnibus
2901 1370 2967 1424 ad
2999 1382 3141 1440 srpc
3181 1371 3383 1427 dictum
3410 1382 3657 1428 saan
3690 1374 3767 1431 Dei

2208 1462 2500 1530 martyrem
2544 1456 2815 1513 stabiliter
2852 1459 3191 1530 iirmiterque
3230 1462 3559 1531 pertineant.
3601 1463 3769 1532 Quale
3872 1456 3873 1481 ³

2206 1555 2310 1605 tius
2343 1548 2459 1606 lucc
2486 1551 2891 1623 complacitatio
2920 1552 3128 1608 ﬁrmior
3169 1554 3279 1619 ﬁat,
3302 1565 3475 1611 testes
3515 1550 3611 1626 per
3634 1571 3767 1611 aures
3872 1614 3873 1619 η

2206 1642 2365 1699 tracti
2388 1653 2514 1699 sunt
2534 1659 2764 1729 quorum
2788 1646 3003 1701 nomina
3028 1647 3459 1716 subsequentur:
3480 1647 3763 1717 lleriperlu.

2203 1734 2340 1800 Avo,
2368 1733 2599 1800 Hell'rih,
2637 1732 2826 1803 Jacob,
2877 1735 3232 1803 Ercbanfrid,
3275 1738 3403 1793 item
3440 1736 3630 1801 Iacob,
3667 1736 3765 1793 Sal-

2129 1818 2350 1892 Bmon,
2404 1827 2695 1899 Sigiperht,
2757 1828 3150 1900 Erchanperht,
3211 1829 3762 1902 Rupoanndachar,

2201 1915 2565 1988 Ercltanpold,
2594 1916 2720 1985 Oto,
2753 1917 3004 1975 Nidhart.
3076 1988 3081 1993 η

2197 2048 2327 2104 Ωιι».
2355 2049 2470 2108 Xll.
2489 2081 2559 2091 —
2582 2048 3097 2132 Commutatiotinter
3118 2053 3452 2132 ‘Batarieuet
3489 2059 3765 2128 episcopum

2520 2162 2529 2177 .
2615 2132 2662 2175 et
2711 2121 3040 2193 Sigimodum
3074 2124 3336 2180 abbatem.

2272 2234 2560 2306 Postquam
2595 2236 2930 2293 orthodoxus
2953 2238 3037 2294 vir
3075 2248 3275 2303 sanctae
3296 2241 3592 2299 memorie
3621 2240 3760 2299 Batu-

2197 2323 2342 2379 ricus
2387 2325 2670 2394 episcopus
2709 2334 2764 2381 et
2810 2324 3158 2396 Sigimundus
3202 2328 3375 2385 abbas
3418 2332 3604 2395 mutua
3640 2331 3761 2391 inter

2199 2427 2260 2470 se
2302 2414 2661 2471 conventione
2692 2414 2833 2470 facta
2876 2416 2980 2471 tale
3018 2418 3397 2475 concambiutn
3432 2418 3687 2485 fecerint.
3711 2431 3760 2475 It

2198 2503 2341 2561 idem
2390 2504 2712 2561 venerabilis
2752 2506 2947 2576 prmsul
2994 2507 3093 2579 ipsi
3137 2507 3324 2564 abbati
3374 2510 3435 2565 in
3461 2509 3758 2566 beneﬁcium

2193 2598 2493 2655 concambii
2525 2600 2794 2655 concessit
2817 2612 3005 2656 servos
3035 2614 3169 2671 quos
3198 2601 3441 2659 habebat
3482 2603 3553 2657 ad
3586 2602 3753 2658 Peria-

2192 2687 2337 2755 deri,
2375 2699 2429 2743 ct
2460 2689 2628 2744 abbas
2653 2705 2684 2745 e
2719 2701 2904 2747 contra
2949 2691 3170 2747 donavit
3209 2693 3358 2763 quod
3405 2692 3503 2761 ille
3528 2693 3749 2764 posside-

2191 2780 2286 2835 bat
2320 2780 2475 2849 juxta
2523 2779 2719 2849 ﬂuenta
2762 2780 3004 2837 Labaraz.
3035 2781 3291 2853 Contigit,
3328 2798 3401 2837 ει
3428 2793 3585 2854 ρει-ιε

2194 2872 2400 2937 tnnndi,
2433 2882 2491 2927 ut
2541 2873 2681 2928 servi
2721 2888 2857 2944 quos
2885 2874 2984 2943 ipsi
3010 2875 3294 2945 episcopus
3323 2874 3380 2930 in
3407 2878 3755 2932 concambiqu

2190 2964 2335 3020 dedit
2367 2963 2615 3033 injuriam
2644 2966 2994 3033 sustinerent,
3027 2975 3083 3021 et
3116 2981 3264 3037 sape
3305 2967 3666 3026 reclamarent
3694 2969 3755 3023 ad

2189 3056 2470 3127 praefatum
2493 3057 2832 3127 pontiﬁcem;
2870 3058 3117 3128 quamvis
3142 3059 3260 3114 haec
3280 3060 3436 3115 mitis
3457 3062 3597 3116 idem
3619 3061 3755 3115 aldi-

500 3145 681 3210 silvis,
707 3145 898 3217 pratis,
931 3145 1166 3215 pascuis,
1217 3145 1390 3215 aquis,
1428 3158 1798 3217 aquarumque
1844 3141 2088 3200 decursi-
2114 3165 2161 3229 ο
2193 3157 2276 3205 ret
2304 3148 2609 3220 episcopus,
2648 3149 2816 3205 voluit
2855 3158 3036 3206 tamen
3082 3150 3490 3208 dissensionem
3512 3152 3754 3216 devitarc,

510 3238 614 3292 bus
645 3245 701 3293 et
744 3237 953 3290 viarum
1004 3235 1300 3290 redditibus
1348 3232 1645 3291 fortissimo
1678 3243 1867 3290 tenore
1901 3241 2084 3289 trans-

506 3325 668 3383 fudit.
713 3325 1011 3382 Vestitores
1070 3340 1198 3381 vero
1240 3324 1526 3390 Ratoldus,
1557 3333 1612 3380 et
1655 3322 1997 3379 Berehtricus
2034 3330 2090 3378 et

504 3418 682 3474 immo
727 3416 965 3472 fuerunt.
1006 3417 1081 3471 Et
1126 3427 1184 3471 ut
1222 3416 1334 3471 lucc
1377 3414 1731 3472 commutatio
1778 3414 1983 3468 ﬁrmior
2033 3413 2086 3468 in

503 3520 826 3583 perpetuum
857 3518 912 3565 et
942 3508 1254 3563 inconvnlsa
1292 3514 1660 3578 permaneret,
1696 3505 1901 3583 placuit
1926 3513 2092 3561 testes

507 3582 768 3656 adbibere
797 3613 1026 3668 quorum
1052 3599 1269 3652 nomina
1293 3606 1416 3651 sunt
1444 3613 1457 3650 :
1483 3595 1678 3650 Alhrat
1703 3582 1908 3662 comes,
1932 3594 2079 3659 Polo,

504 3686 786 3764 Cundpold
813 3703 1018 3753 comes,
1048 3686 1302 3751 Herrant,
1343 3683 1651 3751 Perehtrih,
1697 3683 1898 3750 Ratolt,
1929 3683 2083 3739 Suel-

499 3779 652 3843 ltart,
682 3778 966 3842 Garaberi,
1005 3777 1357 3847 Reginperht,
1399 3774 1740 3844 Fridaperbt,
1782 3772 2079 3844 Kepahart,

508 3868 819 3940 Sontperbt,
864 3867 1090 3928 “lllll'iil,
1140 3867 1321 3930 llisso,
1369 3864 1641 3937 llelntger,
1684 3865 1903 3928 lliltrih,
1956 3864 2083 3920 Gri-

509 3959 686 4023 muni,
706 3957 985 4022 Comet-ili,
1015 3956 1341 4026 Sigiwunds,
1361 3954 1675 4010 Cotascalch
1698 3971 1900 4021 centes,
1918 3953 2083 4010 Odal-

500 4047 651 4102 hart.
702 4046 897 4101 Actum
944 4056 1029 4101 est
1075 4053 1255 4100 autem
1301 4046 1354 4099 in
1399 4045 1620 4100 civitate
1673 4044 1878 4116 Regina
1940 4060 2083 4101 anno

502 4137 803 4193 Dominica:
828 4135 1221 4192 lncarnationis
1246 4136 1369 4201 871,
1395 4135 1689 4191 indictione
1711 4135 1768 4190 4.

368 4234 393 4251 ’
496 4247 632 4305 CAP.
666 4246 754 4302 x1.
782 4277 854 4287 —
881 4244 1281 4320 Complaeitatio
1312 4246 1861 4320 tuleramus-tionem
1886 4247 2087 4317 episco-

853 4334 979 4388 pum
1004 4317 1050 4372 et
1088 4317 1396 4370 Baldricam
1430 4317 1732 4371 diaconum.

573 4454 631 4508 lu
671 4451 938 4507 creaturis
966 4451 1132 4522 igitur
1157 4449 1288 4505 nulli
1328 4450 1682 4504 animantium
1708 4452 1865 4506 datur
1890 4465 2084 4507 sensus

492 4562 602 4618 pro
650 4555 853 4603 aeterna
902 4544 1337 4599 remuneratione
1374 4542 1737 4614 praemeditari
1779 4558 1938 4613 posse
1982 4558 2082 4599 seu

501 4637 715 4709 qualem
774 4636 975 4691 habeat
1031 4634 1379 4689 beatitudinis
1434 4634 1736 4702 portionem
1798 4634 1920 4689 sine
1976 4631 2084 4689 line

500 4731 773 4785 manentis
801 4743 899 4799 pro
925 4728 1086 4783 factis
1124 4728 1301 4794 bonis,
1343 4728 1443 4781 nisi
1481 4736 1687 4782 tantum
1726 4727 1941 4782 animali
1996 4744 2082 4782 ra-

502 4821 648 4876 tione
676 4820 912 4890 degenti,
968 4815 1019 4872 id
1063 4826 1147 4872 cst
1189 4818 1414 4872 homini.
1443 4816 1598 4872 Hanc
1624 4819 1786 4888 igitur
1825 4818 2079 4873 ecclesia-

501 4914 668 4969 sticus
695 4913 795 4977 vir,
826 4911 1044 4966 nomine
1071 4911 1370 4974 Baldricns,
1400 4924 1505 4965 non
1531 4919 1616 4964 est
1633 4909 1833 4965 oblitus
1853 4910 2081 4965 sensibi-

501 5006 731 5067 litatem,
795 5002 889 5057 sed
926 5000 1081 5055 valde
1132 5000 1334 5054 utiliter
1372 5001 1440 5055 de
1502 4999 1679 5054 futura
1725 4999 1921 5054 animae
1967 5014 2080 5055 suae

495 5094 754 5148 mercede
803 5092 1192 5160 praecogitabat
1243 5092 1596 5146 considerans
1645 5091 1884 5145 divinum
1936 5090 2085 5161 quod

498 5180 638 5237 dicit.
658 5199 675 5234 :
704 5184 837 5239 Date
864 5195 1077 5240 terrena
1108 5194 1167 5239 ut
1192 5185 1486 5255 acquiratis
1508 5194 1729 5238 aeterna.
1762 5182 1961 5238 Eodem
1990 5183 2082 5237 hic

498 5270 763 5341 praelatus
792 5275 1116 5332 venerabilis
1162 5276 1244 5330 vir
1284 5277 1570 5331 instinctus
1607 5273 1822 5343 eloquio
1862 5274 2083 5330 tradidit

504 5359 798 5427 quamdam
825 5366 1066 5430 pecunia:
1105 5381 1215 5420 suae
1240 5376 1448 5435 partem
1484 5365 1550 5419 ad
1582 5375 1828 5420 sanctum
1863 5365 2084 5420 Emme-

503 5461 783 5502 rammum
810 5451 863 5500 in
895 5466 1104 5498 manum
1155 5455 1573 5498 reuerentissimi
1603 5454 1844 5498 “manlia
1873 5456 2081 5498 Amltri-

2196 3248 2251 3294 et
2273 3239 2338 3293 ad
2368 3239 2542 3308 ipsum
2574 3237 2824 3293 abbatem
2862 3238 3006 3308 loqui
3045 3240 3255 3309 rogavit
3280 3252 3344 3295 ut
3365 3240 3565 3311 injuste
3588 3250 3756 3295 eonte-

2195 3327 2412 3383 melam
2443 3343 2548 3383 non
2571 3334 2889 3398 paterentur
2916 3328 3057 3384 servi
3084 3328 3159 3383 ab
3186 3344 3253 3384 eo
3274 3343 3415 3398 quos
3440 3329 3497 3384 in
3522 3343 3754 3396 concan-

2194 3418 2342 3473 bium
2363 3417 2594 3487 accepit.
2629 3415 2738 3474 Sed
2766 3425 2947 3475 tamen
2973 3417 3121 3474 nullo
3143 3418 3305 3472 modo
3335 3417 3468 3472 illud
3489 3416 3759 3471 emendate

2192 3507 2424 3563 volebat.
2455 3508 2592 3562 Dum
2617 3505 2735 3562 haec
2756 3505 2834 3561 ita
2864 3520 2924 3562 se
2945 3506 3226 3572 baberent,
3254 3506 3549 3562 Baturicus
3570 3505 3759 3575 episco-

2191 3613 2295 3670 pus
2342 3596 2495 3669 juxta
2547 3596 2815 3652 rationem
2856 3597 3178 3668 condignam
3217 3612 3325 3650 non
3380 3595 3569 3651 ferens
3595 3595 3758 3648 animo

2191 3688 2404 3757 injuria:
2434 3702 2653 3743 causam
2678 3701 2956 3743 servorum
2986 3701 3205 3758 suorum
3236 3685 3387 3743 venit
3420 3700 3549 3740 cum
3585 3683 3761 3738 amicis

2191 3788 2248 3834 et
2290 3777 2599 3834 hominibus
2642 3779 2710 3833 ad
2772 3777 3271 3848 supranominatum
3325 3776 3508 3830 vicum
3561 3768 3757 3829 obviam

2191 3870 2290 3941 ipsi
2344 3870 2548 3925 abbati.
2584 3869 2653 3924 Et
2695 3884 2817 3925 cum
2867 3869 3154 3933 sedissem,
3194 3867 3341 3923 facto
3383 3869 3606 3923 silentio
3647 3880 3757 3933 cum

2188 3960 2562 4016 convenientia
2597 3959 2879 4014 Baturicus
2903 3957 3099 4028 pra'sul
3150 3957 3385 4013 reddidit
3416 3957 3569 4026 prior
3594 3956 3756 4011 eidem

2188 4050 2367 4106 abbati
2419 4064 2541 4104 cum
2593 4046 2761 4103 ferula
2816 4063 2912 4103 sua
2973 4046 3349 4102 concambiutn
3397 4046 3546 4116 quod
3591 4045 3660 4099 ab
3697 4058 3756 4098 eo

2188 4144 2416 4212 accepit,
2444 4148 2498 4195 et
2525 4140 2692 4195 abbas
2719 4155 2842 4194 cum
2890 4138 3081 4194 baculo
3106 4154 3206 4193 suo
3230 4139 3423 4193 eodem
3463 4137 3623 4192 modo
3647 4136 3754 4191 red-

2187 4235 2321 4291 didit
2349 4237 2603 4303 episc0po
2632 4231 3008 4285 concambium
3036 4230 3180 4299 quod
3207 4244 3333 4284 eum
3380 4228 3475 4283 illo
3501 4233 3748 4298 gessenl-

2186 4325 2251 4380 Et
2283 4326 2361 4380 sic
2399 4324 2655 4394 placitum
2685 4321 3008 4392 quandoque
3042 4334 3101 4375 se
3130 4320 3334 4375 habere
3371 4320 3748 4380 eondixerant;

2187 4424 2264 4478 ut,
2297 4414 2337 4466 si
2363 4413 2578 4482 quando
2607 4410 2735 4481 quid
2778 4409 2919 4464 inter
2958 4422 3016 4463 se
3042 4409 3109 4463 de
3146 4394 3493 4477 causis.ipsis
3522 4419 3750 4476 qnzerere

2112 4504 2503 4574 nvoluissent‘,
2565 4502 2665 4555 hoc
2712 4507 2840 4554 tunc
2888 4499 2941 4553 in
2993 4505 3155 4568 caput
3202 4498 3630 4553 constituissent.
3681 4493 3748 4547 liti

2190 4586 2408 4649 fuerunt
2454 4601 2747 4665 praesentes
2796 4589 2917 4656 Oto,
2963 4587 3263 4654 Kamanoll',
3325 4588 3542 4651 Rodult,
3581 4587 3744 4642 vaar-

2189 4685 2333 4749 zlolt,
2364 4683 2586 4747 l’illuuc,
2617 4680 2811 4743 Uzant,
2850 4678 3146 4743 Cundheri,
3188 4670 3356 4742 Perit,
3401 4674 3741 4744 Ert-hanpoltl,

2187 4775 2372 4838 Iacob,
2425 4772 2643 4826 Marclto
2691 4780 2746 4826 et
2790 4760 2901 4823 alii.
2960 4768 3153 4824 Actum
3198 4776 3285 4823 est
3334 4767 3388 4820 in
3443 4766 3561 4819 vico
3601 4775 3742 4832 supra

2189 4868 2414 4936 scripto,
2448 4880 2537 4917 an.
2568 4862 2776 4917 Domini
2806 4857 2931 4916 829.

2184 5004 2312 5060 CAP.
2342 5001 2474 5057 Xlll.
2508 5031 2573 5042 -—
2595 4998 2945 5053 Commutatio
2965 4997 3099 5050 inter
3132 4993 3535 5048 Ambric‘ltonm
3568 4991 3736 5060 cpitu-

2646 5085 2770 5140 pum
2806 5079 2850 5121 et
2880 5066 3261 5134 Gundpertum.

2254 5185 2551 5240 Fructuose
2577 5179 2903 5245 coadunatio
2927 5185 2982 5232 et
3008 5175 3237 5232 nimium
3263 5175 3415 5229 utilis
3431 5181 3738 5230 consuetudo

2186 5279 2327 5333 inter
2356 5277 2602 5331 homines
2637 5273 2763 5328 olim
2795 5269 3092 5324 inoleverat
3111 5266 3476 5338 commutandi
3507 5263 3735 5319 videlicet

2188 5385 2293 5424 non
2324 5368 2494 5424 solum
2517 5365 2587 5421 ob
2623 5365 2864 5419 locorum
2887 5360 3348 5430 opportunitatem
3381 5371 3561 5411 rerum
3592 5349 3734 5408 (acal-

2191 5469 2329 5514 tates
2354 5458 2714 5518 diversarum,
2757 5451 2853 5507 sed
2898 5449 3059 5514 forte,
3107 5448 3252 5519 quod
3286 5448 3461 5515 magis
3496 5443 3733 5499 foreexi~

2676 5544 2688 5556 '
2713 5544 2726 5558 ‘
2767 5558 2816 5574 -τ-
2871 5543 2952 5594 rei
2986 5538 3401 5599 commutabilis
3447 5533 3734 5591 aestimatio-

3352 5636 3517 5679 κιαι.
3542 5623 3656 5682 ﬁeri
3688 5622 3732 5676 in
