4026 6296
274 379 386 436 900

1135 367 1598 427 ‘fBADlTlONES
1630 360 2268 423 EMMERAMMENSES.
2299 391 2378 404 ν·-
2417 361 2546 417 LIB.
2586 360 2626 416 I.

3415 364 3524 420 910

272 490 432 556 ritas,
457 497 516 545 et
551 487 627 544 ita
649 499 824 556 usque
857 483 924 540 ad
949 482 1186 573 quinque
1230 483 1488 538 hobarum
1521 480 1851 552 supplemen-
1878 484 1924 542 Α
1953 477 2035 533 sui
2061 476 2384 547 Werinperti
2423 475 2599 544 ﬁeret,
2635 474 2765 532 illud
2796 477 3117 533 beneﬁcium
3142 480 3214 534 ad
3249 478 3528 538 Bincheim

271 593 391 638 tum
419 591 674 639 constare
698 578 989 636 concessit.
1014 572 1130 634 Hoc
1158 584 1338 631 autem
1365 589 1589 630 numero
1617 572 1852 642 expleto,

273 673 324 726 si
369 671 624 741 quaelibet
676 668 1029 726 commutatio
1079 667 1418 722 desideretur
1480 663 1851 736 perﬁcienda,

271 761 422 817 haud
447 763 608 817 aliter
631 777 792 832 quam
822 770 1093 832 praecepto
1126 757 1431 827 annuloque
1468 756 1705 828 praefatae
1737 771 1854 810 ma-

267 854 575 922 gnitudinis
625 853 897 908 ﬁrmetur.
945 853 1027 907 Ex
1076 853 1179 906 hoc
1221 851 1384 906 etiam
1433 850 1647 904 cuidam
1690 847 1854 903 nobili

274 944 419 1008 viro,
447 943 664 999 nomine
688 943 1020 1008 Cundbcrto,
1050 941 1374 1010 complacuit
1403 939 1691 1008 quamdam
1728 952 1854 1007 pro-

275 1034 544 1106 prietatis‘
591 1049 702 1090 suae.
769 1035 1197 1090 vicissitudinem
1262 1047 1539 1102 peragere.
1615 1029 1858 1084 Tradidit

273 1127 478 1195 quippe
521 1126 588 1181 ad
637 1125 696 1180 S.
741 1125 966 1180 Petrum
995 1123 1316 1194 apostolum,
1353 1130 1708 1190 sanctumque
1764 1118 1854 1173 Dei

273 1229 577 1288 martyrem
610 1217 1074 1274 Emmerammum
1111 1217 1171 1270 in
1219 1229 1439 1270 manum
1476 1212 1859 1269 Ambrichonis

281 1311 612 1366 venerabilis
641 1311 884 1381 episcopi
930 1317 986 1365 et
1017 1309 1263 1365 advocati
1303 1308 1420 1379 ejus
1437 1305 1654 1376 Ogonis
1694 1305 1857 1361 talem

279 1401 668 1470 proprietatem
721 1402 933 1472 qualem
981 1401 1170 1457 habuit
1233 1401 1301 1456 ad
1351 1398 1620 1470 Purcpah,
1681 1399 1732 1454 id
1770 1407 1860 1454 est

272 1493 502 1548 (tornum
529 1509 658 1548 cum
696 1504 869 1557 curte,
899 1492 1183 1548 ecclesiam
1208 1501 1265 1548 et
1298 1492 1360 1546 in
1405 1506 1469 1546 ea
1512 1505 1729 1562 capsam
1773 1505 1860 1543 ar-

273 1593 432 1651 gent.
459 1598 500 1646 ι,
531 1581 704 1638 altare
745 1589 972 1651 argento
986 1591 1167 1652 parat.
1193 1597 1239 1647 ι,
1273 1581 1376 1635 alia
1399 1597 1468 1646 tt,
1506 1579 1738 1652 lapidem
1776 1578 1857 1633 al-

276 1673 418 1728 taris
448 1683 680 1744 argenL,
711 1683 886 1744 parat.
916 1689 983 1738 tt,
1011 1672 1234 1729 calicem
1276 1687 1396 1728 cum
1440 1681 1634 1742 patena
1671 1687 1862 1741 argen-

285 1771 396 1826 tea,
425 1777 642 1820 crucem
671 1773 983 1834 argenteam
1015 1778 1060 1827 ι,
1093 1762 1306 1819 Missale
1345 1778 1388 1826 ι,
1423 1762 1664 1818 Lection.
1689 1776 1728 1827 ι,
1778 1759 1859 1816 al-

277 1853 410 1907 bam
432 1868 472 1918 t,
519 1829 763 1909 casulam
787 1853 1106 1910 coccineam
1129 1870 1176 1920 ι,
1223 1853 1426 1910 tholam
1448 1870 1494 1919 ι,
1523 1853 1855 1909 thuribulum
1887 1829 1935 1890 Β

275 1957 494 1998 aeneum
542 1960 584 2010 ι,
634 1945 1053 2001 tintinnabulum
1099 1963 1141 2011 ι,
1187 1954 1508 2015 campanam
1559 1961 1768 2002 aeneam
1794 1961 1863 2010 tt,

279 2035 590 2104 pomarium
607 2052 654 2102 l,
700 2036 912 2092 vineam
943 2053 985 2104 ι,
1017 2037 1214 2094 molam
1243 2054 1284 2103 ι,
1330 2038 1595 2093 vivarium
1635 2053 1675 2102 ι,
1720 2037 1867 2093 inter

285 2135 490 2182 terram
516 2128 779 2184 arabilem
816 2139 876 2184 et
913 2137 1070 2198 prata
1110 2131 1278 2204 bobus
1328 2145 1450 2191 xm.
1491 2129 1641 2184 silva:
1673 2127 1864 2200 jugera

279 2233 380 2284 cx,
431 2217 697 2289 mancipia
747 2235 825 2284 xt,
887 2219 937 2276 id
983 2229 1070 2275 est
1119 2205 1330 2298 llatkis,
1377 2219 1608 2286 Motuni,
1655 2228 1711 2274 et
1755 2219 1866 2276 lilia

279 2311 427 2380 ejus,
460 2309 775 2379 Perehtwar
799 2327 920 2368 cum
949 2310 1062 2368 lilio
1089 2322 1146 2370 et
1171 2312 1304 2378 ﬁlia,
1329 2312 1497 2384 Ciliga
1527 2323 1582 2368 et
1617 2313 1714 2368 ﬁlii
1749 2313 1868 2384 ejus

287 2402 417 2466 duo,
444 2401 735 2474 Deotpurc,
769 2403 1058 2474 Nordpold.
1081 2403 1161 2460 Ad
1178 2403 1483 2474 Hapuhpah
1512 2403 1708 2459 hobam
1730 2420 1770 2467 ι,
1800 2404 1868 2460 ad

285 2489 529 2563 Sulzpab
573 2495 767 2550 bobam
795 2512 837 2558 ι,
867 2504 922 2550 et
949 2495 1146 2550 molam
1176 2511 1215 2550 ι.
1250 2495 1377 2551 Haec
1405 2496 1568 2552 etiam
1597 2497 1667 2551 ad
1709 2511 1868 2567 supe-

287 2583 494 2640 riorem
521 2584 699 2640 locum
727 2586 1016 2655 pertinent.
1049 2585 1193 2642 Nihil
1214 2602 1344 2658 ergo
1369 2588 1792 2658 praetermittens
1811 2589 1867 2644 in

288 2675 425 2731 rivis
482 2677 824 2747 rivorumque
869 2679 1206 2744 decursibus,
1253 2680 1497 2749 pascuis,
1547 2680 1721 2745 silvis,
1773 2680 1869 2736 sed

290 2766 478 2820 omnia
501 2767 568 2822 ad
587 2767 874 2836 pnedictos
890 2779 1110 2824 sanctos
1127 2769 1352 2824 tradidit
1374 2777 1537 2840 atque
1553 2769 1866 2842 transfodit.

287 2853 370 2910 Ea
401 2855 666 2925 siquidem
706 2857 942 2922 ratione,
987 2857 1032 2912 si
1075 2857 1393 2914 beneﬁcium
1411 2859 1560 2929 quod
1591 2859 1661 2915 ad
1683 2859 1872 2916 Filesa

285 2944 482 3000 {tabuit
514 2947 563 3001 ei
613 2947 664 3002 in
713 2949 988 3019 proprium
1037 2949 1182 3021 regis
1223 2959 1492 3020 praecepto
1528 2951 1781 3016 donetur,
1816 2951 1870 3006 id

285 3045 396 3100 est,
434 3052 614 3092 casam
642 3053 766 3093 cum
805 3049 976 3104 curte,
1002 3041 1311 3106 ecclesiam,
1338 3052 1395 3098 et
1428 3043 1482 3097 in
1511 3021 1576 3098 ea
1623 3043 1798 3098 altare
1823 3060 1866 3108 t,

285 3125 566 3195 palliolum
590 3144 628 3190 ι,
659 3135 818 3184 teme
847 3128 1066 3185 arabilis
1097 3131 1265 3187 hobas
1290 3147 1343 3196 v,
1376 3140 1654 3202 pratorum
1682 3131 1864 3188 carrd.
1892 3171 1946 3237 Ε

293 3232 386 3282 xt,
417 3217 563 3272 silvae
585 3219 772 3290 jugera
817 3237 944 3285 xxx,
990 3223 1248 3279 molamt.
1295 3224 1360 3278 Et
1389 3225 1459 3280 ibi
1497 3225 1738 3296 propein
1777 3241 1872 3280 eo-

291 3307 417 3361 dem
458 3309 698 3363 ternriuo
751 3311 989 3366 bobamt
1039 3328 1202 3382 quam
1247 3312 1418 3371 Iacob
1463 3316 1756 3372 advocatus
1815 3316 1869 3372 in

291 3394 560 3466 Megiloue
593 3407 646 3453 et
685 3397 854 3456 fratre
899 3400 1016 3470 ejus
1042 3402 1314 3474 llungario
1347 3404 1586 3462 lucratus
1615 3415 1718 3471 est,
1749 3421 1872 3476 pra-

295 3496 476 3541 torum
523 3488 710 3558 jugera
762 3505 874 3554 \‘III,
926 3491 994 3545 ad
1043 3491 1310 3563 llasalpah
1354 3510 1483 3551 vero
1520 3497 1662 3566 quod
1705 3498 1868 3551 etiam

293 3576 422 3632 illuc
460 3581 718 3648 pertinet,
752 3595 933 3634 casam
955 3597 1085 3636 cum
1115 3594 1289 3650 cut-te,
1331 3594 1490 3640 terrae
1533 3586 1752 3641 arabilis
1779 3586 1872 3639 lio-

292 3665 395 3721 bas
427 3683 490 3733 ιι,
511 3677 790 3739 pratorum
819 3671 1028 3724 carrad.
1058 3687 1174 3736 Vﬂl,
1209 3672 1358 3728 silva:
1378 3671 1567 3745 jugera
1590 3691 1644 3728 v.
1672 3675 1870 3730 Ibidem

287 3766 478 3812 autem
523 3760 591 3814 ad
619 3758 794 3815 Filesa
830 3761 918 3815 cui
965 3763 1346 3833 subsequentia
1391 3765 1715 3835 appendent,
1746 3774 1872 3820 sunt

293 3847 566 3916 mancipia
591 3864 670 3914 ιι,
703 3850 752 3903 id
787 3861 894 3914 est,
923 3849 1217 3920 Wolfpero,
1249 3851 1499 3921 Ratpoto,
1531 3852 1868 3922 Heimpreht,

295 3933 551 4002 Liutfrid,
609 3938 807 4004 Otl'rid,
851 3939 1089 4002 Anthad,
1123 3940 1379 4006 *Kisaloll',
1428 3941 1638 4008 Somni,
1692 3941 1873 3996 Helm-

296 4024 454 4087 drnd,
484 4027 767 4095 Mahtlind,
812 4031 1166 4101 Cbunipreht.
1211 4033 1298 4088 Isti
1333 4044 1458 4089 sunt
1479 4045 1662 4089 autem
1709 4043 1873 4090 testes

295 4119 521 4175 auribus
559 4121 712 4176 tracti
743 4123 1050 4178 traditionis
1087 4133 1210 4179 ante
1240 4127 1499 4179 nominati
1529 4125 1825 4196 Gundperti
1855 4143 1868 4179 :

295 4207 436 4279 Ogo,
479 4210 612 4273 Avo,
658 4211 926 4279 Adalhun,
961 4214 1246 4278 Karaheri,
1277 4215 1535 4280 Rodheri,
1582 4217 1869 4287 llittipero,

298 4298 472 4364 Hillo,
505 4299 896 4374 Erchanperht,
940 4305 1177 4372 Marcho,
1226 4308 1539 4378 Lantperht,
1569 4308 1870 4378 Lintperht,

297 4388 534 4456 Folcrih,
577 4394 766 4451 Ascrih
792 4404 847 4450 et
891 4396 1000 4452 alii.
1032 4401 1222 4454 Actum
1253 4410 1334 4455 est
1378 4401 1443 4455 ad
1474 4402 1744 4474 Rocklnga
1774 4403 1873 4458 sub

1955 583 2128 636 usque
2151 568 2218 622 ad
2249 567 2406 622 linem
2435 568 2561 622 vitae
2589 583 2700 623 suae
2729 567 3049 638 possideret,
3078 577 3134 624 et
3146 573 3530 639 posteaomnia

1955 659 2263 714 emeliorata
2279 659 2343 714 ad
2359 658 2418 714 S.
2447 659 2666 715 Petrum
2681 659 2952 716 sineillius
2961 662 3392 720 contradictione
3413 679 3535 735 per~

1955 757 2227 804 maneant.
2251 749 2337 814 Et,
2369 758 2432 804 ut
2457 749 2665 806 ﬁrmior
2692 759 2748 806 et
2774 751 2980 806 certior
3003 752 3119 808 haec
3139 753 3279 808 ratio
3301 754 3535 824 posteris

1955 841 2245 905 consistat,
2283 839 2485 910 placuit
2515 850 2678 897 testes
2717 842 2997 898 adhibere.
3043 841 3193 900 Babo
3235 859 3378 900 com.
3425 845 3536 902 Me-

1957 931 2194 1002 ginhart,
2224 929 2426 996 Ratolt,
2459 931 2658 998 Masso,
2705 932 2834 998 Elit,
2883 933 3017 1002 Epo,
3069 933 3324 1006 Sigimot,
3374 933 3544 991 (Mal--~

1954 1021 2111 1091 perth
2137 1062 2152 1086 ,
2193 1021 2427 1087 Walah,
2476 1023 2632 1088 Avo,
2673 1022 2863 1090 Jacob,
2912 1024 3122 1090 Albrih,
3169 1027 3299 1081 item
3347 1025 3534 1084 Jacob.

1958 1112 2369 1170 Testimoniales
2391 1113 2666 1182 Waldlter,
2694 1115 2830 1188 Ogo,
2858 1117 2987 1173 item
3013 1117 3151 1187 Ogo,
3184 1127 3288 1176 etc.

2027 1290 2158 1345 Car.
2200 1289 2317 1346 XV.
2366 1321 2437 1332 -ο
2505 1291 2854 1346 Commutatio
2895 1294 3034 1348 inter
3071 1279 3470 1350 moriebantur

2356 1363 2652 1432 episcopum
2685 1373 2738 1418 et
2774 1363 3135 1434 Adalpertum.

2025 1517 2329 1572 Fructuosa
2355 1516 2533 1582 valde,
2563 1531 2772 1573 necnon
2800 1525 2858 1573 et
2884 1517 3111 1574 nimium
3146 1518 3295 1574 utilis
3319 1534 3546 1577 consue-

1956 1609 2088 1664 tudo
2144 1609 2272 1664 olim
2331 1610 2471 1664 inter
2525 1609 2771 1666 homines
2823 1610 3117 1666 inoleverat
3178 1612 3543 1666 commutandi
3607 1622 3609 1624 ·

1961 1699 2170 1754 scilicet
2191 1701 2451 1770 quasdam
2478 1715 2565 1755 res
2588 1715 2689 1770 pro
2711 1699 2992 1756 ambarum
3017 1701 3257 1757 utilitate
3284 1702 3541 1772 partium.

1968 1789 2081 1846 lloc
2111 1799 2301 1846 tenore
2327 1800 2382 1847 et
2417 1793 2519 1848 hac
2547 1792 2756 1848 ratione
2779 1794 3033 1849 convenit
3058 1793 3198 1849 inter
3221 1794 3549 1850 Ambricho-

1969 1899 2090 1940 nem
2125 1883 2487 1940 venerabilem
2515 1885 2830 1956 episcopum
2874 1893 2932 1940 et
2971 1884 3323 1940 Adalbertum
3363 1902 3551 1956 quem-

1967 1977 2089 2030 dam
2133 1976 2308 2031 virum
2355 1976 2590 2032 nobilem
2641 1976 2904 2046 quasdam
2952 1991 3146 2032 causas
3189 1987 3546 2034 commutare.

1967 2065 2213 2121 Tradidit
2239 2081 2468 2135 namque
2495 2067 2790 2122 advocatus
2818 2065 3056 2136 episcopi
3082 2065 3251 2122 Puolo
3275 2082 3400 2122 cum
3425 2082 3551 2122 con-

1966 2173 2130 2213 sensu
2157 2166 2214 2212 et
2234 2155 2388 2226 jussu
2419 2155 2627 2227 praefati
2655 2157 2891 2227 episcopi
2915 2156 3230 2212 etomuium
3258 2156 3552 2212 monacho-

1965 2269 2086 2307 rum
2115 2251 2173 2307 S.
2199 2251 2584 2306 Eminerammi
2611 2251 2868 2322 martyris
2893 2249 3096 2306 Christi
3123 2249 3285 2305 talem
3312 2249 3556 2321 proprie.

1969 2351 2134 2398 tatem
2183 2351 2242 2396 ut
2290 2340 2556 2396 Wolfheri
2586 2341 2652 2396 ad
2701 2341 3014 2411 praedictum
3053 2351 3299 2397 sanctum
3334 2340 3555 2396 tradidit

1970 2435 2024 2490 in
2082 2432 2381 2490 Frtundorf
2411 2431 2538 2502 jure
2583 2443 2843 2504 perpetuo
2891 2434 3300 2503 possidendum.
3350 2432 3553 2488 Contra

1970 2527 2132 2581 etiam
2158 2525 2379 2580 tradidit
2408 2525 2462 2578 in
2493 2523 2781 2594 Reitinpoh
2813 2524 3140 2594 Adalpertus
3165 2524 3325 2580 talem
3355 2539 3552 2581 conca-

1969 2616 2287 2687 pacitatem,
2325 2623 2382 2669 et
2405 2615 2792 2686 proprietatem
2823 2630 2984 2685 quam
3017 2615 3070 2669 in
3114 2615 3203 2670 illa
3233 2617 3553 2688 concapaci-

1971 2717 2080 2762 tate
2110 2707 2312 2773 habet,
2361 2708 2716 2764 conveniente
2743 2709 2812 2762 ad
2846 2723 3041 2763 causas
3081 2709 3328 2778 prmdicti
3377 2709 3554 2767 sancti

1969 2799 2376 2865 Emmerammi,
2402 2808 2667 2868 quatenus
2695 2799 2812 2854 sine
2849 2798 3010 2854 ullius
3037 2799 3461 2857 contradictione
3485 2803 3556 2859 ad

1971 2899 2217 2946 sanctum
2248 2891 2341 2946 Dei
2369 2891 2664 2962 pertineret
2692 2891 3098 2962 perpetualiter.
3129 2892 3292 2948 Facta
3323 2902 3408 2949 est
3435 2894 3555 2950 haec

1972 2981 2327 3036 conunutatio
2379 2996 2523 3035 anno
2572 2980 2781 3036 Domini
2827 2979 2950 3045 866,
2993 2979 3181 3036 indict.
3215 2981 3306 3048 15,
3333 2983 3386 3038 in
3433 2982 3555 3038 loco

1974 3081 2279 3140 nuncupato
2326 3070 2785 3126 Pcrehartcsltusa
2829 3071 2882 3126 in
2926 3072 3215 3141 praesentia
3259 3070 3371 3141 jam
3423 3071 3555 3128 dicu

1974 3165 2226 3236 episcopi
2244 3172 2297 3218 et
2327 3158 2544 3219 Bodolti
2568 3165 2806 3241 comitis.

2042 3341 2170 3396 Car.
2213 3338 2351 3394 XVI.
2395 3372 2464 3383 --
2509 3341 2856 3396 Commuﬂrtio
2905 3342 3040 3395 inter
3081 3342 3482 3398 Ambrichonem

2375 3414 2668 3482 episcopum
2699 3422 2746 3465 et
2777 3410 3158 3481 Chrestingum.

2043 3567 2405 3622 Pluritnorum
2427 3566 2622 3621 sentiat
2644 3565 2906 3620 industria
2930 3565 3184 3630 ﬁdelium,
3203 3565 3554 3635 praesentium

1975 3659 2226 3715 videlicet
2245 3668 2406 3728 atque
2430 3657 2730 3712 futurorum
2757 3673 2855 3727 per
2877 3658 3191 3713 relationem
3223 3660 3328 3715 mei
3361 3659 3558 3716 humil-

1974 3748 2086 3802 limi
2135 3749 2458 3803 bneviatoris
2525 3747 2756 3816 qualiter
2823 3749 3152 3804 reverendus
3207 3749 3300 3804 Dei
3377 3751 3558 3807 cultor

1972 3840 2266 3896 Ambricho
2303 3855 2594 3910 congruam
2642 3843 3118 3897 commutationem
3165 3858 3288 3898 cum
3318 3842 3560 3913 quolibet

1975 3935 2256 4004 campioue
2300 3933 2488 3997 nobili,
2539 3933 2758 3988 nomine
2799 3932 3146 4006 Chrestiugo,
3177 3937 3406 4008 peregit.
3458 3935 3560 3992 Hic

1976 4026 2161 4096 itaque
2195 4024 2449 4081 robustus
2477 4034 2531 4078 et
2557 4023 2822 4093 ingenuus
2861 4025 2948 4078 vir
2975 4025 3200 4080 tradidit
3237 4025 3307 4081 ad
3343 4025 3404 4082 S.
3433 4021 3560 4081 Em-

1977 4135 2332 4175 merammum
2380 4127 2678 4190 martyrem
2736 4117 2873 4184 Dei,
2931 4121 2984 4175 in
3035 4120 3154 4176 loco
3205 4121 3296 4191 qui
3358 4121 3560 4176 dicitur

1974 4208 2310 4276 Chelebeim,
2341 4212 2406 4268 de
2447 4220 2588 4268 terra
2634 4214 2822 4269 arabili
2863 4213 3054 4282 jugera
3091 4227 3208 4276 xxt,
3238 4220 3292 4267 et
3325 4211 3392 4266 de
3422 4210 3555 4266 silva

1976 4301 2110 4356 satis
2139 4301 2418 4370 pulchram
2447 4304 2772 4374 portionem.
2823 4303 2890 4358 Ut
2921 4303 3192 4372 plerisque
3235 4301 3553 4364 arbitratur,

1974 4388 2214 4460 ejusdem
2250 4391 2400 4446 silvae
2429 4401 2554 4446 sunt
2595 4392 2783 4464 jugera
2833 4407 2921 4452 xx,
2953 4390 3036 4444 vel
3066 4389 3315 4459 amplius.
3365 4388 3408 4443 E
3433 4403 3559 4444 con-

297 4495 502 4551 quercu
529 4499 647 4554 quae
673 4495 857 4541 contra
893 4489 1176 4544 ecclesiam
1219 4501 1320 4555 est,
1350 4508 1491 4547 anno
1517 4493 1724 4563 imperii
1763 4492 1870 4547 Ka-

1979 4493 2062 4538 tra
2090 4497 2220 4538 vero
2251 4483 2575 4538 venerabilis
2611 4491 2812 4537 sancta:
2846 4482 2990 4536 sedis
3027 4481 3315 4551 episcopus
3342 4478 3559 4534 Ambri-
3587 4481 3595 4492 ‘

297 4571 400 4625 τοἰὶ
424 4587 585 4643 super
615 4573 875 4633 Baoarios
901 4587 956 4633 et
983 4579 1218 4637 Francos
1244 4582 1436 4654 primo.

373 4722 502 4778 Car.
535 4725 673 4781 XIV.
701 4758 771 4769 —
797 4729 1196 4809 Qmplacitruio
1229 4734 1803 4809 interlirchanfridum

745 4801 1035 4870 episcopum
1071 4815 1228 4874 atque
1258 4805 1446 4862 David.
1499 4877 1502 4880 .

374 4923 425 4979 0
457 4939 618 4994 quam
663 4930 866 4985 caduca
916 4941 973 4984 et
1023 4931 1230 5004 fragilis
1274 4935 1551 4991 hominum
1599 4940 1878 5010 generatio

299 5028 424 5082 qua:
451 5017 638 5083 procul
666 5017 828 5075 dubio
856 5021 1067 5077 miserae
1101 5026 1261 5079 morti
1301 5041 1516 5097 semper
1540 5029 1598 5082 lit
1622 5031 1872 5094 obnoxia,

296 5113 359 5156 et
386 5119 546 5174 quam
562 5105 802 5174 jocnnda
831 5112 1064 5169 celestis
1093 5117 1202 5169 vita
1223 5155 1236 5180 ,
1276 5117 1365 5172 ubi
1391 5118 1495 5172 erit
1535 5120 1736 5174 sanctis
1761 5120 1877 5173 sine

301 5195 416 5252 ﬁne
464 5197 688 5256 laetitia!
755 5201 881 5258 Hau:
931 5219 1031 5274 ego
1095 5206 1262 5263 David
1316 5223 1526 5264 summa
1582 5209 1880 5264 intentione

303 5289 506 5346 mentis
551 5295 886 5364 perpendens
920 5299 1070 5353 trado
1100 5301 1358 5368 quasdam
1406 5317 1495 5357 res
1535 5301 1879 5373 proprietatis

301 5395 442 5438 ntere
488 5385 542 5439 in
589 5385 726 5444 locis
777 5391 1065 5446 nominatis
1099 5393 1164 5446 ad
1210 5393 1376 5466 Perge
1426 5404 1479 5449 et
1518 5395 1589 5449 ad
1633 5394 1877 5466 Egiwila,

300 5475 570 5546 quidquid
609 5480 663 5536 in
711 5481 812 5538 illis
853 5485 985 5539 locis
1012 5485 1186 5540 habeo
1221 5502 1342 5541 cum
1375 5487 1654 5555 mancipiis
1681 5499 1785 5540 xxv
1811 5485 1882 5539 ad

304 5575 370 5632 S.
413 5569 632 5630 Petrum
668 5577 756 5633 ubi
809 5577 1196 5633 Ercbanl‘ridus
1240 5577 1562 5633 venerabilis
1600 5577 1884 5646 episcopus

307 5665 406 5722 Dei
436 5667 726 5724 Ecclesiam
759 5685 943 5740 regere
963 5668 1312 5740 dignoscitur,
1339 5681 1406 5722 eo
1427 5675 1612 5721 tenore
1631 5675 1685 5720 et
1708 5681 1771 5720 ea
1799 5681 1886 5720 ra-

309 5763 458 5820 tione
477 5776 536 5820 ut
552 5766 810 5836 capellam
824 5765 890 5820 ad
913 5764 1254 5836 Alarcspurc,
1277 5772 1331 5818 et
1356 5763 1399 5818 si
1425 5769 1698 5832 superstes
1712 5759 1885 5816 soceri

1971 4574 2081 4630 cho
2130 4590 2235 4628 uua
2287 4588 2410 4628 cum
2461 4574 2723 4629 advocato
2772 4588 2870 4627 suo
2920 4571 3231 4628 Cnndberto
3278 4571 3560 4628 redonavit
3601 4565 3604 4570 ’

1977 4667 2150 4721 eidem
2175 4673 2478 4736 praenotata
2505 4663 2670 4719 nobili
2708 4663 2775 4718 de
2808 4662 2972 4717 rebus
3001 4662 3174 4716 sancti
3215 4661 3310 4716 Dei
3346 4660 3560 4746 E.tnme-

1980 4756 2170 4810 rammi
2201 4754 2418 4809 totidem
2443 4755 2633 4824 jugera
2667 4753 2735 4808 de
2761 4751 2950 4807 arabili
2979 4751 3250 4807 territorio
3275 4752 3559 4822 aequalem-

1981 4863 2086 4918 que
2115 4846 2264 4901 silvze
2289 4846 2594 4914 portionem
2625 4844 2678 4899 in
2711 4845 2830 4901 loco
2858 4844 3322 4901 Arnhelmashova
3357 4856 3560 4896 nuncu-

1983 4950 2130 5009 pato,
2163 4947 2388 5006 uterque
2418 4937 2556 4992 inter
2595 4951 2654 4990 se
2690 4936 2975 4991 utilitatem
3005 4935 3086 4990 vel
3118 4933 3558 4990 commoditatem

1983 5032 2219 5085 locorum
2259 5029 2580 5098 conquirere
2637 5029 2945 5092 studentes,
2990 5029 3130 5082 sicut
3183 5035 3239 5081 ct
3288 5024 3556 5081 fecerunt.

1985 5122 2260 5188 Quatenus
2291 5120 2500 5175 ﬁrmior
2524 5121 2721 5174 existat
2757 5135 2787 5173 a
2831 5119 3169 5189 posterisque
3211 5103 3402 5172 melius
3441 5118 3560 5170 cre-

1985 5215 2144 5268 datur
2168 5212 2285 5266 haec
2308 5211 2727 5281 complacitatio,
2753 5210 2954 5281 placuit
2976 5211 3110 5266 duas
3135 5208 3410 5264 chartulas
3435 5207 3560 5262 inde

1983 5304 2240 5359 exhibere
2263 5303 2441 5373 patrio
2470 5311 2654 5357 tenore
2695 5301 2962 5370 scriptas,
3009 5314 3074 5354 ac
3121 5297 3560 5355 testimonialiunt

1991 5396 2205 5452 nomina
2238 5395 2484 5449 innotare
2513 5394 2603 5462 qui
2651 5403 2775 5448 sunt
2817 5393 3043 5457 Ascrih,
3083 5392 3366 5452 Adalhun,
3409 5387 3565 5443 (Sota-

1981 5490 2164 5561 perht,
2211 5487 2486 5556 fratcrque
2531 5485 2649 5556 ejus
2696 5485 3002 5554 lrimperht,
3049 5482 3278 5546 llell'rih,
3317 5477 3561 5540 Paldrih,

1986 5580 2286 5643 Cundhart,
2315 5577 2566 5646 Arperht,
2609 5576 2837 5648 Strupo,
2872 5575 3180 5645 Hiltiprant,
3220 5569 3420 5633 Rafolt,
3461 5567 3564 5646 En:-

1985 5673 2208 5746 gilpero,
2257 5668 2592 5733 Odalscalch,
2617 5667 2902 5736 Odalhart,
2931 5665 3226 5737 Reginger,
3252 5659 3564 5732 Cundperht

1985 5772 2042 5819 et
2071 5761 2246 5816 Rihho
2273 5758 2446 5815 frater
2473 5759 2610 5830 ejus.

4016 4651 4017 4694 ι

4015 5389 4017 5470 έ
