3930 5754
481 345 610 401 ωι-

516 518 521 521 _
565 464 690 516 (lar.
733 458 888 515 XVII.
933 488 1002 497 ——-
1045 456 1389 511 Commutatio
1434 459 1562 510 inter
1599 456 1993 513 Ambricﬁoucm

975 530 1265 599 episcopum
1289 536 1334 581 ct
1354 526 1609 597 ‘Og'oucm.

570 647 675 703 Deo
706 644 908 716 gratias
936 640 1075 712 quod
1104 640 1254 697 valde
1283 641 1433 696 utilis
1457 650 1513 696 et
1542 639 1764 695 nimium
1797 638 2069 693 fructuosa

494 742 621 794 olim
653 741 792 794 inter
837 736 1083 800 homines
1111 732 1407 790 inoleverat
1431 730 1762 789 consuetudo
1807 740 1863 785 et
1895 730 2071 784 adhuc

494 820 809 900 plerumque
853 826 992 896 apud
1041 825 1303 896 quosdam
1353 823 1561 880 nobiles
1613 823 1748 877 bene
1806 829 2071 889 cauteque

496 924 867 992 frequentatur
930 918 1294 991 commutandi
1357 916 1606 973 videlicet
1661 914 1920 984 quasdam
1983 928 2071 967 res

493 1030 589 1084 pro
615 1014 895 1081 anibarum
922 1011 1303 1081 commoditate
1329 1008 1577 1079 partium.
1609 1006 1808 1078 Deinde
1830 1001 2069 1079 compla-

490 1104 601 1160 cuit
640 1102 883 1158 ﬁdelibus
911 1101 1146 1172 cpisc0pi
1178 1097 1557 1154 Ambrichonis
1584 1105 1642 1150 ut
1671 1095 1817 1150 ἰιΙιιιιι
1850 1093 2069 1164 instiga-

490 1205 609 1255 rcnt
639 1204 698 1249 ιιι
725 1193 937 1249 fecisset
964 1206 1122 1246 unam
1151 1188 1622 1246 commutationem
1645 1201 1765 1241 cum
1793 1183 1946 1238 ﬁdele
1971 1197 2070 1237 suo

489 1290 673 1361 Ogone
698 1286 787 1358 qui
820 1284 1005 1341 habuit
1032 1285 1203 1339 bonas
1222 1296 1346 1345 res,
1382 1286 1721 1348 comparatas
1747 1276 1799 1330 in
1825 1272 2069 1345 proprie-

478 1395 674 1443 uatcm.
702 1384 837 1437 bene
860 1381 1189 1451 pertinentes
1210 1378 1278 1432 ad
1305 1376 1463 1431 ﬁscos
1488 1368 1783 1442 supradicti
1804 1364 2065 1439 episcopi.

488 1474 638 1529 Tunc
669 1473 781 1543 Ogo
820 1471 1176 1528 conﬁtebatur
1204 1482 1268 1522 eo
1298 1466 1454 1521 modo
1479 1479 1538 1518 se
1568 1460 1758 1517 fecisse
1784 1499 1799 1525 ,
1846 1457 1890 1513 si
1932 1456 2068 1510 bene

489 1548 868 1619 resﬁtncretur
889 1561 1013 1615 sibi.
1044 1558 1109 1613 Et
1138 1557 1316 1611 statim
1348 1555 1629 1624 cpiscopus
1656 1546 1925 1605 consuluit
1954 1560 2068 1600 mo-

486 1657 689 1710 nachos
728 1662 887 1722 atque
934 1648 1224 1706 canonicos
1250 1652 1281 1704 .'
1311 1646 1355 1700 si
1385 1643 1631 1699 voluntas
1660 1640 1870 1695 illorum
1901 1642 2061 1692 esset.

489 1748 553 1801 Et
582 1746 653 1800 illi
693 1745 944 1798 dixerunt
986 1740 1130 1810 quod
1161 1742 1297 1792 bene
1339 1742 1517 1799 esset,
1561 1733 1605 1788 si
1640 1740 1795 1785 antea
1833 1727 2065 1784 misisset

487 1845 618 1894 suos
640 1837 851 1899 ﬁdeles,
887 1843 941 1889 et
989 1833 1334 1902 inves’tigaret
1361 1844 1479 1899 qua:
1522 1841 1650 1898 pars
1678 1824 1866 1880 melior
1892 1829 2054 1877 esset.
2084 1822 2133 1881 Β
2164 1870 2273 1925 Cu
2336 1866 2403 1921 XI

486 1928 634 1985 Tunc
677 1926 839 1997 jussit
894 1926 1179 1997 episcopus
1219 1921 1494 1993 Egilperto
1529 1917 1816 1990 praeposito
1841 1956 1855 1980 .
1904 1923 2065 1983 atque

487 2021 654 2075 Avoni
700 2020 958 2074 advocato
983 2056 997 2082 ,
1048 2022 1102 2069 cl
1140 2010 1441 2068 'Woll’hoho
1469 2010 1665 2066 clerico
1694 2015 1750 2063 et
1791 2003 2065 2062 Deotirido

482 2110 726 2177 vicario,
783 2120 843 2165 ut
890 2109 1293 2181 perrexissent,
1343 2114 1398 2159 et
1466 2102 1850 2173 investigarent
1904 2105 2065 2166 atque

484 2213 897 2263 emcnsurarcnt
923 2201 1191 2258 subtiliter
1216 2213 1337 2254 cum
1368 2197 1589 2268 pertica.
1619 2192 1826 2248 Placuit
1851 2189 1977 2255 illis,
2009 2196 2067 2244 ct

487 2291 861 2355 iudicaverunt
895 2295 1147 2366 episeopo
1189 2289 1461 2347 comedo
1499 2302 1606 2358 quo
1649 2287 1968 2341 invenerunt
1998 2281 2064 2337 de

485 2388 810 2462 proprietate
841 2386 1040 2459 Ogouis
1069 2385 1140 2462 de.
1181 2392 1323 2439 terra
1372 2378 1563 2435 arabili
1607 2385 1663 2432 et
1707 2375 1775 2430 de
1811 2373 1943 2429 silva
1975 2369 2064 2441 ju-

483 2459 610 2555 gera
639 2485 915 2535 cuitvmt.
936 2475 1090 2544 Quod
1122 2459 1304 2529 debuit
1330 2470 1666 2542 episcopuse
1694 2471 1884 2521 contra
1908 2463 2061 2526 dare,

483 2570 697 2627 fuerunt
722 2568 907 2640 jugera
942 2579 1167 2621 csxxm.
1197 2563 1347 2617 Tunc
1375 2558 1511 2614 dixit
1537 2555 1822 2627 episcopus
1851 2557 1909 2606 ut
1944 2565 2060 2604 me-

484 2659 587 2716 lius
618 2658 805 2715 fuisset
825 2699 838 2721 ,
875 2657 919 2712 si
953 2656 1336 2725 interrogasset
1361 2649 1641 2705 dominum
1672 2657 1828 2700 suum
1860 2654 2057 2712 regem,

486 2751 753 2823 quomodo
773 2765 868 2805 sua
888 2746 1136 2803 voluntas
1162 2752 1324 2800 esset.
1340 2740 1508 2796 ‘Tunc
1535 2738 1670 2794 dixit
1699 2750 1788 2791 rex
1813 2749 1882 2789 eo
1904 2732 2063 2787 modo

486 2845 599 2899 ﬁeri
630 2844 770 2899 sicut
796 2840 1069 2922 licentiam
1094 2837 1235 2899 dedi,
1260 2834 1319 2890 ut
1341 2830 1691 2889 commutatio
1720 2834 1865 2882 esset
1890 2838 2061 2891 usque

484 2936 549 2990 ad
577 2927 811 3005 quinque
842 2913 1028 2986 liobas.
1059 2927 1183 2983 llaec
1210 2925 1427 2982 dictio-a
1458 2936 1583 2993 rege
1608 2920 1748 2975 dicta
1767 2925 1858 2973 est
1881 2915 1932 2969 in
1958 2913 2061 2967 au.

485 3004 770 3079 husthtn‘ii.
800 3024 990 3077 Postea
1026 3017 1343 3076 convocavit
1365 3015 1593 3071 domnus
1618 3004 2059 3081 episcopusAm-

486 3117 672 3172 hri'eho
698 3113 1156 3175 suos'mnnachos.
1185 3119 1347 3181 atque
1373 3105 1662 3164 canonicos
1692 3110 1747 3157 et
1767 3101 1901 3156 alios
1927 3097 2058 3152 ﬁde-

466 3210 562 3262 .les
589 3223 734 3270 suos,
764 3215 819 3261 et
846 3198 1085 3260 fecerunt
1111 3199 1585 3257 commutationem
1616 3193 1783 3250 illam.
1811 3188 2058 3247 Tradidit

470 3302 663 3368 itaque
706 3296 1048 3366 swradictus
1094 3293 1209 3364 Ogo
1250 3292 1318 3347 ad
1386 3289 1443 3345 S.
1497 3289 1955 3343 Emmerammum
2004 3280 2056 3335 in

470 3389 769 3461 praesentia
800 3383 1202 3441 sc-rvornm'Dei
1251 3389 1306 3438 et
1340 3377 1588 3435 advocati
1615 3373 1853 3445 ejusdem
1880 3368 2055 3426 eccle-

483 3483 577 3536 sia:
606 3480 819 3535 nomine
842 3466 1045 3533 Avouis
1067 3474 1119 3529 in
1152 3474 1268 3529 loco
1293 3471 1384 3542 qui
1420 3470 1616 3524 dicitur
1641 3464 1930 3523 Puohhusa
1962 3475 2056 3516 ca-

482 3587 598 3628 sam
627 3585 749 3627 cum
781 3578 954 3632 curte,
983 3575 1039 3621 et
1062 3566 1127 3621 de
1154 3575 1297 3619 terra
1325 3561 1514 3617 arabili
1540 3558 1729 3630 jugera
1757 3571 1882 3621 ιιι,
1913 3562 1969 3610 et
1985 3552 2059 3608 de

482 3663 616 3718 silva
658 3660 846 3730 jugera
882 3675 936 3720 κ,
966 3666 1021 3712 et
1062 3655 1127 3709 ad
1178 3651 1563 3708 Punnincitova
1605 3648 1798 3719 jugera
1828 3660 1882 3710 ι,
1912 3643 2059 3700 etde

483 3754 631 3809 silva
657 3750 844 3821 jugera
901 3764 1066 3803 xxxix
1092 3786 1106 3809 ,
1157 3756 1212 3799 ct
1252 3744 1320 3798 ad
1370 3739 1691 3810 Muuolﬁnga
1720 3750 1903 3793 casam
1934 3748 2056 3789 cum

485 3852 639 3899 curte
676 3842 867 3911 jugera
913 3854 1015 3892 xxx
1045 3879 1059 3901 ,
1104 3846 1157 3891 et
1192 3836 1266 3889 de
1298 3832 1432 3889 silva
1457 3831 1647 3903 jugera
1679 3844 1769 3882 xx.
1798 3827 1843 3882 E
1871 3833 2059 3881 contra

483 3946 698 4003 quoque
742 3933 855 3984 Avo
880 3931 1175 3984 advocatus
1204 3923 1410 3997 praefati
1436 3921 1672 3993 episcopi
1706 3918 1923 3975 tradidit
1939 3918 2058 3990 jam

482 4026 630 4085 dicto
678 4022 846 4094 Ogoui
894 4023 960 4075 de
1003 4020 1163 4075 rebus
1212 4016 1270 4072 ε.
1309 4012 1690 4069 Emmerammi
1741 4012 1794 4065 in
1826 4011 1944 4065 loco
1968 4008 2059 4079 qui

484 4115 682 4171 dicitur
708 4114 937 4182 Matiuga
961 4124 1142 4167 casam
1169 4123 1291 4163 eum
1320 4114 1496 4170 curte,
1523 4113 1579 4159 et
1602 4105 1668 4159 de
1697 4110 1841 4157 terra
1868 4098 2059 4155 arabili

476 4205 666 4275 jugera
686 4199 1054 4260 cxxxiii..lsti
1085 4206 1210 4255 sunt
1234 4196 1325 4266 qui
1368 4203 1661 4267 praesentes
1686 4202 1813 4247 tunc
1839 4190 2063 4245 aderant

484 4296 551 4363 de
586 4292 866 4349 monachis
896 4308 912 4344 :
945 4285 1568 4361 Egilpcrht,‘Faraman,
1604 4280 1915 4353 Deotpcrht,
1958 4279 2063 4333 Ile-

485 4384 703 4453 giul‘rid,
732 4382 962 4453 Adalgoz
992 4391 1046 4438 et
1075 4381 1256 4436 caeteri
1282 4378 1396 4435 fere
1432 4392 1636 4433 omnes.
1687 4375 1764 4430 De
1787 4371 2063 4429 canonicis

487 4474 745 4539 Sandrat,
786 4470 1077 4534 Ermanolt,
1109 4466 1502 4537 Ercbanperht,
1532 4461 1810 4525 Woll‘hoh,
1842 4458 2059 4523 Rodtlt,

1418 340 1721 415 ANAMODI
1761 342 2299 400 RA'HSI‘ONENSIS
2339 344 2745 404 SL'BDIACONI
2834 376 2841 384 -

3634 354 3720 411 9η

2096 465 2142 521 Α
2172 458 2509 514 Grimharius
2560 470 2685 514 ante
2737 456 3043 513 nominatus
3089 458 3283 515 nobilis
3328 463 3397 515 ad
3446 461 3501 518 S.
3536 463 3722 523 Eumae-

2175 565 2436 604 rammum
2483 559 2640 604 terra:
2688 548 2908 605 arabilis
2947 548 3134 618 jugera
3182 566 3322 618 xxx,
3371 562 3426 608 et
3469 553 3537 609 de
3578 558 3724 626 pratia

2172 643 2381 698 carrad.
2429 658 2517 697 xlv
2563 641 2617 696 in
2662 640 2781 697 Ioco
2828 638 3056 712 Stinpah
3087 650 3396 712 nuneupato
3430 644 3484 698 in
3530 660 3723 703 manum

2174 733 2559 802 Perelitguudte
2577 740 2739 802 atque
2757 731 3000 787 advocati
3021 732 3185 798 illius,
3203 733 3421 789 nomine
3444 733 3725 791 Lantberti.

2172 826 2216 881 E
2259 832 2447 881 contra
2496 839 2626 880 vero
2681 823 2769 878 illa
2818 822 3157 894 Perehtgund
3193 824 3415 899 ipseque
3457 825 3726 883 advocatus

2172 915 2515 979 Lantbertus,
2550 914 2802 985 episcopo
2849 913 3145 969 honorabili
3190 912 3556 971 Ambrichone
3584 915 3727 972 licen-

2173 1008 2299 1060 tiam
2334 1006 2701 1069 concedente,
2745 1004 3079 1059 tradiderunt
3123 1004 3189 1060 de
3239 1005 3401 1060 rebus
3445 988 3507 1060 S.
3536 1005 3727 1063 Emme-

2172 1095 2361 1152 rammi
2410 1095 2583 1150 eidem
2629 1093 2795 1150 nobili
2848 1093 3156 1150 Grimhario
3199 1095 3265 1149 ad
3313 1095 3634 1166 lmminperc
3671 1098 3725 1154 de

2173 1199 2314 1245 terra
2362 1187 2551 1243 arabili
2596 1185 2789 1259 jugera
2839 1201 2979 1251 xxx,
3020 1194 3076 1242 et
3106 1187 3172 1243 de
3204 1189 3378 1256 pratis
3405 1189 3619 1244 carrad.
3643 1206 3721 1245 ιιι.

2170 1282 2262 1337 Isti
2282 1295 2494 1353 quoque
2513 1279 2754 1350 ejusdem
2779 1287 2942 1349 gestae
2962 1279 3044 1334 rei
3072 1288 3235 1334 testes
3259 1280 3503 1334 existunt
3533 1281 3727 1336 auribus

2171 1371 2329 1427 tracti
2355 1388 2368 1424 :
2398 1368 2672 1435 Strachol,
2701 1367 2920 1433 Hunolt,
2964 1368 3206 1430 Deotolt,
3250 1368 3545 1439 Sigimunt,
3573 1369 3724 1432 Ileiol,

2169 1452 2406 1535 Hunger,
2456 1461 2729 1533 Amalger,
2783 1459 3050 1530 Otperht,
3100 1459 3397 1531 Regiuhart
3425 1502 3440 1527 ,
3496 1462 3725 1524 Dcotcoz,

2168 1554 2544 1625 Ermenperht,
2578 1551 2830 1614 Ruodull',
2868 1551 3059 1615 Pctilo,
3101 1547 3399 1616 Hatnadeo,
3433 1550 3728 1621 Engilwart,

2167 1645 2435 1717 Reginolt.
2470 1644 2665 1698 Actum
2700 1650 2877 1697 autem
2923 1642 2976 1696 in
3009 1642 3238 1712 Stinpah
3267 1642 3447 1712 primo
3476 1657 3619 1698 anno
3641 1642 3729 1696 lia-

2169 1736 2465 1793 rolomanni
2498 1735 2640 1805 regis
2668 1733 3002 1789 serenissimi

2411 1865 2475 1920 Χ.
2526 1895 2595 1905 -
2619 1864 2993 1936 Commutatio
3014 1865 3153 1936 inter
3203 1865 3607 1921 Ambn'chom
3628 1868 3726 1936 cpi-

2588 1951 2800 2006 scopum
2842 1945 2890 1988 et
2927 1933 3317 1991 Winicltoncut.

2231 2051 2529 2107 Fructuosa
2542 2047 2715 2114 valde,
2730 2063 2834 2103 non
2848 2047 3020 2103 solum
3032 2048 3278 2115 honesta,
3293 2049 3391 2105 sed
3405 2049 3631 2104 nimium
3647 2051 3729 2104 uti-

2163 2147 2228 2203 lis
2248 2144 2580 2202 consuetudo
2593 2143 2719 2200 olim
2747 2144 2887 2199 inter
2911 2142 3156 2198 homines
3181 2140 3486 2197 inoleverat
3509 2155 3730 2196 eorumn-

2166 2236 2313 2292 tandi
2338 2233 2589 2291 videlicet
2603 2247 2700 2304 pro
2716 2231 3103 2289 commoditate
3117 2239 3476 2302 utrarumque
3488 2230 3730 2300 partium.

2166 2329 2277 2385 Hae
2306 2328 2473 2400 igitur
2497 2326 2708 2383 ratione
2740 2323 2961 2380 tradidit
3002 2322 3260 2378 Winieho
3281 2323 3514 2393 quidam
3554 2321 3731 2376 nobilia

2164 2422 2230 2477 ad
2258 2420 2318 2476 S.
2363 2413 2829 2475 Emmerammum
2858 2415 3248 2488 proprietatem
3278 2429 3435 2470 suam
3467 2428 3626 2484 quam
3648 2414 3732 2468 ba-

2162 2513 2276 2569 buit
2303 2514 2370 2569 ad
2391 2512 2613 2569 Puocha
2635 2519 2690 2566 et
2716 2509 2783 2566 ad
2808 2509 3073 2581 Stupinga
3102 2508 3236 2563 nihil
3258 2516 3418 2564 extra
3446 2507 3728 2562 dimittens.

2170 2606 2213 2661 E
2242 2613 2430 2661 contra
2459 2618 2591 2659 vero
2618 2616 2740 2658 cum
2761 2600 2983 2656 licentia
3003 2597 3394 2655 Ambriehonis
3420 2595 3730 2652 venerabilis

2161 2701 2401 2773 episcopi
2432 2708 2489 2756 et
2535 2711 2802 2755 consensu
2844 2695 3071 2750 fratrum
3114 2695 3236 2749 lsan
3283 2692 3586 2748 advocatus
3624 2690 3726 2760 epi-

2172 2793 2323 2863 scopi
2356 2791 2618 2862 prredicto
2646 2787 2954 2844 Winicboni
2983 2801 3047 2840 ex
3073 2785 3238 2840 rebus
3264 2783 3323 2838 S.
3355 2779 3725 2837 Emmerauuni

2162 2883 2404 2950 tradidit,
2440 2883 2492 2937 in
2523 2882 2641 2937 loco
2695 2879 2785 2950 qui
2821 2877 3020 2933 dicitur
3044 2873 3309 2939 Buohlob,
3367 2873 3589 2929 domtm
3617 2886 3725 2926 cum

2161 2983 2312 3031 curte
2345 2983 2401 3028 et
2451 2970 2716 3032 aediﬁciis,
2754 2970 2820 3023 de
2861 2976 3003 3022 terra
3046 2964 3234 3020 arabili
3284 2962 3483 3035 jugera
3516 2978 3635 3026 uti,
3669 2961 3727 3014 de

2162 3065 2333 3136 pratis
2361 3063 2576 3119 carrad.
2625 3076 2699 3115 xu
2727 3060 2781 3115 in
2823 3058 3208 3129 proprietatem
3237 3054 3640 3126 possidendam,
3680 3060 3727 3105 et

2085 3172 2130 3234 ς
2164 3156 2424 3229 quidquid
2456 3154 2653 3211 exinde
2698 3168 2825 3225 pars
2869 3151 3007 3222 parti
3049 3149 3361 3207 contulerat
3403 3147 3629 3203 liberam
3678 3147 3725 3200 in

2160 3249 2409 3305 omnibus
2433 3248 2673 3303 habeant
2703 3252 3022 3315 potestatein
3052 3242 3169 3297 sine
3198 3238 3430 3309 alicujus
3456 3236 3721 3295 contradi-

2160 3338 2357 3394 ctionis
2398 3334 2699 3392 obstaculo.
2733 3334 2823 3398 Et,
2851 3341 2911 3387 ut
2951 3331 3156 3386 ﬁrmius
3182 3330 3299 3385 lucc
3335 3326 3724 3384 commutatioa

2157 3426 2389 3499 posteris
2425 3425 2696 3491 credatur,
2737 3422 2937 3493 placuit
2987 3431 3155 3476 testes
3199 3418 3470 3474 adhibere
3504 3430 3722 3488 quorum

2158 3515 2374 3572 nomina
2420 3522 2546 3570 sunt
2590 3513 2705 3567 haec
2756 3529 2770 3566 :
2825 3510 3076 3573 Folcrat,
3108 3508 3308 3572 Masso,
3347 3506 3543 3571 Immo,
3588 3504 3724 3559 Leit-

2158 3613 2337 3677 prant,
2386 3602 2650 3673 Wicpold,
2693 3600 2939 3663 Wauinc,
2970 3598 3158 3664 Jacob,
3183 3597 3501 3661 Adalscalh.
3524 3595 3723 3659 Paria,

2158 3696 2369 3762 Albrih,
2409 3694 2640 3758 Altmar,
2676 3691 2949 3763 Truugilo,
3007 3689 3270 3755 Adalunc,
3324 3686 3534 3755 Rafoit,
3575 3685 3724 3743 Gota-

2160 3784 2283 3848 fort,
2310 3784 2565 3854 Swapilo,
2590 3782 2908 3855 Meginhart,
2937 3781 3309 3838 Teorotnand.

2159 3906 2288 3976 CAP.
2327 3919 2444 3975 XX.
2484 3900 2555 3959 -ὲ-
2590 3917 2941 3973 ϐοηιηιιιιηιὶο
2992 3916 3575 3986 iulerdmbriclzom
3625 3917 3725 3986 epi-

2589 4004 2797 4058 scopum
2828 3997 2877 4041 et
2924 3984 3307 4057 Ellinpoldum.

2224 4098 2530 4153 Fructuosa
2566 4098 2749 4162 valde,
2776 4105 2833 4151 et
2873 4112 2977 4151 non
3026 4095 3200 4151 solum
3251 4096 3509 4162 honesta,
3557 4111 3727 4151 verum

2163 4178 2325 4245 etiam
2360 4189 2584 4244 nimium
2612 4187 2760 4243 utilis
2784 4186 3117 4242 consuetudo
3153 4184 3282 4241 olim
3313 4186 3461 4242 inter
3498 4187 3727 4243 homines

2165 4270 2463 4333 inoleverat
2495 4274 2863 4331 commutandi
2908 4274 3158 4331 videlicet
3201 4275 3473 4344 quasdam
3512 4291 3599 4330 aes
3640 4289 3728 4344 pro

2165 4360 2446 4422 ambarum
2490 4365 2722 4422 utilitate
2742 4366 3009 4435 partium.
3063 4363 3178 4420 Hac
3206 4364 3479 4433 siquidem
3532 4366 3727 4420 ratione

2166 4458 2416 4515 convenit
2468 4457 2615 4512 inter
2657 4455 3020 4511 venerabilem
3048 4457 3360 4526 episcopum
3410 4457 3724 4513 Ambricbo-

477 4534 717 4632 .llibholf
716 4532 742 4627 ,'
757 4572 863 4617 etc.
893 4532 1083 4615 Postea
1111 4532 1394 4629 episcopus
1435 4562 1492 4609 et
1531 4554 1613 4608 sui
1654 4552 1835 4608 ﬁdeles
1863 4564 2063 4622 pracce-
2088 4532 2140 4591 Ῑ)
2166 4564 2289 4603 nem
2308 4556 2364 4603 et
2387 4546 2675 4617 quemdam
2688 4543 2930 4600 nobilem
2972 4542 3334 4614 Ellinpoldum
3365 4544 3471 4599 ista
3497 4558 3723 4599 comma-

487 4661 687 4723 pcrunt
714 4650 885 4705 Avoni
918 4650 1180 4705 advocato
1207 4644 1455 4713 etc0goni
1487 4651 1545 4697 ut
1584 4640 1952 4711 perrexissent
1995 4636 2063 4692 ad

488 4736 778 4799 concilium
808 4740 1064 4795 comitum
1108 4737 1181 4791 ad
1210 4734 1461 4788 Eitaraha
1504 4732 1684 4801 ibique
1714 4739 1878 4784 testes
1907 4726 2063 4781 tracti

490 4840 672 4890 essent
713 4847 810 4903 per
834 4845 1010 4886 aures.
1043 4827 1158 4883 Hoc
1194 4826 1293 4881 fuit
1342 4825 1393 4878 in
1422 4821 1721 4892 praesentia
1748 4817 2062 4888 Chunipcrti

486 4923 727 5005 comitis,
756 4930 811 4976 et
856 4916 1182 4987 Cundqpoldi
1217 4914 1452 4979 comitis,
1478 4908 1533 4968 et
1558 4907 1804 4965 Rumoldi
1831 4906 2060 4963 comitis.

477 4996 586 5083 ζιειί
626 5022 792 5070 testes
832 5019 960 5067 sunt
999 5009 1071 5063 ibi
1120 5006 1277 5062 tracti
1309 5023 1323 5059 :
1352 4999 1904 5073 Beginhoh,Pazrih,
1933 4996 2064 5050 Nid-

491 5108 640 5169 hart,
673 5104 962 5164 Rodmunt,
988 5099 1274 5162 Liudhart,
1300 5093 1573 5165 Eparhoh,
1604 5091 1923 5154 Wihmunt,
1972 5089 2066 5141 Ar-

2166 4639 2318 4695 tatio.
2345 4636 2589 4692 Tradidit
2609 4635 2790 4705 itaque
2810 4632 3064 4706 prmfatus
3085 4632 3423 4704 Ellinpoldus
3443 4635 3512 4689 ad
3532 4634 3588 4690 S.
3613 4634 3726 4687 Em-

2166 4744 2524 4785 merammum
2542 4727 2608 4781 in
2639 4725 3118 4795 manumprtedicti
3147 4724 3389 4795 episcopi
3416 4735 3474 4780 et
3490 4723 3721 4779 advocati

2164 4821 2281 4891 ejus
2324 4818 2562 4889 Apponis
2606 4816 2675 4872 de
2717 4819 2880 4872 rebus
2921 4813 3268 4886 proprietatis
3308 4828 3426 4870 suae
3455 4814 3524 4868 ad
3560 4812 3719 4882 Perga

2165 4928 2346 4966 aream
2383 4910 2552 4966 uuam
2593 4918 2650 4965 et
2705 4916 2921 4983 pratum
2967 4922 3131 4983 unum
3177 4906 3245 4961 ad
3289 4904 3548 4960 molinam
3584 4901 3715 4957 insd-

2167 5001 2438 5056 tuendam.
2489 5000 2534 5054 E
2582 4988 2772 5054 contra
2793 5012 2921 5053 vero
2958 4996 3070 5066 jam
3093 4996 3268 5051 dictus
3295 4996 3589 5051 advocatus
3609 5007 3719 5048 cum

2165 5078 2378 5151 licentia
2406 5094 2642 5165 episcopi
2674 5092 2893 5169 tradidit
2913 5071 3222 5159 Ειιίιιροιίιο
3246 5090 3312 5144 de
3339 5091 3500 5144 rebus
3528 5088 3584 5143 s.
3612 5085 3722 5140 Ern-

485 5193 644 5256 .hart,
688 5188 1051 5252 Perabthelm,
1095 5188 1251 5250 Pern,
1284 5181 1644 5253 Erchanpold,
1678 5178 1937 5244 Rodmar,
1970 5178 2067 5231 Er-
2167 5186 2447 5267 r.nerammi
2479 5192 2686 5255 partem
2717 5197 2858 5237 arere
2893 5181 2960 5236 ad
2987 5179 3295 5252 Hedinpah,
3325 5180 3378 5234 id
3407 5189 3512 5242 est,
3538 5178 3588 5232 in
3616 5175 3720 5230 lou-

484 5282 748 5349 -ςιιαηΐνὶιι
773 5280 1054 5353 θιβωιθτὶ-
2167 5277 2405 5359 gitudiue
2435 5276 2674 5345 perticas
2700 5289 2800 5339 xu,
2842 5273 2896 5327 in
2938 5272 3225 5328 latitudine
3255 5271 3414 5326 duas.
3447 5270 3511 5326 Et
3536 5277 3590 5325 ut
3615 5269 3721 5323 hac

488 5391 633 5448 μου.
673 5388 856 5444 XVIII.
892 5417 961 5428 —
1000 5386 1346 5445 Commutatio
1391 5388 1525 5442 inter
1562 5382 1980 5454 Berelttgundom
2018 5392 2065 5434 et
2168 5369 2519 5449 ςεοηιιιιιιιίιιίο
2568 5366 2775 5443 ίῖτηὶὶοῐ
2799 5374 2943 5420 esset
2988 5373 3043 5421 et
3070 5380 3102 5419 Β
3131 5367 3363 5437 posteris
3390 5364 3578 5420 melius
3605 5373 3718 5418 cre-

1094 5456 1466 5512 Grimlmrium.
1754 5453 1765 5454 ί
2169 5460 2405 5523 «teretur,
2431 5455 2635 5528 placuit
2656 5456 2789 5511 duas
2809 5456 3030 5510 chartas
3054 5470 3161 5510 uno
3189 5465 3380 5510 tenore
3405 5453 3721 5522 conscriptas

498 5598 511 5606 .
556 5550 897 5623 :Cunctorum
949 5528 1210 5601 industria
1254 5547 1486 5603 ﬁdelium
1531 5553 1790 5617 agnoscat
1835 5542 2066 5613 qualiter
2169 5534 2292 5623 inde
2319 5547 2575 5603 exhibere
2597 5554 2653 5601 et
2681 5544 3129 5602 testesadhibere
3149 5560 3383 5616 quorum
3410 5544 3619 5602 nomina
3637 5540 3719 5595 hic

486 5620 839 5692 ‘w'nerebtcund
882 5633 1205 5688 uenerabilis
1253 5645 1494 5688 matrona
1535 5644 1588 5682 et
1614 5632 1882 5682 Crimheri
1912 5648 2061 5678 mm.

2168 5620 2286 5678 In...“
2312 5653 2327 5671 ο
2364 5638 2756 5694 chljannerht,
2793 5635 3129 5692 Grinmerht.
3148 5626 3511 5696 ‘Amaloerht.
3538 5630 3716 5694 Pemov
