3930 5546
1187 416 1645 480 TRADITlONES
1683 425 2315 495 EMMERAMMENSES.
2357 470 2424 480 —
2461 441 2587 500 LIB.
2628 446 2668 501 1.

1966 638 2312 696 commutatio
2343 641 2552 698 llrmior
2572 654 2717 702 esset
2744 656 2797 703 et
2822 664 2851 703 a
2875 653 3107 720 posteris
3141 658 3328 716 melius
3353 666 3538 720 crede-

356 713 660 774 Fructuosa
684 720 838 779 valde
878 723 991 794 jam
1019 713 1147 784 olim
1185 731 1327 788 inter
1356 734 1604 793 homines
1632 747 1687 794 et
1717 741 1828 797 utili

1964 733 2130 794 retur,
2161 729 2357 800 placuit
2394 734 2528 791 duas
2578 737 2793 794 chartas
2840 757 2947 799 uno
2993 752 3175 803 tenore
3202 755 3538 825 conscriptas

190 871 201 877 ἢ
279 801 518 860 nimium
566 808 861 868 inoleverat
904 820 1259 888 consuetudo,
1299 824 1503 881 scilicet
1535 836 1593 882 ut
1621 843 1709 885 res
1732 846 1859 887 suas

1963 816 2085 871 inde
2108 820 2387 886 exhibere,
2422 834 2476 879 et
2527 834 2693 884 testes
2732 831 3009 897 adbibere,
3039 852 3269 906 quorum
3313 816 3534 902 nomina

281 895 388 962 pro
429 901 817 959 commoditate
869 910 1150 966 ambarum
1191 916 1422 983 partium
1461 930 1828 1001 commutarett

1959 916 2085 962 sunt
2132 910 2247 967 lucc
2277 930 2291 967 :
2324 914 2572 984 llihhart,
2633 919 2923 993 Sigiperbt,
2976 895 3531 1007 Πρίιιιιιιιιηιιιί-Ε-ιιέιιῖ

270 992 336 1039 et
363 989 642 1061 utrinque,
697 996 840 1064 quod
869 999 972 1054 sibi
1022 1003 1331 1075 contiguum
1359 1019 1524 1077 esset,
1557 998 1852 1070 sumerent.

1957 996 2133 1065 perht,
2168 999 2444 1069 Mareltolt,
2480 1007 2760 1078 Eparltart,
2792 996 3459 1096 Kepaharhblrchanpoldu
3473 1036 3529 1082 et

269 1072 393 1131 Hac
437 1076 606 1149 igitur
632 1084 975 1142 considerata
1013 1072 1222 1149 ratione
1255 1096 1450 1154 nobilis
1479 1072 1696 1169 quidem
1748 1102 1828 1159 Ile

1954 1089 2565 1164 cmteriquamplurimi.
2664 1170 2667 1173 _

266 1165 557 1237 ginpertus
582 1171 966 1234 Ambricbouis
988 1185 1314 1242 venerabilis
1350 1165 1589 1262 episcopi
1618 1195 1850 1253 vasallus

260 1259 538 1327 quasdam
557 1276 647 1318 res
669 1278 790 1333 qua:
815 1267 917 1324 sibi
939 1284 1007 1326 ex
1036 1273 1279 1345 conjugis
1307 1291 1439 1343 sum,
1462 1259 1679 1337 nomine
1705 1284 1848 1340 Wie-

259 1348 457 1420 birgae,
489 1357 765 1412 consortio
802 1359 856 1414 in
901 1360 1269 1421 haereditatem
1305 1380 1609 1437 cesserunt,
1641 1374 1693 1427 in
1725 1390 1846 1445 pro-

257 1438 444 1495 vincia
503 1441 856 1504 Baoariorum
894 1450 948 1505 in
995 1468 1134 1525 pago
1191 1457 1550 1531 Tonocgewa,
1613 1463 1664 1518 itt
1719 1465 1843 1521 villa

256 1526 607 1604 Tuncilinga,
666 1535 717 1589 id
776 1546 881 1604 est,
938 1541 1116 1598 locum
1154 1526 1725 1618 :edillcii'deserttttu,
1775 1555 1841 1611 ae

251 1625 405 1675 terra
465 1623 658 1681 arabili
682 1626 875 1699 jugera
908 1649 1096 1702 simu,
1134 1646 1288 1706 prata
1312 1641 1379 1695 ad
1411 1645 1619 1699 carrad.
1652 1661 1741 1711 xv,
1774 1647 1840 1703 de

248 1710 389 1765 silva
410 1713 605 1784 jugera
641 1734 697 1783 c,
721 1720 856 1786 vias,
903 1738 1088 1793 aquas,
1116 1728 1201 1783 vel
1226 1730 1483 1801 quidquid
1508 1734 1560 1786 itt
1594 1735 1683 1790 illo
1719 1710 1838 1794 loco

247 1800 511 1859 Visusest
540 1805 763 1875 habere,
797 1812 1016 1869 tradidit
1045 1817 1108 1870 a:l
1136 1800 1389 1874 sanctum
1413 1821 1504 1876 Dei
1538 1835 1832 1897 martyrem

1948 1218 2076 1292 Car.
2122 1238 2304 1324 XXlll.
2361 1276 2429 1285 —
2467 1246 2865 1325 Com_placitatio
2935 1258 3070 1311 inter
3132 1265 3526 1325 Amittit/tonent

2165 1313 2461 1385 episcopum
2496 1328 2542 1372 ct
2567 1313 2965 1380 Cundbntonem
3004 1313 3303 1388 diaconum.

2014 1438 2341 1512 Comperiat,
2375 1447 2481 1503 imo
2509 1451 2671 1508 etiam
2696 1454 2899 1525 liquido
2921 1460 3212 1529 plurimum
3256 1467 3519 1524 industria

1944 1529 2189 1587 fidelium
2203 1550 2645 1613 quorumcunqtte
2667 1548 2887 1605 auribus
2900 1565 2995 1621 per
3014 1567 3334 1623 praesentem
3361 1561 3519 1617 char-

1944 1619 2106 1675 tulam
2159 1624 2495 1697 subsequens
2534 1634 2750 1693 traditio
2791 1647 2845 1693 et
2883 1619 3280 1711 cotuplaeitatio
3342 1651 3517 1706 maui—

1941 1706 2189 1778 l‘estctur,
2224 1717 2455 1785 qualiter
2496 1722 2754 1782 diaconus
2788 1706 3019 1798 quidam
3044 1739 3387 1805 venerabilis,
3415 1758 3512 1794 lm—

1938 1798 2084 1855 mine
2111 1801 2412 1875 Cundbato,
2442 1807 2540 1879 pro
2569 1817 2806 1872 remedio
2836 1821 3030 1878 anima:
3077 1840 3191 1881 sua:
3236 1830 3511 1900 cogitavit.

245 1889 714 1953 “ﬂammam
746 1941 761 1966 ,
809 1917 970 1973 supra
1029 1906 1175 1963 diem
1231 1911 1529 1981 accipiente
1577 1884 1830 1988 ,ἔρεξεοω
1866 1890 1908 1948 Β
1938 1884 2194 1988 Speravit
2236 1908 2491 1979 namque,
2520 1903 2662 1970 quod
2696 1916 2751 1959 et
2780 1910 3002 1965 omnino
3038 1884 3362 1971 credendu‘in
3401 1930 3507 1983 est,

242 1980 621 2058 advocatoque
649 2005 749 2046 suo
776 1992 1106 2067 Cttndperto.
1130 2000 1196 2055 Et
1226 2016 1257 2056 e
1282 1980 1471 2060 contra
1497 1980 1700 2063 eisdem
1724 1980 1832 2065 tra-

240 2072 501 2133 dentibus
537 2082 747 2151 accepit
797 2084 864 2140 de
888 2089 1061 2143 sancti
1091 2104 1255 2160 supra
1284 2093 1412 2150 dicti
1464 2099 1720 2169 martyris
1748 2117 1830 2156 re-

238 2162 347 2219 bus
398 2165 577 2223 locum
610 2173 898 2240 quemdam
947 2178 1041 2247 qui
1068 2179 1269 2237 dicitur
1302 2183 1473 2250 Puch,
1502 2162 1669 2258 prope
1702 2205 1826 2245 cur-

240 2261 353 2309 tem
383 2272 505 2328 qna-
524 2261 729 2333 vulgari
752 2267 1011 2323 vocabulo
1030 2283 1255 2330 vocatur
1275 2275 1389 2332 Tan
1420 2278 1826 2347 Monacltorum,

238 2344 297 2399 id
325 2355 407 2401 est
459 2347 777 2422 Ecclesiam,
832 2365 1042 2413 curtem
1093 2377 1216 2417 cum
1273 2368 1538 2435 pomerio,
1577 2369 1644 2425 de
1680 2344 1824 2428 terra

236 2436 432 2491 arahili
456 2453 608 2509 aeque
628 2452 686 2497 ut
705 2443 852 2500 dedit
872 2445 1062 2520 jugera
1085 2467 1269 2518 sunt,
1294 2465 1448 2525 prata
1477 2460 1544 2513 ad
1571 2461 1825 2527 carradas

237 2542 333 2591 xv,
362 2528 430 2584 de
464 2530 599 2587 silva
644 2533 834 2606 jugera
882 2555 967 2606 ttt,
994 2550 1049 2598 et
1073 2545 1338 2616 quidquid
1378 2548 1431 2603 in
1470 2551 1659 2607 eodem
1699 2554 1822 2619 loco

234 2618 390 2685 prius
418 2619 472 2674 in
498 2620 823 2681 beneﬁcium
867 2629 1016 2688 visus
1043 2641 1127 2687 est
1153 2635 1534 2704 accepisse,.ea
1576 2640 1821 2697 videlicet

236 2707 451 2764 ratione
483 2721 541 2765 ut
566 2712 683 2783 ipse
700 2725 755 2770 et
778 2720 978 2787 posteri
1009 2720 1146 2791 ejus,
1177 2725 1261 2780 vel
1287 2727 1594 2800 cuicunque
1617 2732 1818 2788 donare

232 2814 264 2850 ι·
288 2799 490 2869 tluerit,
521 2803 867 2864 btercditario
896 2809 1024 2880 jure
1079 2818 1463 2885 perpetualiter
1495 2799 1813 2890 possideret.

233 2889 502 2961 Denique,
553 2902 612 2948 ut
662 2896 778 2954 haec
806 2899 1143 2959 insolubilior
1175 2916 1320 2962 esset
1349 2889 1590 2976 traditio,
1615 2912 1817 2983 placuit

230 2993 299 3032 ex
332 2988 561 3050 utraque
598 2995 750 3053 parte
794 2989 1033 3047 testibus.
1059 2991 1255 3051 Norico
1288 3013 1436 3053 more
1457 3001 1678 3057 auribus
1702 3009 1813 3058 tra-

230 3071 340 3125 ctis
366 3071 910 3147 aﬂirmari,.quoruut
940 3084 1105 3139 etiatn
1144 3089 1381 3161 nomina,
1412 3107 1479 3146 ne
1507 3094 1629 3163 quis
1656 3110 1811 3152 error

225 3172 477 3231 posteros
539 3166 849 3239 invaderet,
903 3190 1198 3247 congruum
1253 3181 1505 3240 duximus
1544 3188 1740 3245 ascribi
1792 3207 1806 3244 :

223 3256 594 3329 Cundpertus.
646 3264 940 3322 advocatus
966 3267 1346 3330 Attthricltonis
1393 3277 1648 3350 episcopi,
1688 3283 1802 3352 qui,

222 3360 283 3405 ut
314 3368 479 3424 supra
519 3355 722 3414 dictum
763 3370 869 3426 est,
903 3364 1044 3423 hanc
1086 3371 1425 3429 traditionem
1451 3378 1654 3447 pariter
1679 3398 1803 3440 euut

219 3442 480 3515 episeopo
517 3457 575 3502 et
602 3454 810 3524 accepit
844 3466 901 3510 et
943 3456 1090 3514 fecit.
1137 3460 1296 3518 Teste
1327 3442 1581 3535 llell'rico,
1611 3471 1803 3528 Durin-

216 3534 447 3602 chartlo,
493 3538 803 3615 Waltungo,
858 3545 1137 3617 Askarico,
1170 3552 1460 3623 Rodbario,
1493 3560 1800 3633 Deotmaro,

218 3621 510 3693 llihpaldo,
566 3629 843 3702 Rihperto,
885 3634 1230 3697 Cundltardo.
1269 3643 1336 3698 Et
1369 3655 1427 3700 ut
1448 3621 1655 3705 nullum
1684 3621 1801 3715 οηιζ

206 3708 351 3771 ἰιίιιο
381 3716 522 3775 foret
555 3721 625 3778 ab
652 3725 895 3796 utrisque
915 3730 1157 3798 partibus
1198 3733 1663 3808 impedimentum,
1688 3745 1799 3814 pla.

209 3807 329 3858 cuit
362 3806 499 3862 duas
549 3812 813 3884 assignari
860 3817 1151 3876 chartulas.
1180 3820 1385 3895 Quippe
1420 3844 1579 3884 unattt
1619 3806 1799 3889 inibi-

211 3896 537 3953 bliotltecaut
574 3905 746 3960 sancti
795 3910 1046 3979 martyris
1093 3914 1300 3982 reponi,
1328 3916 1564 3975 alteram.
1601 3936 1729 3978 vero
1762 3941 1795 3979 a

210 3982 545 4055 Beginperto
562 3987 675 4058 jam
698 4008 858 4064 supra
886 3996 1030 4052 dicto
1063 4002 1250 4057 teucri.
1280 4003 1476 4061 Actum
1497 4017 1581 4062 est
1614 4018 1793 4069 autem

206 4070 494 4142 ιιι-διεθηιό
524 4070 787 4152 episeopo
829 4076 943 4154 jam
981 4104 1121 4168 same
1151 4095 1426 4153 nominato
1478 4102 1794 4172 caeterisque
1826 4146 1829 4149 -

203 4177 374 4234 quam
399 4168 646 4236 plurimis
682 4189 826 4228 anno
850 4175 1060 4234 Domini
1095 4183 1265 4241 nostri
1287 4180 1414 4242 Jesu
1439 4188 1638 4269 Christi
1664 4168 1788 4257 8i9,

204 4257 505 4316 indictione
525 4262 611 4329 12,
643 4270 990 4335 regnantibus
1016 4270 1300 4330 clarissimi
1332 4266 1785 4349 regisllludochi

202 4344 337 4402 [iliis
361 4347 745 4421 Carlomanno,
774 4355 1107 4429 Hludowico,
1139 4364 1353 4434 Carolo,
1381 4385 1523 4425 attno
1552 4369 1609 4425 4.

198 4483 335 4541 Car.
377 4487 542 4546 XXII.
578 4523 648 4534 —
680 4493 1203 4584 Commutatigjnter
1239 4507 1649 4584 _Ambrichonem
1669 4515 1777 4584 epi-

242 4576 269 4581 "
632 4581 843 4637 scopum
888 4580 937 4624 et
986 4571 1378 4633 Ekltiltarduma

198 4676 203 4681 ’
270 4692 568 4752 Fructttosa
623 4700 794 4768 valde,
822 4713 878 4758 et
930 4721 1034 4761 non
1086 4708 1256 4762 solum
1287 4711 1539 4792 ltpnesta.
1596 4732 1782 4798 verum

195 4780 364 4838 etiam
415 4785 639 4844 nimium
668 4792 814 4848 utilis
839 4799 1170 4855 consuetudo
1194 4780 1337 4856 olim'
1370 4803 1507 4859 inter
1537 4795 1781 4866 homines

194 4874 495 4932 inoleverat
543 4886 909 4941 commutandi
956 4887 1205 4946 videlicet
1242 4892 1501 4963 quasdam
1526 4913 1623 4955 res
1678 4914 1778 4969 pro

194 4963 481 5019 ambarum
525 4970 753 5028 utilitate
803 4976 1053 5044 partium.
1097 4979 1208 5037 llac
1257 4983 1521 5053 siquidettt
1573 4990 1779 5045 ratione

191 5055 450 5109 convenit
497 5057 635 5117 inter
688 5067 1049 5122 venerabilem
1101 5074 1409 5143 episcopum
1454 5076 1777 5136 Ambt'iclto-

186 5141 339 5210 item,
383 5156 438 5202 et
480 5156 768 5219 quemdam
822 5158 1051 5219 nobilem
1091 5141 1450 5221 Eckiltat'duut
1501 5171 1597 5227 ista
1627 5185 1781 5227 com-

187 5230 451 5317 ititttatio._
475 5239 711 5321 Tradidit
741 5246 924 5316 itaque
957 5251 1208 5319 praefatus
1248 5253 1581 5317 Eckihardus
1612 5264 1679 5317 ad
1711 5259 1768 5315 S.

188 5323 651 5394 Emmerammum'
678 5338 737 5391 itt
770 5336 982 5391 manum
1006 5346 1242 5408 praedicti
1272 5345 1509 5422 episcopi
1534 5364 1587 5410 et
1608 5353 1775 5408 advo-

187 5414 294 5460 mli
335 5415 445 5456 pina
491 5417 719 5470 Λιιοιιιοῖιιί
762 5426 1136 5474 ηηιηιοῖηιηιοηι
1175 5449 1327 5476 gnatm
1371 5451 1539 5484 nuqm
1569 5444 1768 5494 [mixan

1934 1977 1979 2030 si
2020 1978 2089 2032 de
2121 1982 2281 2039 rebus
2303 1977 2532 2045 terrenis
2558 2002 2776 2050 sanctas
2798 1995 2890 2052 Dei
2922 2000 3177 2059 ecclesias
3202 2006 3421 2072 ditaret,
3455 2023 3514 2063 ut

1934 2066 2060 2123 inde
2090 2069 2192 2126 sibi
2219 2077 2520 2144 corporalis
2548 2096 2674 2137 cura
2702 2101 2769 2141 ae
2788 2089 2982 2145 animae
2999 2092 3145 2147 salus
3170 2105 3369 2152 (eterna
3391 2115 3507 2153 ant-

1930 2157 2280 2226 pliﬂcaretttr.
2310 2154 2651 2241 Quapropter
2688 2182 2817 2248 ergo
2845 2181 3026 2237 divino
3051 2188 3286 2256 cogitatu
3321 2189 3508 2245 instin-

1927 2250 2049 2307 clus
2086 2254 2308 2312 tradidit
2348 2263 2731 2331 proprietatem
2786 2287 2962 2338 suam,
3014 2250 3178 2345 quain
3219 2280 3405 2336 habuit
3431 2285 3499 2337 ad

1928 2343 2260 2410 Quartinaha
2285 2351 2438 2421 juxta
2465 2355 2742 2437 Bilisaseo,
2777 2362 2843 2417 ad
2875 2343 3119 2422 sanctum
3158 2369 3249 2424 Dei
3301 2384 3503 2445 marty-

1926 2449 2040 2491 rem
2070 2436 2554 2512 Emmerammum,
2584 2436 2802 2507 domino
2826 2468 2925 2509 suo
2949 2455 3172 2533 Arnolt'o
3194 2460 3305 2516 tilio
3336 2465 3502 2533 regali

1925 2528 2272 2593 permittente
2292 2548 2321 2586 a
2349 2549 2456 2603 quo
2482 2551 2600 2593 eam
2631 2539 2683 2594 in
2708 2528 3102 2611 possessionem
3122 2552 3345 2621 accepit.
3374 2528 3502 2608 fra-

1923 2616 2032 2672 dita
2058 2627 2140 2697 est
2170 2630 2349 2677 autent
2396 2627 2650 2694 praedicta
2690 2633 2990 2702 pmprietas
3012 2637 3080 2692 ab
3106 2616 3296 2695 cedet-tt
3332 2657 3493 2703 vouc-

1926 2709 2087 2788 rabili
2106 2711 2458 2775 Cundbatone
2485 2735 2582 2790 pro
2607 2722 2824 2781 domino
2872 2743 2971 2783 suo
2995 2730 3216 2789 Arnolfo
3238 2743 3514 2805 etprose~

1922 2801 1973 2856 itt
2006 2803 2177 2872 ipsam
2222 2821 2372 2879 aram
2422 2810 2476 2866 S.
2508 2812 2891 2873 Eminet-annui
2921 2820 2973 2875 in
3001 2839 3219 2895 manum
3249 2826 3494 2895 videlicet

1917 2893 2298 2955 Ambriehonis
2319 2906 2736 2961 reverentissimi
2769 2912 3010 2979 praesulis
3030 2893 3351 2975 etadvocati
3373 2918 3490 2989 ejus

1916 2980 2253 3063 Gundberti;
2301 2989 2353 3045 id
2375 3001 2476 3056 est,
2502 2994 2781 3052 ecclesiam
2816 2998 2872 3054 S.
2905 2980 3488 3080 Joanttisevangelista:

1915 3088 2035 3127 cum
2087 3078 2337 3135 omnibus
2388 3083 2729 3150 pertinetttiis
2767 3099 2816 3143 et
2844 3090 3160 3160 atljaeeuliis
3196 3078 3330 3171 suis,
3365 3114 3487 3167 cum

1917 3175 2071 3221 curte
2096 3176 2149 3224 et
2175 3173 2449 3239 parocltia,
2500 3185 2553 3231 et
2600 3193 2719 3233 cum
2750 3183 2999 3240 omnibus
3034 3185 3159 3243 illuc
3194 3194 3483 3253 concessis.

1916 3259 2218 3329 mancipiis,
2255 3264 2421 3333 agris,
2468 3266 2626 3327 cultis
2655 3278 2709 3324 et
2745 3271 2984 3341 incultis,
3032 3278 3220 3346 pratis,
3254 3284 3495 3349 pascuis.‘

1910 3345 2076 3408 silvis,
2128 3349 2369 3418 decimis,
2408 3356 2565 3430 aquis
2589 3373 2957 3432 aquarumque
2987 3366 3302 3425 decursibus
3351 3372 3486 3427 locis

1911 3435 2014 3491 illis
2032 3441 2264 3507 traditis,
2288 3443 2341 3498 id
2367 3454 2468 3511 est,
2502 3448 2568 3503 ad
2595 3447 2813 3506 fluvium
2843 3453 3019 3509 Salam
3042 3461 3183 3526 quod
3214 3459 3481 3530 Fropet'bt

1901 3526 2013 3596 jam
2043 3529 2173 3585 olitn
2204 3532 2256 3586 in
2283 3533 2605 3592 beneﬁcium
2636 3541 2822 3598 habuit
2856 3548 2991 3600 ctad
3024 3549 3173 3604 Velih
3195 3592 3209 3614 .
3242 3526 3482 3615 caneris,-

1907 3632 2011 3686 que
2057 3621 2308 3677 omnibus
2348 3626 2637 3686 mobilibus
2664 3640 2719 3685 ct
2760 3633 3143 3695 immobilibus.
3202 3642 3244 3697 E
3291 3656 3477 3705 contra

1905 3719 2032 3763 vero
2048 3708 2304 3778 przel'atus
2324 3713 2667 3788 Gundpertus
2690 3723 2979 3783 advocatus
2991 3733 3364 3795 conscttliettte
3383 3736 3481 3797 do,-

1906 3799 2175 3857 minosuo
2194 3805 2445 3877 episcopo
2474 3811 2691 3867 tradidit
2718 3814 2784 3869 de
2806 3817 2965 3877 rebus
2996 3819 3053 3878 S;
3086 3822 3476 3885 Entmeratumi
3513 3853 3525 3877 ι

1901 3898 2027 3946 ante
2056 3896 2333 3952 nominato
2374 3896 2717 3963 Gundbatoui
2759 3911 3047 3968 venerabili
3069 3913 3297 3971 diacono
3330 3920 3474 3986 quod

1898 3977 2080 4035 Cbezil
2100 3983 2215 4039 Dux
2239 3985 2353 4054 jam
2379 3992 2774 4065 quondampro
2799 3999 3037 4075 remedio
3067 4003 3262 4064 animae
3284 3977 3394 4061 sua:
3407 4008 3478 4062 ad

1898 4073 2212 4141 pnedictum
2240 4089 2488 4137 sanctum
2515 4085 2836 4143 condonavit
2858 4073 3015 4157 juxta
3049 4108 3260 4150 amnem
3289 4098 3380 4166 qui
3402 4099 3479 4154 di-

1894 4161 2036 4217 citur
2059 4163 2225 4234 llaba;
2260 4184 2323 4224 ea
2360 4171 2575 4230 scilicet
2590 4177 2817 4243 ratione,
2842 4189 3111 4249 quatenus
3132 4184 3272 4239 idem
3286 4161 3477 4243 bund-

1893 4252 2248 4313 hate-ambas.
2270 4275 2357 4315 res
2384 4261 2503 4317 illas
2526 4263 2757 4322 ﬁrmiter
2785 4276 2947 4339 atque
2972 4273 3175 4329 utiliter
3200 4277 3474 4343 possideat

1890 4360 2061 4415 usque
2078 4349 2147 4402 ad
2164 4351 2368 4406 obitum
2394 4367 2570 4409 suum.
2603 4355 2729 4413 Post
2751 4361 3174 4433 verointegriter
3192 4362 3382 4422 cuncta
3405 4371 3475 4425 ad

1888 4452 2028 4506 saepe
2044 4437 2157 4507 jam
2181 4442 2501 4500 dictum-Dei
2517 4458 2762 4504 sanctum
2778 4452 3091 4523 redigantur
3108 4466 3163 4512 et
3184 4454 3473 4515 restituan-

1896 4533 1999 4579 tur.
2020 4527 2084 4581 Et
2099 4538 2158 4582 ut
2178 4529 2610 4590 bmeauctoritas
2631 4539 2935 4596 traditionis
2956 4542 3165 4600 firmior
3186 4548 3467 4615 habeatur,

1878 4598 2164 4687 isuhuotati
2217 4629 2379 4677 testes
2420 4638 2515 4693 per
2543 4641 2701 4682 aures
2734 4630 3059 4689 trahuntur:
3088 4635 3237 4700 Polo,
3276 4636 3465 4703 Iacob,

1892 4704 2193 4776 Reginhob,
2242 4709 2516 4777 Solomon,
2550 4715 2791 4782 Eckirih,
2838 4720 3266 4793 Adatuar,-Avo,
3316 4729 3472 4784 Fast-

1890 4804 2020 4861 mot,
2038 4798 2355 4869 Gotaperbt,
2370 4801 2657 4873 lrmperht,
2674 4806 2949 4880 Heripold,
2968 4812 3159 4883 Unlaz,
3176 4817 3440 4874 Pernhart
3454 4861 3467 4882 ,

1889 4886 2147 4957 Herraut,
2174 4890 2508 4964 Engilscalh,
2531 4896 2928 4969 Ercltanperbt,
2960 4903 3277 4977 Regittbart,
3307 4910 3467 4964 Stru~

1888 4993 1975 5047 po,
2005 4979 2233 5051 llungis,
2259 4982 2577 5052 Ambricbo,
2609 4987 3205 5064 Liutpeth'Sigiltatt,
3250 4996 3471 5058 Vicker,

1884 5067 2062 5129 Patto.
2112 5072 2245 5129 Item
2287 5075 2424 5141 Avo,
2472 5076 2724 5141 Switker,
2752 5078 3004 5151 Gammo,
3038 5085 3290 5160 Adalrih,
3322 5086 3472 5142 Sala-

1881 5163 2003 5219 cho.
2038 5168 2267 5235 Insuper
2287 5167 2450 5224 etiam
2494 5170 2648 5238 juxta
2682 5170 2852 5237 ipsam
2879 5172 3049 5233 Aram
3079 5176 3479 5263 praedictisau-

1879 5253 1947 5309 cli
1988 5258 2079 5318 ille
2130 5258 2415 5330 episcopus
2442 5262 2618 5320 eidem
2671 5260 3318 5326 Guttdbaloui'liceutiatn
3348 5256 3479 5324 cou-

1876 5350 2067 5419 cessit,
2116 5357 2173 5402 ttt
2223 5346 2491 5416 mancipia
2533 5353 2589 5409 S.
2626 5350 3010 5409 Emmerammi
3059 5357 3337 5406 mnuum,
3377 5355 3484 5388 nn-

1881 5430 2003 5476 Imm
2042 5443 2161 5474 r..~
2219 5437 2231 5446 ⁸
