3930 5576
488 315 602 371 915

487 431 624 488 Cn.
688 433 879 490 XXIV.
933 469 1001 478 -—
1062 439 1410 497 Commutatio
1467 448 1600 501 inter
1658 452 2053 508 Ambrichonem

913 509 1213 580 episcopum
1239 525 1284 566 et
1321 513 1632 572 Eruantur».

558 617 948 676 Concambium
993 624 1134 679 inter
1175 626 1591 686 Ambrichonem
1647 635 1953 707 episcopum
2007 650 2061 694 et

491 707 787 764 Ernustum
849 714 1133 781 quemdam
1204 721 1563 776 venerabilem
1639 725 1834 780 virum.
1908 729 2061 783 Dedit

490 800 654 871 igitur
675 801 970 859 Ambricho
990 820 1076 874 ep.
1105 806 1172 862 de
1201 809 1359 865 rebus
1380 821 1581 868 sancta:
1603 814 1856 874 Ecclesia:
1870 817 2058 889 jugera

488 903 620 968 1th
678 891 733 944 iu
787 891 905 947 loco
958 896 1050 964 qui
1099 896 1298 952 dicitur
1342 899 1733 976 Gundpatinga.
1769 905 1834 961 Et
1863 926 1893 963 e
1930 925 2063 964 con-

488 965 572 1044 tra
614 982 763 1038 dedit
793 985 1056 1043 Ernustus
1083 989 1150 1046 de
1185 993 1345 1048 rebus
1377 965 1722 1065 proprietatis
1745 999 2056 1072 suaejugera

488 1089 656 1130 xxvm
688 1076 740 1131 in
785 1077 904 1135 loco
933 1082 1024 1150 qui
1068 1083 1266 1139 dicitur
1289 1085 1694 1158 Preitprunnin,
1722 1108 1784 1147 ea
1811 1094 2059 1149 videlicet

487 1166 718 1232 ratione,
752 1176 829 1232 ut,
853 1170 898 1224 si
922 1173 1043 1241 quis
1065 1178 1469 1249 successorjam
1513 1184 1793 1237 memorati
1823 1185 2056 1256 episcopi

486 1256 589 1312 hoc
619 1260 992 1316 coneambium
1036 1275 1245 1322 mutare
1299 1272 1601 1337 conaverit,
1653 1282 1776 1328 tunc
1824 1285 2057 1344 potesta-

487 1355 592 1400 tem
624 1348 822 1406 habeat
852 1352 1049 1409 Eruost
1091 1373 1179 1412 res
1223 1373 1351 1415 suas
1398 1373 1719 1418 convertere
1737 1379 2058 1435 quocunque

481 1439 731 1496 voluerit.
795 1443 864 1499 Et
919 1447 1032 1502 haec
1081 1451 1298 1506 nomina
1352 1454 1847 1520 circumstantium,
1894 1467 2062 1527 atque

481 1530 812 1586 audientium
858 1549 880 1590 ι
935 1535 1290 1605 Erchenmar,
1359 1541 1691 1609 Willihelm,
1768 1545 2053 1611 Wichart,

480 1617 758 1685 Anthelm,
809 1623 967 1697 Eigil,
1001 1626 1317 1698 Reginhart,
1363 1633 1642 1706 llerilung,
1671 1637 1842 1702 Anzo,
1870 1637 2056 1693 Gund-

480 1710 626 1779 pold,
673 1713 880 1783 Gerol‘t,
933 1720 1172 1784 Drudolt,
1219 1723 1486 1793 Hartnid,
1531 1729 1757 1795 Hell‘rih,
1810 1732 2049 1800 Eckirih,

479 1799 740 1860 Weladeo
759 1847 772 1871 ,
805 1807 930 1874 Ato,
960 1805 1257 1882 Ermanolt,
1287 1815 1520 1890 Rodcog,
1549 1821 1832 1889 Merimuz,
1871 1835 1975 1879 etc.

481 1912 612 1969 (ἶΑρ.
666 1917 830 1974 XXV.
855 1953 926 1962 —
951 1923 1462 2011 Commutatioﬁinter
1513 1935 1915 1994 Amoris/torrem
1950 1943 2055 2011 epi-

908 2009 1121 2065 scopum
1184 2010 1230 2052 et
1281 1999 1626 2060 Richelmum.

551 2096 854 2156 Fruetuosa
892 2104 1066 2170 valde,
1089 2117 1144 2162 et
1189 2125 1295 2165 non
1348 2113 1520 2168 solum
1573 2117 1823 2183 honesta,
1868 2136 2052 2177 verum

479 2185 645 2242 etiam
671 2190 894 2246 nimium
921 2195 1067 2251 utilis
1110 2203 1442 2257 consuetudo
1466 2205 1594 2260 olim
1635 2209 1776 2263 inter
1808 2210 2060 2267 homines

484 2277 782 2335 inoleverat
815 2289 1188 2343 commutandi
1220 2291 1470 2348 videlicet
1512 2298 1774 2366 quasdam
1831 2316 1918 2357 res
1955 2319 2060 2372 pro

484 2368 765 2426 ambarum
795 2375 1026 2431 utilitate
1065 2381 1323 2448 partium.
1376 2383 1488 2441 Hae
1533 2389 1799 2458 siquidem
1845 2368 2054 2450 ratione

481 2461 735 2517 convenit
779 2465 922 2520 inter
971 2472 1329 2528 venerabilem
1369 2478 1680 2550 episcopum
1737 2482 2056 2541 Ambricbo—

477 2560 600 2600 nem
619 2587 634 2612 ,
669 2557 719 2604 et
749 2554 1032 2619 quemdam
1057 2555 1437 2617 Dominicalem
1461 2581 1675 2621 servum
1705 2567 2050 2626 Ribhelmum

479 2635 583 2692 ista
611 2644 982 2699 commutatio.
1009 2645 1254 2704 Tradidit
1295 2652 1476 2722 itaque
1523 2658 1779 2726 pnetatus
1829 2659 2050 2716 Rihhel-

483 2744 605 2784 mus
636 2732 689 2786 in
718 2749 934 2790 manum
971 2741 1268 2808 supradicti
1317 2746 1552 2816 episcopi
1579 2757 1632 2803 et
1663 2751 1907 2807 advocati
1937 2750 2055 2820 ejus

479 2821 718 2880 Ilahardi
760 2828 824 2883 de
870 2830 1030 2886 rebus
1077 2836 1425 2903 proprietatis
1467 2841 1654 2895 uxoris
1697 2858 1809 2897 sum
1838 2853 2052 2914 pratum

477 2931 642 2970 unum
680 2918 887 2976 habens
921 2922 1113 2994 jugera
1153 2942 1264 2992 xu,
1293 2937 1349 2983 et
1389 2929 1457 2985 de
1483 2932 1672 2988 arahili
1699 2944 1842 2990 terra
1861 2934 2053 3008 jugera

477 3020 576 3059 vm
605 3021 724 3075 qua:
753 3019 880 3065 sunt
924 3013 1028 3067 sita
1066 3013 1220 3082 juxta
1265 3019 1512 3076 cellulam
1543 3040 1662 3092 qua:
1689 3025 1887 3081 dicitur
1913 3029 2054 3083 Deh-

481 3105 680 3165 tapcta.
732 3099 993 3158 E’contra
1035 3106 1196 3160 etiam
1236 3110 1350 3179 jam
1395 3112 1573 3169 dictus
1609 3117 1901 3174 advocatus
1929 3137 2050 3175 cum

480 3185 696 3242 licentia
734 3191 968 3261 episcopi
1014 3197 1235 3252 tradidit
1268 3198 1379 3267 jam
1418 3217 1558 3272 saepe
1585 3206 1728 3261 dicto
1770 3208 2056 3266 Bihhelmo

480 3277 548 3329 de
570 3277 730 3333 rebus
759 3283 929 3336 sancti
960 3283 1104 3340 Petri
1133 3287 1201 3342 de
1222 3291 1414 3344 arabili
1444 3301 1585 3348 terra
1607 3293 1797 3366 jugera
1833 3315 1904 3353 xx
1935 3317 2060 3370 quae

481 3376 608 3422 sunt
646 3369 747 3424 sita
796 3387 963 3444 prope
1009 3376 1189 3432 villam
1247 3396 1369 3450 qua:
1420 3383 1617 3439 dicitur
1654 3369 2056 3447 WinzaraaEt

481 3467 537 3512 ut
577 3459 692 3516 haac
719 3468 1069 3522 commutatio
1114 3469 1322 3528 ﬁrmior
1347 3483 1491 3530 esset
1529 3485 1585 3533 et
1616 3493 1648 3532 a
1686 3467 1919 3550 posteris
1947 3499 2057 3538 me-

480 3549 586 3606 lius
609 3555 944 3622 crederetur,
964 3559 1168 3628 placuit
1187 3563 1320 3620 duas
1343 3565 1562 3624 chartas
1584 3549 1699 3624 uno,
1722 3580 1906 3627 tenore
1919 3589 2056 3630 eon-

481 3643 715 3714 scriptas
759 3648 884 3704 inde
930 3652 1188 3710 exhibere
1231 3665 1286 3711 et
1339 3667 1504 3716 testes
1542 3663 1800 3720 adhibere
1829 3681 2056 3735 quorum

483 3735 700 3790 nomina
727 3748 851 3794 sunt
878 3740 992 3798 haec
1019 3763 1031 3797 :
1062 3743 1401 3817 Kaganhart,
1443 3752 1693 3819 Ciliman,
1727 3758 1886 3826 Pezo,
1920 3761 2052 3815 item

482 3823 736 3917 C-iliman,
781 3829 1098 3902 Odalperht,
1143 3837 1350 3909 Engici,
1395 3844 1600 3912 Eiorih,
1632 3823 1880 3917 Plidker,
1913 3851 2058 3908 Sala-

483 3911 612 3978 cho,
643 3914 869 3988 Alpgoz,
902 3922 1204 3993 Amalheri,
1230 3929 1391 3994 Sor-0,
1418 3941 1524 3987 etc.

760 4028 889 4085 CAP.
933 4029 1120 4088 XXVI.
1149 4065 1220 4076 ο-
1251 4039 1486 4097 Traditio
1517 4043 1790 4103 Avaltmc.

553 4135 614 4189 In
643 4135 740 4192 Dei
775 4142 993 4198 nomine
1048 4146 1266 4202 tradidit
1313 4149 1555 4207 Avaluna
1614 4156 1682 4211 ad
1729 4157 1786 4213 S.
1837 4159 2058 4217 Emme-

491 4237 759 4280 rammum
788 4230 1056 4301 mancipia
1101 4249 1137 4287 ι
1169 4249 1396 4304 qurum
1426 4243 1642 4299 nomina
1691 4257 1854 4302 sunt:
1893 4249 2056 4316 Leva,

487 4312 759 4386 Hei-mn,
819 4321 1058 4390 Paldrib,
1110 4326 1364 4396 Folerat,
1414 4332 1672 4403 wuunn,
1729 4312 2059 4412 Deotperht,

491 4407 791 4481 Willipurc,
819 4413 1482 4493 Reginpold,Cotaperht,
1525 4427 1795 4486 Kisall‘rid.
1845 4407 1892 4488 ri:
1932 4407 2063 4490 con;

489 4505 573 4552 tra
601 4514 730 4555 vero
784 4501 959 4561 Immo
996 4506 1293 4566 advocatus
1345 4523 1401 4568 et
1450 4515 1562 4586 Ogo
1608 4521 1946 4579 tradiderunt
1995 4511 2152 4580 deD

489 4588 653 4644 rebus
704 4590 763 4646 S.
807 4592 1188 4654 Emmerammi
1229 4605 1500 4671 praedicta:
1543 4607 1802 4665 Avaluna:
1845 4613 1898 4668 in
1938 4630 2063 4684 pro-

488 4679 774 4746 prietatem
820 4688 1093 4757 mancipia
1131 4705 1187 4755 ν,
1237 4693 1288 4747 id
1342 4703 1426 4750 est
1471 4715 1484 4750 :
1541 4697 1752 4768 Unroh,
1807 4679 2055 4772 Helidoll,

489 4768 767 4839 Snelhart,
817 4775 990 4844 llitto,
1035 4779 1286 4851 Egilwih.
1340 4785 1406 4841 Hi
1468 4798 1594 4844 sunt
1642 4801 1806 4850 testes
1851 4813 1863 4848 :
1926 4768 2062 4869 Ogo,

490 4860 689 4930 Masso,
734 4866 982 4936 Epucho,
1035 4872 1163 4926 item
1233 4874 1472 4946 Epucho,
1529 4881 1721 4952 Wago,
1785 4860 2058 4958 Isanpero,

489 4954 807 5026 Adalperht,
840 4959 1053 5016 Rodolt.
1080 4964 1274 5020 Actum
1295 4977 1382 5023 est
1409 4970 1475 5024 ad
1514 4971 1885 5032 Potinreinna.

492 5069 618 5125 Car.
674 5071 883 5128 XXVII.
933 5107 1006 5117 -——
1069 5078 1602 5166 Traditio.RatItarii
1638 5091 1914 5161 cujusdam
1959 5093 2064 5148 Ro-

1197 5169 1356 5208 mam.

564 5252 623 5306 In
651 5256 870 5310 nomine
915 5262 1107 5314 summi
1155 5262 1249 5318 Dei
1285 5275 1468 5321 notum
1517 5269 1587 5322 sit
1630 5270 1880 5325 omnibus
1909 5273 2065 5329 Chri-

498 5341 689 5396 stianaa
718 5345 994 5400 religionis
1021 5349 1346 5404 hnminihus-
1389 5356 1546 5400 [niam
1595 5359 1798 5408 ςιείΐίρρι
1845 5377 2062 5412 oausam

1441 332 1748 394 ANAMODI
1786 340 2322 407 RATISPONENSIS
2364 356 2774 426 SUBDIACONI

3618 395 3712 452 916

2085 461 2139 518 Α
2164 477 2375 524 constat
2409 476 2640 534 dicatum
2671 484 2720 537 in
2752 488 2954 544 honore
2983 493 3040 548 S.
3069 501 3322 569 martyris
3348 502 3704 569 Enunerammi

2163 561 2357 656 tradidi
2405 571 2786 642 propriamque
2840 591 2959 648 post
3003 561 3226 640 obitum-
3276 607 3452 646 meum
3493 596 3564 651 illi
3605 600 3710 656 loco

2161 647 2352 704 dicavi.
2383 654 2591 728 Quippe
2631 677 2693 716 ea
2727 667 2965 736 ratione,
3011 683 3068 728 ut
3107 675 3232 733 inde
3265 685 3618 749 patrocinium
3655 709 3712 748 ac

2159 737 2523 803 defensionem
2580 767 2842 825 speraret,
2896 773 3057 834 atque
3116 785 3212 838 per
3265 737 3512 845 singulos
3559 796 3713 840 annos

2160 831 2292 886 nihil
2330 837 2449 904 plus
2486 857 2646 910 quam
2677 859 2910 915 quatuor
2937 831 3188 915 denarios
3226 831 3715 936 persolverenreli:

2161 937 2346 1033 quum.
2370 943 2584 1031 quoque
2614 938 2735 993 vita:
2764 942 2922 1010 hujus
2952 955 3157 1019 terrpns
3204 959 3430 1026 proprio
3453 962 3714 1033 dispensa-

2162 1023 2242 1068 ret
2270 1019 2512 1077 arbitrio.
2561 1026 2800 1100 Denique
2849 1047 2957 1092 tres
3014 1039 3150 1097 lilios
3197 1019 3364 1112 meos,
3409 1019 3556 1120 quos
3597 1057 3714 1113 mihi

2159 1121 2320 1177 supra
2363 1115 2635 1173 nominata
2668 1127 2851 1192 genuit
2901 1132 3113 1194 mulier.
3160 1139 3378 1196 nomine
3406 1115 3716 1213 Xlawinum,

2157 1200 2478 1303 .luha-nnem,
2545 1211 2939 1286 Bernhardum,
3009 1226 3207 1286 liberos
3250 1243 3433 1303 atque
3469 1239 3544 1292 ab
3585 1200 3720 1297 muni

2157 1295 2434 1352 servitutis
2478 1301 2725 1361 humana:
2754 1310 2968 1387 vinculo
3014 1333 3238 1377 securos
3267 1325 3481 1396 reliqui.
3529 1329 3718 1386 Fratri-

2159 1382 2257 1437 bus
2302 1401 2513 1459 quoque
2553 1397 2687 1451 meis
2737 1382 3125 1475 praesentibus,
3182 1382 3402 1471 nomine
3448 1418 3626 1476 aliine
3671 1430 3718 1475 et

2156 1472 2420 1542 Alawino,
2466 1490 2519 1535 et
2563 1485 2615 1538 in
2647 1497 2873 1562 utraque
2917 1512 2990 1557 re,
3026 1499 3075 1552 id
3099 1511 3181 1555 est
3220 1503 3440 1561 femina:
3475 1509 3718 1564 ﬁliorum-

2156 1579 2261 1633 que
2313 1568 2497 1626 libenti
2545 1577 2724 1634 animo
2782 1588 3258 1647 consentientibus.
3297 1596 3497 1654 Actum
3553 1610 3718 1655 autem

2158 1655 2260 1711 hoc
2282 1673 2462 1716 coram
2519 1667 2724 1724 civibus
2753 1675 2901 1729 urbis
2939 1679 3099 1748 regite
3142 1681 3582 1754 Hadasponensis
3605 1706 3724 1760 quo-

2084 1807 2129 1864 s
2160 1761 2277 1800 rum
2309 1753 2522 1808 nomina
2555 1771 2849 1816 cernuntur
2878 1766 2929 1820 in
2970 1769 3212 1838 subjecto
3234 1793 3250 1827 :
3275 1753 3504 1832 Lantolt
3551 1753 3718 1836 sbvio

2156 1838 2335 1892 carius
2389 1842 2645 1913 civitatis,
2701 1851 2970 1924 Adalpcro
3022 1867 3522 1930 exactortelonei.
3576 1870 3725 1926 Odal-

2153 1943 2300 2027 rnan,
2349 1929 2560 2027 Egiloli,
2606 1937 2834 2027 liatker,
2889 1944 3152 2014 Wolﬂ‘rid,
3209 1953 3436 2022 Ratcoz,
3484 1958 3716 2027 ﬂuntolf,

2154 2014 2356 2085 Otwin,
2397 2021 2574 2090 Wclo,
2605 2025 2874 2099 Wachilo,
2910 2034 3150 2105 Adalrat,
3181 2040 3334 2098 Enei.

2154 2149 2283 2208 Cu».
2327 2152 2560 2212 XXVIII.
2614 2193 2684 2203 —
2719 2164 3075 2223 Commutatio
3137 2172 3272 2226 inter
3332 2175 3724 2233 Ambrichoncm-

2544 2233 2845 2305 episcopum
2860 2249 2910 2291 et
2943 2238 3325 2298 Riltcowonem.

2225 2357 2523 2417 Fructuosa
2577 2364 2731 2419 valde
2802 2377 2857 2421 et
2908 2357 3130 2426 nimium
3198 2374 3346 2429 utilis
3402 2360 3721 2440 consuetudo

2155 2448 2283 2504 olim
2315 2451 2457 2507 inter
2483 2455 2733 2511 homines
2764 2458 3059 2515 inoleverat
3085 2467 3457 2521 commutandi
3489 2468 3724 2523 videlicet

2154 2544 2412 2612 quasdam
2458 2561 2546 2600 res
2590 2562 2689 2615 pro
2711 2550 2990 2605 ambarum
3031 2558 3420 2611 commoditate
3479 2559 3724 2627 partium.

2156 2631 2270 2687 Hoc
2297 2647 2509 2702 quoque
2547 2636 2762 2705 quidam
2805 2640 3016 2698 nobilis.
3048 2645 3260 2697 nomine
3299 2644 3588 2708 Rihcowo,
3626 2661 3724 2699 non

2153 2722 2518 2791 praetermisit,
2546 2725 2639 2778 sed
2665 2727 2826 2780 etiam
2851 2729 3066 2783 tradidit
3092 2732 3156 2784 ad
3187 2731 3242 2785 S.
3271 2733 3724 2788 Ennuerammum

2156 2814 2542 2882 proprietatem
2582 2832 2732 2873 suam
2772 2834 2931 2889 quam
2972 2821 3160 2876 habuit
3203 2825 3254 2876 in
3303 2825 3393 2878 illa
3439 2841 3620 2878 marca
3657 2826 3720 2878 ad

2157 2900 2475 2972 Menzinpah
2508 2907 2564 2960 in
2591 2922 2805 2962 manum
2848 2911 3225 2966 Ambrichonis
3265 2915 3598 2968 venerabilis
3626 2914 3722 2983 epi-

2155 2992 2302 3062 scopi
2361 3002 2414 3048 et
2459 2995 2708 3051 advocati
2759 2999 2874 3069 ejus
2913 2998 3217 3056 Garaharii.
3272 3002 3314 3056 Ε
3369 3014 3561 3058 contra
3607 3019 3728 3057 vero

2161 3081 2300 3138 idem
2328 3084 2620 3140 advocatus
2657 3101 2778 3141 cum
2807 3087 3021 3144 licentia
3049 3091 3286 3160 episcopi
3337 3093 3560 3146 tradidit
3595 3106 3720 3162 pra:-

2083 3151 2126 3213 C
2159 3171 2300 3225 dicto
2325 3170 2639 3228 Rihcowoni
2668 3175 2734 3230 de
2762 3176 2924 3231 rebus
2961 3176 3016 3231 S.
3050 3151 3438 3232 Eanum-amnti
3467 3181 3532 3233 ad
3574 3151 3721 3233 'I‘ala-

2160 3263 2403 3334 mazinga
2442 3271 2600 3319 terra:
2633 3265 2856 3321 arabilis
2891 3265 3076 3338 jugera
3109 3284 3247 3332 vnn,
3277 3278 3331 3322 et
3365 3267 3722 3323 nemusculum

2159 3368 2342 3406 unum.
2373 3352 2463 3407 Isti
2493 3363 2670 3408 autem
2700 3365 2825 3408 sunt
2851 3365 3014 3410 testes
3054 3357 3364 3411 eorrcambii
3391 3356 3590 3426 hujus:
3626 3357 3719 3411 Un-

2159 3443 2266 3507 laz,
2309 3443 2654 3509 Erchanl'rid,
2699 3445 2953 3511 Askarih,
2997 3448 3270 3510 Deotmar,
3317 3447 3551 3513 Ile’lfrih,
3598 3446 3724 3516 Sigi-

2159 3532 2283 3598 frid,
2321 3533 2480 3589 Tinto
2522 3543 2578 3589 et
2602 3537 2803 3590 exteri.

2159 3648 2286 3704 Cu.
2349 3647 2539 3704 XXIX.
2586 3681 2658 3691 —
2713 3649 3062 3704 Commutatio
3125 3653 3261 3706 inter
3330 3651 3728 3705 Ambrtchonetn

2335 3719 2632 3789 episcopum
2657 3730 2705 3774 et
2739 3718 3104 3790 Engitmarum
3126 3732 3172 3775 et
3211 3721 3405 3791 fratres
3424 3722 3561 3791 ejus.

2231 3827 2616 3884 Nonnullorum
2663 3829 2958 3900 comperiat
3010 3829 3272 3884 industria
3327 3828 3567 3884 ﬁdelium
3608 3843 3732 3898 quo-

2161 3936 2498 3992 rmncunque
2543 3924 2762 3977 auribus
2786 3925 2943 3990 hujus
2971 3922 3230 3976 chartqu
3280 3920 3528 3990 injuncta
3577 3920 3728 3976 fuerit

2161 4013 2354 4069 notitia
2397 4013 2630 4084 qualiter
2655 4013 2948 4069 Ambricho
2996 4014 3477 4068 reverentissimus
3523 4014 3726 4084 praesul,

2160 4111 2216 4158 et
2240 4102 2459 4172 quidam
2496 4102 2581 4157 vir
2624 4101 2836 4167 nobilis,
2872 4103 3088 4157 nomine
3119 4102 3485 4172 Engilmarus,
3533 4117 3729 4172 germa-

2161 4192 2325 4261 nique
2349 4190 2486 4260 ejus,
2510 4191 2646 4246 Mezi
2671 4191 2918 4248 videlicet
2942 4200 3103 4260 atque
3133 4189 3331 4247 Yitalis
3352 4208 3454 4263 pro
3475 4203 3731 4248 utrarum-

2163 4300 2268 4356 que
2293 4284 2525 4340 utilitale
2544 4285 2776 4356 partium
2807 4285 3281 4340 commutationem
3309 4284 3594 4354 perfecere
3611 4300 3731 4352 pra:-

2165 4383 2394 4429 sentem.
2418 4373 2662 4429 Tradidit
2687 4389 2917 4446 namque
2935 4375 3224 4446 praedictus
3240 4389 3379 4443 puer
3401 4375 3736 4446 Engilmarus

2168 4477 2290 4517 cum
2304 4461 2536 4517 fratrum
2549 4477 2767 4517 suorum
2779 4462 3126 4518 consertsnad
3140 4461 3197 4516 S.
3216 4461 3442 4518 Petrum
3463 4475 3730 4519 sanctum-

2168 4572 2272 4626 que
2287 4556 2379 4611 Dei
2401 4564 2690 4626 martyrem
2709 4555 3161 4609 Emmerammum
3177 4554 3336 4610 talem
3357 4557 3733 4625 proprietatem

2169 4644 2381 4716 qualem
2415 4644 2606 4726 habuit
2638 4642 2704 4696 ad
2743 4641 3081 4713 Menzinpah,
3109 4643 3248 4697 nihil
3271 4652 3433 4696 extra
3471 4644 3739 4745 dimittens

2167 4737 2271 4793 nisi
2309 4736 2480 4790 tribus
2508 4735 2678 4788 carris
2721 4735 2866 4805 ligna
2904 4735 3166 4789 sumenda
3212 4748 3278 4788 ac
3306 4743 3530 4804 pastu
3574 4735 3738 4804 porcis

2167 4842 2259 4880 ιι..
2299 4824 2504 4880 Caetera
2533 4837 2666 4876 vero
2695 4825 2880 4877 omnia
2924 4824 3040 4878 sine
3067 4823 3171 4876 ulla
3202 4824 3641 4880 contradictione
3676 4822 3739 4877 ad

2167 4915 2455 4986 praedictos
2481 4923 2698 4968 sanctos
2731 4914 3054 4968 contradidit
3081 4913 3133 4968 in
3173 4929 3394 4968 manum
3422 4914 3738 4970 Ambricho-

2169 5007 2256 5062 uis
2300 5021 2486 5060 vener.
2534 5021 2621 5076 ep.
2653 5013 2709 5059 et
2740 5005 2982 5060 advocati
3031 5005 3148 5072 ejus
3190 5003 3532 5070 Gundbcrti;
3565 5005 3616 5060 id
3641 5012 3734 5068 est,

2167 5110 2355 5150 casam
2381 5110 2502 5148 cum
2531 5103 2708 5158 cut-te,
2740 5108 2977 5148 marcam
3013 5093 3160 5148 silva:
3191 5091 3415 5156 bonam,
3446 5101 3607 5146 terra
3628 5107 3740 5146 ara-

2166 5183 2293 5238 bilis
2324 5182 2515 5254 jugera
2559 5199 2711 5239 nuu
2733 5223 2747 5247 ,
2791 5191 3067 5252 pratorum
3095 5181 3358 5255 carradas
3411 5197 3524 5237 xu
3551 5191 3604 5236 et
3630 5195 3734 5236 ser-

2167 5291 2292 5329 vum
2320 5291 2506 5341 unum,
2532 5275 2748 5330 nomine
2761 5275 3092 5332 Otbehnnm.
3118 5275 3160 5328 E
3187 5283 3381 5329 contra
3407 5283 3589 5331 autem
3609 5287 3734 5345 pra:-

2174 5365 2316 5420 l‘atus
2363 5367 2541 5420 maani
2596 5367 2772 5421 meriti
2833 5357 3116 5426 eniscoutts
3170 5374 3230 5418 et
3278 5365 3582 5421 ειδνιιωιιιε
3621 5378 3738 5421 still!»
