3930 5394
172 380 291 440 N7.

1063 376 1523 436 TRADI’I‘IONES
1563 375 2202 436 EMMERAMMENSES.
2228 409 2296 421 —
2330 376 2457 436 LIB.
2496 378 2540 434 Ι.

3329 346 3436 463 vis.

169 493 328 553 lucos
382 505 437 547 ιι»
470 497 535 547 et:
582 502 829 547 servum-
854 504 1054 557 unum,
1105 490 1325 546 nomine
1394 486 1750 560 Egilwoll‘um.
1783 493 1829 554 Α
1860 502 2192 559 rumcnnque
2213 489 2435 546 auribus
2455 489 2615 564 hujus
2637 489 2895 548 chartula:
2921 490 3191 548 inseratur
3213 486 3430 550 notitia.

172 583 317 641 Sunt
350 583 517 639 etim
564 589 762 639 testes
810 579 971 651 hujus
1038 582 1474 638 commutationis
1534 582 1755 639 auribus

173 675 382 732 tracti:
434 673 570 746 ego,
602 671 785 739 Atio",
826 673 965 739 Avo,
1012 670 1235 743 Strupo,
1281 672 1467 737 Sinzo,
1524 671 1750 740 κεπτ-εὴ,

172 765 448 831 ﬂartvric,
479 762 786 830 Trubtbad,
826 762 1066 830 Hawart,
1114 762 1304 830 Unlaz,
1344 762 1612 829 Cheftinc,
1644 762 1753 817 En-

168 858 439 931 gilperbta
460 858 656 914 Actum
683 872 868 913 coram
892 856 1234 929 Engildcone
1259 857 1456 913 comite
1478 865 1540 914 et
1572 857 1757 929 Engil-

168 963 330 1005 mare
350 949 574 1015 abbate,
602 948 1092 1021 regnanteliarolo
1121 949 1471 1020 imperatore.

167 1080 299 1138 Car.
339 1081 511 1140 XXX.
537 1115 608 1126 —
635 1082 984 1160 Commutatio
1009 1086 1162 1160 inter
1210 1086 1608 1145 Ambriclwum
1646 1089 1757 1160 cpi-

330 1177 335 1181 ·
598 1172 812 1225 scopum
849 1166 894 1210 et
923 1154 1326 1212 Salamannum.
1674 1154 1693 1163 “’

239 1264 544 1323 Fructuose
585 1265 744 1322 va‘ide
785 1276 841 1322 et
885 1266 1204 1323 mirabiliter
1247 1266 1396 1324 utiiis
1437 1267 1569 1326 olim
1616 1270 1758 1325 inter

168 1356 429 1412 homines
467 1356 770 1413 inoleverat
804 1358 1137 1414 consuetudo
1179 1359 1544 1414 commutandi
1572 1359 1758 1421 videli-

165 1454 255 1501 eet
279 1447 550 1517 quaedam
595 1463 684 1504 res
722 1460 823 1518 pro
851 1449 1133 1504 anibarom
1180 1450 1583 1520 Opportunitate
1632 1466 1757 1522 par-

165 1538 508 1596 tiumsidcm
552 1554 769 1610 quoque
810 1538 1140 1595 Salomanno
1172 1540 1396 1597 cuidam
1441 1541 1611 1597 nobili
1639 1542 1758 1597 viro

165 1628 498 1685 imitandum
522 1629 849 1701 complacuit
891 1644 1047 1687 suam
1090 1629 1322 1688 ﬁdeliter
1361 1630 1758 1704 praecogitando

163 1720 631 1776 commoditatem.
690 1720 935 1777 Tradidit
981 1735 1247 1792 namque
1286 1721 1451 1793 paulo
1508 1724 1757 1793 superius

1854 579 2100 637 Tradidit
2120 581 2290 653 igitur
2310 583 2566 639 diaconus
2593 583 2811 654 quidam
2840 584 3185 652 venerabilis,
3212 586 3433 657 nomine

1854 671 2105 740 Altoltus,
2133 674 2200 730 ad
2228 683 2474 731 sanctum
2522 675 2616 731 Dei
2657 684 2949 748 martyrem
2972 676 3434 735 Emmeraminum

1855 763 2016 819 talem
2043 766 2439 835 proprietatem
2459 765 2670 836 qualem
2698 768 2891 823 habuit
2916 767 2984 823 ad
3013 766 3209 838 Atinga
3236 768 3288 821 iu
3315 783 3431 822 ma-

1856 871 1983 909 num
2008 853 2254 911 videlicet
2278 856 2660 912 Ambri’cltouis
2687 872 2808 912 ven.
2832 872 2920 929 ep.
2941 857 3165 928 ejusque
3188 858 3435 914 advocati

1857 944 2192 1012 Wicrammi,
2226 948 2278 1003 id
2303 956 2385 1004 est
2413 955 2572 1003 terrae
2609 949 2828 1005 arabilis
2851 958 2906 1004 et
2936 959 3209 1020 pratorum
3244 948 3437 1022 jugera

1856 1055 1985 1103 xxx,
2013 1048 2068 1094 et
2106 1040 2328 1097 frutices
2364 1043 2431 1097 ad
2473 1042 2850 1112 exsti‘rpandas
2887 1044 3002 1115 jug.
3040 1061 3105 1099 xv
3130 1054 3183 1100 ct
3222 1059 3287 1100 eo
3313 1061 3436 1100 am-

1855 1130 2013 1200 plius.
2056 1131 2100 1188 E
2137 1141 2326 1188 contra
2365 1147 2503 1189 vero
2536 1135 3172 1204 przedietusadvocatus,
3218 1138 3436 1193 nomine

1856 1216 2235 1285 Μίνωα,
2261 1221 2479 1276 tradidit
2508 1223 2573 1277 de
2605 1222 2769 1278 rebus
2802 1223 2860 1278 S.
2888 1225 3267 1281 Emmerammi
3305 1242 3428 1282 cum

1855 1308 2070 1366 licentia
2117 1310 2319 1366 domini
2367 1312 2601 1382 episcopi
2649 1312 2825 1368 eidem
2865 1314 3153 1370 venerabili
3203 1315 3432 1371 diacono

1857 1411 2015 1459 terrae
2058 1402 2280 1459 arabilis
2320 1402 2512 1474 jugera
2554 1419 2684 1468 xxx,
2731 1419 2795 1459 ac
2841 1405 2987 1469 silva:
3028 1405 3218 1478 jugera
3250 1421 3335 1472 vr,
3375 1414 3435 1462 et

1855 1503 2135 1565 pratorum
2161 1496 2420 1551 carradas
2448 1510 2502 1549 Iv
2528 1504 2583 1550 et
2610 1511 2791 1551 aream
2822 1513 2860 1551 ιε.
2906 1497 2972 1555 Ει
3012 1499 3115 1553 hoc
3156 1506 3241 1552 est
3275 1496 3435 1566 juxta

1857 1585 2035 1642 lacum
2084 1587 2177 1657 qui
2238 1587 2436 1643 dicitur
2486 1587 2763 1642 Munituna
2791 1629 2806 1653 ,
2857 1598 3128 1659 quatenus
3177 1587 3435 1659 multus

1855 1684 2075 1731 sanctum
2095 1688 2421 1748 suarumque
2448 1692 2625 1732 rerum
2650 1677 2895 1747 provisor
2914 1677 3042 1733 illud
3067 1678 3340 1749 possideat
3366 1676 3437 1731 ad

1855 1764 2084 1836 Atinga,
2126 1775 2188 1823 et
2234 1767 2322 1823 ille
2364 1767 2587 1838 placida:
2635 1770 2957 1839 praestantiae
3003 1769 3260 1824 diaconus
3304 1767 3434 1823 illud

164 1812 494 1923 mea:
518 1812 1379 1923 admisceas-ng
1418 1814 1761 1872 memm-
1786 1844 1832 1903 Β
1855 1812 2089 1911 iam;
2115 1812 2977 1923 me;.'.a'i'.;:.;;;;;"ig;;':.
3005 1812 3438 1915 magna:

163 1919 321 1961 suum
365 1905 753 1976 proprietatem
799 1907 989 1962 uxoris
1050 1921 1162 1963 sua
1205 1906 1569 1976 Adalburnie,
1616 1925 1749 1966 con-

160 1993 444 2051 uentientc
496 1994 614 2062 illa,
656 1995 891 2067 quiem
958 1996 1029 2050 ad
1062 1996 1348 2068 ruenzpah
1407 1999 1753 2055 haereditario

157 2084 290 2154 jure
323 2086 531 2143 habere
554 2088 705 2143 visus
746 2095 853 2153 est,
887 2087 941 2142 in
971 2102 1192 2143 manum
1219 2089 1602 2145 Ambricho‘nis
1627 2104 1749 2145 ven.

158 2188 253 2243 ep.
279 2174 613 2231 eLadvocati
652 2175 768 2245 ejus
796 2174 1053 2231 Helfriei.’
1090 2174 1206 2232 Hoc
1228 2184 1334 2243 est,
1380 2177 1435 2233 in
1476 2179 1754 2234 territorio

160 2264 388 2322 cultoet
413 2265 637 2330 inculto,
679 2266 816 2322 silva
849 2265 1075 2338 ejusque
1100 2267 1352 2335 termino,
1389 2268 1755 2339 pratis,aquis

158 2366 218 2413 et
242 2371 439 2413 uram
458 2357 797 2424 decursibus,
844 2372 1055 2414 necnon
1082 2367 1142 2414 et
1167 2358 1350 2416 omnia
1390 2374 1512 2429 quas
1553 2360 1753 2416 ibidem

162 2448 358 2505 habuit
383 2463 457 2505 ex
504 2449 721 2521 integro
763 2450 833 2506 ad
878 2451 1195 2520 prmdictum
1236 2459 1480 2508 sanctum
1534 2453 1756 2508 tradidit

159 2550 330 2611 atque
370 2541 695 2597 transmdit;
733 2542 787 2597 Ε·
811 2551 1001 2598 contra
1044 2558 1175 2600 vero
1224 2543 1423 2614 praesul
1465 2550 1520 2599 et
1558 2543 1754 2614 ιιι-(θίιί-

156 2641 287 2690 etus
313 2633 617 2689 advocatus
659 2634 729 2690 de
759 2634 923 2691 rebus
970 2632 1028 2690 S.
1076 2632 1467 2690 Euunerammi
1511 2633 1750 2690 tradide«

158 2730 295 2778 runt
317 2723 499 2778 eidem
569 2722 735 2779 nobili
785 2722 1127 2779 territorium
1170 2722 1238 2779 ad
1283 2719 1573 2793 Reitinpoh
1609 2722 1753 2793 quod

156 2813 357 2871 Otmar
380 2813 498 2885 jam
528 2813 803 2884 quondam
835 2813 1057 2870 tradidit
1084 2813 1426 2871 adsanctum
1457 2811 1574 2883 jam
1612 2827 1756 2884 szepe

159 2903 393 2960 dictum.
449 2903 642 2960 Testes
697 2915 878 2960 autem
914 2905 1088 2976 hujus
1138 2904 1573 2961 commutationis
1630 2913 1756 2961 sunt

158 2992 221 3049 bi
252 3009 268 3047 :
310 2991 454 3059 Avo,
496 2994 715 3064 Strupo,
749 2993 921 3064 liupo.
951 2993 1083 3066 Ogo,
1117 2993 1342 3059 Hahart,
1372 2992 1519 3058 Polo,
1556 2991 1751 3058 UuIaz,

159 3080 458 3155 Hiltipero,
497 3082 658 3140 Hatto
684 3092 741 3140 et
767 3085 971 3143 cmteri.

1854 1946 1930 2004 tio
1972 1949 2048 2005 ita
2082 1949 2250 2006 ﬁrma
2274 1952 2546 2023 persistat,
2573 1953 2774 2023 placuit
2819 1952 2953 2007 duas
2995 1952 3273 2008 chartulas
3313 1952 3439 2023 pari

1856 2048 2044 2096 tenore
2073 2044 2409 2113 conscriptas
2432 2044 2678 2099 exhiberi
2722 2058 2845 2099 cum
2882 2042 3112 2099 teStihus
3155 2041 3438 2098 subnomi-

1853 2130 2033 2197 natis,
2083 2132 2136 2187 id
2183 2141 2268 2188 est
2314 2133 2467 2197 Polo,
2508 2134 2686 2200 Adoll',
2731 2135 2867 2201 Avo,
2898 2133 3117 2205 Strupo,
3150 2132 3438 2199 Karaheri,

1852 2220 2170 2292 Cotaperbt,
2197 2223 2425 2291 Hell'rih,
2451 2224 2717 2292 Liuthart,
2734 2226 3011 2291 Waltunc,
3033 2212 3430 2296 Erchanperht,

1854 2309 2079 2379 Hungis,
2110 2311 2379 2368 Adalhun.
2406 2313 2601 2369 Actum
2642 2323 2823 2371 autem
2861 2316 2927 2370 ad
2974 2314 3269 2387 Rockinga,
3297 2325 3438 2385 prte-

1851 2410 2006 2473 sente
2036 2402 2366 2475 Eugilmaro,
2390 2414 2446 2460 et
2471 2404 2688 2462 Ilittone
2715 2407 3019 2470 abbatibus,
3059 2420 3126 2462 ac
3165 2404 3454 2462 Sandratm

1854 2490 2322 2563 archipresbytero
2344 2501 2509 2564 atque
2531 2493 2810 2566 Reginone
2836 2495 3084 2550 diacono.

1922 2621 2053 2679 Car.
2078 2611 2315 2678 XXXIII.
2332 2654 2406 2666 --
2424 2624 2774 2680 Commutatio
2806 2628 2941 2681 inter
2965 2624 3382 2679 Atubrichoucm‘

2273 2695 2579 2766 episcopum
2592 2706 2639 2751 et
2662 2695 3023 2767 Lantpertum.
3405 2708 3411 2714 '

1921 2802 2312 2862 Nonnullorum
2360 2807 2572 2862 noverit
2612 2807 2874 2863 industria
2925 2807 3161 2863 ﬁdelium
3201 2804 3447 2877 qualiter

1854 2896 2182 2953 reverendus
2225 2896 2320 2952 Dei
2367 2896 2542 2954 cultor
2565 2898 2859 2954 Ambricho
2886 2898 3261 2954 concambium
3307 2911 3432 2952 cum

1851 2986 2083 3057 quodam
2114 2987 2475 3053 manumisso,
2499 2987 2718 3044 nomine
2745 2986 3045 3058 Lantperto,
3071 2986 3298 3059 peregit.
3339 2986 3457 3043 Ille-

1853 3094 2085 3149 namque
2116 3079 2200 3134 vir
2224 3095 2396 3151 nuper
2416 3088 2545 3137 ante
2572 3081 2881 3136 nominatus
2905 3081 3129 3135 tradidit
3155 3080 3221 3136 ad
3245 3079 3305 3136 S.
3325 3079 3430 3135 Pe—

157 3190 297 3247 ω.
379 3192 580 3265 XXXI.
641 3224 713 3235 —
737 3192 1112 3265 ﬂamminio
1161 3197 1301 3265 inter
1352 3196 1751 3256 Ambricltcnem

1857 3178 1998 3225 trum
2055 3179 2412 3244 sanctumque
2464 3171 2559 3228 Dei
2619 3181 2912 3243 martyrem
2969 3172 3431 3227 Emmerammum

305 3263 609 3334 episcopum
645 3274 695 3320 et
720 3263 1055 3320 Rathardum
1105 3276 1152 3321 et
1202 3264 1422 3337 fratrem
1470 3269 1606 3340 ejus.

234 3371 409 3445 Igitur
469 3372 747 3431 fructuosa
804 3374 959 3432 valde
1008 3384 1066 3431 et
1110 3376 1362 3449 plurimis
1417 3381 1751 3437 consuetudo

158 3464 315 3522 utilis
332 3465 453 3535 jam
479 3466 608 3527 olim
635 3467 779 3533 inter
803 3467 1057 3525 homines
1076 3469 1377 3527 inolescere
1405 3473 1573 3544 capit
1595 3487 1749 3533 com-

158 3558 414 3615 mutandi
466 3557 679 3614 scilicet
717 3560 979 3628 quasdam
1035 3575 1125 3619 res
1180 3570 1404 3633 propter
1469 3563 1748 3620 ambarum

156 3650 610 3706 commoditatem
647 3650 905 3720 partium,
949 3652 1092 3721 quod
1135 3662 1192 3709 et
1236 3669 1382 3713 nunc
1421 3656 1593 3727 magis
1635 3671 1750 3712 ma-
1828 3695 1835 3699 μ

154 3740 377 3810 gisque,
418 3740 657 3797 maxime
692 3750 871 3798 autem
917 3742 1058 3813 apud
1097 3744 1303 3801 nobiles
1357 3743 1747 3817 frequentatur.

154 3830 280 3888 Hoc
319 3847 455 3902 ergo.
508 3833 729 3902 quidam
770 3836 1021 3906 generosi
1071 3838 1195 3901 viri,
1250 3838 1453 3895 uterini
1501 3839 1751 3896 videlicet

155 3917 385 3985 fratres,
430 3921 1043 3995 vocabulis-nuncupati
1093 3925 1454 3984 Cuudhartet
1498 3928 1745 3993 Ratbart,

152 4015 234 4071 ob
283 4030 443 4070 suam
495 4015 797 4074 utilitatem:
838 4019 1115 4088 praeterire
1169 4020 1476 4079 noluerunt.
1509 4021 1645 4077 Nam
1693 4023 1748 4080 bi

153 4103 378 4174 praefati
405 4104 508 4160 viri
537 4105 871 4171 tradiderunt
891 4114 961 4164 ad
988 4107 1046 4165 S.
1078 4119 1373 4182 martyrem
1416 4111 1749 4169 Emmeran-

154 4211 314 4255 mum
340 4196 658 4265 inmanum
705 4198 1095 4263 Ambricbonis
1136 4216 1320 4258 venor.
1365 4217 1452 4273 ep.
1500 4188 1750 4274 illiusque

152 4284 416 4341 advocati
457 4285 677 4343 nomine
706 4286 1008 4353 Gundberti
1050 4287 1104 4344 in
1148 4288 1270 4346 loco
1310 4289 1508 4362 Atinga
1542 4308 1749 4348 nuncu—

152 4383 289 4445 pato
309 4384 498 4431 curtcs
536 4376 676 4433 duas
704 4391 828 4432 cum
876 4377 1097 4433 totidem
1136 4377 1409 4445 domibus,
1441 4388 1762 4435 terraeara-

151 4464 285 4520 bilis
302 4461 501 4535 jugera
534 4479 641 4519 ιιι
680 4473 737 4523 et
789 4465 972 4519 noval.
996 4463 1201 4535 jugera
1246 4481 1304 4533 x,
1353 4465 1421 4522 de
1467 4467 1639 4535 pratis
1680 4468 1749 4524 ad

1856 3261 2203 3330 proprietatis
2220 3276 2334 3317 sum
2358 3263 2425 3319 de
2448 3269 2589 3317 terra
2612 3262 2803 3318 arabili
2829 3263 3017 3333 jugera
3044 3276 3109 3317 Cl.
3137 3262 3189 3316 in
3215 3276 3435 3317 manum

1855 3350 2235 3406 Ambrichonis
2275 3366 2398 3407 ven.
2427 3365 2514 3424 ep.
2551 3359 2609 3408 et
2646 3352 2888 3408 advocati
2936 3351 3053 3420 ejus
3096 3350 3313 3406 llell‘rici
3336 3390 3351 3417 ,
3381 3359 3445 3405 et

1854 3438 1956 3495 hoc
1991 3439 2139 3509 jacet
2174 3440 2328 3512 juxta
2365 3440 2646 3497 castellum
2686 3430 2918 3513 Erilinga
2958 3450 3345 3511 nuncupatum.
3382 3428 3435 3517 ΑΕ

1852 3538 2039 3584 contra
2063 3543 2193 3584 vero
2224 3530 2513 3600 praedictus
2549 3532 2843 3586 advocatus
2870 3547 2992 3586 cum
3022 3544 3286 3586 consensu
3322 3530 3435 3600 epi~

1853 3618 1997 3687 scopi
2037 3618 2257 3673 tradidit
2290 3619 2464 3675 eidem
2494 3620 2790 3688 Lantperto
2814 3621 2880 3675 de
2906 3620 3071 3676 rebus
3097 3628 3434 3683 sanctorum,

1851 3724 1986 3779 quos
2012 3710 2329 3780 prmnotavi,
2366 3720 2523 3766 terrm
2548 3711 2769 3767 arabilis
2787 3711 2975 3782 jugera
3007 3726 3214 3767 cxxxm
3244 3710 3432 3765 inloco

1852 3800 2233 3857 Eidrateshusa
2274 3811 2604 3872 nuncupato.
2636 3801 2704 3856 Et
2732 3810 2790 3856 ut
2817 3802 2932 3857 haec
2960 3799 3311 3857 commutatio
3340 3798 3435 3852 ﬁré

1850 3893 1990 3950 mior
2013 3893 2295 3957 habeatur,
2320 3894 2664 3964 placui‘tduas
2679 3893 2955 3950 chartulas
2976 3907 3083 3949 uno
3101 3900 3285 3948 tenore
3304 3888 3436 3947 con;

1850 3985 2079 4055 scriptas
2102 3986 2377 4042 exhibere.

1919 4119 2049 4177 CAP.
2074 4118 2314 4177 XXXIV.
2340 4152 2406 4162 —
2431 4121 2781 4176 Commutatio
2804 4122 2940 4175 inter
2963 4120 3385 4179 Ambricltouemv

2301 4191 2598 4261 episcopum
2621 4202 2668 4245 et
2704 4191 2975 4259 Atio/[mm
3020 4252 3023 4253 ν
3330 4190 3337 4195 ’

1918 4298 2022 4356 Per
2047 4300 2487 4370 compendiosum
2504 4299 2663 4368 hujus
2672 4299 2937 4355 chartula:
2955 4307 3229 4355 narratum
3247 4295 3431 4367 cujuss

1849 4389 1995 4461 piam
2059 4388 2310 4446 adiectum
2395 4388 2830 4444 commutationis
2890 4387 3127 4456 pandere
3185 4385 3429 4441 conabor

1849 4481 1996 4535 omni
2041 4496 2230 4536 aurem
2275 4479 2687 4535 accommodare
2733 4478 2956 4532 volenti.
3005 4477 3250 4532 Tradidit
3295 4489 3429 4546 ergo

152 4555 422 4611 carradas
448 4569 578 4621 xxv,
604 4554 674 4611 de
701 4554 839 4610 silva
876 4556 1018 4611 b’ene
1060 4555 1278 4626 provisa
1318 4555 1510 4626 jugera
1553 4572 1645 4620 xx,
1690 4565 1748 4613 et

1855 4570 1932 4625 vir
1957 4569 2445 4639 quidam-nobilis,
2496 4568 2711 4622 nomine
2751 4565 2938 4630 Adoll,
2984 4568 3052 4621 ad
3096 4567 3153 4621 S.
3202 4565 3424 4620 Petrum

154 4644 428 4702 molinam
458 4660 642 4700 uuam.
694 4645 739 4701 E
779 4657 970 4702 contra
1021 4661 1151 4702 vero
1192 4654 1525 4716 pranotatus
1573 4646 1753 4705 cultor

152 4734 493 4792 venerabilis
511 4744 569 4791 et
602 4737 896 4792 advocatus
925 4732 1044 4805 ejus
1079 4736 1146 4790 de
1187 4735 1349 4791 rebus
1380 4734 1452 4789 Β.
1483 4735 1746 4808 martyris

152 4828 251 4884 Dei
278 4827 672 4883 Emmerammi
697 4827 1035 4884 tradiderunt
1072 4826 1181 4884 illis
1217 4826 1508 4895 nobilibus,
1546 4828 1746 4899 quippe

152 4918 226 4973 ad
252 4915 695 4972 Totinaccharon
719 4914 1048 4971 Cundhardo
1083 4929 1266 4974 casam
1305 4929 1428 4971 cum
1466 4924 1659 4982 curto,
1674 4917 1744 4973 de

154 5023 286 5065 rure
333 5006 534 5077 jugera
577 5021 686 5074 ut,
716 5006 797 5082 de
833 5005 1007 5075 pratis
1047 5007 1264 5066 carrad.
1309 5022 1362 5070 ι,
1398 5013 1455 5063 et
1496 5007 1744 5065 Rathado

151 5114 341 5157 casam
377 5111 511 5153 cum
553 5105 726 5163 curto,
768 5094 1027 5152 territorii
1068 5093 1263 5167 jugera
1290 5111 1420 5161 xui,
1458 5107 1742 5169 pratorum

156 5188 226 5245 ad
245 5185 478 5245 carrad.
524 5201 621 5251 xu,
650 5187 718 5242 de
753 5184 886 5241 silva
905 5185 1096 5255 jugera
1128 5202 1208 5254 ιιι,
1242 5187 1294 5241 in
1333 5186 1450 5242 loco
1474 5189 1566 5260 qui
1597 5187 1738 5247 Veli-.-

149 5278 313 5332 Irim.
346 5286 578 5322 τηροίη-ο
621 5278 680 5318 Rt
728 5287 791 5324 ιιι
815 5278 916 5322 hac
953 5276 1149 5320 clahiln
1192 5291 1508 5322 nni-manna!
1556 5282 1608 5322 in
1653 5279 1738 5322 fu.

1847 4666 2203 4728 sanctumque
2230 4658 2322 4712 Dei
2369 4665 2663 4728 martyrem
2705 4657 3161 4711 Emtncrammum
3208 4654 3261 4708 in
3307 4669 3425 4708 ma-

1849 4764 1975 4804 num
2002 4748 2383 4804 Ambrichouis
2421 4762 2605 4803 vener.
2636 4761 2722 4816 ep.
2766 4752 2821 4798 et
2862 4745 3245 4799 advocatorum
3282 4739 3422 4809 ejus,

1848 4838 2067 4896 Ilelfrici
2125 4838 2374 4895 videlicet
2426 4845 2594 4908 atque
2648 4834 2944 4891 Gundberti
2973 4875 2989 4900 ,
3042 4831 3430 4904 proprietatem

1847 4946 1999 4990 suam
2028 4946 2189 5003 quam
2220 4931 2406 4987 habuit
2431 4931 2498 4985 ad
2542 4933 2726 4990 llusun
2750 4966 2764 4989 ,
2806 4926 2857 4979 id
2887 4935 2974 4981 est
3015 4934 3172 4981 terrae
3211 4921 3441 4976 arabilis"

1840 5022 2032 5093 jugera
2080 5036 2248 5085 Lxut,
2292 5034 2474 5078 casam
2526 5038 2656 5082 cum
2695 5023 2880 5080 curte,
2916 5016 3167 5072 horreum
3196 5023 3447 5080 quoque,

1844 5121 2008 5182 atque
2024 5113 2363 5184 pomarium,
2390 5120 2682 5182 pratorum
2704 5105 2956 5162 carradas
2979 5122 3056 5172 ix,
3081 5104 3224 5161 silvae
3247 5099 3436 5170 jugera

1845 5218 1972 5259 ιιν,
2016 5203 2239 5263 Necnon
2263 5204 2427 5260 ejiam
2465 5206 2669 5269 omnia
2699 5211 2815 5267 qua:
2842 5208 2940 5250 sua
2970 5204 3099 5254 sunt
3125 5192 3295 5250 eidem
3320 5189 3438 5242 loco

1846 5296 2208 5346 “mnl'enjin
2238 5295 2304 5336 ad
2346 5294 2658 5345 meum...»
2689 5293 2895 5322 οηιηηθλο
2922 5282 3241 5326 ἰη-Μυθικδῆ
3281 5290 3445 5316 canna
