3930 5688
483 416 486 420 ί
528 355 640 414 919

1473 364 1513 414 Α
1522 361 1606 415 NA
1615 361 1784 418 MODI
1814 361 2353 426 RATISPONENSIS
2390 365 2803 426 SUBDIACON!
3679 363 3766 422 $16

531 469 830 539 copiosum.
873 467 1040 538 Hujus
1066 479 1244 526 autem
1279 472 1582 530 traditionis
1613 485 1780 532 testes
1807 486 1932 532 sunt
1957 477 2106 545 Polo,
2137 486 2185 543 Α
2213 483 2298 538 nis
2327 483 2395 539 de
2429 492 2570 538 terra
2598 483 2788 538 arabili
2813 491 2866 536 et
2898 483 2964 538 dc
3001 482 3166 550 pratis
3206 494 3405 551 jugera
3443 495 3604 542 can,
3636 480 3766 546 juxta

532 559 670 626 Avo,
699 559 920 631 Strupo,
948 559 1208 625 lleidl‘olc,
1239 560 1556 633 Gataperht,
1585 565 1873 637 lrmperht,
1913 567 2114 625 Pereh-
2217 571 2414 628 ﬁucnta
2444 573 2680 628 Fattarae
2707 573 2760 627 iu
2789 573 2908 628 loco
2932 571 3203 640 Bozilinga
3239 579 3572 639 nuncupata.
3599 567 3638 620 Ε
3659 583 3768 624 eoa-

533 655 665 721 trih,
697 653 992 724 Isanperht,
1027 653 1340 726 Sindperht,
1367 656 1637 726 Adalhun,
1667 659 1981 732 Ililtiprant,
2013 661 2113 717 Pa.
2167 726 2172 732 ο

2167 800 2170 804 .
2215 755 2387 810 cidem
2428 755 2616 820 nobili,
2645 756 2711 810 de
2751 754 2911 809 rebus
2956 754 3013 809 S.
3042 752 3451 813 Emmerammi,
3482 760 3640 805 teme
3668 765 3771 803 ara-

529 745 690 803 tarib.
723 744 922 815 llpunc.

598 855 728 911 CAP.
763 853 981 909 XXXV.
1003 887 1074 896 --
1104 857 1455 914 Commutatio
1483 862 1617 916 inter
1643 863 1852 918 Ambric
1870 881 2040 920 torrem

991 929 1286 998 episcopum
1311 940 1360 984 et
1390 929 1657 986 Polouem.

597 1036 886 1094 Multorum
944 1049 1204 1110 agnoscat
1267 1041 1533 1097 industria
1589 1043 1824 1100 ﬁdelium
1879 1047 2110 1116 qualiter

521 1129 742 1199 quidam
786 1131 925 1185 servi
971 1130 1332 1200 quarumlibet
1372 1147 1592 1186 suarum
1635 1149 1842 1200 rerum,
1876 1137 2108 1192 dominis

520 1220 730 1277 scilicet
788 1221 1169 1291 magistristpie
1228 1222 1341 1278 suis
1401 1238 1506 1277 non
1569 1226 2101 1290 contradicentibus,

521 1314 998 1369 commutationem
1024 1325 1369 1385 peregerunt.
1397 1316 1552 1371 Dedit
1572 1331 1702 1387 ergo
1722 1317 1864 1374 Polo
1875 1321 2109 1375 vicarius

519 1405 664 1476 regis
690 1405 966 1461 dimidiam
1003 1405 1196 1461 hobam
1224 1405 1505 1462 Cotabaldi
1537 1406 1630 1462 ﬁlii
1665 1408 2008 1480 Kaganhartli
2037 1412 2102 1463 ad
2169 1400 2172 1402 ’

518 1495 972 1567 Chuningesdorl,
1004 1506 1060 1552 et
1088 1512 1269 1552 aream
1298 1515 1314 1553 ι
1347 1507 1400 1554 et
1439 1501 1740 1568 pomerium
1783 1519 1798 1556 ι
1845 1517 2004 1556 servo
2043 1501 2099 1556 S.

517 1588 696 1656 Petri,
744 1590 962 1644 nomine
999 1587 1256 1653 lliucom‘,
1286 1591 1338 1644 in
1373 1607 1592 1647 manum
1615 1607 1737 1648 ven.
1768 1607 1855 1662 ep.
1887 1594 2102 1648 Ambri-

517 1681 729 1745 chonis,
761 1689 923 1750 atque
951 1678 1200 1736 advocati
1240 1680 1382 1736 illius
1407 1680 1650 1738 Helfrici.
1689 1683 1731 1737 Ε
1755 1692 1941 1738 contra
1973 1699 2102 1740 vero

518 1771 815 1828 advocatus
857 1769 986 1828 Polo
1030 1782 1156 1827 ante
1202 1773 1508 1829 nominatus
1553 1782 1816 1843 pnesente
1846 1774 2098 1844 episcopo

486 1861 665 1917 .dedit
702 1863 902 1917 bobam
928 1876 1091 1916 unam
1120 1877 1413 1933 areamque
1441 1879 1600 1918 unam
1650 1863 1908 1919 Biuconis
1956 1866 2096 1919 servi
2134 1849 2179 1907 Β

521 1952 582 2008 S.
616 1953 764 2009 Petri
790 1951 1086 2010 Cotabaldo
1114 1953 1314 2010 famulo
1344 1955 1484 2026 regis
1531 1956 1582 2009 in
1630 1971 1846 2010 manum
1886 1955 2098 2012 Polonis

514 2046 572 2100 in
594 2045 719 2101 villa
749 2060 867 2116 quae
895 2054 1117 2102 vocatur
1143 2046 1412 2102 'I‘anhusa.
1442 2047 1566 2103 Haec
1591 2063 1722 2118 ergo
1749 2049 2100 2104 commutatio

491 2136 659 2202 .l‘acta
682 2147 766 2195 est
787 2137 1152 2195 Ambrichone
1171 2139 1424 2210 episcopo
1451 2140 1798 2210 permittente
1821 2151 1875 2197 et
1899 2141 2099 2198 Polone

515 2226 572 2280 in
605 2227 766 2283 domo
794 2227 1029 2298 episcopi
1063 2228 1203 2285 inter
1228 2229 1480 2300 Erilapah
1523 2240 1576 2288 ct
1615 2230 1932 2303 Menzinpah
1965 2246 2093 2287 con-

515 2328 742 2375 structa.

493 2447 503 2466 ‘
585 2434 714 2490 CAP.
743 2433 982 2490 XXXVI.
1005 2469 1072 2476 —
1098 2437 1452 2492 Commutatio
1477 2439 1610 2492 inter
1628 2437 2027 2492 Ambriclzonem

967 2509 1262 2578 episcopum
1293 2520 1338 2562 et
1369 2505 1647 2562 Po‘sonem.

583 2612 738 2670 Olim.
759 2613 925 2686 igitur
950 2615 1099 2671 utilis
1137 2626 1192 2670 et
1228 2615 1502 2672 fructuosa
1533 2618 1672 2672 inter
1702 2617 1950 2674 homines
1973 2633 2099 2674 con-

511 2705 742 2761 suetudo
793 2705 1133 2762 subolescere
1203 2708 1386 2778 coepit,
1433 2708 1799 2764 commutandi
1849 2708 2100 2763 videlicet

494 2797 774 2865 quasdam
829 2811 916 2852 res
958 2812 1056 2867 pro
1099 2798 1378 2852 ambarum
1410 2798 1795 2854 commoditate
1838 2799 2093 2868 partium,

509 2889 654 2957 quod
693 2897 757 2944 et
790 2889 1035 2945 moderni
1063 2889 1327 2960 siquidem
1364 2889 1682 2959 plerumque
1722 2904 1982 2962 peragere
2008 2905 2096 2945 co-

503 2988 705 3038 nantur
749 2977 995 3034 crebrius
1041 2993 1107 3034 ac
1148 2979 1391 3036 crebrius
1435 2988 1833 3036 commutantes
1871 2981 2094 3052 vestigia
2183 3049 2186 3052 ,

506 3067 775 3136 imitando
818 3067 1250 3123 antecedentium
1279 3079 1517 3140 patrum.
1561 3070 1618 3126 Id
1668 3072 1827 3127 etiam
1875 3072 2093 3140 quidam

511 3157 708 3214 nobilis
751 3158 855 3223 vir,
901 3159 1118 3214 nomine
1155 3161 1296 3216 Poso
1331 3163 1748 3230 praetermittere
1777 3163 1970 3228 noluit,
2003 3162 2094 3216 sed

513 3255 737 3316 propter
763 3246 1050 3302 utilitatem
1076 3263 1229 3304 suam
1261 3251 1474 3306 tradere
1519 3252 1722 3306 studuit
1752 3252 1818 3307 ad
1847 3264 2092 3306 sanctum

505 3336 609 3392 Dei
637 3346 932 3409 martyrem
958 3338 1413 3416 Emmerammum
1438 3343 1723 3410 quamdam
1748 3352 1955 3412 partem
1978 3358 2096 3412 pro-

508 3429 758 3496 prietatis
784 3445 918 3496 suae,
948 3431 1091 3500 quod
1121 3440 1175 3487 et
1203 3433 1537 3503 perﬁciebat.
1570 3433 1683 3489 lloc
1706 3443 1811 3498 est,
1836 3435 1901 3489 ad
1925 3434 2094 3505 Perga

502 3525 560 3588 et
601 3518 870 3590 llasalpah
916 3519 1062 3576 inter
1105 3536 1264 3593 agros
1306 3523 1482 3578 cultos
1525 3535 1579 3578 et
1623 3524 1874 3588 incultos,
1913 3535 2095 3594 prato-

511 3625 740 3681 rumque
787 3613 1048 3668 terminos
1085 3613 1274 3685 jugera
1315 3630 1480 3669 cxvm
1533 3617 1585 3670 in
1634 3631 1846 3670 manum
1880 3632 2092 3686 quoque

511 3703 837 3759 venerabilis
865 3703 958 3759 Dei
987 3705 1211 3762 cultoris
1236 3707 1620 3764 Ambrichonis
1648 3723 1732 3777 ep.
1764 3716 1823 3762 et
1848 3709 2090 3762 advocati

505 3791 626 3862 ejus
655 3795 943 3850 Adalhuni.
978 3797 1020 3851 E
1055 3808 1242 3852 contra
1268 3814 1396 3854 vero
1426 3798 1564 3853 idem
1593 3794 1916 3854 venerabilis
1961 3815 2092 3869 pra}-

509 3884 592 3939 sul
633 3899 869 3954 suusque
898 3885 1188 3942 advocatus
1213 3889 1280 3942 de
1322 3889 1482 3943 rebus
1512 3887 1569 3942 S.
1601 3889 1983 3944 Emmerammi
2025 3890 2090 3944 ad

507 3973 790 4046 Hedinpah
829 3984 883 4031 et
913 3976 1252 4047 Tecchinpah
1283 3979 1622 4033 tradiderunt
1659 3978 1882 4048 prmlato
1927 3981 2088 4036 nobili

507 4064 767 4134 aequalem
809 4074 1021 4136 partem
1068 4081 1321 4138 agrorum
1367 4076 1529 4138 atque
1573 4079 1870 4139 pratorum.
1921 4071 1986 4126 Et
2032 4083 2090 4126 ut

506 4155 720 4213 ﬁrmius
744 4155 806 4211 in
822 4155 1004 4212 fumro
1027 4165 1342 4226 permaneat
1366 4167 1649 4213 traxerunt
1674 4169 1838 4216 testes
1859 4176 2087 4230 quorum

508 4244 730 4300 nomina
759 4253 926 4300 sunt:
957 4244 1100 4316 Ogo,
1130 4245 1319 4312 Adoll‘,
1351 4244 1662 4317 Sindperht,
1695 4247 1869 4314 Tevit,
1906 4247 2086 4304 Grim—

505 4339 686 4407 periit,
733 4340 1046 4406 Emhrieho,
1076 4341 1373 4411 Engilmar,
1403 4340 1661 4408 Otachar,
1696 4343 1915 4410 Rihker,
1962 4342 2084 4397 Hel-

506 4427 637 4496 frih,
670 4429 880 4494 Albrih,
905 4429 1156 4497 Gammo,
1183 4432 1373 4498 Petito,
1401 4432 1588 4498 Unlaz,
1620 4433 1925 4498 Cotahelm,
1959 4433 2086 4487 item

502 4521 814 4578 Embricho.

521 4655 668 4713 -CAP.
698 4654 963 4712 XXXVII.
997 4689 1067 4699 -—-
1101 4657 1453 4715 Commutatio
1487 4661 1624 4714 inter
1650 4659 2049 4715 Americltonem

915 4729 1212 4798 episcopum
1251 4740 1298 4783 et
1330 4728 1665 4784 Hahardum.

574 4835 966 4893 Nonnullorum
1013 4850 1303 4910 cognoscat
1343 4841 1601 4897 industria
1646 4843 1913 4908 ﬁdelium,
1953 4861 2089 4915 quo-

502 4945 844 5001 rumcunque
861 4931 1253 5002 auribushujus
1266 4933 1524 4989 chartulae
1541 4935 2084 5006 injungatureﬁ‘ectio,

503 5037 666 5092 quam
717 5024 920 5079 utiliter
961 5037 1027 5079 ac
1072 5025 1301 5099 honeste
1328 5028 1702 5084 commutatio
1749 5029 2084 5099 subsequens

499 5111 873 5179 perﬁceretur.
902 5112 1132 5169 Karolus
1170 5097 1335 5185 igitur
1365 5117 1661 5186 imperator
1691 5097 1964 5174 licentiam
1990 5121 2084 5175 do-

502 5198 656 5254 navit
696 5199 909 5255 cuidam
959 5203 1149 5268 nobili,
1201 5203 1454 5262 Hahardo
1500 5207 1748 5273 nomine,
1794 5211 2082 5278 quamdam

506 5289 982 5344 commutationem
1011 5291 1256 5348 beneﬁcii
1291 5296 1373 5350 sui
1400 5311 1582 5366 agere,
1624 5299 1926 5366 missosque
1960 5316 2072 5370 pru-

505 5373 698 5428 dentes
737 5373 939 5430 direxit
979 5391 1099 5432 eam
1131 5375 1283 5436 valde
1322 5395 1479 5439 caute
1506 5384 1786 5453 perﬁcere,
1816 5386 2084 5443 Willihel-

506 5473 655 5514 mum
682 5460 934 5516 videlicet
955 5472 1117 5533 atque
1148 5465 1492 5549 Sindbertum
1513 5512 1528 5538 ,
1567 5489 1775 5529 necnon
1815 5484 1867 5529 et
1909 5476 2087 5532 Barla-

510 5563 744 5602 marum-
772 5551 924 5604 Tunc
953 5553 1151 5610 unione
1177 5560 1429 5616 nmfatus
1455 5564 1653 5614 nobilis
1681 5568 1902 5618 manu;
1928 5569 1992 5616 ad
2026 5569 2080 5614 ς,

2217 673 2298 719 tra
2323 678 2451 719 vero
2471 663 2667 733 praesul
2691 662 3029 720 venerandus
3051 670 3105 716 et
3126 661 3361 716 vicarius
3381 675 3516 714 suos
3535 658 3770 719 dederunt

2215 845 2340 900 bilis
2363 844 2551 915 jugera
2579 862 2684 900 LXX
2708 855 2764 901 et
2791 846 2938 900 silvm
2967 862 3034 900 ut
3062 846 3114 898 in
3146 844 3262 901 loco
3287 843 3382 914 qui
3409 843 3608 898 dicitur
3627 841 3774 896 [liliu-

2211 939 2406 1004 chova,
2429 937 2584 1008 juxta
2614 937 2817 992 lsuram
2845 937 3086 998 ﬂuvium.
3116 936 3183 990 Et
3212 945 3268 989 ut
3299 937 3415 989 hinc
3445 933 3775 988 comunttatio

2213 1027 2370 1082 ﬁrma
2416 1043 2480 1082 ac
2540 1013 2853 1083 inconvulsa
2903 1028 3178 1090 habeatur,
3218 1027 3426 1095 placuit
3478 1025 3614 1078 duas
3641 1025 3774 1077 char.

2171 1129 2176 1132 '
2213 1118 2350 1174 tulas
2393 1119 2516 1189 pari
2561 1108 2764 1174 tenore.
2803 1119 3146 1189 conscriptas
3191 1119 3450 1188 utrinque
3497 1116 3773 1171 continere.
3826 1173 3832 1184 π

2329 1251 2456 1307 Car.
2502 1250 2788 1306 XXXVIII.
2829 1283 2902 1292 —
2943 1250 2986 1304 Τ
2990 1251 3183 1305 reditio
3230 1249 3557 1321 Hiltigurdw
3602 1250 3669 1300 ad

2829 1321 3162 1392 Mcncinpalt.

2281 1439 2499 1498 Noverit
2519 1440 2870 1510 plurimorum
2884 1439 3154 1509 capacitas
3169 1437 3404 1493 ﬁdelium
3422 1451 3524 1507 per
3542 1437 3779 1492 chartula:

2209 1529 2366 1598 hujus
2409 1531 2656 1587 notitiam
2683 1529 2916 1601 qualiter
2943 1528 3195 1600 Hiltigart
3241 1529 3430 1584 divino
3470 1540 3778 1597 componet;

2209 1624 2466 1680 instinctu
2510 1634 2612 1694 pro
2651 1639 2710 1680 sc
2749 1638 3080 1692 suorumque
3109 1630 3394 1691 parentum
3432 1619 3670 1674 remedio
3705 1635 3780 1672 res

2205 1731 2336 1772 suas
2361 1715 2624 1770 tradendo
2649 1725 2865 1786 operata
2902 1725 3004 1770 est.
3032 1713 3217 1768 Talem
3263 1713 3449 1781 itaque
3496 1711 3776 1780 proprieta-

2208 1816 2312 1861 tem
2343 1806 2556 1877 qualem
2597 1807 2794 1861 habuit-
2821 1807 2888 1860 ad
2935 1804 3276 1874 ldenzinpah,
3303 1803 3499 1858 eadem
3547 1800 3781 1871 lliltigart

2209 1900 2434 1956 tradidit
2468 1900 2536 1954 ad
2575 1899 2633 1955 S.
2661 1900 3117 1955 Emmerammmn
3151 1898 3204 1952 in
3233 1913 3452 1952 n'tanum
3482 1895 3779 1949 Ambricho-

2203 1991 2288 2046 nis
2317 2005 2439 2046 ven.
2467 2005 2552 2059 ep.
2581 1988 2805 2059 ejusque
2833 1990 3095 2054 advocati,
3131 1988 3350 2042 nomine
3391 1986 3648 2052 I-lelfrici,
3691 1987 3776 2040 hoc

2202 2090 2316 2147 est,
2369 2079 2703 2134 territorium
2745 2078 2948 2134 arabile
2976 2086 3034 2132 et
3060 2077 3352 2141 inarahile,
3381 2085 3773 2146 prata,_aquas,

2203 2185 2532 2240 aquarumve
2556 2169 2836 2232 decursus,
2869 2167 3153 2223 terminum
3180 2167 3350 2231 silvae,
3378 2180 3593 2220 necnon
3617 2163 3774 2218 omnia

2201 2280 2322 2334 quae
2353 2262 2549 2318 ibidem
2581 2260 2790 2327 habuit,
2823 2261 2888 2317 ad
2932 2260 3249 2331 praedictum
3295 2265 3550 2314 sanctum
3576 2264 3774 2311 contra-

2202 2353 2354 2419 didit,
2403 2351 2536 2407 nihil
2582 2351 2781 2422 quippe
2830 2348 3276 2420 praetermittens,
3321 2347 3429 2402 nisi
3481 2355 3688 2400 tantum
3727 2345 3772 2398 in

2204 2445 2435 2502 termino
2484 2442 2725 2512 ejusdem
2776 2442 2924 2498 silvae
2974 2441 3103 2512 ligni
3149 2440 3472 2496 incisionem
3519 2439 3586 2492 ad
3623 2453 3774 2491 unum

2202 2551 2441 2590 carrum.
2492 2534 2604 2589 Hoc
2647 2543 2826 2590 autem
2875 2532 3235 2588 testiﬁcantur
3284 2529 3607 2591 Berebtcoz,
3650 2528 3771 2598 039.

2201 2626 2334 2690 Avo,
2387 2626 2606 2695 Strupo,
2665 2624 2970 2688 liotlmunt,
3021 2621 3344 2690 Liutperht,
3390 2619 3772 2687 Erchanpeiht,

2202 2715 2379 2785 ltupo,
2406 2715 2550 2778 Avo,
2582 2713 2864 2784 lliltipcro,
2892 2711 3204 2775 Ambricho,
3238 2709 3545 2780 Adalpold,
3574 2708 3772 2770 Ἤλιδι,

2200 2807 2449 2871 Gammo,
2482 2805 2767 2874 Eparharl.

2203 2941 2330 2996 Car.
2368 2937 2612 2993 XXXIX.
2637 2969 2707 2978 —
2733 2936 2970 3060 Tradﬁio
2997 2934 3290 3018 Engilberti
3312 2944 3476 3006 atque
3504 2933 3774 3004 ϐαπτιμηὶ

2921 3024 3114 3060 ιιιεοηιι

2921 3024 3114 3061 ιαεοηιι

2274 3116 2732 3175 Commemoratio
2763 3115 3068 3170 traditionis
3095 3113 3392 3186 Engilperti
3425 3124 3595 3185 atque
3614 3115 3774 3170 Cund-

2123 3218 2168 3278 C
2202 3213 2336 3281 perti
2359 3211 2568 3266 diaconi
2598 3224 2662 3265 ac
2689 3209 2899 3279 nepotis
2920 3208 3022 3262 sui.
3049 3206 3291 3262 Tradidit
3320 3208 3489 3278 igitur
3514 3208 3770 3277 Engilper-

2202 3315 2289 3359 tus
2318 3312 2479 3372 atque
2509 3301 2848 3372 Cundpertns
2879 3314 3044 3368 nepos
3067 3299 3191 3368 ejus
3211 3300 3264 3353 in
3296 3316 3436 3369 pago
3477 3299 3773 3368 notat-gms

2198 3398 2251 3451 in
2281 3397 2404 3452 villa
2437 3404 2741 3466 nuncupata
2776 3393 3024 3450 Skefowa
3054 3397 3122 3450 ad
3154 3395 3552 3448 monasterium
3586 3391 3773 3444 Maniu-

2197 3505 2289 3545 seo
2332 3489 2400 3544 ad
2449 3496 2694 3544 sanctum
2739 3487 2832 3541 Dei
2866 3487 3255 3558 archangelum
3288 3486 3613 3542 Bliehaelem
3640 3483 3773 3554 quid-

2199 3582 2324 3649 quid
2353 3578 2546 3635 ibidem
2571 3581 2623 3634 in
2653 3579 2741 3635 illa
2764 3580 2886 3634 villa
2916 3581 3116 3635 habere
3142 3579 3288 3633 visus
3314 3587 3426 3640 est,
3460 3591 3647 3630 casam
3671 3589 3770 3630 cum

2198 3678 2380 3732 eurte,
2413 3669 3028 3738 reliquisquetediﬁciis,
3065 3669 3258 3734 terris,
3297 3669 3496 3738 pratis,
3528 3667 3770 3736 pomerio,

2196 3761 2436 3825 vivariis,
2463 3761 2697 3832 pascuis,
2725 3761 2897 3827 silvis,
2926 3761 3192 3829 mancipia
3215 3777 3267 3815 vi
3299 3775 3540 3829 quorum
3573 3758 3770 3812 nomina

2195 3852 2310 3904 lucc
2339 3859 2466 3905 sunt
2494 3869 2506 3903 :
2542 3849 2777 3916 liodlter,
2806 3849 3062 3915 Lantker,
3094 3849 3378 3904 Paldmunt
3405 3889 3420 3912 ,
3455 3849 3770 3924 [legirupam

2196 3941 2460 4006 ltihdrud,
2489 3941 2707 4010 Riltger.
2737 3940 2927 3996 Omnia
2972 3941 3086 3994 lucc
3121 3938 3436 4009 supradicta
3478 3953 3547 3990 ex
3582 3939 3770 4005 hategm

2195 4031 2350 4087 ﬁrma
2397 4033 2605 4088 ratione
2653 4033 2800 4087 nullo
2829 4032 3231 4088 contradicente
3258 4029 3559 4100 supradicti
3605 4028 3766 4097 Engil-

2192 4133 2376 4194 pertus
2423 4123 2629 4179 scilicet
2680 4133 2843 4194 atque
2887 4123 3225 4193 Cundpertns
3272 4122 3650 4184 tradiderunt;
3693 4118 3769 4173 illo

2195 4225 2372 4268 tamen
2407 4224 2609 4279 tenore,
2643 4224 2700 4268 ut
2743 4215 2857 4270 hoc
2892 4213 3208 4269 beneﬁcium
3254 4213 3308 4267 in
3339 4213 3465 4266 villa
3509 4211 3766 4266 nominata

2192 4305 2433 4374 Ezinpah
2483 4314 2538 4360 et
2582 4306 2744 4358 etiam
2795 4305 2965 4374 ipsam
3015 4304 3380 4374 supradictam
3433 4304 3766 4358 traditionem

2193 4395 2449 4464 Skefowa,
2478 4395 2716 4462 quandiu
2769 4395 2929 4450 ambo
2954 4394 3231 4459 vixissent,
3261 4393 3486 4463 proprio
3508 4392 3634 4460 jure
3660 4407 3766 4463 pos-

2193 4489 2449 4544 siderent.
2497 4487 2588 4541 Isti
2634 4496 2763 4542 sunt
2810 4495 2972 4542 testes
3009 4502 3105 4556 per
3135 4500 3295 4540 aures
3340 4486 3550 4539 tracti:
3595 4482 3768 4538 [ieroit

2119 4557 2168 4615 Ῐ)
2195 4560 2398 4642 comes,
2442 4579 2630 4634 lierolt
2679 4578 2818 4634 ﬁlius
2858 4577 2997 4646 ejus,
3050 4577 3239 4631 Ratolf
3273 4577 3533 4641 vicarius,
3587 4576 3766 4630 Antrih

2197 4669 2450 4731 vicarius,
2477 4667 2696 4733 Pazrih,’
2718 4667 3052 4738 Cundperht,
3081 4668 3207 4723 item
3227 4667 3446 4730 Antrih,
3477 4666 3765 4735 lsanperht.

2198 4760 2524 4831 Meginpold,
2549 4760 2812 4825 Gerhart,
2845 4759 3028 4825 Hotto,
3071 4758 3306 4823 Kerltoh,
3352 4758 3476 4817 Ato,
3509 4756 3765 4814 Adalhoh,

2196 4839 2542 4912 Erchanl‘rid,
2591 4848 2911 4919 Lanlperht,
2953 4847 3152 4910 Ratolt,
3192 4846 3361 4911 Saxo,
3388 4845 3613 4908 Wlfrib,
3642 4847 3764 4900 Avo.

2199 4939 2437 5006 Samuel,
2485 4939 2733 5004 Nothart,
2775 4939 3076 5004 Cundhart,
3107 4937 3352 5001 Wirunt,
3384 4937 3644 4998 Otacbar,
3673 4934 3765 4988 Be-

2197 5030 2485 5100 ginperht,
2529 5030 2767 5098 Isangcr,
2820 5030 3154 5098 Cuniperht,
3211 5028 3390 5094 Bato,
3447 5025 3761 5098 Engilscalh.

2193 5121 2378 5188 Other,
2409 5121 2616 5187 Cozolt,
2646 5120 2892 5191 Otperht,
2925 5120 3249 5183 Gisalmunt,
3280 5118 3576 5182 Mabtheri,
3601 5112 3763 5172 Cund-

2194 5213 2316 5282 pold
2342 5222 2396 5267 et
2420 5213 2623 5268 cancri.
2650 5213 3024 5283 Fidejussores
3049 5211 3263 5276 Pazrih,
3292 5219 3350 5265 et
3371 5208 3684 5278 Cundperbt
3701 5220 3759 5258 ex

2197 5313 2426 5373 utraque
2455 5311 2626 5374 parte.
2670 5301 3059 5358 Erchanfridus
3086 5304 3371 5372 episcopus
3399 5311 3456 5356 et
3485 5301 3758 5354 advocatus

2195 5395 2311 5464 ejus
2354 5394 2694 5462 Cundpertns
2736 5401 3063 5462 acceperunt
3117 5393 3261 5446 illam
3310 5393 3678 5454 traditionem,
3713 5399 3759 5442 et

2192 5492 2576 5538 concesserunt
2603 5482 2966 5552 supradictum
3009 5482 3332 5538 beneﬁcium
3361 5483 3631 5552 pnedictis
3655 5482 3757 5533 dia-

2192 5573 2418 5624 eonibus
2464 5573 2772 5624 Enuilherto
2814 5580 2974 5628 atque
3017 5574 3327 5630 Cltmlbcrto
3357 5591 3480 5630 cum
3510 5587 3757 5629 consensu
