3930 5568
112 333 205 389 921

998 343 1455 403 TRADITIONES
1496 344 2120 407 EMMEBAMMENSES
2156 379 2225 390 —
2262 348 2392 406 LIB.
2434 348 2474 404 1.

112 446 238 503 ω.
282 447 399 505 XL.
421 481 491 491 -
512 451 1032 544 Commutatiojnter
1060 458 1458 523 Ambrichonem
1502 459 1707 543 episco-_
1805 457 1932 517 Car.
1963 459 2138 518 XLIII.
2160 491 2231 502 —-—
2251 462 2603 544 Commutatio
2620 467 2753 522 inter
2775 468 3173 526 Ambricltoucm
3191 474 3392 544 episce-

607 538 735 595 ραι
764 536 812 581 et
850 525 1238 583 Hammonem.

173 650 479 712 Fructuose
502 655 659 714 valde
703 666 761 713 et
796 657 1024 714 honesta
1050 660 1383 716 consuetudo
1406 659 1534 715 olim
1564 658 1704 714 inter

114 746 354 803 homines
390 748 686 806 inoleverat
734 751 1104 807 commutandi
1147 750 1400 807 videlicet
1441 749 1702 821 quasdam

110 850 195 891 res
241 852 349 908 pro
390 838 672 896 ambarum
710 841 942 896 utilitate
980 842 1237 912 partium.
1288 841 1362 897 Ea
1402 842 1568 913 igitur
1610 857 1700 895 ra-

102 926 250 986 tione
278 932 503 988 tradidit
529 932 781 990 Morenzo
821 951 944 991 cum
967 920 1187 992 licentia
1215 935 1540 992 venerabilis
1582 935 1699 1005 epi-

108 1020 252 1089 scopi
305 1021 692 1082 Ambricbonis
744 1023 814 1081 de
874 1026 1037 1082 rebus
1095 1025 1153 1081 8.
1204 1026 1588 1081 Emmerammi
1631 1026 1700 1081 ad

108 1108 491 1185 Otmuntingon
535 1115 727 1188 jugera
782 1132 857 1171 vn
904 1116 1117 1172 cuidam
1172 1116 1289 1172 viro
1339 1112 1502 1172 nobili
1546 1114 1700 1171 Wol-

108 1199 335 1271 frammo
368 1203 422 1259 in
455 1206 861 1277 proprietatem.
922 1206 964 1261 E
1007 1216 1196 1263 contra
1242 1222 1374 1263 vero
1410 1206 1698 1277 przedictus

107 1292 493 1353 Wotframmus
524 1299 743 1354 tradidit
765 1300 831 1354 ad
862 1301 921 1356 8.
949 1300 1410 1356 Emmerammum
1437 1300 1505 1355 de
1533 1300 1697 1356 rebus

103 1390 449 1460 proprietatis
468 1408 581 1450 sua:
602 1395 791 1466 jugera
819 1412 891 1453 vn
926 1397 995 1452 ad
1026 1394 1473 1453 Scussincbofun.
1527 1394 1595 1450 Et
1635 1402 1696 1451 ut

102 1480 211 1537 lucc
238 1484 595 1541 commutatio
624 1486 831 1544 firmior
872 1496 1018 1545 esset
1053 1496 1110 1545 et
1152 1504 1184 1544 a
1225 1486 1456 1558 posteris
1503 1485 1697 1541 melius

99 1570 434 1639 crederetur,
448 1573 795 1644 placuitduas
808 1579 1028 1633 chartas
1039 1592 1145 1633 uno
1160 1586 1345 1633 tenore
1364 1576 1490 1632 inde
1504 1574 1692 1631 haberi

99 1661 454 1732 conscriptas,
496 1680 656 1721 unam
703 1666 771 1722 ad
819 1677 1064 1724 sanctum
1111 1667 1229 1733 Dei,
1274 1676 1330 1724 et
1373 1666 1532 1723 aliam
1578 1666 1693 1722 viro

97 1750 372 1819 praedicto.

98 1883 222 1944 CAP.
255 1886 389 1946 XLI.
409 1889 853 1949 —Contmutatio
872 1895 1018 1964 inter
1051 1893 1450 1951 Ambricltonent
1495 1894 1694 1964 episco-

604 1979 730 2033 pum
770 1974 820 2018 et
861 1962 1183 2020 Ekkiricum.

164 2095 311 2153 Usus
341 2098 456 2167 jam
488 2084 635 2153 rolim
678 2098 820 2170 apud
862 2108 1072 2155 veteres
1114 2097 1340 2154 nimium
1385 2099 1694 2154 fructuosus

93 2185 296 2255 pollere
322 2177 490 2257 coepit
513 2189 882 2244 commutandi
907 2189 1157 2246 videlicet
1184 2189 1444 2260 quasdam
1482 2204 1567 2246 res
1596 2203 1695 2258 pro

94 2279 376 2335 ambarum
434 2280 666 2336 utilitate
716 2282 948 2352 partium
1010 2283 1403 2354 possessiones.
1461 2281 1696 2337 Proinde

92 2384 309 2440 quoque
368 2371 643 2427 modernis
693 2372 1024 2443 temporibus
1065 2372 1169 2428 hoc
1215 2373 1429 2429 inantea
1478 2371 1594 2428 tleri
1638 2371 1691 2426 in

92 2459 478 2517 ecclesiasticis
505 2461 944 2531 frequentissime
977 2460 1321 2517 facultatibus
1359 2476 1545 2532 regum
1567 2474 1693 2515 sano

91 2547 167 2602 xit
197 2550 518 2615 auctoritas,
551 2549 712 2620 idque
732 2564 903 2620 usque
935 2549 1003 2605 ad
1034 2550 1272 2620 quinque
1301 2550 1561 2604 hobarum
1596 2565 1694 2604 nu—

94 2652 302 2692 merum
331 2649 586 2694 constare
612 2639 878 2708 permisit.
919 2639 998 2694 Ex
1041 2640 1145 2695 hac
1184 2640 1349 2711 igitur
1392 2639 1692 2695 imitatione

91 2726 311 2795 quidam
350 2726 548 2784 nobilis
593 2727 874 2784 Ekltiricus
920 2728 1141 2784 nomine
1181 2728 1430 2785 inductus
1474 2729 1695 2785 tradidit

92 2818 158 2873 ad
186 2827 441 2875 sanctum
479 2819 575 2875 Dei
609 2830 905 2892 martyrem
948 2820 1406 2877 Emmerammum
1444 2822 1690 2892 proprie-

93 2908 262 2968 tatem
305 2928 481 2981 suam,
528 2929 691 2985 quam
738 2914 926 2971 habuit
962 2914 1030 2970 ad
1059 2912 1340 2979 Homeres,
1382 2913 1434 2968 in
1476 2928 1690 2968 manum

90 3002 477 3058 Ambriehonis
507 3018 630 3059 ven.
663 3020 747 3074 ep.
781 3014 836 3061 et
868 3004 1111 3061 advocati
1142 3005 1258 3075 ejus
1280 3002 1602 3075 Reginhohi,
1640 3004 1693 3058 id

89 3102 193 3157 est,
226 3107 408 3149 casam
454 3088 580 3149 cum
623 3103 795 3158 curte,
851 3104 1010 3151 term
1049 3095 1270 3150 arabilis
1309 3093 1500 3165 jugera
1544 3110 1690 3157 xui,

2338 553 2462 608 pum
2488 547 2536 591 et
2561 538 2857 593 Otmarum.

1874 644 2096 703 Multum
2120 663 2351 721 namque
2382 650 2528 707 utilis
2562 659 2618 706 et
2657 652 2881 708 nimium
2927 656 3208 713 commoda
3254 671 3388 713 con-

1802 738 2029 795 suetudo
2048 738 2163 811 jam
2189 740 2318 795 olim
2351 742 2494 798 inter
2524 742 2769 798 homines
2807 743 3098 802 inoleverat
3125 748 3282 816 quod.
3301 763 3390 804 nes

1803 844 1931 886 suas
1964 828 2106 884 inter
2140 844 2201 886 se
2227 845 2326 900 pro
2354 832 2495 901 aptis
2528 832 2727 888 ﬁnibus
2768 820 3007 889 locorum
3050 845 3389 893 commutare

1801 928 2104 991 casperunt.
2165 919 2272 975 Pro
2324 920 2511 977 eadem
2557 923 2787 977 utilitate
2828 923 3108 978 ambarum
3153 925 3394 996 partium

1801 1009 2051 1063 convenit
2071 1009 2214 1064 inter
2243 1023 2425 1066 vener.
2460 1024 2547 1081 ep.
2581 1010 3000 1070 Ambrichonem
3023 1024 3079 1069 et
3098 1018 3389 1084 quemdam

1801 1099 1976 1154 virum
2027 1099 2304 1166 nobilem,
2359 1098 2642 1158 Otmarum
2701 1105 2922 1160 nomine
2960 1146 2977 1170 ,
3043 1115 3102 1160 ut
3152 1107 3386 1176 aliquam

1802 1204 1978 1245 rerum
2032 1206 2251 1246 suarum
2309 1190 2451 1248 inter
2501 1206 2562 1248 se
2599 1194 3074 1251 commutationem
3122 1198 3385 1263 facerent,

1797 1281 1940 1350 quod
1974 1289 2030 1337 et
2057 1280 2131 1336 ita
2162 1280 2426 1337 fecerunt.
2467 1280 2714 1339 Tradidit
2747 1284 2912 1356 igitur
2953 1287 3242 1356 przedictus
3285 1287 3384 1343 0t-

1798 1386 1917 1427 mar
1936 1371 2005 1427 ad
2034 1371 2093 1428 S.
2125 1372 2581 1428 Emmerammum
2615 1375 2681 1430 de
2715 1376 2880 1432 rebus
2899 1377 3257 1448 proprietatis
3274 1391 3393 1433 sua

1797 1477 1982 1519 aream
2017 1478 2200 1529 unam,
2231 1472 2287 1518 et
2324 1464 2389 1521 de
2429 1471 2572 1519 terra
2607 1465 2797 1520 arabili
2836 1466 3024 1537 jugera
3072 1482 3129 1523 Ix
3173 1466 3229 1521 in
3266 1464 3387 1522 loco

1798 1563 2105 1624 nuncupato
2126 1552 2274 1624 lpah.
2293 1553 2357 1608 Et
2369 1570 2401 1610 e
2421 1564 2606 1610 contra
2622 1555 2768 1611 dedit
2781 1556 3114 1613 venerandus
3129 1556 3387 1627 praefatus

1794 1642 2076 1714 episcopus
2111 1644 2178 1699 de
2210 1644 2369 1700 rebus
2410 1643 2470 1700 8.
2513 1645 2893 1701 Emmerammi
2940 1647 2997 1702 in
3034 1646 3221 1702 eodem
3265 1647 3387 1703 loco

1796 1736 1924 1807 lpah
1950 1737 2004 1791 in
2033 1737 2413 1807 proprietatem
2447 1739 2747 1794 habendam
2776 1740 2875 1811 ipsi
2901 1740 3127 1797 Otmaro
3150 1742 3217 1798 de
3240 1751 3386 1798 terra

1728 1821 1774 1881 Β
1802 1825 1993 1882 arabili
2014 1825 2205 1898 jugera
2233 1844 2286 1881 χ.
2330 1827 2421 1883 Isti
2452 1837 2579 1883 sunt
2618 1837 2781 1885 testes
2824 1830 3105 1901 utriusque
3142 1831 3386 1887 traditio-

1794 1921 1879 1977 nis
1903 1937 1916 1975 :
1940 1919 2071 1989 Ogo,
2094 1919 2361 1987 Pirihtilo,
2386 1921 2601 1987 Walah,
2625 1921 2901 1993 Terpiton,
2925 1922 3113 1989 Iacob,
3145 1923 3385 1979 Bachan-

1792 2008 1923 2076 frid,
1967 2008 2285 2076 Willibelm,
2334 2010 2630 2080 Willipold,
2688 2011 2871 2078 Pario,
2913 2011 3089 2078 Meiol,
3134 2010 3384 2077 Eltkirilt,

1793 2099 2047 2172 Adalger,
2064 2098 2235 2166 Ludo,
2258 2099 2451 2174 Wago,
2473 2100 2743 2175 lsanpero,
2768 2101 3064 2175 Reginbart
3106 2101 3382 2158 Amallter.

1792 2191 1949 2247 Anno
1976 2190 2186 2246 Domini
2213 2188 2338 2265 865.
3336 2211 3345 2215 τ

1983 2305 2113 2361 CAP.
2139 2302 2324 2359 XLIV.
2346 2334 2418 2347 -—
2443 2304 2678 2360 Tradilio
2709 2303 2911 2361 Otberti
2935 2304 3192 2360 Castaldi.

1864 2417 2033 2472 Breve
2055 2416 2621 2473 commemoratorium
2642 2416 2709 2472 de
2737 2416 2896 2472 rebus
2913 2415 3119 2472 Otberti
3147 2413 3384 2470 Castaldi

1793 2507 1859 2560 de
1885 2505 2276 2577 Longobardia,
2314 2519 2451 2574 quas
2490 2504 2637 2559 dedit
2679 2504 2746 2559 ad
2793 2503 2853 2559 8.
2903 2504 3383 2567 Ειιιηιεηιιηιηυιη,

1792 2613 1912 2667 quae
1966 2606 2093 2652 sunt
2137 2597 2192 2651 in
2232 2595 2536 2651 Statuaras.
2590 2593 2843 2664 Inprimis
2881 2607 3037 2647 casas
3080 2591 3217 2646 duas
3257 2606 3383 2646 cum

1793 2688 2015 2744 introitu
2057 2703 2156 2743 suo
2192 2695 2249 2742 et
2286 2688 2535 2751 hortum,
2574 2683 2744 2739 olivas
2782 2697 2816 2736 χ
2841 2722 2857 2748 ,
2896 2682 2965 2738 de
3005 2689 3162 2752 prato
3200 2688 3385 2750 partes

1796 2790 1935 2843 tres,
1965 2781 2132 2835 vincte
2157 2778 2395 2850 perticas
2421 2777 2557 2832 duas
2577 2816 2591 2840 ,
2617 2775 2685 2833 de
2711 2783 2852 2830 terra
2878 2774 3112 2829 aratoria
3148 2772 3386 2843 perticas

1795 2889 1866 2928 vt.
1923 2873 1990 2927 Et
2033 2873 2100 2927 de
2139 2871 2270 2941 ipsis
2313 2868 2474 2924 rebus
2519 2866 2622 2921 fuit
2669 2865 2954 2920 investitus
2997 2863 3052 2920 in
3094 2863 3384 2934 pneseutia

1793 2961 2100 3032 Plagiverti,
2153 2979 2207 3020 et
2260 2957 2538 3023 ttatberti,
2576 2965 2632 3011 et
2676 2954 2916 3011 Batruini
2963 2952 3284 3017 de'Banilo,
3329 2960 3386 3007 et

1791 3055 2083 3119 Gunduini,
2134 3065 2190 3110 et
2225 3052 2470 3109 Gumarii
2519 3052 2587 3106 de
2624 3051 2740 3120 ipso
2768 3050 2910 3117 loco,
2939 3057 2997 3105 et
3019 3048 3111 3103 alii
3138 3048 3385 3104 homines

90 3138 1690 3255 ἷτςμςξυᾞ“’ξένι’“”έίῇὧ“ξξῶοέξις’’,η’ὁῖέιλς
1721 3166 1765 3226 α
1796 3147 2013 3203 fuerunt
2044 3145 2115 3200 ibi
2152 3144 2221 3200 de
2264 3142 2551 3209 Romania,
2584 3141 2851 3202 Florinus.
2893 3147 2947 3196 et
2995 3138 3282 3202 Manutfus,
3326 3147 3386 3193 et

858 3225 872 3251 ³
1433 3226 1447 3252 ³
1802 3237 1841 3255 ιτ
1879 3237 2042 3255 ουλε---
2124 3244 2167 3255 ,ι
2209 3235 2350 3255 2‘---
2381 3246 2466 3255 μ--
2492 3246 2587 3255 μ..-
2619 3231 2791 3255 ---ἔμηι
2827 3230 3034 3255 Ιὶιιιιιμιξ
3063 3228 3298 3255 ι’...ειιιΙΔζ
3328 3228 3381 3255 ξ..

90 3288 282 3338 unam,
312 3288 507 3344 aquas,
537 3289 908 3345 aquarumque
927 3276 1209 3341 decursus,
1239 3290 1346 3330 una
1364 3286 1485 3331 cum
1513 3276 1690 3331 omni-

87 3357 195 3416 bus
220 3360 290 3416 ad
307 3361 562 3418 eumdem
576 3361 755 3417 locum
769 3352 1150 3418 accedentibus
1159 3363 1227 3419 ad
1240 3363 1553 3433 przedictum
1569 3376 1693 3419 san-

84 3457 246 3504 etum
260 3450 590 3506 contradidit
609 3460 771 3522 atque
793 3452 1100 3508 transfudit.
1149 3453 1192 3508 E
1210 3462 1398 3510 contra
1416 3468 1548 3510 vero
1567 3460 1694 3509 ante

88 3540 406 3597 nominatus
473 3543 771 3598 advocatus
826 3557 950 3598 cum
997 3543 1233 3614 episcopi
1270 3558 1538 3601 consensu
1576 3533 1690 3600 tra-

84 3629 232 3685 didit
261 3628 516 3688 Ekkirico
541 3632 608 3687 de
642 3631 805 3688 rebus
834 3631 891 3687 S.
916 3631 1296 3689 Emmerammi
1322 3634 1389 3689 ad
1415 3625 1690 3704 Espilipah

83 3738 276 3780 casam
314 3740 439 3781 cum
480 3735 634 3781 curte
658 3765 676 3791 ,
715 3740 785 3780 ac
832 3720 1056 3781 totidem
1102 3726 1293 3797 jugera
1343 3740 1596 3797 agrorum
1637 3734 1692 3781 et

82 3826 370 3882 pratorum
392 3818 447 3872 in
475 3826 737 3887 perpetuo
762 3818 1069 3873 habendum
1106 3818 1264 3875 simul
1294 3832 1416 3873 cum
1441 3818 1692 3875 omnibus

80 3907 218 3962 illuc
268 3906 683 3975 pertinentibus.
739 3905 880 3962 Sunt
928 3907 1144 3978 quidem
1184 3915 1349 3963 testes
1392 3921 1491 3978 per
1532 3920 1692 3963 aures

81 3995 253 4051 tracti
285 3996 531 4067 ejusdem
584 3996 971 4053 vieissitudinis
1015 3996 1148 4069 Ogo,
1199 3997 1515 4065 Willihelm,
1564 3997 1688 4066 Oto,

79 4083 328 4151 llelfrih,
356 4085 675 4158 Adalperht,
696 4084 993 4158 Sigiperht,
1018 4087 1292 4160 Helinger,
1315 4088 1563 4156 Gammo,
1587 4090 1687 4146 Er-

74 4176 380 4248 ehanpold,
402 4162 565 4244 Perii,
585 4171 896 4245 Gemmunt,
922 4176 1121 4247 Rafolt,
1136 4173 1453 4237 Nidhart'et
1486 4168 1688 4238 cteteri.

88 4290 99 4296 ’
211 4306 351 4363 Cu.
381 4307 540 4365 XLII.
563 4340 632 4350 —
656 4308 895 4367 Traditio
924 4308 1219 4382 Engilmari
1242 4315 1547 4387 presbyteri.

147 4439 362 4497 Notum
395 4441 468 4497 sit
507 4443 763 4499 omnibus
787 4438 1039 4500 fidelibus
1063 4455 1264 4502 sanctae
1286 4445 1381 4501 Dei
1409 4446 1685 4511 Ecclesiae,

73 4534 451 4605 praesentibus
472 4529 680 4591 scilicet
711 4543 770 4591 et
793 4535 1010 4603 futuris,
1039 4537 1181 4607 quod
1215 4537 1436 4607 quidam
1460 4536 1687 4608 presby-

72 4639 165 4682 ter
189 4667 211 4693 ,
255 4625 483 4682 nomine
518 4625 858 4699 Engilmarus
886 4628 1105 4683 tradidit
1130 4626 1396 4698 mancipia
1429 4642 1500 4683 vn
1530 4629 1597 4683 ad
1621 4629 1680 4685 8.

71 4717 335 4784 Petrum,
359 4731 592 4788 quorum
623 4717 838 4772 nomina
873 4727 1000 4773 sunt
1026 4720 1139 4774 hac
1166 4733 1180 4772 :
1214 4718 1395 4784 Zeiza,
1430 4717 1682 4789 Sigipirc,

72 4809 293 4877 Wolfo,
322 4807 511 4873 Asﬂat,
538 4806 695 4874 Toto,
723 4808 991 4875 Nordlter,
1018 4809 1311 4875 Rodmunt,
1348 4809 1686 4866 etconeilia-

70 4902 157 4957 vit
183 4910 251 4956 ut
276 4899 446 4955 Zeisa
475 4908 723 4970 scoparet
750 4886 959 4955 tantum
988 4900 1274 4956 ecclesiam
1316 4899 1373 4955 8.
1417 4899 1581 4967 Petri,
1632 4912 1688 4960 et

69 4996 152 5051 iiii
186 4994 433 5051 serviret
476 4995 620 5063 quod
664 4993 958 5064 potuisset;
1007 4990 1176 5049 Asﬂat
1226 5002 1404 5048 autem
1462 4997 1691 5054 serviret

70 5085 328 5142 Wolfoni
358 5084 563 5141 clerico
587 5094 641 5141 et
664 5085 820 5141 fratri
863 5100 961 5140 suo
1009 5085 1076 5141 ad
1119 5084 1236 5142 dies
1283 5084 1408 5140 vitae
1454 5101 1587 5158 sum,
1635 5099 1691 5148 ct

64 5186 204 5248 post
251 5177 469 5232 obitum
512 5175 627 5246 ejus
652 5177 720 5233 ad
757 5177 1002 5233 eamdem
1027 5177 1362 5234 traditionem
1386 5192 1686 5245 constaret.

66 5269 239 5328 Hanc
264 5266 616 5325 traditionem
643 5268 860 5338 excepit
881 5268 1133 5327 Salomon
1159 5286 1341 5337 vassus
1361 5271 1690 5350 Ambricho-

62 5360 161 5416 nis
212 5373 341 5413 ven.
395 5372 485 5428 ep.
539 5357 603 5414 Et
639 5361 729 5418 isti
773 5369 897 5415 sunt
945 5369 1106 5417 testes
1136 5378 1235 5431 per
1269 5376 1432 5417 aures
1475 5375 1632 5429 tracti
1669 5386 1683 5425 :

62 5447 442 5507 Durincbart,
494 5443 771 5519 Hiltipcro,
820 5447 1141 5515 Perehteoz,
1189 5453 1423 5518 Pillunc,
1475 5458 1684 5528 Ροιτ-δι,

61 5535 377 5568 πυράς-λιιι.
450 5532 657 5568 tibi-Lm.
741 5539 965 5568 Α...υ...ι.ι
1041 5540 1252 5568 unum.”
1325 5541 1493 5568 vn...“
1557 5553 1659 5568 ι...

1802 3237 2047 3293 Valerius
2068 3277 2084 3302 ,
2117 3244 2173 3290 et
2208 3235 2353 3305 ipsas
2381 3246 2469 3288 res
2492 3246 2590 3302 pro
2617 3231 2796 3286 anima
2826 3230 3036 3287 Otherti
3063 3228 3300 3285 Castaldi
3328 3228 3382 3282 in

1794 3344 1919 3385 casa
1945 3328 2005 3383 S.
2046 3324 2429 3382 Emmerammi
2468 3324 2678 3394 accepit
2721 3320 2968 3393 Liulpold
3012 3321 3292 3392 presbyter
3328 3328 3386 3374 et

1795 3420 1986 3476 lleimo
2018 3418 2191 3474 laicus
2222 3418 2290 3473 de
2325 3414 2734 3488 Ergoltespacb.
3142 3433 3147 3438 ’

1793 3533 1923 3591 Car.
1950 3530 2194 3588 XLV.-—
2210 3528 2445 3585 Traditio
2470 3528 2734 3601 Eia/tardi
2749 3528 3032 3600 presbyteri
3052 3536 3100 3582 et
3126 3526 3384 3617 Erliardi.

1863 3645 1922 3720 in
1952 3643 2169 3701 nomine
2196 3641 2394 3709 Patris,
2425 3650 2480 3698 et
2507 3641 2646 3706 Filii,
2681 3649 2738 3697 et
2770 3641 3004 3712 Spiritus
3044 3641 3241 3697 sancti.
3283 3640 3384 3695 Co-

1792 3736 2012 3809 gitando
2059 3732 2415 3805 cogitavimus
2474 3747 2573 3803 ego
2624 3732 2929 3787 Einhardus
2989 3729 3270 3801 presbyter
3330 3738 3385 3785 et

1791 3826 2073 3885 Erltardus
2105 3826 2175 3881 de
2210 3823 2392 3879 futura
2433 3823 2766 3880 beatitudine
2812 3832 2869 3880 et
2905 3823 3116 3878 illorum
3161 3821 3387 3877 retribu-

1795 3920 1939 3975 tione
1961 3918 2053 3988 qui
2082 3917 2248 3973 vitam
2269 3923 2585 3972 meruerunt
2609 3915 2809 3972 habere
2828 3924 3107 3970 teternam.
3153 3914 3385 3984 ideoque

1786 4008 2114 4078 tradidimus
2159 4005 2404 4077 proprias
2440 4018 2541 4061 res
2590 4014 2807 4061 nostras
2858 4021 2991 4076 quas
3035 4003 3234 4063 habere
3281 4002 3383 4058 visi

1793 4098 2060 4173 sumusuin
2085 4098 2207 4157 vico
2233 4104 2580 4168 nuncupante
2620 4089 3078 4167 Wolfmnntingas
3102 4096 3169 4151 ad
3198 4111 3378 4151 mona-

1793 4194 2018 4252 sterium
2046 4192 2277 4251 Adlwini
2304 4191 2542 4263 episcopi
2572 4190 2717 4260 quod
2743 4190 2907 4245 situm
2930 4199 3016 4245 est
3039 4189 3192 4258 juxta
3218 4188 3385 4243 llueii-
3412 4200 3415 4205 ‘

1795 4295 1870 4351 ta,
1897 4300 2017 4355 quae
2036 4292 2263 4338 vocatur
2284 4281 2650 4335 Rehtratanze
2676 4279 2744 4333 ad
2765 4286 3012 4333 sanctum
3043 4277 3383 4332 Salvatorem

1793 4388 1893 4443 pro
1938 4369 2178 4427 remedio
2228 4368 2530 4423 animarum
2575 4374 2886 4422 nostrarum
2912 4406 2928 4431 ,
2975 4364 3059 4419 vel
3096 4373 3384 4434 parentum

1797 4471 2128 4523 nostrorum,
2157 4457 2442 4513 ecclesiam
2485 4469 2608 4510 cum
2649 4453 2911 4520 mdiliciis,
2970 4455 3149 4519 terris,
3194 4454 3377 4519 silvis,

1791 4549 2021 4621 campis,
2041 4548 2232 4619 pratis,
2259 4545 2598 4611 molendinis,
2625 4545 2861 4616 pascuis,
2892 4545 3079 4628 aquis,
3093 4559 3358 4615 aquarum

1791 4654 1896 4709 que
1926 4636 2263 4701 decursibus,
2295 4634 2581 4690 mobilibus
2608 4634 2666 4689 et
2705 4633 3089 4699 immobilibus,
3119 4648 3272 4688 casas
3299 4633 3385 4689 vel

1791 4726 2023 4792 seurias,
2053 4734 2108 4781 et
2143 4725 2259 4780 lucc
2284 4725 2495 4780 firmata
2536 4739 2656 4799 esse
2685 4722 2933 4780 volumus
2977 4723 3381 4797 perpetualiter.

1794 4817 2139 4874 Postmodum
2185 4825 2469 4872 venerunt
2530 4813 2849 4872 Adalwinus
2911 4815 3192 4885 episcopus
3258 4829 3387 4867 cum

1797 4907 1978 4964 multis
2008 4908 2277 4964 nobilibus
2308 4905 2443 4979 viris
2468 4905 2523 4962 in
2555 4907 2672 4978 ipso
2692 4904 2816 4970 vico
2843 4906 2935 4974 qui
2966 4914 3188 4962 vocatur
3216 4902 3390 4959 Wolf-

1798 4999 2129 5069 muntingas,
2164 5007 2221 5054 et
2252 5008 2377 5068 tunc
2406 4998 2460 5052 in
2491 4994 2779 5071 praesentia
2799 5008 2992 5052 eorum
3021 4994 3319 5053 Einhardus
3339 5003 3395 5049 et

1795 5094 2074 5152 Erhardus
2114 5103 2171 5152 et
2211 5108 2348 5152 uxor
2389 5091 2510 5162 ejus
2554 5090 2848 5159 Willipurc
2879 5093 3220 5150 traditionem
3254 5086 3392 5142 fece-

1798 5196 1925 5251 runt
1944 5202 2129 5251 coram
2154 5187 2286 5259 ipsis
2306 5201 2430 5244 cum
2453 5186 2712 5247 ecclesia,
2733 5182 3009 5256 aediliciis,"
3032 5184 3208 5248 terris,
3229 5178 3400 5242 silvis,

1798 5278 2025 5349 campis,
2070 5280 2261 5351 pratis,
2306 5274 2660 5351 molendinis,
2704 5275 2950 5345 pascuis,
3003 5275 3187 5347 aquis,
3236 5282 3405 5336 aqlm‘

1803 5382 2028 5437 rumque
2054 5369 2370 5425 decursibus
2389 5404 2404 5428 ,
2438 5367 2738 5428 mobilibus
2758 5369 2815 5414 et
2842 5363 3227 5427 immobilibus,
3257 5371 3411 5412 casas

1802 5456 1884 5513 vel
1912 5459 2124 5514 seurias
2153 5498 2168 5524 ,
2194 5468 2249 5514 et
2269 5454 2453 5513 omnia
2486 5453 2725 5518 aedilicia
2752 5458 2810 5504 et
2836 5460 3153 5525 tegumenta
3180 5444 3413 5503 tradide-

1907 5555 1920 5568 ι
1957 5547 2020 5568 -.Ι
2055 5548 2088 5568 ο
2147 5546 2481 5568 β-ι--...,.-Α..-
2574 5552 2682 5568 -.--ι
2719 5542 2805 5568 ιιι..
2859 5559 2989 5568 ..---__
3032 5550 3109 5568 9---
3159 5542 3412 5568 "nn-inluni
