4012 6300
119 390 229 448 925

1049 396 1506 452 TRADITIONES
1546 394 2185 451 EMMERAMMENSES.
2217 428 2287 437 --
2325 397 2450 452 LIB.
2494 398 2533 451 ι.

3282 403 3387 460 99.6

113 516 514 587 pmprietatem
561 523 616 570 et
647 514 701 570 in
740 514 1059 570 bencﬁcium
1102 516 1154 569 in
1201 515 1320 595 villa
1366 523 1708 583 nuncupante
1734 521 1782 579 Α
1810 515 2054 570 advocati
2083 513 2199 583 ejus
2228 516 2428 571 Avouis
2451 530 2683 586 agrosut
2712 516 2763 570 in
2782 514 2900 571 loco
2929 518 3019 586 qui
3047 517 3242 573 dicitur
3269 520 3390 575 Sal-

120 606 647 677 Reginvvartesdorf,
676 615 730 662 et
751 607 804 661 in
841 606 1090 669 Rosdorf,
1113 621 1235 661 cum
1272 616 1434 669 terra,
1463 615 1704 672 aratura,

116 697 320 759 vineis,
351 706 514 765 atque
539 696 727 766 pratis,
764 698 996 767 pascuis,
1023 696 1197 767 aquis,
1223 711 1589 768 aquarumque
1614 698 1708 753 de—

120 786 396 852 cursibus,
420 788 761 853 metendiuis,
788 798 845 843 et
874 788 928 843 in
961 788 1213 844 omnibus
1240 788 1492 843 marchis.
1514 788 1572 842 ln
1603 802 1705 842 no—

122 875 276 930 mine
302 874 530 930 Domini.
558 876 751 931 Ameu.
792 876 856 931 lli
886 886 1012 932 sunt
1041 886 1204 933 testes
1236 895 1249 931 :
1280 877 1480 948 Ratpot
1496 892 1703 940 comes,

120 965 402 1019 Gundram
436 980 639 1031 comes,
685 966 966 1038 Gundpold
1002 982 1207 1051 comes,
1247 967 1453 1041 Huogo,
1486 966 1703 1035 Hunolf,

120 1053 406 1124 Engildeo,
437 1053 742 1125 Gundpold,
773 1055 972 1121 Puoso,
1006 1055 1306 1112 Cotahelm.

120 1184 255 1239 CAP.
296 1184 380 1239 LI.
421 1217 491 1226 —
530 1185 880 1262 Commutatio
922 1190 1053 1244 inter
1086 1190 1484 1246 Ambn'chonem
1508 1193 1709 1262 episco-

468 1274 591 1326 pum
613 1267 659 1311 et
682 1257 966 1314 Alawicum
985 1262 1359 1330 presbyterum.

194 1366 491 1432 Fructuosa
519 1378 574 1424 et
599 1369 824 1425 honesta
848 1386 910 1427 ac
939 1372 1161 1427 nimium
1189 1373 1332 1430 utilis
1373 1374 1706 1431 consuetudo

114 1458 232 1527 jam
268 1458 411 1512 inter
451 1458 698 1514 homines
731 1460 1025 1517 inoleverat
1052 1465 1417 1520 commutandi
1457 1465 1707 1522 videlicet

119 1548 387 1614 quasdam
440 1562 526 1604 res
570 1564 669 1619 pro
709 1552 991 1607 ambarum
1036 1555 1418 1610 commoditate
1448 1556 1702 1624 partium.

121 1637 201 1691 Ex
235 1638 337 1692 hac
367 1638 528 1710 igitur
557 1642 946 1697 consuetudine
974 1643 1194 1713 quidam
1233 1646 1319 1700 vir
1364 1646 1580 1713 nobilis,
1610 1650 1706 1702 no—'

121 1729 272 1782 mine
308 1729 517 1785 Alawih
550 1746 764 1803 quoque
807 1735 1090 1806 presbyter
1116 1745 1452 1807 provocatus,
1488 1738 1706 1794 tradidit

120 1818 190 1870 al
216 1817 275 1871 S.
310 1817 766 1877 Emmerammum
794 1828 898 1877 una
923 1840 1044 1879 cum
1068 1827 1326 1883 advocato
1345 1842 1444 1882 suo
1468 1827 1705 1884 Gundal-

122 1917 280 1977 perto
308 1910 363 1965 in
398 1926 616 1967 manum
639 1912 1021 1971 Ambrichonis
1060 1916 1477 1973 reverentissimi
1502 1933 1709 1988 praesu-

123 1996 189 2052 lis
242 2009 300 2052 et
360 2000 604 2056 advocati
658 2002 776 2073 ejus
820 2004 1056 2060 Adalrici
1120 2005 1277 2061 talem
1323 2007 1707 2077 proprietatem

121 2087 341 2155 qualem
380 2090 577 2146 habuit
630 2092 700 2148 ad
746 2090 1008 2164 Ottarpah
1038 2108 1214 2163 quam
1263 2094 1317 2150 ei
1366 2094 1708 2152 llludovvicus

121 2178 402 2248 piissimus
445 2196 543 2236 rex
573 2193 844 2253 praecepto
869 2185 1205 2240 auctoritatis
1249 2201 1359 2241 sua:
1399 2186 1707 2242 condonare

120 2267 377 2338 dignatus
401 2278 485 2325 est
531 2272 583 2326 in
627 2281 943 2343 perpetuam
985 2275 1402 2344 possessionem.
1441 2274 1484 2329 E
1514 2268 1704 2332 contra

120 2372 253 2413 vero
296 2357 583 2416 Adalricus
625 2376 748 2417 cum
789 2377 1055 2418 consensu
1103 2362 1305 2420 domini
1346 2363 1430 2419 sui
1467 2365 1704 2436 episcopi

126 2447 349 2504 tradidit
370 2451 439 2506 de
468 2451 627 2507 rebus
665 2450 723 2505 S.
755 2451 1137 2509 Emmerammi
1165 2455 1339 2510 eidem
1368 2455 1595 2511 Alawico
1636 2457 1706 2512 il-

125 2546 228 2599 lam
269 2545 569 2600 Ecclesiam
621 2547 688 2600 ad
735 2545 1005 2601 Holzhusa
1044 2562 1167 2601 cum
1205 2548 1477 2603 territorio
1504 2563 1707 2619 appen-

124 2638 285 2692 dente
329 2636 381 2690 in
416 2637 691 2706 proprium
733 2636 963 2692 ﬁrmiter
1002 2637 1326 2705 habendum,
1374 2639 1518 2709 quod
1558 2639 1704 2709 Popo

123 2728 410 2799 presbyter
430 2726 542 2795 jam
571 2728 842 2798 quondam
883 2728 937 2782 in
978 2728 1238 2784 beneﬁcio
1287 2729 1494 2785 habuit.
1534 2727 1705 2797 Hujus

123 2832 254 2872 vero
294 2817 374 2871 rei
419 2824 585 2872 testes
625 2824 793 2870 sunt:
823 2815 976 2883 Polo,
1012 2815 1145 2888 Ogo,
1187 2816 1478 2885 Deotpold,
1514 2816 1702 2884 Iacob,

122 2908 322 2977 Wago,
341 2906 637 2977 Reginhoh,
664 2908 977 2977 Odalperht,
999 2907 1290 2978 Gozperbt,
1317 2906 1507 2974 Uulaz,
1535 2909 1704 2979 Epar-

122 2999 267 3065 hart,
316 2998 559 3070 Sigifrid,
606 2999 924 3069 Adalperht,
952 3000 1200 3065 Gammo,
1230 2999 1354 3066 Job,
1384 3000 1699 3069 Ambricbo,

120 3089 334 3144 Albrih.
374 3087 670 3145 Vestitores
713 3099 892 3145 autem
940 3089 1223 3145 Adalricus
1269 3080 1559 3146 advocatus
1587 3090 1702 3161 epi-

123 3180 298 3272 scopi,
341 3190 500 3249 atque
539 3179 936 3236 Gundalbertus
973 3181 1266 3236 advocatus
1299 3179 1521 3237 Alawici
1549 3195 1701 3251 pres-
1726 3206 1779 3272 α

125 3270 328 3341 byteri.

123 3385 255 3441 Car.
294 3384 401 3440 ιιι.
439 3416 509 3426 -—
545 3385 1482 3462 Commutatiq'interAmbrichonem
1509 3387 1710 3456 episco—

646 3473 768 3527 pum
790 3466 837 3512 et
872 3456 1163 3512 Ro'doldum

196 3564 256 3620 lu
282 3564 497 3620 nomine
524 3564 717 3620 summi
745 3574 799 3621 et
824 3565 1008 3621 aeterni
1032 3564 1145 3621 Dei.
1162 3564 1425 3621 Convenit
1455 3566 1595 3619 inter
1608 3578 1703 3618 ve-

128 3654 317 3709 nerab.
340 3654 513 3708 virum
538 3654 951 3711 Ambrichonem
979 3671 1064 3726 ep.
1110 3664 1166 3712 et
1208 3655 1494 3725 quemdam
1531 3653 1707 3709 homi-

128 3759 279 3808 nem,
321 3743 474 3812 cujus
512 3760 705 3800 nomen
737 3745 950 3811 Rodolt,
988 3747 1053 3802 de
1082 3746 1565 3803 commutabilitate
1608 3746 1707 3800 ali-

126 3848 359 3902 quarum
394 3847 590 3897 rerum,
622 3834 762 3903 quod
786 3842 840 3887 et
861 3834 932 3890 ita
956 3833 1217 3891 fecerunt.
1244 3834 1487 3890 Tradidit
1513 3833 1706 3905 praefa-

131 3934 217 3979 tus
242 3924 327 3977 vir
352 3923 547 3978 Rodolt
573 3924 640 3978 ad
655 3933 899 3980 sanctum
930 3924 1383 3980 Emmerammum
1413 3934 1704 3996 martyrem

126 4013 330 4069 Christi
370 4030 532 4069 unum
573 4030 820 4080 servum,
868 4016 1081 4072 nomine
1123 4016 1497 4081 Arndeouem,
1541 4025 1598 4071 et
1637 4017 1708 4073 de

124 4114 274 4159 terra
301 4104 490 4160 arabili
524 4106 714 4176 jugera
754 4121 824 4159 xv
862 4107 914 4160 in
954 4107 1072 4163 loco
1101 4108 1190 4176 qui
1216 4108 1414 4164 dicitur
1436 4108 1502 4162 ad
1534 4107 1707 4163 Prun-

44 4186 67 4303 ἱ
128 4210 260 4248 non.
291 4194 333 4248 Ε
371 4204 555 4303 contra
586 4196 872 4303 prmdictus
890 4196 1202 4303 Ambricho‘,
1228 4197 1561 4303 venerandus
1586 4198 1703 4267 epi-

48 4284 67 4355 ξ
129 4298 326 4353 scapus
350 4293 405 4339 et
432 4284 722 4341 advocatus
749 4286 885 4356 ejus,
917 4288 1133 4342 nomine
1157 4285 1372 4343 Rodker
1388 4327 1403 4350 ,
1427 4303 1547 4342 cum
1571 4303 1702 4343 con-

48 4364 63 4435 i
131 4390 293 4430 sensu
321 4378 709 4432 monachorum
743 4386 798 4431 et
824 4378 989 4433 totius
1010 4378 1224 4435 familiae
1253 4378 1702 4450 tradideruntipsi

52 4460 62 4471 ’
132 4465 367 4523 Rodolto
416 4469 470 4522 in
519 4470 899 4538 proprietatem
953 4486 1111 4524 unam
1159 4471 1430 4537 ancillam,
1484 4474 1703 4528 nomine

127 4560 374 4623 Anstrat,
402 4568 459 4613 et
491 4560 558 4615 de
594 4569 737 4615 terra
775 4561 968 4616 ambiti
1006 4560 1194 4631 jugera

131 4650 223 4719 qui
247 4658 476 4704 vocatur
508 4649 576 4705 ad
604 4648 882 4718 Prunnon,
915 4666 978 4707 ac
1014 4661 1267 4723 perpetua
1299 4653 1593 4708 stabilitate
1616 4654 1706 4709 tir-

129 4738 318 4793 mavit.

69 4915 74 4918 _
130 4849 261 4905 CAP.
292 4848 425 4905 Llll.
465 4878 535 4890 --
571 4847 933 4924 Commutatio,
956 4854 1091 4924 inter
1115 4853 1379 4908 Ambriclt.
1414 4855 1707 4924 episcopum

65 4940 84 4978 ί
676 4932 724 4975 et
749 4921 1158 4978 Truhthardum.

201 5028 365 5086 Utilis
393 5037 448 5085 et
468 5030 692 5085 nimium
734 5032 1007 5089 fructuosa
1049 5035 1379 5090 consuetudo
1405 5035 1531 5091 olim
1567 5036 1706 5090 inter

127 5118 383 5175 homines
404 5121 727 5188 inoleverat,
755 5133 810 5179 et
832 5124 1007 5179 adhuc
1038 5125 1356 5195 plerumque
1376 5128 1513 5196 apud
1545 5142 1706 5196 quos.

124 5202 255 5266 da'm
299 5212 506 5268 nobiles
544 5212 682 5269 bene
720 5224 984 5285 cauteque
1032 5215 1421 5287 frequentatur,
1468 5233 1707 5272 comnm-

126 5302 281 5355 tandi
324 5301 571 5357 videlicet
608 5304 863 5370 quasdam
904 5319 989 5360 res
1027 5320 1124 5373 pro
1151 5305 1432 5360 ambarum
1465 5321 1704 5361 commo-

126 5393 301 5447 ditate
331 5392 582 5460 partium.
616 5393 820 5450 Deinde
858 5395 958 5450 ista
991 5396 1338 5450 commutatio
1368 5410 1487 5466 quae
1519 5397 1705 5451 subse-

124 5490 364 5551 qucnter
432 5482 729 5559 explicatur
793 5484 933 5554 apud
983 5484 1399 5540 Ambricbouem
1465 5501 1577 5555 ep.,
1652 5496 1706 5541 et

122 5570 422 5641 quemdam
465 5573 730 5641 nobilem,
759 5576 976 5631 nomine
1021 5575 1445 5642 Truhtltardum,
1487 5588 1703 5647 peracta

122 5670 233 5714 est.
279 5658 526 5716 Tradidit
562 5662 742 5734 itaque
786 5664 874 5720 ille
925 5663 1300 5722 Truhthardus
1347 5667 1412 5723 ad
1461 5680 1706 5725 sanctum

124 5750 591 5810 )Irtimcrautmum
636 5752 687 5810 in
726 5770 939 5811 manum
982 5755 1214 5827 episcopi
1254 5758 1629 5819 Ambricbouis
1656 5769 1707 5818 et

1810 602 2034 673 loltopit.
2064 605 2106 659 Ε
2134 613 2319 660 contra
2346 621 2561 677 quoque
2590 606 2704 660 Avo
2727 605 3018 662 advocatus
3046 607 3256 676 prmfati
3279 612 3387 679 cpio

1808 697 1957 765 scopi
2003 695 2300 751 tradiditin
2343 698 2533 751 eodem
2582 697 2700 752 loco
2745 698 2811 753 de
2852 699 3015 754 rebus
3062 698 3119 754 S.
3176 701 3391 757 Emme-

1808 787 2001 843 rammi
2025 788 2141 858 jam
2168 788 2310 842 dicto
2344 787 2689 844 Truhthardo
2718 804 2906 860 agrum
2945 806 3130 846 unum.

1980 895 2109 952 CAP.
2149 895 2281 952 LIV.
2320 928 2393 938 —
2430 880 2783 954 Commutatio
2810 900 2947 954 inter
2977 887 3209 955 eosdem.

1876 983 2074 1043 Notitia
2098 988 2328 1058 qualiter
2339 988 2589 1044 dominus
2607 988 2898 1045 Ambricho
2922 1006 3009 1060 ep.
3025 1001 3079 1049 et
3108 992 3389 1049 Truhthad

1804 1077 2097 1135 advocatus
2116 1077 2393 1135 Waltratae
2409 1095 2527 1135 com
2535 1070 2883 1149 mutationem
2899 1098 2996 1152 pro
3010 1067 3391 1147 commoditate

1804 1167 2085 1223 amborum
2110 1168 2371 1225 fecerunt.
2401 1171 2558 1225 Dedit
2591 1187 2753 1242 supra
2776 1173 2955 1228 dictus
2978 1190 3075 1245 cp.
3108 1176 3384 1240 ancillam,

1804 1269 1923 1326 quae
1966 1267 2192 1312 vocatur
2244 1257 2492 1315 Deotmot
2542 1260 2598 1314 in
2646 1256 3036 1332 proprietatem
3083 1263 3386 1321 Waltratae.

1804 1344 1873 1400 Et
1908 1360 1941 1400 e
1983 1355 2175 1401 contra
2216 1348 2438 1403 tradidit
2479 1350 2770 1405 advocatus
2801 1349 2917 1419 ejus
2948 1353 2999 1406 in
3027 1369 3246 1409 manum
3283 1354 3393 1425 epi-

1803 1434 1953 1505 sc0pi
1990 1436 2325 1493 etadvocati
2362 1439 2444 1494 sui
2473 1438 2690 1495 llelfrici
2724 1441 2950 1497 alteram
2979 1443 3251 1506 ancillam,
3292 1460 3388 1499 uo-

1805 1526 1950 1583 mine
1984 1526 2276 1600 Deotpurc,
2322 1530 2439 1587 sine
2487 1538 2836 1602 utrarumque
2876 1532 3019 1588 ﬁliis.
3051 1533 3117 1588 Et
3149 1533 3232 1587 isti
3264 1544 3391 1591 sunt

1805 1617 1930 1673 inde
1970 1627 2138 1674 testes
2158 1635 2256 1691 per
2279 1636 2439 1678 aures
2483 1625 2640 1679 tracti
2677 1623 2865 1701 :‘Avo,
2903 1622 3127 1696 Rihger,
3156 1624 3385 1690 Alawih,

1803 1710 2016 1782 Alprih,
2040 1713 2189 1777 Atto,
2218 1712 2565 1770 Ermeuhart.
2600 1702 2622 1725 "
2724 1700 2725 1705 ‘
2832 1713 2835 1716 ⁴

1807 1807 1935 1865 CAP.
1960 1807 2497 1885 LV.—Commutatio
2521 1814 2657 1870 inter
2670 1814 3068 1871 Ambrichonem
3094 1814 3390 1885 cpiswpum

2265 1893 2314 1937 et
2337 1882 2644 1938 Heinricum
2668 1886 2925 1955 comitem.
3056 1886 3059 1889 λ

1877 1969 2177 2027 Fructuosa
2208 1971 2363 2027 valde
2390 1989 2454 2028 ac
2483 1975 2706 2029 nimium
2734 1975 2882 2029 utilis
2908 1974 3241 2030 consuetudo
3261 1974 3389 2029 olim

1807 2058 1950 2115 inter
1995 2060 2241 2117 homines
2304 2062 2603 2119 inoleverat
2673 2064 3071 2120 transmutandi
3136 2050 3425 2119 videlicet‘

1807 2156 2068 2227 quasdam
2099 2172 2188 2212 res
2215 2172 2315 2226 pro
2350 2159 2631 2223 ambarum
2667 2156 2902 2218 utilitate
2943 2160 3200 2230 partium.
3258 2156 3391 2215 Pro-

1807 2245 1933 2302 inde
1962 2261 2177 2317 quoque
2199 2246 2495 2304 Ambricho
2523 2263 2642 2304 ven.
2671 2250 2954 2322 episcopus
2977 2256 3141 2321 atque
3180 2247 3403 2305 Heinri?

1806 2352 1902 2405 cus
1926 2352 2110 2394 comes
2133 2338 2205 2395 ob
2232 2341 2677 2405 commoditatem
2707 2341 3072 2412 quorumlibet
3090 2339 3389 2408 mancipio—

1808 2446 1924 2485 rum
1946 2431 2423 2486 commutationem
2458 2430 2719 2487 fecerunt.
2776 2426 2948 2488 Porro
2986 2432 3274 2487 Heiuricus
3294 2446 3389 2486 co-

1804 2537 1923 2577 mes
1980 2521 2201 2576 tradidit
2247 2522 2317 2577 ad
2374 2521 2432 2577 S.
2490 2522 2952 2578 Emmerammum
3002 2522 3274 2592 mancipia
3320 2535 3388 2587 ιι,

1804 2611 2085 2669 Cirninum
2113 2621 2275 2683 atque
2303 2602 2597 2677 Razonem,
2640 2614 2695 2668 in
2744 2630 2963 2670 manum
2991 2613 3201 2685 prmfati
3246 2628 3401 2684 prae--

1804 2701 1937 2757 sulis
1961 2709 2018 2756 et
2043 2702 2286 2758 advocati
2315 2703 2434 2773 ejus
2479 2702 2720 2759 Helfrici.
2752 2704 2799 2758 E
2841 2713 3033 2759 contra
3073 2718 3202 2757 vero
3246 2703 3403 2758 idem

1804 2791 2092 2863 episcopus
2122 2807 2246 2847 cum
2267 2792 2457 2848 eodem
2483 2793 2745 2851 advocato
2773 2809 2871 2849 suo
2900 2792 3392 2855 tradiditHeinrico

1804 2881 1859 2936 in
1884 2896 2101 2939 manum
2129 2881 2374 2939 advocati
2415 2882 2499 2937 sui
2541 2882 2817 2939 Rodhardi
2843 2881 3168 2939 Hadaricum
3206 2881 3393 2937 Sciur-s

1804 2986 1942 3026 ram.
1967 2971 2243 3039 Quatenus
2267 2972 2385 3027 haec
2408 2973 2761 3027 commutatio
2780 2972 2933 3028 ﬁrma
2963 2972 3250 3039 habeatur,
3273 2972 3393 3043 pla-

1804 3062 1917 3117 cuit
1943 3063 2077 3117 duas
2102 3062 2376 3117 chartulas
2412 3077 2517 3119 uno
2544 3072 2732 3119 tenore
2759 3062 2991 3133 scriptas
3017 3062 3293 3117 exhibere.

1806 3173 1934 3231 CAP.
1959 3173 2519 3245 LVl.——Commutatio
2540 3175 2675 3245 inter
2685 3174 3083 3245 Ambrichonem
3096 3174 3395 3245 episcopum

2259 3254 2308 3298 et
2337 3242 2604 3297 Altoldum
2639 3244 2939 3298 diaconum.

1875 3335 2074 3395 Notum
2106 3337 2178 3395 sit
2197 3336 2451 3391 omnibus
2473 3334 2722 3390 ﬁdelibus
2749 3335 2874 3406 quia
2901 3333 3148 3391 Altoldus
3172 3333 3399 3405 quilibet

1806 3426 2066 3483 diaconus
2134 3426 2201 3482 de
2226 3425 2389 3481 nobili
2429 3434 2580 3481 ortus
2623 3425 2871 3496 prosapia
2912 3425 2980 3479 ad
3032 3424 3400 3494 Munolﬁn‘gou

1805 3516 2148 3587 proprietatis
2176 3530 2286 3571 sua:
2319 3529 2509 3585 agrum
2538 3530 2704 3568 unum
2735 3514 2801 3570 ad
2841 3523 3086 3569 sanctum
3126 3513 3221 3568 Dei
3265 3513 3411 3567 Em-

1804 3621 2161 3662 merammum
2203 3605 2423 3660 tradidit
2471 3605 2525 3659 iu
2568 3620 2790 3659 manum
2830 3604 3216 3661 Auibrichonis
3260 3617 3387 3657 ven.

1806 3709 1890 3764 ep.
1946 3693 2169 3765 ejusque
2213 3693 2456 3751 advocati
2496 3692 2708 3760 Otonis,
2749 3695 2866 3765 ipso
2906 3709 3120 3765 quoque
3167 3691 3413 3764 praefato.

1805 3785 2058 3855 episcOpo
2085 3793 2140 3840 et
2169 3783 2434 3839 Rumoldo
2461 3783 2658 3839 comite
2692 3784 3070 3853 przesentibus.
3096 3780 3153 3837 In
3187 3796 3394 3837 recom-

1804 3876 2118 3945 pensatioue
2145 3889 2273 3929 vero
2301 3876 2488 3929 eadem
2516 3874 2734 3929 tradidit
2755 3878 3085 3947 praenotatus
3106 3871 3302 3943 pra-sul
3334 3880 3392 3929 et

1807 3964 2098 4019 advocatus
2124 3962 2269 4019 illius
2298 3963 2364 4019 de
2404 3963 2563 4018 rebus
2584 3962 2644 4017 S.
2672 3963 3055 4017 Emmerammi
3087 3963 3262 4017 cidem
3291 3976 3388 4015 no-

1806 4054 1898 4110 bili
1942 4053 2140 4110 clerico
2171 4053 2224 4107 in
2273 4052 2463 4108 eodem
2511 4053 2630 4108 loco
2667 4067 2853 4124 agrum
2900 4068 3087 4107 unum.
3130 4050 3221 4105 Isti
3263 4061 3392 4107 sunt

1810 4157 1974 4204 testes
2015 4162 2112 4219 per
2166 4162 2325 4202 aures
2358 4146 2515 4201 tracti
2549 4165 2562 4200 :
2596 4145 2883 4216 Kerperht,
2932 4144 3169 4205 Ekkirih,
3219 4143 3387 4199 Gota-

1806 4239 1982 4311 periit,
2042 4237 2306 4302 Wicram,
2365 4236 2718 4306 Reginperht,
2770 4235 3093 4306 liegiuwart,
3133 4232 3394 4303 Ribpold,

1806 4330 2104 4400 Rodperht,
2133 4328 2448 4393 Willihelm,
2478 4327 2730 4383 Askarih.

1841 4440 1973 4497 Car.
2000 4438 2154 4494 LVII.
2176 4437 2619 4493 -—Commutatio
2670 4438 2809 4490 inter
2852 4435 3250 4490 Ambricltouem
3306 4441 3357 4488 et

2460 4505 2753 4560 Folricum.

1236 4564 1555 4668 ῃίηῖ
1587 4564 1704 4668 uico
1737 4563 1783 4622 Β
1878 4594 2265 4653 Nonnullorum
2311 4598 2610 4668 compcriat
2661 4595 2925 4650 industria
2983 4594 3215 4649 ﬁdelium
3260 4592 3393 4662 quia

1804 4691 1888 4746 vir
1935 4690 2153 4761 quidam
2199 4689 2411 4753 nobilis,
2458 4688 2679 4743 nomine
2747 4687 2986 4754 Folcrih,
3047 4685 3267 4740 tradidit
3319 4684 3389 4739 ad

1805 4780 1863 4836 S.
1896 4778 2355 4835 Emmerammum
2390 4781 2443 4833 in
2483 4779 2598 4834 loco
2634 4777 2849 4849 Pisinga
2901 4785 3206 4847 uuncupato
3248 4776 3390 4831 inter

1806 4884 2005 4931 terram
2034 4874 2290 4929 arabilem
2326 4884 2381 4929 et
2408 4885 2557 4944 prata
2607 4885 2663 4929 et
2703 4875 2890 4929 silvam
2933 4873 3121 4945 jugera
3170 4887 3277 4927 xxv
3332 4871 3388 4925 in

1807 4980 2027 5019 manum
2098 4962 2485 5018 Ambricltonis
2532 4979 2656 5018 vcn.
2714 4980 2800 5033 ep.
2856 4973 2910 5020 et
2969 4962 3210 5018 advocati
3271 4960 3388 5031 ejus

1806 5054 2122 5111 Gundberti.
2172 5053 2425 5109 Econtra
2474 5069 2602 5109 vero
2644 5053 2782 5110 idem
2828 5054 3119 5108 advocatus
3144 5046 3284 5107 cum
3322 5049 3389 5104 li-
3431 5110 3435 5124 λ

1807 5144 1981 5198 centia
2042 5142 2285 5212 episcopi
2335 5143 2553 5197 tradidit
2606 5144 2861 5212 praedicto
2905 5141 3066 5196 nobili
3109 5141 3176 5195 de
3225 5140 3384 5195 rebus

1810 5232 1868 5287 S.
1923 5233 2303 5287 Emmerammi
2348 5232 2536 5301 jugera
2566 5249 2719 5295 χχιιι,
2755 5233 2806 5285 in
2847 5232 3067 5301 proprio
3104 5238 3390 5301 perpetua-

1808 5320 1931 5375 liter
1970 5320 2290 5375 habendum.
2331 5320 2397 5374 Et
2432 5328 2490 5373 ut
2520 5320 2633 5374 haec
2667 5319 3018 5373 connnutatio
3049 5319 3255 5372 ﬁrmior
3283 5318 3384 5373 Ita-

1807 5408 1995 5464 bcatur
2023 5424 2055 5463 a
2093 5408 2428 5479 posterisque
2476 5407 2667 5463 melius
2696 5407 2966 5471 credatur,
3008 5406 3209 5476 placuit
3252 5405 3388 5460 duas

1811 5498 2083 5555 chartulas
2109 5514 2215 5554 uno
2242 5507 2427 5553 tenore
2454 5497 2789 5568 conscriptas
2816 5496 3089 5551 exhibere.

1845 5600 1973 5657 CAP.
2017 5600 2287 5657 LVlll.—
2317 5598 2667 5655 Commutatio
2726 5600 2861 5653 inter
2927 5594 3352 5667 Engilscalchum

2372 5680 2418 5724 et
2448 5668 2825 5739 Engilbertum.

1887 5761 2079 5819 Notum
2110 5762 2175 5818 sit
2206 5759 2450 5818 onmibus
2484 5758 2722 5816 ﬁdelibus
2754 5758 2873 5829 quia
2899 5754 3232 5827 Eugilscalch
3263 5751 3385 5824 qui-
