4012 6300
629 385 735 444 02⁸1

634 501 760 555 dam
789 498 985 556 nobilis
1014 497 1234 554 tradidit
1273 498 1628 568 proprietatis
1663 513 1775 555 suae
1821 510 2009 569 agrum
2039 509 2203 551 unum
2231 498 2283 556 Α
2310 503 2396 551 tus
2420 508 2551 550 suus
2593 492 2795 550 Helirib
2826 490 3157 548 tradiderunt
3187 492 3253 546 de
3278 489 3439 545 rebus
3464 487 3524 544 S.
3554 486 3875 543 Emmeran-

627 587 784 657 juxta
807 588 988 643 villam
1010 586 1320 658 Aespilipab
1348 586 1416 643 ad
1441 586 1982 643 S.-Emmerammum
2013 586 2068 642 in
2096 600 2208 640 ma«
2308 587 2383 642 mi
2424 588 2479 642 in
2508 586 2629 644 loco
2664 587 2757 658 qui
2805 584 3002 642 dicitur
3026 582 3273 656 Meziuga
3318 584 3524 640 eisdem
3561 582 3872 655 βτί-κῆρύξ

634 696 767 736 num
794 680 1108 750 Engilberti,
1139 680 1232 749 qui
1277 681 1379 736 ltoc
1424 679 1744 736 beneﬁcium
1787 678 1976 735 habuit
2006 678 2063 732 in
2093 675 2210 735 loco
2306 677 2439 733 viris
2468 678 2688 734 domum
2709 692 2833 732 cum
2862 677 2994 734 tisco
3012 675 3211 750 acjug.
3240 690 3408 731 xxvn.
3432 675 3547 732 [loc
3571 689 3872 744 namque:

634 768 914 839 praedicto.
940 769 983 824 Ε
1008 778 1197 826 contra
1218 785 1348 829 vero
1375 769 1514 825 idem
1543 768 1883 841 Engilbertus
1907 768 2125 823 tradidit
2143 767 2211 824 de
2309 779 2539 840 utraque
2562 777 2718 840 parte
2742 768 2815 824 ad
2841 767 3239 825 testiﬁcandum
3267 767 3358 823 isti
3392 781 3493 838 per
3527 780 3698 820 aures
3736 768 3872 820 tacti

1586 382 1897 442 ANAMODI
1938 380 2473 439 RATISPONENSIS
2511 378 2912 438 SUBDIACONI
3787 370 3875 429 ’28
3978 370 3979 401 ‘

637 861 800 916 rebus
826 861 886 916 S.
909 860 1290 916 Emmerammi
1308 860 1535 932 praefato
1554 861 1924 932 Engilscalcbo
1936 874 2065 915 cum
2082 873 2211 915 con-

632 964 796 1006 sensu
827 950 1209 1008 Ambricbonis
1236 966 1360 1007 ven.
1388 965 1475 1022 ep.
1503 958 1720 1023 pratqu
1749 966 1914 1007 unum
1947 951 2104 1022 juxta
2131 949 2210 1005 la-

638 1038 800 1095 ticem
828 1054 949 1109 qua:
972 1037 1145 1096 Alaba
1176 1050 1417 1096 vocatur.
2008 1108 2031 1113 _

633 1146 765 1202 Car.
796 1146 934 1202 LIX.
955 1175 1028 1190 -—
1050 1147 1285 1205 Traditio
1312 1149 1589 1231 agundam
1619 1151 1831 1221 feminae
1853 1166 1972 1223 qua
1999 1159 2214 1208 uocatur

1382 1235 1513 1276 ιεεα.

706 1326 932 1385 Noverit
979 1328 1334 1400 plurimorum
1379 1329 1643 1401 industria
1697 1331 1934 1387 virorum
1982 1329 2215 1401 qualiter

634 1415 792 1473 Sicca
818 1425 875 1474 et
889 1419 1181 1475 advocatus
1204 1419 1322 1491 ejus
1342 1419 1512 1476 Ricbo
1534 1420 1809 1501 desierunt
1828 1429 2034 1491 partem
2057 1420 2215 1477 unius

633 1505 877 1562 ecclesiae
902 1508 1154 1578 rurisque
1206 1510 1276 1577 ad
1320 1508 1468 1566 illam
1506 1512 1803 1581 pendentis
1832 1512 2109 1583 inquirere
2146 1513 2216 1569 ad

633 1596 916 1667 Erininga.
969 1598 1504 1671 Abrenuntiaverunt
1531 1616 1593 1657 se
1641 1610 1821 1658 autem
1848 1602 2082 1673 portioni
2130 1604 2212 1659 ei-

635 1685 781 1753 dem,
807 1694 865 1741 et
902 1687 984 1743 sic
1031 1688 1350 1745 laxaveruut
1377 1702 1497 1746 eain
1525 1693 1593 1747 ad
1637 1691 1696 1748 S.
1735 1693 2210 1760 Emmerammmu,

638 1774 883 1832 dicentes
900 1792 1026 1833 eam
1052 1778 1284 1849 amplius
1310 1794 1585 1851 nunquam
1608 1795 1729 1838 sese
1749 1781 1887 1838 velle
1912 1782 2210 1853 inquirere.

633 1865 716 1921 Ad
762 1866 868 1922 hoc
912 1868 1345 1925 conﬁrmandum
1396 1881 1525 1927 sunt
1588 1880 1753 1928 testes
1796 1870 1942 1938 Avo,
1991 1851 2209 1943 Strupo,
2246 1851 2293 1911 Β

634 1955 982 2029 Gundperht,
1045 1959 1451 2032 Ercbanperbt,
1507 1962 1789 2029 Woladeo,
1840 1963 2067 2035 Bihger,
2112 1963 2214 2019 Ar-

634 2044 815 2115 perbt,
866 2045 1131 2120 iiiltigoz,
1184 2049 1448 2118 Gammo,
1497 2049 1825 2120 Embricbo,
1875 2052 2215 2125 Amalperbt,

638 2134 922 2207 liibperbt,
944 2137 1136 2205 Petilo,
1174 2139 1405 2210 Wallali,
1443 2142 1693 2215 Adalger.

636 2264 765 2322 CAP.
787 2265 1329 2347 LX.-—Commutat_io
1348 2273 1485 2347 inter
1498 2272 1908 2347 Erchanfridum
1921 2275 2215 2347 episcopum

1177 2352 1226 2396 et
1252 2339 1691 2398 Perelulmrdum.
1708 2339 1721 2345 ⁷
1948 2339 1961 2347 ’
2026 2374 2029 2377 -

632 2440 643 2449 ’
708 2451 1004 2509 Fruetuosa
1036 2436 1188 2509 valde
1214 2464 1270 2511 et
1292 2456 1519 2511 nimium
1544 2457 1693 2513 utilis
1721 2458 2053 2515 consuetudo
2085 2458 2216 2517 olim

637 2543 779 2621 apud
817 2543 1063 2603 homines
1099 2544 1397 2603 inoleverat
1422 2547 1784 2603 commutandi
1828 2546 2074 2605 videlicet
2091 2544 2219 2620 qua-

641 2634 891 2717 rumlibet
916 2651 1096 2691 rerum
1138 2638 1418 2707 portiones
1440 2653 1540 2709 pro
1584 2641 1866 2697 ambarum
1895 2642 2215 2714 opportuni-

642 2733 752 2781 tate
780 2726 1033 2797 partium.
1082 2726 1228 2797 Ergo
1252 2744 1414 2799 quam
1465 2730 1535 2786 ob
1581 2744 1695 2785 rem
1737 2731 1953 2801 quidam
1999 2733 2215 2801 nobilis,

642 2813 859 2869 nomine
885 2812 1277 2897 Pererardus,
1300 2817 1521 2873 tradidit
1550 2819 1619 2874 ad
1649 2817 1707 2876 S.
1738 2819 1959 2876 Petrum
1979 2836 2066 2892 ap.
2088 2837 2216 2878 san-

628 2916 897 2991 clumque
950 2906 1047 2962 Dei
1108 2917 1399 2981 martyrem
1434 2908 1788 2966 ‘Emmeram.
1852 2911 2219 2969 molendinum

641 3010 806 3049 unum
839 2995 907 3051 ad
934 2996 1128 3068 Atinga
1172 2998 1225 3052 in
1257 3014 1475 3054 manum
1516 2999 1855 3056 Erchauiridi
1898 3002 2219 3059 venerabilis

639 3100 727 3155 ep.
755 3094 812 3140 et
852 3087 1097 3143 advocati
1143 3088 1260 3158 ejus
1300 3090 1598 3163 Odalperti.
1628 3092 1675 3147 Ε
1697 3101 1884 3149 contra
1916 3108 2046 3150 vero
2074 3094 2217 3151 idem

2308 866 2475 915 sunt:
2505 856 2735 923 llelirib,
2775 857 3068 929 Lantpero,
3102 856 3463 929 Erebanpold,
3504 855 3760 920 δίωξιν,
3789 855 3874 909 lie

2308 949 2500 1022 ginolt,
2526 948 2810 1022 Froperbt.
3384 992 3389 995 τ

2344 1062 2475 1119 Car.
2520 1061 2679 1119 LXII.
2706 1093 2779 1107 —
2798 1061 3146 1118 Commutatio
3189 1064 3324 1116 inter
3367 1060 3769 1115 Ambritlioneut
3805 1068 3853 1112 et

2964 1130 3220 1187 Gisalant.

2382 1247 2561 1306 Gisala
2588 1248 2737 1305 dedit
2756 1248 3104 1305 Ambrieltoui
3133 1247 3389 1318 episcopo
3411 1259 3657 1310 servum,
3680 1243 3878 1298 nomine

2313 1341 2653 1413 Batpertum.
2690 1340 2745 1396 Ε,
2767 1340 3042 1398 contrario
3066 1340 3353 1412 episcopus
3386 1337 3541 1405 dedit;
3570 1335 3773 1394 Gisala:
3794 1334 3877 1389 Pe-

2316 1438 2517 1488 toncm.
2591 1430 2743 1485 Hanc
2788 1430 2959 1485 etiam.
3004 1428 3481 1486 commutationem
3540 1441 3669 1483 cum
3722 1425 3877 1479 vradin

2313 1531 2639 1597 peregerunt
2663 1519 2907 1592 Wolfger
2927 1519 3124 1578 Gisala:
3154 1527 3213 1575 et
3236 1518 3447 1575 llelirilr
3463 1519 3763 1574 advocatus
3782 1516 3880 1583 epi-

2312 1614 2485 1684 scopi,
2528 1613 2582 1669 in
2635 1612 2923 1683 praesentia
2962 1609 3201 1680 ejusdem
3253 1608 3515 1679 episcopi,
3564 1616 3625 1662 et
3667 1605 3879 1660 Iliun-is

2314 1705 2528 1762 abbatis
2551 1712 2612 1760 et
2636 1703 2863 1759 aliorum
2885 1703 2977 1773 qui
2996 1710 3259 1757 vocantur
3280 1698 3617 1768 Adoll’,0ge,
3634 1695 3876 1755 Νίσαια.

2315 1794 2630 1867 Odalperbt,
2673 1793 2988 1863 Siudperht,
3028 1791 3425 1861 Westargowo,
3452 1787 3747 1856 ϐαίνει-ιιι.
3782 1783 3877 1839 line

2314 1897 2498 1945 autem
2525 1894 2705 1943 actum
2730 1895 2815 1941 est
2835 1900 2890 1940 ix
2916 1883 3034 1938 Kal.
3064 1881 3215 1948 Mai.,
3241 1882 3295 1937 in
3318 1888 3477 1951 prato
3500 1878 3571 1934 ad
3592 1877 3847 1946 lozinga.

2377 2020 2510 2079 CAP.
2561 2018 2743 2079 LXIII.
2769 2016 3208 2073 —Commntatia
3258 2015 3394 2068 inter
3440 2011 3831 2067 Ambridtonm

2759 2086 3058 2159 episcopum
3084 2096 3132 2141 et
3161 2084 3434 2140 Tatonem.

2386 2198 2444 2255 1n
2472 2196 2689 2253 nomine
2717 2195 2815 2253 Dei
2839 2194 3056 2252 summi.
3086 2192 3348 2250 Placitum
3377 2201 3542 2262 atque
3572 2197 3875 2246 conventum

2317 2291 2457 2349 inter
2482 2302 2607 2342 ven.
2643 2301 2732 2358 ep.
2772 2284 3192 2345 Ambricbonem
3236 2292 3294 2338 et
3338 2280 3633 2352 quemdam
3687 2277 3911 2332 ﬁdelem.

2317 2393 2496 2444 suum,
2531 2375 2750 2435 nomine
2787 2375 3071 2459 Taioncm,
3109 2373 3342 2429 nobilem
3385 2373 3558 2427 virum
3599 2380 3662 2426 ut
3694 2369 3877 2469 aliquas

2316 2484 2407 2525 res
2445 2468 2589 2523 inter
2623 2482 2683 2523 se
2725 2480 2824 2538 pro
2868 2449 3142 2522 communi
3190 2463 3421 2519 utilitate
3461 2469 3519 2517 et
3572 2459 3876 2531 compendio

2317 2564 2734 2614 cor-mutarent.
2771 2553 2927 2610 Dedit
2950 2553 3115 2625 igitur
3141 2552 3431 2623 praedictus
3450 2550 3615 2606 Tatto
3643 2551 3710 2605 de
3738 2548 3875 2603 rebus

2318 2648 2664 2721 proprietatis
2685 2661 2796 2702 sua:
2823 2645 3006 2701 uxoris
3027 2643 3095 2699 ad
3139 2642 3198 2699 S.
3229 2643 3715 2703 Emmerammnm,
3738 2640 3787 2694 id
3806 2649 3878 2692 est

2318 2739 2462 2794 inter
2493 2746 2695 2793 terram
2742 2734 3000 2791 arabilem
3039 2741 3096 2790 et
3139 2732 3329 2788 silvam
3357 2730 3766 2801 exstirpativam
3801 2726 3876 2796 jn—

2318 2845 2448 2902 gera
2487 2842 2574 2895 cn,
2606 2827 2826 2898 insuper
2851 2822 3142 2895 separatim
3182 2822 3372 2878 silvam
3398 2838 3415 2875 ι
3445 2821 3500 2876 ἱιι
3530 2820 3664 2875 villa
3693 2819 3872 2890 Perge;

2320 2931 2379 2977 ut
2406 2937 2437 2977 e
2466 2930 2653 2977 contra
2676 2919 2973 2991 praedictus
2993 2916 3287 2993 Ambricho
3308 2931 3433 2972 ven.
3455 2931 3540 2986 ep.
3574 2914 3697 2970 sive
3723 2928 3751 2968 a
3770 2926 3876 2982 rege

2318 3027 2440 3068 cum
2468 3019 2735 3082 prmeepto
2772 3008 2826 3068 in
2869 3007 3250 3079 proprietatem
3282 3006 3612 3075 acquireret.
3642 3002 3875 3074 quidquid

2321 3103 2395 3158 de
2417 3102 2531 3172 ipsa
2558 3108 2743 3157 sancta
2772 3114 2836 3155 ae
2866 3098 3121 3169 praedicta
3149 3096 3242 3153 Dei
3268 3097 3495 3153 ecclesia
3536 3096 3595 3151 in
3640 3092 3876 3151 beneﬁcio

640 3173 935 3232 advocatus
967 3192 1091 3231 cum
1119 3194 1383 3236 consensu
1422 3181 1658 3251 episcopi
1697 3181 1859 3251 juxta
1903 3185 2217 3254 praedictum
2245 3198 2290 3261 (ζ
2321 3199 2480 3247 antea
2506 3190 2708 3247 habere
2753 3188 3035 3244 videbatur
3085 3187 3154 3243 ad
3205 3184 3663 3257 Fatiragimuudi,
3692 3184 3742 3239 id
3765 3192 3873 3238 est:

639 3265 821 3322 vicum
850 3268 1071 3325 tradidit
1085 3266 1269 3326 eidem
1322 3271 1487 3327 nobili
1530 3272 1645 3329 viro
1685 3273 1874 3344 jugera
1901 3289 1983 3341 ιιι,
2012 3275 2065 3330 in
2095 3290 2223 3348 pro-
2323 3278 2625 3345 ecclesiam,
2656 3278 2724 3334 de
2752 3286 2895 3332 terra
2924 3276 3113 3333 arabili
3133 3274 3322 3348 jugera
3352 3291 3513 3342 uxr,
3540 3275 3615 3331 de
3642 3272 3876 3346 pratisad

644 3356 765 3427 prio
794 3357 1124 3416 habendum.
1146 3359 1380 3416 Proinde
1409 3375 1621 3432 quoque
1649 3363 1851 3433 placuit
1889 3364 2023 3421 duas
2054 3366 2219 3442 char-

630 3445 785 3531 tulas
820 3462 930 3504 uno
955 3457 1141 3506 tenore
1162 3450 1497 3522 conscriptas
1536 3452 1794 3509 exhibere
1833 3462 1893 3510 ut
1922 3455 2039 3513 bmc
2072 3471 2221 3512 com-

641 3538 870 3596 mutatio
892 3539 1102 3599 lirmior
1128 3542 1393 3601 habeatur
1418 3552 1474 3600 et
1497 3560 1527 3599 a
1559 3546 1790 3614 posteris
1818 3546 2008 3603 melius
2033 3547 2221 3604 creda-

641 3635 685 3682 t‘.
704 3642 751 3682 r.
789 3628 860 3684 Et
885 3630 976 3686 isti
1020 3640 1150 3689 sunt
1174 3641 1375 3690 testes:
1396 3633 1682 3701 Pernhart,
1708 3635 1942 3704 Dultiuc,
1967 3636 2217 3694 Antbelnt

637 3724 697 3774 et
725 3718 817 3774 alii
850 3721 1025 3777 inulti.

638 3833 768 3890 Car.
782 3835 1496 3915 LXi.—Connnntati¢z_i_n(er
1507 3840 1902 3899 Ambrichanem
1922 3843 2217 3915 episcopum

1228 3918 1279 3964 et
1316 3906 1620 3966 Richonem.

710 4016 769 4073 In
795 4018 1032 4092 antiquis
1061 4020 1585 4094 igitur'patres-qui
1622 4025 1845 4083 fuerunt
1884 4026 2217 4097 temporibus

638 4124 1024 4182 nonnunquam
1048 4128 1149 4185 pro
1173 4114 1498 4171 necessariis
1531 4115 1907 4189 cogitaverunt
1946 4132 2217 4174 commer-

636 4202 737 4271 ciis
767 4203 1102 4276 terrenisque
1126 4205 1446 4265 utilitatibus
1485 4208 1600 4266 suis
1637 4208 1868 4266 invicem
1893 4224 2213 4275 consensum

635 4295 940 4364 praebentes
960 4297 1325 4367 quarumlibet
1351 4314 1530 4357 rerum
1561 4299 1847 4360 facultates
1863 4302 2097 4360 vendere
2129 4303 2216 4360 vel

635 4399 974 4458 comparare,
1008 4388 1225 4449 tradere
1259 4398 1354 4446 aut
1381 4392 1545 4447 etiam
1577 4392 1722 4449 aliud
1754 4392 1809 4448 in
1854 4391 1998 4449 aliud
2040 4400 2214 4449 trans-

2320 3370 2579 3427 curradas
2611 3383 2730 3433 vnt,
2760 3368 2827 3422 de
2853 3366 2993 3423 silva
3016 3367 3205 3437 jugera
3246 3383 3304 3421 n.
3333 3365 3426 3421 Isti
3461 3374 3589 3420 sunt
3621 3379 3719 3434 per
3740 3375 3878 3417 aures

2323 3460 2480 3517 tracti
2512 3477 2527 3514 :
2573 3459 2822 3524 Arnmot,
2853 3454 3091 3522 Folerat,
3127 3455 3362 3522 Dultiuc,
3388 3449 3875 3522 'l‘evit,Cotaperbt,

2323 3551 2558 3618 Vulvilo,
2611 3546 2912 3615 Wicliram,
2941 3544 3096 3619 .Ogo,
3138 3548 3264 3613 Oto,
3305 3544 3592 3610 Waltunc,
3642 3542 3876 3603 θυι-υτ.

2320 3636 2586 3708 Fastmot,
2614 3641 2895 3707 Pereha'rt,
2932 3635 3257 3705 Geminum,
3285 3631 3517 3704 Humili,
3542 3638 3640 3707 qui
3663 3646 3718 3692 et
3744 3634 3876 3690 inre-

2320 3736 2529 3792 stiturae
2572 3731 2696 3787 ﬁdei
2746 3730 2928 3800 jussor
2977 3726 3318 3800 Waldperbt,
3363 3728 3618 3785 similiter
3654 3723 3874 3785 Gemib.

2319 3823 2568 3881 similiter
2586 3820 2813 3879 Gernod-
2848 3819 3021 3884 testis,
3050 3818 3265 3884 Pazrib,
3303 3817 3470 3882 lriuc,
3513 3815 3709 3879 Abrib,
3742 3812 3874 3868 Lint-

2318 3915 2497 3987 perltt,
2554 3911 2877 3983 Engilbelm,
2926 3909 3262 3980 Odalperbt,
3313 3901 3585 3979 Salagrim
3612 3947 3629 3973 ,
3683 3904 3874 3967 Fului.

2319 4004 2611 4069 Rodmunt,
2657 4001 2825 4059 Otker
2869 3995 3105 4065 Wisunt,
3150 3997 3417 4064 Hiitimot,
3455 3995 3701 4061 Lantrat,
3734 3991 3871 4049 Salo-

2316 4112 2467 4162 mon,
2495 4088 2844 4160 Durincbart,
2896 4091 3108 4157 Pillinc,
3154 4088 3393 4155 Samuel,
3432 4086 3672 4159 Ratpero
3707 4098 3875 4140 morta-

2316 4186 2472 4252 cbns,
2520 4183 2785 4241 Wolfram
2843 4181 3162 4246 monachus,
3216 4178 3451 4250 Adalger
3498 4174 3789 4233 monachus
3828 4180 3875 4225 ct

2319 4276 2563 4332 Wicbart
2595 4276 2877 4347 presbyter
2919 4269 3395 4330 commutationem
3436 4267 3667 4326 scrutati
3692 4270 3877 4321 suntet

2317 4369 2699 4443 probaverunt.

637 4484 862 4534 mutare.
900 4477 1054 4534 Unde
1076 4488 1134 4534 et
1175 4480 1415 4537 moderni
1460 4497 1804 4539 successores
1831 4481 2045 4538 illorum
2094 4483 2214 4537 imi-
2244 4533 2289 4550 η
2316 4483 2444 4539 Cu».
2472 4479 2731 4550 LXIV._—
2746 4477 3101 4550 Commutatio
3125 4472 3681 4550 imer_.4mbrichom
3701 4467 3873 4537 episco-

636 4572 812 4621 tantes
833 4565 1202 4624 institutiones
1230 4569 1475 4626 crebrius
1513 4570 1565 4626 id
1608 4571 1782 4640 ipsum
1810 4569 1990 4627 facere
2034 4568 2211 4628 solent

632 4670 735 4724 pro
759 4654 1001 4712 locorum
1029 4659 1414 4739 commoditate
1438 4675 1689 4717 arvorum
1718 4672 2101 4733 pratorumque
2122 4661 2214 4733 ju-

634 4758 762 4813 gera
788 4744 1036 4802 domibus
1065 4755 1121 4803 et
1153 4749 1573 4819 proprietatibus
1598 4751 1712 4807 suis
1736 4751 1915 4821 aptius
1950 4752 2212 4822 copulam

637 4843 717 4903 tes
735 4839 1158 4895 commutatione
1184 4843 1459 4898 concordi.
1486 4841 1598 4900 Hoc
1618 4844 1818 4900 etenim
1862 4860 1967 4902 non
1990 4853 2211 4917 praeter-

635 4925 899 4983 miserunt
937 4927 1233 4985 Ambriclto
1260 4930 1467 4987 electus
1489 4933 1580 4989 Dei
1623 4933 1883 5005 pontifex,
1909 4946 1964 4991 et
1990 4937 2210 5007 quidam

635 5014 842 5072 nobiles
871 5016 971 5073 viri
1006 5018 1184 5076 Ribbo
1206 5033 1435 5092 ejusque
1478 5021 1622 5079 illius
1664 5022 1851 5093 Freso,
1881 5025 1975 5083 sed
1999 5023 2214 5082 illorum

634 5120 898 5179 consensu
925 5112 1040 5167 luce
1067 5112 1404 5184 subsequens
1432 5116 1783 5172 commutatio
1831 5120 2214 5176 convenienter

634 5203 852 5263 peracta
877 5208 982 5254 est.
1022 5200 1385 5260 Tradiderunt
1411 5204 1706 5275 supradicti
1742 5204 1950 5264 nobiles
1977 5208 2043 5262 ad
2087 5223 2210 5267 san-

634 5290 783 5338 ctum
814 5284 908 5342 Dei
958 5288 1418 5348 Emmerammum
1468 5293 1520 5349 iu
1568 5310 1785 5351 manum
1830 5297 2211 5356 Ambricltonis

633 5389 758 5437 ven.
790 5389 878 5446 ep.
907 5386 961 5432 et
987 5380 1229 5438 advocati
1260 5383 1379 5454 ejus
1414 5384 1634 5441 Helfrici
1665 5387 1717 5441 in
1748 5386 1867 5443 loco
1903 5400 2211 5461 nuncupato

629 5462 827 5535 Atinga
849 5481 1032 5522 casa-tu
1057 5483 1180 5527 cum
1202 5483 1355 5528 curte
1370 5489 1434 5530 ac
1454 5475 1645 5546 jugera
1668 5492 1814 5531 uvn
1847 5476 1948 5533 hac
1968 5478 2206 5544 ratione;

637 5562 699 5608 ut
723 5553 777 5627 si!
791 5553 915 5625 quis
943 5555 1048 5612 hoc
1078 5559 1347 5617 resolvere
1368 5563 1644 5631 voluisset,
1668 5574 1940 5636 quatenus
1983 5566 2061 5631 5.,
2085 5568 2204 5624 Em-

635 5659 967 5703 meramrnus
992 5665 1145 5704 suum
1171 5653 1458 5720 obtineret,
1489 5668 1539 5711 ct
1564 5657 1637 5711 illi
1658 5657 1864 5714 nobiles
1893 5675 2045 5715 suum
2070 5662 2205 5716 reci-

636 5746 846 5803 perent.
884 5739 923 5794 E
951 5751 1136 5809 contra
1174 5761 1315 5815 same
1351 5744 1747 5815 dictus—pr:qu
1791 5759 1948 5818 atque
1984 5753 2209 5809 advoca-

1806 6004 1839 6022 κ

2243 4533 2292 4594 υ

2691 4565 2818 4618 pum
2843 4559 2892 4603 et
2925 4545 3203 4602 Altoldum.
3219 4545 3522 4598 diaconum.

2320 4664 2325 4671 ’
2384 4661 2636 4719 Perutilis
2662 4677 2727 4717 ac
2756 4660 2978 4715 nimium
3011 4657 3286 4713 fructuosa
3313 4653 3441 4709 olint
3479 4644 3624 4707 inter
3645 4645 3867 4704 homines

2325 4752 2658 4811 consuetudo
2683 4753 2982 4808 inolescere
3028 4748 3256 4804 initiavit
3284 4742 3651 4802 commutandi
3690 4738 3869 4796 scilicet

2313 4859 2414 4914 pro
2461 4844 2745 4901 ambarum
2791 4834 3174 4898 commoditate
3218 4837 3450 4925 partium
3479 4831 3756 4925 quaslibet
3800 4842 3869 4879 res

2315 4934 2429 4989 sive
2465 4932 2836 4989 baereditatum
2866 4944 3097 5001 quoque,
3138 4943 3233 4984 seu
3264 4923 3650 5011 beneﬁciorum
3686 4927 3775 4973 aut
3790 4932 3869 5011 ac.

2322 5023 2625 5079 cedentium
2700 5020 3109 5092 pnoprietatum.
3169 5008 3462 5087 Propterea
3514 5027 3646 5069 vero
3694 5006 3868 5080 placuit

2319 5113 2533 5169 cuidam
2568 5110 2934 5169 ecclesiastico
2966 5110 3225 5172 diacono,
3259 5103 3742 5163 videlicet'Altoldo
3777 5108 3867 5152 tra-

2320 5203 2448 5259 dere
2471 5202 2661 5272 jugera
2692 5202 2849 5257 terra:
2887 5199 3106 5256 ambitis
3130 5198 3231 5253 tria
3255 5197 3323 5252 ad
3352 5204 3599 5251 sanctum
3620 5190 3719 5247 Dei
3739 5203 3861 5244 nul»
3978 5200 3979 5273 1

2319 5302 2490 5365 tyrcm
2515 5293 2973 5348 Emmerammum
2995 5288 3233 5363 jacentia
3259 5287 3311 5343 in
3333 5285 3557 5358 planitie
3581 5290 3862 5351 camporum

2312 5384 2466 5454 juxta
2493 5382 2668 5438 vicum
2709 5382 2798 5453 qui
2828 5381 3028 5437 dicitur
3062 5381 3259 5451 Atinga
3292 5379 3344 5433 in
3386 5390 3613 5467 manum
3626 5388 3746 5467 ven.

2318 5473 2694 5531 Ambrtcbonis
2724 5471 2950 5542 ejusque
2992 5470 3262 5536 advdcati,
3296 5467 3526 5525 ‘nomine
3554 5465 3858 5521 Wicrammi.

2322 5564 2491 5619 Porro
2515 5579 2546 5620 e
2576 5571 2766 5620 contra
2798 5563 2911 5632 ipse
2937 5561 3228 5619 advocatus
3252 5574 3374 5616 cum
3402 5557 3616 5613 licentia
3645 5552 3858 5643 praedicti

2322 5657 2580 5712 antistitis
2610 5655 2829 5711 tradidit
2865 5654 3037 5710 eidem
3068 5642 3233 5708 nobili
3277 5650 3480 5707 Altolto
3506 5641 3705 5719 jugera
3730 5660 3764 5699 ιι
3807 5641 3861 5695 de

2322 5748 2479 5806 rebus
2506 5748 2563 5805 S.
2590 5739 3014 5803 'Emtueratnnzi.
3075 5744 3315 5800 Tcstium
3373 5748 3562 5812 nempe
3606 5754 3693 5809 qui
3740 5736 3856 5791 idem
