  <div class='ocr_page' id='page_1' title='image "/cluster/home/n/w/nwhite01/storage/ocr_20150623/129/hvd.32044015471709/470.png"; bbox 0 0 4012 6300; ppageno 0'>
   <div class='ocr_carea' id='block_1_1' title="bbox 109 339 217 395">
    <p class='ocr_par' dir='ltr' id='par_1_1' title="bbox 109 339 217 395">
     <span class='ocr_line' id='line_1_1' title="bbox 109 339 217 395; baseline -0.009 0"><span class='ocrx_word' id='word_1_1' title='bbox 109 339 217 395; x_wconf 60' lang='lat'><strong>929</strong></span> 
     </span>
    </p>
   </div>
   <div class='ocr_carea' id='block_1_2' title="bbox 997 337 2494 398">
    <p class='ocr_par' dir='ltr' id='par_1_2' title="bbox 997 337 2494 398">
     <span class='ocr_line' id='line_1_2' title="bbox 997 337 2494 398; baseline 0.003 -6"><span class='ocrx_word' id='word_1_2' title='bbox 997 338 1455 394; x_wconf 73' lang='lat' dir='ltr'><strong>TR.\DITIONES</strong></span> <span class='ocrx_word' id='word_1_3' title='bbox 1493 337 2132 396; x_wconf 71' lang='lat' dir='ltr'><strong>EMMERAMMENSES.</strong></span> <span class='ocrx_word' id='word_1_4' title='bbox 2177 357 2244 381; x_wconf 69' lang='lat'><strong>——‘</strong></span> <span class='ocrx_word' id='word_1_5' title='bbox 2285 343 2410 398; x_wconf 80' lang='lat' dir='ltr'><strong>LIB.</strong></span> <span class='ocrx_word' id='word_1_6' title='bbox 2457 344 2494 398; x_wconf 93' lang='lat' dir='ltr'><strong>l.</strong></span> 
     </span>
    </p>
   </div>
   <div class='ocr_carea' id='block_1_3' title="bbox 3270 353 3374 408">
    <p class='ocr_par' dir='ltr' id='par_1_3' title="bbox 3270 353 3374 408">
     <span class='ocr_line' id='line_1_3' title="bbox 3270 353 3374 408; baseline 0 0"><span class='ocrx_word' id='word_1_7' title='bbox 3270 353 3374 408; x_wconf 62' lang='lat'><strong>950</strong></span> 
     </span>
    </p>
   </div>
   <div class='ocr_carea' id='block_1_4' title="bbox 112 449 3372 526">
    <p class='ocr_par' dir='ltr' id='par_1_4' title="bbox 112 449 3372 526">
     <span class='ocr_line' id='line_1_4' title="bbox 112 449 3372 526; baseline 0.005 -22"><span class='ocrx_word' id='word_1_8' title='bbox 112 451 452 506; x_wconf 46' lang='lat' dir='ltr'><strong>trstiﬁcaturi</strong></span> <span class='ocrx_word' id='word_1_9' title='bbox 504 458 649 515; x_wconf 84' lang='lat' dir='ltr'><strong>sunt,</strong></span> <span class='ocrx_word' id='word_1_10' title='bbox 695 449 907 504; x_wconf 87' lang='lat' dir='ltr'><strong>nomina</strong></span> <span class='ocrx_word' id='word_1_11' title='bbox 963 451 1390 518; x_wconf 84' lang='lat' dir='ltr'><strong>subsequtmtur;</strong></span> <span class='ocrx_word' id='word_1_12' title='bbox 1448 450 1500 504; x_wconf 90' lang='lat' dir='ltr'><strong>id</strong></span> <span class='ocrx_word' id='word_1_13' title='bbox 1553 459 1638 504; x_wconf 90' lang='lat' dir='ltr'><strong>est</strong></span> <span class='ocrx_word' id='word_1_14' title='bbox 1680 457 1772 512; x_wconf 75' lang='lat' dir='ltr'><strong>:A</strong></span> <span class='ocrx_word' id='word_1_15' title='bbox 1801 452 1975 507; x_wconf 87' lang='lat' dir='ltr'><strong>turico</strong></span> <span class='ocrx_word' id='word_1_16' title='bbox 2018 455 2272 524; x_wconf 85' lang='lat' dir='ltr'><strong>episcopo</strong></span> <span class='ocrx_word' id='word_1_17' title='bbox 2297 465 2353 508; x_wconf 90' lang='lat' dir='ltr'><strong>et</strong></span> <span class='ocrx_word' id='word_1_18' title='bbox 2401 458 2659 510; x_wconf 86' lang='lat' dir='ltr'><strong>advocato</strong></span> <span class='ocrx_word' id='word_1_19' title='bbox 2709 456 2825 526; x_wconf 85' lang='lat' dir='ltr'><strong>ejus</strong></span> <span class='ocrx_word' id='word_1_20' title='bbox 2854 457 3096 525; x_wconf 87' lang='lat' dir='ltr'><strong>Immoui,</strong></span> <span class='ocrx_word' id='word_1_21' title='bbox 3147 472 3202 516; x_wconf 88' lang='lat' dir='ltr'><strong>et</strong></span> <span class='ocrx_word' id='word_1_22' title='bbox 3231 464 3372 518; x_wconf 82' lang='lat' dir='ltr'><strong>idem</strong></span> 
     </span>
    </p>
   </div>
   <div class='ocr_carea' id='block_1_5' title="bbox 111 541 1693 613">
    <p class='ocr_par' dir='ltr' id='par_1_5' title="bbox 111 541 1693 613">
     <span class='ocr_line' id='line_1_5' title="bbox 111 541 1693 613; baseline -0.001 -17"><span class='ocrx_word' id='word_1_23' title='bbox 111 542 705 613; x_wconf 36' lang='lat' dir='ltr'><strong>Ililtimar,‘Gerperht,</strong></span> <span class='ocrx_word' id='word_1_24' title='bbox 756 545 1029 607; x_wconf 84' lang='lat' dir='ltr'><strong>Deotmar,</strong></span> <span class='ocrx_word' id='word_1_25' title='bbox 1065 543 1222 607; x_wconf 87' lang='lat' dir='ltr'><strong>lrinc,</strong></span> <span class='ocrx_word' id='word_1_26' title='bbox 1259 542 1460 606; x_wconf 80' lang='lat' dir='ltr'><strong>Nanzo,</strong></span> <span class='ocrx_word' id='word_1_27' title='bbox 1514 541 1693 612; x_wconf 80' lang='lat' dir='ltr'><strong>Engil-</strong></span> 
     </span>
    </p>
   </div>
   <div class='ocr_carea' id='block_1_6' title="bbox 109 635 892 704">
    <p class='ocr_par' dir='ltr' id='par_1_6' title="bbox 109 635 892 704">
     <span class='ocr_line' id='line_1_6' title="bbox 109 635 892 704; baseline 0 -14"><span class='ocrx_word' id='word_1_28' title='bbox 109 638 278 698; x_wconf 84' lang='grc'><strong>1101111,</strong></span> <span class='ocrx_word' id='word_1_29' title='bbox 307 636 596 704; x_wconf 82' lang='lat' dir='ltr'><strong>Cozperht,</strong></span> <span class='ocrx_word' id='word_1_30' title='bbox 625 635 892 690; x_wconf 83' lang='lat' dir='ltr'><strong>Adalboh.</strong></span> 
     </span>
    </p>
   </div>
   <div class='ocr_carea' id='block_1_7' title="bbox 106 744 1688 813">
    <p class='ocr_par' dir='ltr' id='par_1_7' title="bbox 106 744 1688 813">
     <span class='ocr_line' id='line_1_7' title="bbox 106 744 1688 813; baseline 0.001 -17"><span class='ocrx_word' id='word_1_31' title='bbox 106 748 239 800; x_wconf 66' lang='lat' dir='ltr'><strong>tiu».</strong></span> <span class='ocrx_word' id='word_1_32' title='bbox 281 744 440 802; x_wconf 76' lang='lat' dir='ltr'><strong>LXV.</strong></span> <span class='ocrx_word' id='word_1_33' title='bbox 467 775 539 784; x_wconf 90' lang='lat'><strong>—</strong></span> <span class='ocrx_word' id='word_1_34' title='bbox 563 746 910 800; x_wconf 77' lang='lat' dir='ltr'><strong>Commutatio</strong></span> <span class='ocrx_word' id='word_1_35' title='bbox 967 747 1102 800; x_wconf 81' lang='lat' dir='ltr'><strong>inter</strong></span> <span class='ocrx_word' id='word_1_36' title='bbox 1137 745 1535 799; x_wconf 79' lang='lat' dir='ltr'><strong>Ambrichonem</strong></span> <span class='ocrx_word' id='word_1_37' title='bbox 1576 744 1688 813; x_wconf 86' lang='lat' dir='ltr'><strong>epi-</strong></span> 
     </span>
    </p>
   </div>
   <div class='ocr_carea' id='block_1_8' title="bbox 562 814 1256 887">
    <p class='ocr_par' dir='ltr' id='par_1_8' title="bbox 562 814 1256 887">
     <span class='ocr_line' id='line_1_8' title="bbox 562 814 1256 887; baseline -0.001 -17"><span class='ocrx_word' id='word_1_38' title='bbox 562 832 773 884; x_wconf 79' lang='lat' dir='ltr'><strong>scopum</strong></span> <span class='ocrx_word' id='word_1_39' title='bbox 799 827 846 870; x_wconf 87' lang='lat' dir='ltr'><strong>et</strong></span> <span class='ocrx_word' id='word_1_40' title='bbox 869 814 1256 887; x_wconf 83' lang='lat' dir='ltr'><strong>Ellinpurgam.</strong></span> 
     </span>
    </p>
   </div>
   <div class='ocr_carea' id='block_1_9' title="bbox 169 926 1701 984">
    <p class='ocr_par' dir='ltr' id='par_1_9' title="bbox 169 926 1701 984">
     <span class='ocr_line' id='line_1_9' title="bbox 169 926 1701 984; baseline 0.001 -4"><span class='ocrx_word' id='word_1_41' title='bbox 169 927 236 980; x_wconf 68' lang='lat' dir='ltr'><strong>In</strong></span> <span class='ocrx_word' id='word_1_42' title='bbox 267 927 482 982; x_wconf 86' lang='lat' dir='ltr'><strong>nomine</strong></span> <span class='ocrx_word' id='word_1_43' title='bbox 527 929 722 982; x_wconf 88' lang='lat' dir='ltr'><strong>summi</strong></span> <span class='ocrx_word' id='word_1_44' title='bbox 772 939 827 982; x_wconf 93' lang='lat' dir='ltr'><strong>et</strong></span> <span class='ocrx_word' id='word_1_45' title='bbox 867 927 1053 982; x_wconf 84' lang='lat' dir='ltr'><strong>:eterni</strong></span> <span class='ocrx_word' id='word_1_46' title='bbox 1102 928 1216 983; x_wconf 87' lang='lat' dir='ltr'><strong>Dei.</strong></span> <span class='ocrx_word' id='word_1_47' title='bbox 1247 926 1508 984; x_wconf 85' lang='lat' dir='ltr'><strong>Convenit</strong></span> <span class='ocrx_word' id='word_1_48' title='bbox 1557 928 1701 982; x_wconf 87' lang='lat' dir='ltr'><strong>inter</strong></span> 
     </span>
    </p>
   </div>
   <div class='ocr_carea' id='block_1_10' title="bbox 104 1017 1690 1089">
    <p class='ocr_par' dir='ltr' id='par_1_10' title="bbox 104 1017 1690 1089">
     <span class='ocr_line' id='line_1_10' title="bbox 104 1017 1690 1089; baseline 0.001 -20"><span class='ocrx_word' id='word_1_49' title='bbox 104 1033 232 1072; x_wconf 80' lang='lat' dir='ltr'><strong>ven.</strong></span> <span class='ocrx_word' id='word_1_50' title='bbox 263 1019 438 1072; x_wconf 84' lang='lat' dir='ltr'><strong>virum</strong></span> <span class='ocrx_word' id='word_1_51' title='bbox 466 1017 882 1074; x_wconf 81' lang='lat' dir='ltr'><strong>Ambrichouem</strong></span> <span class='ocrx_word' id='word_1_52' title='bbox 909 1034 996 1089; x_wconf 89' lang='lat' dir='ltr'><strong>ep.</strong></span> <span class='ocrx_word' id='word_1_53' title='bbox 1026 1028 1079 1074; x_wconf 91' lang='lat' dir='ltr'><strong>et</strong></span> <span class='ocrx_word' id='word_1_54' title='bbox 1108 1018 1395 1089; x_wconf 77' lang='lat' dir='ltr'><strong>quamdam</strong></span> <span class='ocrx_word' id='word_1_55' title='bbox 1417 1018 1690 1082; x_wconf 79' lang='lat' dir='ltr'><strong>feminam,</strong></span> 
     </span>
    </p>
   </div>
   <div class='ocr_carea' id='block_1_11' title="bbox 106 1110 1691 1181">
    <p class='ocr_par' dir='ltr' id='par_1_11' title="bbox 106 1110 1691 1181">
     <span class='ocr_line' id='line_1_11' title="bbox 106 1110 1691 1181; baseline -0.001 -18"><span class='ocrx_word' id='word_1_56' title='bbox 106 1111 330 1165; x_wconf 85' lang='lat' dir='ltr'><strong>nomine</strong></span> <span class='ocrx_word' id='word_1_57' title='bbox 374 1110 678 1181; x_wconf 87' lang='lat' dir='ltr'><strong>Ellanpurc.</strong></span> <span class='ocrx_word' id='word_1_58' title='bbox 730 1111 796 1166; x_wconf 88' lang='lat' dir='ltr'><strong>de</strong></span> <span class='ocrx_word' id='word_1_59' title='bbox 846 1111 1337 1166; x_wconf 80' lang='lat' dir='ltr'><strong>commutabilitate</strong></span> <span class='ocrx_word' id='word_1_60' title='bbox 1391 1111 1691 1178; x_wconf 77' lang='lat' dir='ltr'><strong>aliquarum</strong></span> 
     </span>
    </p>
   </div>
   <div class='ocr_carea' id='block_1_12' title="bbox 106 1200 1695 1272">
    <p class='ocr_par' dir='ltr' id='par_1_12' title="bbox 106 1200 1695 1272">
     <span class='ocr_line' id='line_1_12' title="bbox 106 1200 1695 1272; baseline 0.001 -20"><span class='ocrx_word' id='word_1_61' title='bbox 106 1215 315 1264; x_wconf 63' lang='lat' dir='ltr'><strong>rerum,</strong></span> <span class='ocrx_word' id='word_1_62' title='bbox 347 1201 565 1271; x_wconf 88' lang='lat' dir='ltr'><strong>quodet</strong></span> <span class='ocrx_word' id='word_1_63' title='bbox 599 1203 669 1255; x_wconf 81' lang='lat' dir='ltr'><strong>ita</strong></span> <span class='ocrx_word' id='word_1_64' title='bbox 701 1200 960 1256; x_wconf 83' lang='lat' dir='ltr'><strong>fecerunt.</strong></span> <span class='ocrx_word' id='word_1_65' title='bbox 991 1202 1230 1256; x_wconf 82' lang='lat' dir='ltr'><strong>Tradidit</strong></span> <span class='ocrx_word' id='word_1_66' title='bbox 1260 1201 1480 1272; x_wconf 72' lang='lat' dir='ltr'><strong>praefata</strong></span> <span class='ocrx_word' id='word_1_67' title='bbox 1513 1201 1695 1256; x_wconf 69' lang='grc'><strong>13111111-</strong></span> 
     </span>
    </p>
   </div>
   <div class='ocr_carea' id='block_1_13' title="bbox 101 1287 1696 1358">
    <p class='ocr_par' dir='ltr' id='par_1_13' title="bbox 101 1287 1696 1358">
     <span class='ocr_line' id='line_1_13' title="bbox 101 1287 1696 1358; baseline 0.003 -18"><span class='ocrx_word' id='word_1_68' title='bbox 101 1303 243 1356; x_wconf 88' lang='lat' dir='ltr'><strong>pure</strong></span> <span class='ocrx_word' id='word_1_69' title='bbox 261 1299 317 1343; x_wconf 90' lang='lat' dir='ltr'><strong>et</strong></span> <span class='ocrx_word' id='word_1_70' title='bbox 341 1289 632 1344; x_wconf 90' lang='lat' dir='ltr'><strong>advocatus</strong></span> <span class='ocrx_word' id='word_1_71' title='bbox 656 1288 772 1358; x_wconf 89' lang='lat' dir='ltr'><strong>ejus</strong></span> <span class='ocrx_word' id='word_1_72' title='bbox 796 1287 1010 1344; x_wconf 86' lang='lat' dir='ltr'><strong>nomine</strong></span> <span class='ocrx_word' id='word_1_73' title='bbox 1058 1289 1270 1345; x_wconf 85' lang='lat' dir='ltr'><strong>Folerat</strong></span> <span class='ocrx_word' id='word_1_74' title='bbox 1299 1291 1365 1344; x_wconf 90' lang='lat' dir='ltr'><strong>ad</strong></span> <span class='ocrx_word' id='word_1_75' title='bbox 1392 1291 1450 1344; x_wconf 90' lang='grc'>8.</span> <span class='ocrx_word' id='word_1_76' title='bbox 1483 1290 1696 1344; x_wconf 82' lang='grc' dir='ltr'><strong>Ε1111110-</strong></span> 
     </span>
    </p>
   </div>
   <div class='ocr_carea' id='block_1_14' title="bbox 103 1378 1696 1452">
    <p class='ocr_par' dir='ltr' id='par_1_14' title="bbox 103 1378 1696 1452">
     <span class='ocr_line' id='line_1_14' title="bbox 103 1378 1696 1452; baseline 0.003 -22"><span class='ocrx_word' id='word_1_77' title='bbox 103 1393 375 1432; x_wconf 88' lang='lat' dir='ltr'><strong>rammnm</strong></span> <span class='ocrx_word' id='word_1_78' title='bbox 397 1378 464 1433; x_wconf 90' lang='lat' dir='ltr'><strong>de</strong></span> <span class='ocrx_word' id='word_1_79' title='bbox 489 1389 628 1434; x_wconf 91' lang='lat' dir='ltr'><strong>terra</strong></span> <span class='ocrx_word' id='word_1_80' title='bbox 655 1380 845 1436; x_wconf 88' lang='lat' dir='ltr'><strong>arabili</strong></span> <span class='ocrx_word' id='word_1_81' title='bbox 863 1378 1051 1452; x_wconf 81' lang='lat' dir='ltr'><strong>jugera</strong></span> <span class='ocrx_word' id='word_1_82' title='bbox 1085 1397 1122 1435; x_wconf 90' lang='grc' dir='ltr'><strong>ιι</strong></span> <span class='ocrx_word' id='word_1_83' title='bbox 1155 1381 1207 1435; x_wconf 91' lang='grc'><strong>111</strong></span> <span class='ocrx_word' id='word_1_84' title='bbox 1240 1381 1357 1436; x_wconf 88' lang='grc'><strong>1000</strong></span> <span class='ocrx_word' id='word_1_85' title='bbox 1382 1382 1472 1450; x_wconf 89' lang='lat' dir='ltr'><strong>qui</strong></span> <span class='ocrx_word' id='word_1_86' title='bbox 1501 1381 1696 1436; x_wconf 92' lang='lat' dir='ltr'><strong>dicitur</strong></span> 
     </span>
    </p>
   </div>
   <div class='ocr_carea' id='block_1_15' title="bbox 101 1465 1695 1527">
    <p class='ocr_par' dir='ltr' id='par_1_15' title="bbox 101 1465 1695 1527">
     <span class='ocr_line' id='line_1_15' title="bbox 101 1465 1695 1527; baseline 0.003 -7"><span class='ocrx_word' id='word_1_87' title='bbox 101 1465 524 1523; x_wconf 75' lang='lat' dir='ltr'><strong>Ilurcilashaha.</strong></span> <span class='ocrx_word' id='word_1_88' title='bbox 547 1470 621 1523; x_wconf 86' lang='grc' dir='ltr'><strong>-Ει</strong></span> <span class='ocrx_word' id='word_1_89' title='bbox 646 1485 679 1524; x_wconf 92' lang='grc'><strong>0</strong></span> <span class='ocrx_word' id='word_1_90' title='bbox 701 1479 900 1526; x_wconf 84' lang='lat' dir='ltr'><strong>contra</strong></span> <span class='ocrx_word' id='word_1_91' title='bbox 935 1471 1173 1525; x_wconf 71' lang='lat' dir='ltr'><strong>&quot;t-ra’didit</strong></span> <span class='ocrx_word' id='word_1_92' title='bbox 1218 1471 1434 1526; x_wconf 78' lang='grc' dir='ltr'><strong>1101111οτ</strong></span> <span class='ocrx_word' id='word_1_93' title='bbox 1465 1473 1695 1527; x_wconf 88' lang='lat' dir='ltr'><strong>advoca-</strong></span> 
     </span>
    </p>
   </div>
   <div class='ocr_carea' id='block_1_16' title="bbox 103 1559 1694 1634">
    <p class='ocr_par' dir='ltr' id='par_1_16' title="bbox 103 1559 1694 1634">
     <span class='ocr_line' id='line_1_16' title="bbox 103 1559 1694 1634; baseline 0.006 -24"><span class='ocrx_word' id='word_1_94' title='bbox 103 1569 194 1614; x_wconf 73' lang='lat' dir='ltr'><strong>tus</strong></span> <span class='ocrx_word' id='word_1_95' title='bbox 215 1559 278 1614; x_wconf 83' lang='lat'><strong>6.</strong></span> <span class='ocrx_word' id='word_1_96' title='bbox 315 1559 698 1616; x_wconf 82' lang='lat' dir='ltr'><strong>Emmerammi</strong></span> <span class='ocrx_word' id='word_1_97' title='bbox 743 1560 858 1633; x_wconf 88' lang='lat' dir='ltr'><strong>jug.</strong></span> <span class='ocrx_word' id='word_1_98' title='bbox 883 1579 938 1627; x_wconf 93' lang='grc'><strong>-1,</strong></span> <span class='ocrx_word' id='word_1_99' title='bbox 969 1562 1308 1634; x_wconf 67' lang='grc' dir='ltr'><strong>Ε1ιιιηνυ1εεο</strong></span> <span class='ocrx_word' id='word_1_100' title='bbox 1337 1571 1391 1617; x_wconf 86' lang='grc'><strong>01</strong></span> <span class='ocrx_word' id='word_1_101' title='bbox 1437 1564 1694 1619; x_wconf 86' lang='lat' dir='ltr'><strong>advocato</strong></span> 
     </span>
    </p>
   </div>
   <div class='ocr_carea' id='block_1_17' title="bbox 99 1651 1692 1724">
    <p class='ocr_par' dir='ltr' id='par_1_17' title="bbox 99 1651 1692 1724">
     <span class='ocr_line' id='line_1_17' title="bbox 99 1651 1692 1724; baseline 0.004 -21"><span class='ocrx_word' id='word_1_102' title='bbox 99 1651 224 1718; x_wconf 80' lang='lat' dir='ltr'><strong>ojns</strong></span> <span class='ocrx_word' id='word_1_103' title='bbox 262 1668 384 1708; x_wconf 85' lang='lat' dir='ltr'><strong>cum</strong></span> <span class='ocrx_word' id='word_1_104' title='bbox 409 1669 675 1709; x_wconf 87' lang='lat' dir='ltr'><strong>consensu</strong></span> <span class='ocrx_word' id='word_1_105' title='bbox 709 1655 998 1710; x_wconf 80' lang='lat' dir='ltr'><strong>venerandi</strong></span> <span class='ocrx_word' id='word_1_106' title='bbox 1031 1655 1290 1724; x_wconf 87' lang='lat' dir='ltr'><strong>episcopi,</strong></span> <span class='ocrx_word' id='word_1_107' title='bbox 1319 1663 1372 1708; x_wconf 91' lang='lat' dir='ltr'><strong>et</strong></span> <span class='ocrx_word' id='word_1_108' title='bbox 1402 1656 1692 1710; x_wconf 88' lang='lat' dir='ltr'><strong>monacho-</strong></span> 
     </span>
    </p>
   </div>
   <div class='ocr_carea' id='block_1_18' title="bbox 103 1744 1687 1815">
    <p class='ocr_par' dir='ltr' id='par_1_18' title="bbox 103 1744 1687 1815">
     <span class='ocr_line' id='line_1_18' title="bbox 103 1744 1687 1815; baseline 0.001 -18"><span class='ocrx_word' id='word_1_109' title='bbox 103 1759 228 1797; x_wconf 72' lang='lat' dir='ltr'><strong>rum</strong></span> <span class='ocrx_word' id='word_1_110' title='bbox 260 1753 315 1798; x_wconf 89' lang='lat' dir='ltr'><strong>et</strong></span> <span class='ocrx_word' id='word_1_111' title='bbox 349 1745 510 1799; x_wconf 90' lang='lat' dir='ltr'><strong>totius</strong></span> <span class='ocrx_word' id='word_1_112' title='bbox 565 1744 780 1800; x_wconf 68' lang='lat' dir='ltr'><strong>familiae</strong></span> <span class='ocrx_word' id='word_1_113' title='bbox 829 1747 881 1799; x_wconf 93' lang='lat' dir='ltr'><strong>in</strong></span> <span class='ocrx_word' id='word_1_114' title='bbox 935 1747 1050 1815; x_wconf 89' lang='lat' dir='ltr'><strong>ipso</strong></span> <span class='ocrx_word' id='word_1_115' title='bbox 1097 1745 1406 1815; x_wconf 85' lang='lat' dir='ltr'><strong>supradicto</strong></span> <span class='ocrx_word' id='word_1_116' title='bbox 1453 1746 1570 1801; x_wconf 87' lang='lat' dir='ltr'><strong>loco</strong></span> <span class='ocrx_word' id='word_1_117' title='bbox 1621 1745 1687 1799; x_wconf 92' lang='lat' dir='ltr'><strong>ad</strong></span> 
     </span>
    </p>
   </div>
   <div class='ocr_carea' id='block_1_19' title="bbox 103 1836 1691 1902">
    <p class='ocr_par' dir='ltr' id='par_1_19' title="bbox 103 1836 1691 1902">
     <span class='ocr_line' id='line_1_19' title="bbox 103 1836 1691 1902; baseline 0.001 -12"><span class='ocrx_word' id='word_1_118' title='bbox 103 1836 526 1902; x_wconf 68' lang='lat' dir='ltr'><strong>Ilurcilashaha,</strong></span> <span class='ocrx_word' id='word_1_119' title='bbox 555 1853 618 1892; x_wconf 86' lang='lat' dir='ltr'><strong>ac</strong></span> <span class='ocrx_word' id='word_1_120' title='bbox 640 1837 872 1892; x_wconf 86' lang='lat' dir='ltr'><strong>ﬁrmavit</strong></span> <span class='ocrx_word' id='word_1_121' title='bbox 901 1853 1022 1893; x_wconf 89' lang='lat' dir='ltr'><strong>eum</strong></span> <span class='ocrx_word' id='word_1_122' title='bbox 1054 1839 1298 1892; x_wconf 91' lang='lat' dir='ltr'><strong>testibus.</strong></span> <span class='ocrx_word' id='word_1_123' title='bbox 1321 1837 1518 1892; x_wconf 88' lang='grc'><strong>110111111</strong></span> <span class='ocrx_word' id='word_1_124' title='bbox 1550 1836 1691 1892; x_wconf 88' lang='lat' dir='ltr'><strong>fece-</strong></span> 
     </span>
    </p>
   </div>
   <div class='ocr_carea' id='block_1_20' title="bbox 101 1928 1691 1999">
    <p class='ocr_par' dir='ltr' id='par_1_20' title="bbox 101 1928 1691 1999">
     <span class='ocr_line' id='line_1_20' title="bbox 101 1928 1691 1999; baseline 0.002 -19"><span class='ocrx_word' id='word_1_125' title='bbox 101 1937 232 1982; x_wconf 70' lang='lat' dir='ltr'><strong>runt</strong></span> <span class='ocrx_word' id='word_1_126' title='bbox 260 1928 636 1983; x_wconf 89' lang='lat' dir='ltr'><strong>concambium</strong></span> <span class='ocrx_word' id='word_1_127' title='bbox 668 1931 719 1984; x_wconf 92' lang='lat' dir='ltr'><strong>in</strong></span> <span class='ocrx_word' id='word_1_128' title='bbox 752 1929 962 1999; x_wconf 80' lang='lat' dir='ltr'><strong>placito</strong></span> <span class='ocrx_word' id='word_1_129' title='bbox 992 1944 1173 1984; x_wconf 87' lang='lat' dir='ltr'><strong>coram</strong></span> <span class='ocrx_word' id='word_1_130' title='bbox 1204 1928 1399 1998; x_wconf 85' lang='lat' dir='ltr'><strong>popqu</strong></span> <span class='ocrx_word' id='word_1_131' title='bbox 1427 1939 1691 1997; x_wconf 72' lang='grc'><strong>111-10801110</strong></span> 
     </span>
    </p>
   </div>
   <div class='ocr_carea' id='block_1_21' title="bbox 100 2017 1688 2090">
    <p class='ocr_par' dir='ltr' id='par_1_21' title="bbox 100 2017 1688 2090">
     <span class='ocr_line' id='line_1_21' title="bbox 100 2017 1688 2090; baseline 0.001 -19"><span class='ocrx_word' id='word_1_132' title='bbox 100 2017 357 2083; x_wconf 86' lang='grc'><strong>011101111,</strong></span> <span class='ocrx_word' id='word_1_133' title='bbox 427 2018 641 2089; x_wconf 77' lang='lat' dir='ltr'><strong>Wagn,</strong></span> <span class='ocrx_word' id='word_1_134' title='bbox 717 2019 998 2083; x_wconf 88' lang='lat' dir='ltr'><strong>Pirihtilo,</strong></span> <span class='ocrx_word' id='word_1_135' title='bbox 1055 2019 1367 2089; x_wconf 84' lang='lat' dir='ltr'><strong>lsanspero,</strong></span> <span class='ocrx_word' id='word_1_136' title='bbox 1424 2019 1688 2090; x_wconf 81' lang='lat' dir='ltr'><strong>Iladager,</strong></span> 
     </span>
    </p>
   </div>
   <div class='ocr_carea' id='block_1_22' title="bbox 99 2109 1693 2181">
    <p class='ocr_par' dir='ltr' id='par_1_22' title="bbox 99 2109 1693 2181">
     <span class='ocr_line' id='line_1_22' title="bbox 99 2109 1693 2181; baseline -0.001 -17"><span class='ocrx_word' id='word_1_137' title='bbox 99 2109 420 2178; x_wconf 76' lang='lat' dir='ltr'><strong>Willihelm,</strong></span> <span class='ocrx_word' id='word_1_138' title='bbox 469 2110 708 2176; x_wconf 85' lang='lat' dir='ltr'><strong>Snellolf,</strong></span> <span class='ocrx_word' id='word_1_139' title='bbox 764 2111 1007 2178; x_wconf 88' lang='lat' dir='ltr'><strong>Isandeo,</strong></span> <span class='ocrx_word' id='word_1_140' title='bbox 1067 2110 1343 2176; x_wconf 79' lang='lat' dir='ltr'><strong>Ellandeo,</strong></span> <span class='ocrx_word' id='word_1_141' title='bbox 1393 2109 1522 2181; x_wconf 84' lang='lat' dir='ltr'><strong>Ogo,</strong></span> <span class='ocrx_word' id='word_1_142' title='bbox 1573 2109 1693 2164; x_wconf 86' lang='lat' dir='ltr'><strong>Pal-</strong></span> 
     </span>
    </p>
   </div>
   <div class='ocr_carea' id='block_1_23' title="bbox 99 2199 1696 2271">
    <p class='ocr_par' dir='ltr' id='par_1_23' title="bbox 99 2199 1696 2271">
     <span class='ocr_line' id='line_1_23' title="bbox 99 2199 1696 2271; baseline 0 -19"><span class='ocrx_word' id='word_1_143' title='bbox 99 2203 280 2262; x_wconf 67' lang='lat' dir='ltr'><strong>etram,</strong></span> <span class='ocrx_word' id='word_1_144' title='bbox 341 2200 610 2267; x_wconf 81' lang='lat' dir='ltr'><strong>Francho,</strong></span> <span class='ocrx_word' id='word_1_145' title='bbox 652 2201 990 2271; x_wconf 83' lang='lat' dir='ltr'><strong>Ermperht,</strong></span> <span class='ocrx_word' id='word_1_146' title='bbox 1039 2200 1341 2269; x_wconf 86' lang='lat' dir='ltr'><strong>lsanperht,</strong></span> <span class='ocrx_word' id='word_1_147' title='bbox 1394 2199 1696 2269; x_wconf 74' lang='lat' dir='ltr'><strong>Gozperht,‘</strong></span> 
     </span>
    </p>
   </div>
   <div class='ocr_carea' id='block_1_24' title="bbox 105 2285 1692 2360">
    <p class='ocr_par' dir='ltr' id='par_1_24' title="bbox 105 2285 1692 2360">
     <span class='ocr_line' id='line_1_24' title="bbox 105 2285 1692 2360; baseline 0.001 -22"><span class='ocrx_word' id='word_1_148' title='bbox 105 2287 404 2359; x_wconf 72' lang='lat' dir='ltr'><strong>Willipold,</strong></span> <span class='ocrx_word' id='word_1_149' title='bbox 438 2287 781 2360; x_wconf 86' lang='lat' dir='ltr'><strong>Engilperbt,</strong></span> <span class='ocrx_word' id='word_1_150' title='bbox 832 2287 1188 2358; x_wconf 83' lang='lat' dir='ltr'><strong>Chuniperbt,</strong></span> <span class='ocrx_word' id='word_1_151' title='bbox 1219 2287 1492 2353; x_wconf 85' lang='lat' dir='ltr'><strong>Chuntilo,</strong></span> <span class='ocrx_word' id='word_1_152' title='bbox 1537 2285 1692 2356; x_wconf 73' lang='lat' dir='ltr'><strong>[lupo</strong></span> 
     </span>
    </p>
   </div>
   <div class='ocr_carea' id='block_1_25' title="bbox 105 2373 520 2450">
    <p class='ocr_par' dir='ltr' id='par_1_25' title="bbox 105 2373 520 2450">
     <span class='ocr_line' id='line_1_25' title="bbox 105 2373 520 2450; baseline -0.005 -16"><span class='ocrx_word' id='word_1_153' title='bbox 105 2373 164 2434; x_wconf 79' lang='lat' dir='ltr'><strong>et</strong></span> <span class='ocrx_word' id='word_1_154' title='bbox 191 2378 282 2433; x_wconf 84' lang='lat' dir='ltr'><strong>alii</strong></span> <span class='ocrx_word' id='word_1_155' title='bbox 314 2377 520 2450; x_wconf 83' lang='lat' dir='ltr'><strong>plures.</strong></span> 
     </span>
    </p>
   </div>
   <div class='ocr_carea' id='block_1_26' title="bbox 101 2487 1692 2559">
    <p class='ocr_par' dir='ltr' id='par_1_26' title="bbox 101 2487 1692 2559">
     <span class='ocr_line' id='line_1_26' title="bbox 101 2487 1692 2559; baseline -0.003 -13"><span class='ocrx_word' id='word_1_156' title='bbox 101 2489 231 2546; x_wconf 68' lang='lat' dir='ltr'><strong>CAP.</strong></span> <span class='ocrx_word' id='word_1_157' title='bbox 257 2488 446 2546; x_wconf 75' lang='lat' dir='ltr'><strong>LXVI.</strong></span> <span class='ocrx_word' id='word_1_158' title='bbox 472 2521 543 2530; x_wconf 91' lang='lat'><strong>—-</strong></span> <span class='ocrx_word' id='word_1_159' title='bbox 565 2487 918 2559; x_wconf 83' lang='lat' dir='ltr'><strong>Commutatio</strong></span> <span class='ocrx_word' id='word_1_160' title='bbox 955 2489 1090 2544; x_wconf 78' lang='lat' dir='ltr'><strong>inter</strong></span> <span class='ocrx_word' id='word_1_161' title='bbox 1137 2488 1532 2543; x_wconf 75' lang='lat' dir='ltr'><strong>Ambrichonem</strong></span> <span class='ocrx_word' id='word_1_162' title='bbox 1583 2488 1692 2559; x_wconf 83' lang='lat' dir='ltr'><strong>epi-</strong></span> 
     </span>
    </p>
   </div>
   <div class='ocr_carea' id='block_1_27' title="bbox 569 2557 1218 2630">
    <p class='ocr_par' dir='ltr' id='par_1_27' title="bbox 569 2557 1218 2630">
     <span class='ocr_line' id='line_1_27' title="bbox 569 2557 1218 2630; baseline -0.003 -16"><span class='ocrx_word' id='word_1_163' title='bbox 569 2577 781 2630; x_wconf 79' lang='lat' dir='ltr'><strong>scopum</strong></span> <span class='ocrx_word' id='word_1_164' title='bbox 809 2569 858 2614; x_wconf 84' lang='lat' dir='ltr'><strong>et</strong></span> <span class='ocrx_word' id='word_1_165' title='bbox 890 2557 1218 2613; x_wconf 82' lang='lat' dir='ltr'><strong>Paldricum.</strong></span> 
     </span>
    </p>
   </div>
   <div class='ocr_carea' id='block_1_28' title="bbox 170 2669 1691 2740">
    <p class='ocr_par' dir='ltr' id='par_1_28' title="bbox 170 2669 1691 2740">
     <span class='ocr_line' id='line_1_28' title="bbox 170 2669 1691 2740; baseline -0.003 -11"><span class='ocrx_word' id='word_1_166' title='bbox 170 2674 476 2730; x_wconf 56' lang='grc'><strong>111-1101110811</strong></span> <span class='ocrx_word' id='word_1_167' title='bbox 503 2682 558 2729; x_wconf 90' lang='grc'><strong>01</strong></span> <span class='ocrx_word' id='word_1_168' title='bbox 597 2673 821 2728; x_wconf 91' lang='lat' dir='ltr'><strong>nimium</strong></span> <span class='ocrx_word' id='word_1_169' title='bbox 852 2673 998 2728; x_wconf 89' lang='lat' dir='ltr'><strong>utilis</strong></span> <span class='ocrx_word' id='word_1_170' title='bbox 1034 2671 1364 2727; x_wconf 89' lang='lat' dir='ltr'><strong>consuetudo</strong></span> <span class='ocrx_word' id='word_1_171' title='bbox 1389 2670 1518 2726; x_wconf 91' lang='lat' dir='ltr'><strong>olim</strong></span> <span class='ocrx_word' id='word_1_172' title='bbox 1551 2669 1691 2740; x_wconf 90' lang='lat' dir='ltr'><strong>apud</strong></span> 
     </span>
    </p>
   </div>
   <div class='ocr_carea' id='block_1_29' title="bbox 105 2760 1690 2830">
    <p class='ocr_par' dir='ltr' id='par_1_29' title="bbox 105 2760 1690 2830">
     <span class='ocr_line' id='line_1_29' title="bbox 105 2760 1690 2830; baseline -0.005 -10"><span class='ocrx_word' id='word_1_173' title='bbox 105 2765 358 2820; x_wconf 83' lang='lat' dir='ltr'><strong>homines</strong></span> <span class='ocrx_word' id='word_1_174' title='bbox 417 2763 709 2818; x_wconf 83' lang='lat' dir='ltr'><strong>rationales</strong></span> <span class='ocrx_word' id='word_1_175' title='bbox 757 2762 1051 2817; x_wconf 88' lang='lat' dir='ltr'><strong>inolescere</strong></span> <span class='ocrx_word' id='word_1_176' title='bbox 1100 2762 1267 2830; x_wconf 72' lang='lat' dir='ltr'><strong>cmpit</strong></span> <span class='ocrx_word' id='word_1_177' title='bbox 1323 2760 1690 2817; x_wconf 82' lang='lat' dir='ltr'><strong>commutandi</strong></span> 
     </span>
    </p>
   </div>
   <div class='ocr_carea' id='block_1_30' title="bbox 103 2852 1692 2924">
    <p class='ocr_par' dir='ltr' id='par_1_30' title="bbox 103 2852 1692 2924">
     <span class='ocr_line' id='line_1_30' title="bbox 103 2852 1692 2924; baseline -0.001 -16"><span class='ocrx_word' id='word_1_178' title='bbox 103 2855 354 2911; x_wconf 79' lang='lat' dir='ltr'><strong>videlicet</strong></span> <span class='ocrx_word' id='word_1_179' title='bbox 406 2855 664 2924; x_wconf 89' lang='lat' dir='ltr'><strong>quasdam</strong></span> <span class='ocrx_word' id='word_1_180' title='bbox 719 2869 806 2910; x_wconf 87' lang='lat' dir='ltr'><strong>res</strong></span> <span class='ocrx_word' id='word_1_181' title='bbox 845 2869 941 2923; x_wconf 89' lang='lat' dir='ltr'><strong>pro</strong></span> <span class='ocrx_word' id='word_1_182' title='bbox 983 2854 1264 2908; x_wconf 84' lang='lat' dir='ltr'><strong>ambarum</strong></span> <span class='ocrx_word' id='word_1_183' title='bbox 1311 2852 1692 2907; x_wconf 82' lang='lat' dir='ltr'><strong>commoditate</strong></span> 
     </span>
    </p>
   </div>
   <div class='ocr_carea' id='block_1_31' title="bbox 101 2931 1691 3016">
    <p class='ocr_par' dir='ltr' id='par_1_31' title="bbox 101 2931 1691 3016">
     <span class='ocr_line' id='line_1_31' title="bbox 101 2931 1691 3016; baseline -0.003 -15"><span class='ocrx_word' id='word_1_184' title='bbox 101 2948 363 3016; x_wconf 85' lang='lat' dir='ltr'><strong>partium.</strong></span> <span class='ocrx_word' id='word_1_185' title='bbox 390 2945 482 3000; x_wconf 91' lang='lat' dir='ltr'><strong>Illa</strong></span> <span class='ocrx_word' id='word_1_186' title='bbox 530 2931 732 2999; x_wconf 84' lang='lat' dir='ltr'><strong>etenim</strong></span> <span class='ocrx_word' id='word_1_187' title='bbox 780 2944 1122 3014; x_wconf 80' lang='lat' dir='ltr'><strong>antiquorum</strong></span> <span class='ocrx_word' id='word_1_188' title='bbox 1171 2944 1504 2998; x_wconf 87' lang='lat' dir='ltr'><strong>consuetudo</strong></span> <span class='ocrx_word' id='word_1_189' title='bbox 1551 2942 1691 2998; x_wconf 88' lang='lat' dir='ltr'><strong>inter</strong></span> 
     </span>
    </p>
   </div>
   <div class='ocr_carea' id='block_1_32' title="bbox 97 3034 1686 3108">
    <p class='ocr_par' dir='ltr' id='par_1_32' title="bbox 97 3034 1686 3108">
     <span class='ocr_line' id='line_1_32' title="bbox 97 3034 1686 3108; baseline -0.004 -15"><span class='ocrx_word' id='word_1_190' title='bbox 97 3039 344 3099; x_wconf 86' lang='lat' dir='ltr'><strong>iuniores</strong></span> <span class='ocrx_word' id='word_1_191' title='bbox 390 3037 585 3108; x_wconf 74' lang='lat' dir='ltr'><strong>szepius</strong></span> <span class='ocrx_word' id='word_1_192' title='bbox 613 3036 917 3106; x_wconf 78' lang='lat' dir='ltr'><strong>saepiusque</strong></span> <span class='ocrx_word' id='word_1_193' title='bbox 943 3035 1268 3089; x_wconf 78' lang='lat' dir='ltr'><strong>celebratur.</strong></span> <span class='ocrx_word' id='word_1_194' title='bbox 1313 3034 1558 3088; x_wconf 85' lang='lat' dir='ltr'><strong>Tradidit</strong></span> <span class='ocrx_word' id='word_1_195' title='bbox 1584 3034 1686 3087; x_wconf 85' lang='lat' dir='ltr'><strong>ita-</strong></span> 
     </span>
    </p>
   </div>
   <div class='ocr_carea' id='block_1_33' title="bbox 99 3108 1759 3208">
    <p class='ocr_par' dir='ltr' id='par_1_33' title="bbox 99 3108 1759 3208">
     <span class='ocr_line' id='line_1_33' title="bbox 99 3108 1759 3208; baseline -0.005 -24"><span class='ocrx_word' id='word_1_196' title='bbox 99 3145 208 3200; x_wconf 85' lang='lat' dir='ltr'><strong>que</strong></span> <span class='ocrx_word' id='word_1_197' title='bbox 235 3108 457 3200; x_wconf 71' lang='lat' dir='ltr'><strong>quidam</strong></span> <span class='ocrx_word' id='word_1_198' title='bbox 474 3127 556 3182; x_wconf 86' lang='lat' dir='ltr'><strong>vir</strong></span> <span class='ocrx_word' id='word_1_199' title='bbox 580 3127 800 3188; x_wconf 90' lang='lat' dir='ltr'><strong>nobilis,</strong></span> <span class='ocrx_word' id='word_1_200' title='bbox 823 3125 1104 3180; x_wconf 85' lang='lat' dir='ltr'><strong>Baldricus</strong></span> <span class='ocrx_word' id='word_1_201' title='bbox 1127 3125 1365 3188; x_wconf 90' lang='lat' dir='ltr'><strong>nomine,</strong></span> <span class='ocrx_word' id='word_1_202' title='bbox 1388 3124 1690 3194; x_wconf 69' lang='grc'><strong>111-00110111-</strong></span> <span class='ocrx_word' id='word_1_203' title='bbox 1716 3149 1759 3208; x_wconf 72' lang='lat' dir='ltr'>C</span> 
     </span>
    </p>
   </div>
   <div class='ocr_carea' id='block_1_34' title="bbox 99 3214 1685 3283">
    <p class='ocr_par' dir='ltr' id='par_1_34' title="bbox 99 3214 1685 3283">
     <span class='ocr_line' id='line_1_34' title="bbox 99 3214 1685 3283; baseline -0.005 -9"><span class='ocrx_word' id='word_1_204' title='bbox 99 3219 172 3274; x_wconf 89' lang='lat' dir='ltr'><strong>tis</strong></span> <span class='ocrx_word' id='word_1_205' title='bbox 200 3231 320 3274; x_wconf 72' lang='lat' dir='ltr'><strong>suae</strong></span> <span class='ocrx_word' id='word_1_206' title='bbox 347 3215 414 3270; x_wconf 87' lang='lat' dir='ltr'><strong>ad</strong></span> <span class='ocrx_word' id='word_1_207' title='bbox 465 3225 710 3271; x_wconf 88' lang='lat' dir='ltr'><strong>sanctum</strong></span> <span class='ocrx_word' id='word_1_208' title='bbox 750 3214 842 3268; x_wconf 89' lang='lat' dir='ltr'><strong>Dei</strong></span> <span class='ocrx_word' id='word_1_209' title='bbox 893 3221 1185 3283; x_wconf 86' lang='lat' dir='ltr'><strong>martyrem</strong></span> <span class='ocrx_word' id='word_1_210' title='bbox 1229 3214 1685 3268; x_wconf 87' lang='lat' dir='ltr'><strong>Emmerammum</strong></span> 
     </span>
    </p>
   </div>
   <div class='ocr_carea' id='block_1_35' title="bbox 99 3304 1688 3378">
    <p class='ocr_par' dir='ltr' id='par_1_35' title="bbox 99 3304 1688 3378">
     <span class='ocr_line' id='line_1_35' title="bbox 99 3304 1688 3378; baseline -0.001 -16"><span class='ocrx_word' id='word_1_211' title='bbox 99 3325 270 3364; x_wconf 88' lang='lat' dir='ltr'><strong>unum</strong></span> <span class='ocrx_word' id='word_1_212' title='bbox 303 3316 514 3378; x_wconf 85' lang='lat' dir='ltr'><strong>pratum</strong></span> <span class='ocrx_word' id='word_1_213' title='bbox 558 3321 680 3362; x_wconf 89' lang='lat' dir='ltr'><strong>cum</strong></span> <span class='ocrx_word' id='word_1_214' title='bbox 729 3305 1038 3362; x_wconf 84' lang='lat' dir='ltr'><strong>molendino</strong></span> <span class='ocrx_word' id='word_1_215' title='bbox 1070 3304 1188 3360; x_wconf 90' lang='lat' dir='ltr'><strong>loco</strong></span> <span class='ocrx_word' id='word_1_216' title='bbox 1216 3305 1380 3360; x_wconf 80' lang='lat' dir='ltr'><strong>situm</strong></span> <span class='ocrx_word' id='word_1_217' title='bbox 1416 3305 1468 3358; x_wconf 90' lang='lat' dir='ltr'><strong>in</strong></span> <span class='ocrx_word' id='word_1_218' title='bbox 1495 3306 1688 3361; x_wconf 83' lang='lat' dir='ltr'><strong>dextro</strong></span> 
     </span>
    </p>
   </div>
   <div class='ocr_carea' id='block_1_36' title="bbox 97 3394 1689 3466">
    <p class='ocr_par' dir='ltr' id='par_1_36' title="bbox 97 3394 1689 3466">
     <span class='ocr_line' id='line_1_36' title="bbox 97 3394 1689 3466; baseline -0.002 -13"><span class='ocrx_word' id='word_1_219' title='bbox 97 3400 304 3456; x_wconf 87' lang='lat' dir='ltr'><strong>littoris</strong></span> <span class='ocrx_word' id='word_1_220' title='bbox 325 3399 430 3454; x_wconf 91' lang='lat' dir='ltr'><strong>ﬁne</strong></span> <span class='ocrx_word' id='word_1_221' title='bbox 476 3398 617 3452; x_wconf 90' lang='lat' dir='ltr'><strong>illius</strong></span> <span class='ocrx_word' id='word_1_222' title='bbox 659 3411 813 3466; x_wconf 66' lang='lat' dir='ltr'><strong>aqua:</strong></span> <span class='ocrx_word' id='word_1_223' title='bbox 838 3411 957 3466; x_wconf 74' lang='lat' dir='ltr'><strong>qua:</strong></span> <span class='ocrx_word' id='word_1_224' title='bbox 980 3396 1175 3450; x_wconf 90' lang='lat' dir='ltr'><strong>dicitur</strong></span> <span class='ocrx_word' id='word_1_225' title='bbox 1194 3397 1355 3451; x_wconf 88' lang='lat' dir='ltr'><strong>Filisa</strong></span> <span class='ocrx_word' id='word_1_226' title='bbox 1383 3394 1537 3464; x_wconf 77' lang='lat' dir='ltr'><strong>juxta</strong></span> <span class='ocrx_word' id='word_1_227' title='bbox 1562 3395 1689 3466; x_wconf 88' lang='lat' dir='ltr'><strong>Opi-</strong></span> 
     </span>
    </p>
   </div>
   <div class='ocr_carea' id='block_1_37' title="bbox 97 3487 1688 3558">
    <p class='ocr_par' dir='ltr' id='par_1_37' title="bbox 97 3487 1688 3558">
     <span class='ocr_line' id='line_1_37' title="bbox 97 3487 1688 3558; baseline -0.004 -12"><span class='ocrx_word' id='word_1_228' title='bbox 97 3494 326 3546; x_wconf 85' lang='lat' dir='ltr'><strong>rinhusa</strong></span> <span class='ocrx_word' id='word_1_229' title='bbox 354 3491 405 3544; x_wconf 92' lang='lat' dir='ltr'><strong>in</strong></span> <span class='ocrx_word' id='word_1_230' title='bbox 444 3505 661 3544; x_wconf 89' lang='lat' dir='ltr'><strong>manum</strong></span> <span class='ocrx_word' id='word_1_231' title='bbox 691 3501 905 3558; x_wconf 88' lang='lat' dir='ltr'><strong>quoque</strong></span> <span class='ocrx_word' id='word_1_232' title='bbox 947 3502 1068 3541; x_wconf 88' lang='lat' dir='ltr'><strong>ven.</strong></span> <span class='ocrx_word' id='word_1_233' title='bbox 1109 3503 1198 3554; x_wconf 89' lang='lat' dir='ltr'><strong>ep.</strong></span> <span class='ocrx_word' id='word_1_234' title='bbox 1228 3487 1608 3543; x_wconf 76' lang='lat' dir='ltr'><strong>Ambrit-honis</strong></span> <span class='ocrx_word' id='word_1_235' title='bbox 1634 3495 1688 3542; x_wconf 90' lang='lat' dir='ltr'><strong>et</strong></span> 
     </span>
    </p>
   </div>
   <div class='ocr_carea' id='block_1_38' title="bbox 97 3577 1691 3650">
    <p class='ocr_par' dir='ltr' id='par_1_38' title="bbox 97 3577 1691 3650">
     <span class='ocr_line' id='line_1_38' title="bbox 97 3577 1691 3650; baseline -0.002 -14"><span class='ocrx_word' id='word_1_236' title='bbox 97 3582 348 3639; x_wconf 75' lang='lat' dir='ltr'><strong>advocati</strong></span> <span class='ocrx_word' id='word_1_237' title='bbox 372 3579 488 3650; x_wconf 87' lang='lat' dir='ltr'><strong>ejus</strong></span> <span class='ocrx_word' id='word_1_238' title='bbox 519 3578 796 3634; x_wconf 78' lang='grc'><strong>110111111111.</strong></span> <span class='ocrx_word' id='word_1_239' title='bbox 847 3577 1011 3646; x_wconf 76' lang='lat' dir='ltr'><strong>Cujus</strong></span> <span class='ocrx_word' id='word_1_240' title='bbox 1045 3578 1182 3648; x_wconf 85' lang='lat' dir='ltr'><strong>prati</strong></span> <span class='ocrx_word' id='word_1_241' title='bbox 1216 3577 1492 3648; x_wconf 79' lang='lat' dir='ltr'><strong>longitudo</strong></span> <span class='ocrx_word' id='word_1_242' title='bbox 1533 3579 1691 3647; x_wconf 90' lang='lat' dir='ltr'><strong>quin-</strong></span> 
     </span>
    </p>
   </div>
   <div class='ocr_carea' id='block_1_39' title="bbox 96 3668 1682 3745">
    <p class='ocr_par' dir='ltr' id='par_1_39' title="bbox 96 3668 1682 3745">
     <span class='ocr_line' id='line_1_39' title="bbox 96 3668 1682 3745; baseline -0.003 -20"><span class='ocrx_word' id='word_1_243' title='bbox 96 3674 357 3745; x_wconf 76' lang='lat' dir='ltr'><strong>quaginta</strong></span> <span class='ocrx_word' id='word_1_244' title='bbox 385 3671 604 3742; x_wconf 87' lang='lat' dir='ltr'><strong>perticis</strong></span> <span class='ocrx_word' id='word_1_245' title='bbox 653 3678 886 3734; x_wconf 87' lang='lat' dir='ltr'><strong>constat,</strong></span> <span class='ocrx_word' id='word_1_246' title='bbox 919 3677 1082 3739; x_wconf 90' lang='lat' dir='ltr'><strong>atque</strong></span> <span class='ocrx_word' id='word_1_247' title='bbox 1122 3668 1349 3723; x_wconf 89' lang='lat' dir='ltr'><strong>latitudo</strong></span> <span class='ocrx_word' id='word_1_248' title='bbox 1381 3668 1682 3723; x_wconf 88' lang='lat' dir='ltr'><strong>duodecim.</strong></span> 
     </span>
    </p>
   </div>
   <div class='ocr_carea' id='block_1_40' title="bbox 98 3758 1688 3834">
    <p class='ocr_par' dir='ltr' id='par_1_40' title="bbox 98 3758 1688 3834">
     <span class='ocr_line' id='line_1_40' title="bbox 98 3758 1688 3834; baseline -0.004 -14"><span class='ocrx_word' id='word_1_249' title='bbox 98 3765 273 3820; x_wconf 80' lang='lat' dir='ltr'><strong>Porro</strong></span> <span class='ocrx_word' id='word_1_250' title='bbox 296 3762 550 3834; x_wconf 72' lang='lat' dir='ltr'><strong>prmfatus</strong></span> <span class='ocrx_word' id='word_1_251' title='bbox 573 3759 900 3816; x_wconf 83' lang='lat' dir='ltr'><strong>venerabilis</strong></span> <span class='ocrx_word' id='word_1_252' title='bbox 928 3759 1012 3812; x_wconf 90' lang='lat' dir='ltr'><strong>vir</strong></span> <span class='ocrx_word' id='word_1_253' title='bbox 1033 3758 1128 3813; x_wconf 91' lang='lat' dir='ltr'><strong>Dei</strong></span> <span class='ocrx_word' id='word_1_254' title='bbox 1158 3769 1211 3814; x_wconf 94' lang='lat' dir='ltr'><strong>et</strong></span> <span class='ocrx_word' id='word_1_255' title='bbox 1243 3759 1536 3814; x_wconf 76' lang='lat' dir='ltr'><strong>advocatus</strong></span> <span class='ocrx_word' id='word_1_256' title='bbox 1557 3773 1688 3814; x_wconf 88' lang='lat' dir='ltr'><strong>suus</strong></span> 
     </span>
    </p>
   </div>
   <div class='ocr_carea' id='block_1_41' title="bbox 101 3848 1689 3912">
    <p class='ocr_par' dir='ltr' id='par_1_41' title="bbox 101 3848 1689 3912">
     <span class='ocr_line' id='line_1_41' title="bbox 101 3848 1689 3912; baseline -0.006 0"><span class='ocrx_word' id='word_1_257' title='bbox 101 3855 407 3912; x_wconf 79' lang='lat' dir='ltr'><strong>Rodkarius</strong></span> <span class='ocrx_word' id='word_1_258' title='bbox 431 3869 463 3908; x_wconf 89' lang='lat' dir='ltr'><strong>e</strong></span> <span class='ocrx_word' id='word_1_259' title='bbox 488 3861 673 3908; x_wconf 84' lang='lat' dir='ltr'><strong>contra</strong></span> <span class='ocrx_word' id='word_1_260' title='bbox 706 3851 1044 3906; x_wconf 91' lang='lat' dir='ltr'><strong>tradiderunt</strong></span> <span class='ocrx_word' id='word_1_261' title='bbox 1067 3851 1242 3906; x_wconf 88' lang='lat' dir='ltr'><strong>eidem</strong></span> <span class='ocrx_word' id='word_1_262' title='bbox 1281 3849 1440 3904; x_wconf 87' lang='lat' dir='ltr'><strong>nobili</strong></span> <span class='ocrx_word' id='word_1_263' title='bbox 1479 3850 1530 3904; x_wconf 93' lang='grc'><strong>111</strong></span> <span class='ocrx_word' id='word_1_264' title='bbox 1557 3848 1689 3903; x_wconf 86' lang='grc'><strong>81111-</strong></span> 
     </span>
    </p>
   </div>
   <div class='ocr_carea' id='block_1_42' title="bbox 97 3937 1685 4015">
    <p class='ocr_par' dir='ltr' id='par_1_42' title="bbox 97 3937 1685 4015">
     <span class='ocr_line' id='line_1_42' title="bbox 97 3937 1685 4015; baseline -0.004 -16"><span class='ocrx_word' id='word_1_265' title='bbox 97 3955 217 4000; x_wconf 83' lang='grc'><strong>8110</strong></span> <span class='ocrx_word' id='word_1_266' title='bbox 240 3944 480 4015; x_wconf 86' lang='lat' dir='ltr'><strong>ejusdem</strong></span> <span class='ocrx_word' id='word_1_267' title='bbox 507 3941 720 3997; x_wconf 89' lang='lat' dir='ltr'><strong>ﬁueutis</strong></span> <span class='ocrx_word' id='word_1_268' title='bbox 745 3941 986 4010; x_wconf 81' lang='lat' dir='ltr'><strong>margine</strong></span> <span class='ocrx_word' id='word_1_269' title='bbox 1011 3939 1239 3994; x_wconf 89' lang='lat' dir='ltr'><strong>alterum</strong></span> <span class='ocrx_word' id='word_1_270' title='bbox 1263 3947 1477 4010; x_wconf 90' lang='lat' dir='ltr'><strong>pratmn</strong></span> <span class='ocrx_word' id='word_1_271' title='bbox 1495 3937 1685 4008; x_wconf 58' lang='lat' dir='ltr'><strong>aequali</strong></span> 
     </span>
    </p>
   </div>
   <div class='ocr_carea' id='block_1_43' title="bbox 98 4027 1689 4102">
    <p class='ocr_par' dir='ltr' id='par_1_43' title="bbox 98 4027 1689 4102">
     <span class='ocr_line' id='line_1_43' title="bbox 98 4027 1689 4102; baseline -0.007 -9"><span class='ocrx_word' id='word_1_272' title='bbox 98 4050 359 4092; x_wconf 84' lang='lat' dir='ltr'><strong>mensura</strong></span> <span class='ocrx_word' id='word_1_273' title='bbox 409 4035 475 4089; x_wconf 91' lang='lat' dir='ltr'><strong>de</strong></span> <span class='ocrx_word' id='word_1_274' title='bbox 509 4033 672 4088; x_wconf 87' lang='lat' dir='ltr'><strong>rebus</strong></span> <span class='ocrx_word' id='word_1_275' title='bbox 702 4030 940 4102; x_wconf 69' lang='lat' dir='ltr'><strong>prmdieti</strong></span> <span class='ocrx_word' id='word_1_276' title='bbox 991 4029 1164 4084; x_wconf 85' lang='lat' dir='ltr'><strong>sancti</strong></span> <span class='ocrx_word' id='word_1_277' title='bbox 1209 4029 1324 4084; x_wconf 89' lang='lat' dir='ltr'><strong>Dei.</strong></span> <span class='ocrx_word' id='word_1_278' title='bbox 1379 4027 1466 4092; x_wconf 86' lang='lat' dir='ltr'><strong>Et,</strong></span> <span class='ocrx_word' id='word_1_279' title='bbox 1492 4038 1550 4082; x_wconf 90' lang='lat' dir='ltr'><strong>ut</strong></span> <span class='ocrx_word' id='word_1_280' title='bbox 1585 4028 1689 4083; x_wconf 91' lang='lat' dir='ltr'><strong>hoc</strong></span> 
     </span>
    </p>
   </div>
   <div class='ocr_carea' id='block_1_44' title="bbox 97 4119 1687 4193">
    <p class='ocr_par' dir='ltr' id='par_1_44' title="bbox 97 4119 1687 4193">
     <span class='ocr_line' id='line_1_44' title="bbox 97 4119 1687 4193; baseline -0.003 -14"><span class='ocrx_word' id='word_1_281' title='bbox 97 4141 232 4182; x_wconf 82' lang='lat' dir='ltr'><strong>vero</strong></span> <span class='ocrx_word' id='word_1_282' title='bbox 267 4125 471 4180; x_wconf 92' lang='lat' dir='ltr'><strong>ﬁrmius</strong></span> <span class='ocrx_word' id='word_1_283' title='bbox 500 4123 613 4190; x_wconf 87' lang='lat' dir='ltr'><strong>ﬁat,</strong></span> <span class='ocrx_word' id='word_1_284' title='bbox 661 4121 863 4193; x_wconf 87' lang='lat' dir='ltr'><strong>placuit</strong></span> <span class='ocrx_word' id='word_1_285' title='bbox 895 4121 1030 4174; x_wconf 89' lang='lat' dir='ltr'><strong>duas</strong></span> <span class='ocrx_word' id='word_1_286' title='bbox 1059 4119 1334 4174; x_wconf 89' lang='lat' dir='ltr'><strong>chartulas</strong></span> <span class='ocrx_word' id='word_1_287' title='bbox 1363 4135 1470 4173; x_wconf 91' lang='lat' dir='ltr'><strong>uno</strong></span> <span class='ocrx_word' id='word_1_288' title='bbox 1502 4129 1687 4175; x_wconf 91' lang='lat' dir='ltr'><strong>tenore</strong></span> 
     </span>
    </p>
   </div>
   <div class='ocr_carea' id='block_1_45' title="bbox 97 4209 1683 4288">
    <p class='ocr_par' dir='ltr' id='par_1_45' title="bbox 97 4209 1683 4288">
     <span class='ocr_line' id='line_1_45' title="bbox 97 4209 1683 4288; baseline -0.005 -16"><span class='ocrx_word' id='word_1_289' title='bbox 97 4218 440 4288; x_wconf 82' lang='lat' dir='ltr'><strong>conscriptas</strong></span> <span class='ocrx_word' id='word_1_290' title='bbox 486 4217 743 4271; x_wconf 72' lang='lat' dir='ltr'><strong>exhibere</strong></span> <span class='ocrx_word' id='word_1_291' title='bbox 789 4227 855 4267; x_wconf 91' lang='lat' dir='ltr'><strong>ac</strong></span> <span class='ocrx_word' id='word_1_292' title='bbox 907 4220 1072 4266; x_wconf 90' lang='lat' dir='ltr'><strong>testes</strong></span> <span class='ocrx_word' id='word_1_293' title='bbox 1099 4210 1378 4266; x_wconf 89' lang='lat' dir='ltr'><strong>adhibere.</strong></span> <span class='ocrx_word' id='word_1_294' title='bbox 1427 4209 1491 4264; x_wconf 92' lang='grc'><strong>111</strong></span> <span class='ocrx_word' id='word_1_295' title='bbox 1521 4220 1683 4266; x_wconf 89' lang='lat' dir='ltr'><strong>sunt:</strong></span> 
     </span>
    </p>
   </div>
   <div class='ocr_carea' id='block_1_46' title="bbox 97 4301 1686 4378">
    <p class='ocr_par' dir='ltr' id='par_1_46' title="bbox 97 4301 1686 4378">
     <span class='ocr_line' id='line_1_46' title="bbox 97 4301 1686 4378; baseline -0.007 -12"><span class='ocrx_word' id='word_1_296' title='bbox 97 4309 341 4373; x_wconf 90' lang='lat' dir='ltr'><strong>Othelm,</strong></span> <span class='ocrx_word' id='word_1_297' title='bbox 368 4306 562 4378; x_wconf 81' lang='lat' dir='ltr'><strong>Wago,</strong></span> <span class='ocrx_word' id='word_1_298' title='bbox 596 4303 903 4374; x_wconf 73' lang='grc'><strong>111-11001111,</strong></span> <span class='ocrx_word' id='word_1_299' title='bbox 965 4301 1206 4362; x_wconf 88' lang='lat' dir='ltr'><strong>Paldrih,</strong></span> <span class='ocrx_word' id='word_1_300' title='bbox 1237 4301 1481 4368; x_wconf 84' lang='lat' dir='ltr'><strong>Einhart,</strong></span> <span class='ocrx_word' id='word_1_301' title='bbox 1515 4301 1686 4356; x_wconf 87' lang='lat' dir='ltr'><strong>Arna-</strong></span> 
     </span>
    </p>
   </div>
   <div class='ocr_carea' id='block_1_47' title="bbox 99 4391 1131 4468">
    <p class='ocr_par' dir='ltr' id='par_1_47' title="bbox 99 4391 1131 4468">
     <span class='ocr_line' id='line_1_47' title="bbox 99 4391 1131 4468; baseline -0.01 -13"><span class='ocrx_word' id='word_1_302' title='bbox 99 4416 244 4465; x_wconf 89' lang='lat' dir='ltr'><strong>mar,</strong></span> <span class='ocrx_word' id='word_1_303' title='bbox 267 4397 550 4468; x_wconf 89' lang='lat' dir='ltr'><strong>lsangrim,</strong></span> <span class='ocrx_word' id='word_1_304' title='bbox 575 4394 845 4465; x_wconf 87' lang='lat' dir='ltr'><strong>Ileimger,</strong></span> <span class='ocrx_word' id='word_1_305' title='bbox 877 4391 1131 4448; x_wconf 86' lang='lat' dir='ltr'><strong>Gerhart.</strong></span> 
     </span>
    </p>
   </div>
   <div class='ocr_carea' id='block_1_48' title="bbox 256 4472 1532 4575">
    <p class='ocr_par' dir='ltr' id='par_1_48' title="bbox 256 4472 1532 4575">
     <span class='ocr_line' id='line_1_48' title="bbox 256 4472 1532 4575; baseline -0.005 -8"><span class='ocrx_word' id='word_1_306' title='bbox 256 4511 384 4567; x_wconf 76' lang='lat' dir='ltr'><strong>CAP.</strong></span> <span class='ocrx_word' id='word_1_307' title='bbox 417 4507 620 4564; x_wconf 82' lang='lat' dir='ltr'><strong>vau.</strong></span> <span class='ocrx_word' id='word_1_308' title='bbox 649 4537 720 4548; x_wconf 88' lang='lat'><strong><em>—</em></strong></span> <span class='ocrx_word' id='word_1_309' title='bbox 746 4505 981 4560; x_wconf 80' lang='lat' dir='ltr'><strong>Traditt&#39;o</strong></span> <span class='ocrx_word' id='word_1_310' title='bbox 1023 4504 1271 4575; x_wconf 77' lang='lat' dir='ltr'><strong>Rihpaldi</strong></span> <span class='ocrx_word' id='word_1_311' title='bbox 1308 4472 1532 4561; x_wconf 67' lang='lat' dir='ltr'><strong>abbatis.</strong></span> 
     </span>
    </p>
   </div>
   <div class='ocr_carea' id='block_1_49' title="bbox 170 4616 1683 4691">
    <p class='ocr_par' dir='ltr' id='par_1_49' title="bbox 170 4616 1683 4691">
     <span class='ocr_line' id='line_1_49' title="bbox 170 4616 1683 4691; baseline -0.006 -13"><span class='ocrx_word' id='word_1_312' title='bbox 170 4623 445 4691; x_wconf 85' lang='lat' dir='ltr'><strong>Quoniam</strong></span> <span class='ocrx_word' id='word_1_313' title='bbox 476 4619 668 4690; x_wconf 88' lang='lat' dir='ltr'><strong>priscis</strong></span> <span class='ocrx_word' id='word_1_314' title='bbox 714 4617 1047 4689; x_wconf 84' lang='lat' dir='ltr'><strong>temporibus</strong></span> <span class='ocrx_word' id='word_1_315' title='bbox 1092 4616 1285 4672; x_wconf 88' lang='lat' dir='ltr'><strong>nobilis</strong></span> <span class='ocrx_word' id='word_1_316' title='bbox 1331 4617 1548 4686; x_wconf 87' lang='lat' dir='ltr'><strong>quidam</strong></span> <span class='ocrx_word' id='word_1_317' title='bbox 1576 4617 1683 4681; x_wconf 80' lang='lat' dir='ltr'><strong>vir,</strong></span> 
     </span>
    </p>
   </div>
   <div class='ocr_carea' id='block_1_50' title="bbox 101 4708 1687 4784">
    <p class='ocr_par' dir='ltr' id='par_1_50' title="bbox 101 4708 1687 4784">
     <span class='ocr_line' id='line_1_50' title="bbox 101 4708 1687 4784; baseline -0.005 -12"><span class='ocrx_word' id='word_1_318' title='bbox 101 4715 324 4772; x_wconf 86' lang='lat' dir='ltr'><strong>nomine</strong></span> <span class='ocrx_word' id='word_1_319' title='bbox 383 4711 609 4783; x_wconf 83' lang='lat' dir='ltr'><strong>Rihpald</strong></span> <span class='ocrx_word' id='word_1_320' title='bbox 665 4712 833 4767; x_wconf 88' lang='lat' dir='ltr'><strong>abbas</strong></span> <span class='ocrx_word' id='word_1_321' title='bbox 864 4750 880 4776; x_wconf 93' lang='lat'><strong>,</strong></span> <span class='ocrx_word' id='word_1_322' title='bbox 931 4718 989 4765; x_wconf 89' lang='lat' dir='ltr'><strong>et</strong></span> <span class='ocrx_word' id='word_1_323' title='bbox 1053 4710 1219 4764; x_wconf 87' lang='lat' dir='ltr'><strong>amita</strong></span> <span class='ocrx_word' id='word_1_324' title='bbox 1263 4708 1414 4778; x_wconf 88' lang='lat' dir='ltr'><strong>ejus,</strong></span> <span class='ocrx_word' id='word_1_325' title='bbox 1470 4709 1687 4784; x_wconf 80' lang='lat' dir='ltr'><strong>nomine</strong></span> 
     </span>
    </p>
   </div>
   <div class='ocr_carea' id='block_1_51' title="bbox 103 4800 1688 4870">
    <p class='ocr_par' dir='ltr' id='par_1_51' title="bbox 103 4800 1688 4870">
     <span class='ocr_line' id='line_1_51' title="bbox 103 4800 1688 4870; baseline -0.004 -6"><span class='ocrx_word' id='word_1_326' title='bbox 103 4807 402 4870; x_wconf 76' lang='lat' dir='ltr'><strong>Deotlind,‘</strong></span> <span class='ocrx_word' id='word_1_327' title='bbox 427 4805 761 4860; x_wconf 87' lang='lat' dir='ltr'><strong>tradiderunt</strong></span> <span class='ocrx_word' id='word_1_328' title='bbox 811 4802 920 4858; x_wconf 91' lang='lat' dir='ltr'><strong>Deo</strong></span> <span class='ocrx_word' id='word_1_329' title='bbox 962 4810 1020 4857; x_wconf 90' lang='lat' dir='ltr'><strong>et</strong></span> <span class='ocrx_word' id='word_1_330' title='bbox 1071 4800 1130 4856; x_wconf 97' lang='grc'>8.</span> <span class='ocrx_word' id='word_1_331' title='bbox 1174 4801 1574 4856; x_wconf 85' lang='lat' dir='ltr'><strong>Emmerammo</strong></span> <span class='ocrx_word' id='word_1_332' title='bbox 1601 4817 1688 4857; x_wconf 91' lang='lat' dir='ltr'><strong>res</strong></span> 
     </span>
    </p>
   </div>
   <div class='ocr_carea' id='block_1_52' title="bbox 101 4891 1682 4970">
    <p class='ocr_par' dir='ltr' id='par_1_52' title="bbox 101 4891 1682 4970">
     <span class='ocr_line' id='line_1_52' title="bbox 101 4891 1682 4970; baseline -0.005 -16"><span class='ocrx_word' id='word_1_333' title='bbox 101 4897 452 4970; x_wconf 61' lang='grc'><strong>111-0011010118</strong></span> <span class='ocrx_word' id='word_1_334' title='bbox 508 4909 617 4951; x_wconf 65' lang='lat' dir='ltr'><strong>suae</strong></span> <span class='ocrx_word' id='word_1_335' title='bbox 664 4907 762 4964; x_wconf 90' lang='lat' dir='ltr'><strong>pro</strong></span> <span class='ocrx_word' id='word_1_336' title='bbox 805 4893 1044 4948; x_wconf 87' lang='lat' dir='ltr'><strong>remedio</strong></span> <span class='ocrx_word' id='word_1_337' title='bbox 1087 4891 1390 4946; x_wconf 89' lang='lat' dir='ltr'><strong>animarum</strong></span> <span class='ocrx_word' id='word_1_338' title='bbox 1443 4908 1682 4958; x_wconf 89' lang='lat' dir='ltr'><strong>suarum,</strong></span> 
     </span>
    </p>
   </div>
   <div class='ocr_carea' id='block_1_53' title="bbox 101 4985 1682 5063">
    <p class='ocr_par' dir='ltr' id='par_1_53' title="bbox 101 4985 1682 5063">
     <span class='ocr_line' id='line_1_53' title="bbox 101 4985 1682 5063; baseline -0.004 -17"><span class='ocrx_word' id='word_1_339' title='bbox 101 4988 366 5063; x_wconf 83' lang='lat' dir='ltr'><strong>quidquid</strong></span> <span class='ocrx_word' id='word_1_340' title='bbox 404 4989 705 5044; x_wconf 87' lang='lat' dir='ltr'><strong>habuerunt</strong></span> <span class='ocrx_word' id='word_1_341' title='bbox 727 4988 794 5040; x_wconf 90' lang='lat' dir='ltr'><strong>ad</strong></span> <span class='ocrx_word' id='word_1_342' title='bbox 818 4985 1119 5048; x_wconf 87' lang='lat' dir='ltr'><strong>Phetarah,</strong></span> <span class='ocrx_word' id='word_1_343' title='bbox 1151 4989 1262 5040; x_wconf 86' lang='lat' dir='ltr'><strong>sive</strong></span> <span class='ocrx_word' id='word_1_344' title='bbox 1287 4985 1353 5038; x_wconf 91' lang='lat' dir='ltr'><strong>ad</strong></span> <span class='ocrx_word' id='word_1_345' title='bbox 1385 4985 1682 5055; x_wconf 81' lang='lat' dir='ltr'><strong>vainpab,</strong></span> 
     </span>
    </p>
   </div>
   <div class='ocr_carea' id='block_1_54' title="bbox 103 5075 1686 5147">
    <p class='ocr_par' dir='ltr' id='par_1_54' title="bbox 103 5075 1686 5147">
     <span class='ocr_line' id='line_1_54' title="bbox 103 5075 1686 5147; baseline -0.003 -11"><span class='ocrx_word' id='word_1_346' title='bbox 103 5098 198 5137; x_wconf 86' lang='lat' dir='ltr'><strong>seu</strong></span> <span class='ocrx_word' id='word_1_347' title='bbox 227 5081 296 5134; x_wconf 88' lang='lat' dir='ltr'><strong>ad</strong></span> <span class='ocrx_word' id='word_1_348' title='bbox 347 5079 492 5142; x_wconf 82' lang='lat' dir='ltr'><strong>Ahu,</strong></span> <span class='ocrx_word' id='word_1_349' title='bbox 533 5077 673 5147; x_wconf 89' lang='lat' dir='ltr'><strong>quod</strong></span> <span class='ocrx_word' id='word_1_350' title='bbox 712 5085 894 5146; x_wconf 87' lang='lat' dir='ltr'><strong>postea</strong></span> <span class='ocrx_word' id='word_1_351' title='bbox 932 5075 1048 5146; x_wconf 89' lang='lat' dir='ltr'><strong>ipse</strong></span> <span class='ocrx_word' id='word_1_352' title='bbox 1079 5075 1306 5145; x_wconf 82' lang='lat' dir='ltr'><strong>Ribpald</strong></span> <span class='ocrx_word' id='word_1_353' title='bbox 1339 5075 1499 5132; x_wconf 85' lang='lat' dir='ltr'><strong>voluit</strong></span> <span class='ocrx_word' id='word_1_354' title='bbox 1539 5093 1686 5132; x_wconf 88' lang='lat' dir='ltr'><strong>com-</strong></span> 
     </span>
    </p>
   </div>
   <div class='ocr_carea' id='block_1_55' title="bbox 102 5165 1682 5242">
    <p class='ocr_par' dir='ltr' id='par_1_55' title="bbox 102 5165 1682 5242">
     <span class='ocr_line' id='line_1_55' title="bbox 102 5165 1682 5242; baseline -0.002 -18"><span class='ocrx_word' id='word_1_355' title='bbox 102 5171 366 5242; x_wconf 88' lang='lat' dir='ltr'><strong>placitare</strong></span> <span class='ocrx_word' id='word_1_356' title='bbox 410 5167 692 5236; x_wconf 85' lang='lat' dir='ltr'><strong>nepotibus</strong></span> <span class='ocrx_word' id='word_1_357' title='bbox 738 5165 852 5220; x_wconf 88' lang='lat' dir='ltr'><strong>suis</strong></span> <span class='ocrx_word' id='word_1_358' title='bbox 905 5165 1220 5236; x_wconf 84' lang='lat' dir='ltr'><strong>Engilmone</strong></span> <span class='ocrx_word' id='word_1_359' title='bbox 1273 5174 1328 5220; x_wconf 90' lang='lat' dir='ltr'><strong>et</strong></span> <span class='ocrx_word' id='word_1_360' title='bbox 1373 5166 1682 5230; x_wconf 86' lang='lat' dir='ltr'><strong>lsandeone,</strong></span> 
     </span>
    </p>
   </div>
   <div class='ocr_carea' id='block_1_56' title="bbox 102 5254 1684 5327">
    <p class='ocr_par' dir='ltr' id='par_1_56' title="bbox 102 5254 1684 5327">
     <span class='ocr_line' id='line_1_56' title="bbox 102 5254 1684 5327; baseline -0.003 -11"><span class='ocrx_word' id='word_1_361' title='bbox 102 5261 200 5316; x_wconf 76' lang='lat' dir='ltr'><strong>sed</strong></span> <span class='ocrx_word' id='word_1_362' title='bbox 245 5274 354 5313; x_wconf 90' lang='lat' dir='ltr'><strong>non</strong></span> <span class='ocrx_word' id='word_1_363' title='bbox 405 5257 651 5327; x_wconf 90' lang='lat' dir='ltr'><strong>perfecit,</strong></span> <span class='ocrx_word' id='word_1_364' title='bbox 701 5257 950 5326; x_wconf 89' lang='lat' dir='ltr'><strong>quodque</strong></span> <span class='ocrx_word' id='word_1_365' title='bbox 1002 5255 1076 5310; x_wconf 89' lang='lat' dir='ltr'><strong>ita</strong></span> <span class='ocrx_word' id='word_1_366' title='bbox 1118 5254 1187 5311; x_wconf 89' lang='lat' dir='ltr'><strong>ab</strong></span> <span class='ocrx_word' id='word_1_367' title='bbox 1213 5256 1294 5311; x_wconf 90' lang='lat' dir='ltr'><strong>eis</strong></span> <span class='ocrx_word' id='word_1_368' title='bbox 1336 5255 1438 5311; x_wconf 89' lang='lat' dir='ltr'><strong>fuit</strong></span> <span class='ocrx_word' id='word_1_369' title='bbox 1488 5255 1684 5325; x_wconf 90' lang='lat' dir='ltr'><strong>injuste</strong></span> 
     </span>
    </p>
   </div>
   <div class='ocr_carea' id='block_1_57' title="bbox 101 5346 1684 5420">
    <p class='ocr_par' dir='ltr' id='par_1_57' title="bbox 101 5346 1684 5420">
     <span class='ocr_line' id='line_1_57' title="bbox 101 5346 1684 5420; baseline -0.002 -14"><span class='ocrx_word' id='word_1_370' title='bbox 101 5354 391 5420; x_wconf 82' lang='lat' dir='ltr'><strong>abreptum</strong></span> <span class='ocrx_word' id='word_1_371' title='bbox 449 5349 518 5404; x_wconf 88' lang='lat' dir='ltr'><strong>de</strong></span> <span class='ocrx_word' id='word_1_372' title='bbox 563 5355 826 5417; x_wconf 88' lang='lat' dir='ltr'><strong>potestate</strong></span> <span class='ocrx_word' id='word_1_373' title='bbox 873 5347 932 5402; x_wconf 83' lang='lat' dir='ltr'><strong>S.</strong></span> <span class='ocrx_word' id='word_1_374' title='bbox 978 5346 1382 5412; x_wconf 89' lang='lat' dir='ltr'><strong>Emmerammi,</strong></span> <span class='ocrx_word' id='word_1_375' title='bbox 1435 5347 1684 5418; x_wconf 87' lang='lat' dir='ltr'><strong>quodque</strong></span> 
     </span>
    </p>
   </div>
   <div class='ocr_carea' id='block_1_58' title="bbox 101 5434 1688 5508">
    <p class='ocr_par' dir='ltr' id='par_1_58' title="bbox 101 5434 1688 5508">
     <span class='ocr_line' id='line_1_58' title="bbox 101 5434 1688 5508; baseline -0.003 -11"><span class='ocrx_word' id='word_1_376' title='bbox 101 5441 394 5497; x_wconf 78' lang='lat' dir='ltr'><strong>Baturicus</strong></span> <span class='ocrx_word' id='word_1_377' title='bbox 426 5439 710 5508; x_wconf 84' lang='lat' dir='ltr'><strong>episcopus</strong></span> <span class='ocrx_word' id='word_1_378' title='bbox 743 5447 799 5493; x_wconf 87' lang='lat' dir='ltr'><strong>et</strong></span> <span class='ocrx_word' id='word_1_379' title='bbox 822 5438 1117 5493; x_wconf 85' lang='lat' dir='ltr'><strong>advocatus</strong></span> <span class='ocrx_word' id='word_1_380' title='bbox 1157 5434 1275 5505; x_wconf 88' lang='lat' dir='ltr'><strong>ejus</strong></span> <span class='ocrx_word' id='word_1_381' title='bbox 1303 5435 1474 5492; x_wconf 90' lang='lat' dir='ltr'><strong>Immo</strong></span> <span class='ocrx_word' id='word_1_382' title='bbox 1499 5439 1688 5508; x_wconf 82' lang='lat' dir='ltr'><strong>exqui-</strong></span> 
     </span>
    </p>
   </div>
   <div class='ocr_carea' id='block_1_59' title="bbox 101 5525 1686 5598">
    <p class='ocr_par' dir='ltr' id='par_1_59' title="bbox 101 5525 1686 5598">
     <span class='ocr_line' id='line_1_59' title="bbox 101 5525 1686 5598; baseline -0.003 -10"><span class='ocrx_word' id='word_1_383' title='bbox 101 5533 318 5588; x_wconf 81' lang='grc'><strong>810111111</strong></span> <span class='ocrx_word' id='word_1_384' title='bbox 345 5529 414 5583; x_wconf 90' lang='lat' dir='ltr'><strong>ab</strong></span> <span class='ocrx_word' id='word_1_385' title='bbox 437 5531 517 5584; x_wconf 90' lang='lat' dir='ltr'><strong>eis</strong></span> <span class='ocrx_word' id='word_1_386' title='bbox 565 5529 618 5583; x_wconf 94' lang='lat' dir='ltr'><strong>in</strong></span> <span class='ocrx_word' id='word_1_387' title='bbox 646 5528 806 5584; x_wconf 87' lang='lat' dir='ltr'><strong>mallo</strong></span> <span class='ocrx_word' id='word_1_388' title='bbox 841 5527 1053 5598; x_wconf 92' lang='lat' dir='ltr'><strong>publico</strong></span> <span class='ocrx_word' id='word_1_389' title='bbox 1087 5529 1156 5581; x_wconf 92' lang='lat' dir='ltr'><strong>ad</strong></span> <span class='ocrx_word' id='word_1_390' title='bbox 1184 5525 1454 5582; x_wconf 81' lang='lat' dir='ltr'><strong>I’hetarah</strong></span> <span class='ocrx_word' id='word_1_391' title='bbox 1483 5544 1686 5584; x_wconf 84' lang='lat' dir='ltr'><strong>coram</strong></span> 
     </span>
    </p>
   </div>
   <div class='ocr_carea' id='block_1_60' title="bbox 101 5619 1689 5692">
    <p class='ocr_par' dir='ltr' id='par_1_60' title="bbox 101 5619 1689 5692">
     <span class='ocr_line' id='line_1_60' title="bbox 101 5619 1689 5692; baseline -0.003 -11"><span class='ocrx_word' id='word_1_392' title='bbox 101 5625 386 5681; x_wconf 80' lang='lat' dir='ltr'><strong>Cntafrido</strong></span> <span class='ocrx_word' id='word_1_393' title='bbox 411 5623 608 5680; x_wconf 87' lang='lat' dir='ltr'><strong>comite</strong></span> <span class='ocrx_word' id='word_1_394' title='bbox 636 5622 924 5692; x_wconf 88' lang='lat' dir='ltr'><strong>multisque</strong></span> <span class='ocrx_word' id='word_1_395' title='bbox 973 5621 1094 5676; x_wconf 89' lang='lat' dir='ltr'><strong>aliis</strong></span> <span class='ocrx_word' id='word_1_396' title='bbox 1123 5619 1193 5675; x_wconf 88' lang='lat' dir='ltr'><strong>ibi</strong></span> <span class='ocrx_word' id='word_1_397' title='bbox 1231 5621 1606 5690; x_wconf 75' lang='lat' dir='ltr'><strong>przesentibus,</strong></span> <span class='ocrx_word' id='word_1_398' title='bbox 1633 5631 1689 5676; x_wconf 87' lang='lat' dir='ltr'><strong>et</strong></span> 
     </span>
    </p>
   </div>
   <div class='ocr_carea' id='block_1_61' title="bbox 107 5711 1684 5784">
    <p class='ocr_par' dir='ltr' id='par_1_61' title="bbox 107 5711 1684 5784">
     <span class='ocr_line' id='line_1_61' title="bbox 107 5711 1684 5784; baseline -0.003 -14"><span class='ocrx_word' id='word_1_399' title='bbox 107 5718 181 5770; x_wconf 82' lang='lat' dir='ltr'><strong>illi</strong></span> <span class='ocrx_word' id='word_1_400' title='bbox 217 5717 336 5784; x_wconf 64' lang='lat' dir='ltr'><strong>lege</strong></span> <span class='ocrx_word' id='word_1_401' title='bbox 363 5722 587 5783; x_wconf 79' lang='lat' dir='ltr'><strong>cogente</strong></span> <span class='ocrx_word' id='word_1_402' title='bbox 624 5715 722 5768; x_wconf 88' lang='lat' dir='ltr'><strong>hoc</strong></span> <span class='ocrx_word' id='word_1_403' title='bbox 766 5714 936 5782; x_wconf 87' lang='lat' dir='ltr'><strong>ipsum</strong></span> <span class='ocrx_word' id='word_1_404' title='bbox 969 5720 1140 5766; x_wconf 85' lang='lat' dir='ltr'><strong>totum</strong></span> <span class='ocrx_word' id='word_1_405' title='bbox 1189 5711 1533 5765; x_wconf 81' lang='lat' dir='ltr'><strong>reddiderunt</strong></span> <span class='ocrx_word' id='word_1_406' title='bbox 1585 5711 1684 5767; x_wconf 80' lang='lat' dir='ltr'><strong>Ba-</strong></span> 
     </span>
    </p>
   </div>
   <div class='ocr_carea' id='block_1_62' title="bbox 1712 4492 1764 4552">
    <p class='ocr_par' dir='ltr' id='par_1_62' title="bbox 1712 4492 1764 4552">
     <span class='ocr_line' id='line_1_62' title="bbox 1712 4492 1764 4552; baseline 0 0"><span class='ocrx_word' id='word_1_407' title='bbox 1712 4492 1764 4552; x_wconf 90' lang='lat' dir='ltr'><strong>D</strong></span> 
     </span>
    </p>
   </div>
   <div class='ocr_carea' id='block_1_63' title="bbox 1797 543 3372 623">
    <p class='ocr_par' dir='ltr' id='par_1_63' title="bbox 1797 543 3372 623">
     <span class='ocr_line' id='line_1_63' title="bbox 1797 543 3372 623; baseline 0.008 -27"><span class='ocrx_word' id='word_1_408' title='bbox 1797 543 1963 597; x_wconf 91' lang='lat' dir='ltr'><strong>Immo</strong></span> <span class='ocrx_word' id='word_1_409' title='bbox 2000 544 2125 599; x_wconf 90' lang='lat' dir='ltr'><strong>inde</strong></span> <span class='ocrx_word' id='word_1_410' title='bbox 2171 547 2238 599; x_wconf 91' lang='lat' dir='ltr'><strong>ab</strong></span> <span class='ocrx_word' id='word_1_411' title='bbox 2276 546 2356 600; x_wconf 88' lang='lat' dir='ltr'><strong>eis</strong></span> <span class='ocrx_word' id='word_1_412' title='bbox 2403 547 2718 602; x_wconf 89' lang='lat' dir='ltr'><strong>vestituram</strong></span> <span class='ocrx_word' id='word_1_413' title='bbox 2757 550 2988 620; x_wconf 81' lang='lat' dir='ltr'><strong>accepit.</strong></span> <span class='ocrx_word' id='word_1_414' title='bbox 3031 549 3136 606; x_wconf 90' lang='lat' dir='ltr'><strong>Sed</strong></span> <span class='ocrx_word' id='word_1_415' title='bbox 3184 563 3372 623; x_wconf 83' lang='lat' dir='ltr'><strong>postea</strong></span> 
     </span>
    </p>
   </div>
   <div class='ocr_carea' id='block_1_64' title="bbox 1795 635 3371 710">
    <p class='ocr_par' dir='ltr' id='par_1_64' title="bbox 1795 635 3371 710">
     <span class='ocr_line' id='line_1_64' title="bbox 1795 635 3371 710; baseline 0.009 -24"><span class='ocrx_word' id='word_1_416' title='bbox 1795 647 1981 690; x_wconf 91' lang='lat' dir='ltr'><strong>eorum</strong></span> <span class='ocrx_word' id='word_1_417' title='bbox 2006 635 2109 689; x_wconf 86' lang='lat' dir='ltr'><strong>fuit</strong></span> <span class='ocrx_word' id='word_1_418' title='bbox 2138 637 2324 706; x_wconf 85' lang='lat' dir='ltr'><strong>petitio</strong></span> <span class='ocrx_word' id='word_1_419' title='bbox 2372 637 2708 708; x_wconf 88' lang='lat' dir='ltr'><strong>aliorumque</strong></span> <span class='ocrx_word' id='word_1_420' title='bbox 2742 640 3002 696; x_wconf 89' lang='lat' dir='ltr'><strong>honorum</strong></span> <span class='ocrx_word' id='word_1_421' title='bbox 3053 645 3328 700; x_wconf 88' lang='lat' dir='ltr'><strong>hominmu</strong></span> <span class='ocrx_word' id='word_1_422' title='bbox 3356 685 3371 710; x_wconf 90' lang='lat'><strong>,</strong></span> 
     </span>
    </p>
   </div>
   <div class='ocr_carea' id='block_1_65' title="bbox 1797 725 3372 794">
    <p class='ocr_par' dir='ltr' id='par_1_65' title="bbox 1797 725 3372 794">
     <span class='ocr_line' id='line_1_65' title="bbox 1797 725 3372 794; baseline 0.006 -16"><span class='ocrx_word' id='word_1_423' title='bbox 1797 734 1857 779; x_wconf 90' lang='lat' dir='ltr'><strong>ut</strong></span> <span class='ocrx_word' id='word_1_424' title='bbox 1887 725 1988 780; x_wconf 89' lang='lat' dir='ltr'><strong>hoc</strong></span> <span class='ocrx_word' id='word_1_425' title='bbox 2010 725 2186 794; x_wconf 88' lang='lat' dir='ltr'><strong>ipsum</strong></span> <span class='ocrx_word' id='word_1_426' title='bbox 2209 726 2405 780; x_wconf 92' lang='lat' dir='ltr'><strong>iterum</strong></span> <span class='ocrx_word' id='word_1_427' title='bbox 2435 727 2514 782; x_wconf 90' lang='lat' dir='ltr'><strong>eis</strong></span> <span class='ocrx_word' id='word_1_428' title='bbox 2544 728 2598 782; x_wconf 91' lang='lat' dir='ltr'><strong>in</strong></span> <span class='ocrx_word' id='word_1_429' title='bbox 2624 729 2940 785; x_wconf 88' lang='lat' dir='ltr'><strong>beneﬁcium</strong></span> <span class='ocrx_word' id='word_1_430' title='bbox 2967 734 3372 788; x_wconf 83' lang='lat' dir='ltr'><strong>concederetur.</strong></span> 
     </span>
    </p>
   </div>
   <div class='ocr_carea' id='block_1_66' title="bbox 1796 815 3374 891">
    <p class='ocr_par' dir='ltr' id='par_1_66' title="bbox 1796 815 3374 891">
     <span class='ocr_line' id='line_1_66' title="bbox 1796 815 3374 891; baseline 0.006 -22"><span class='ocrx_word' id='word_1_431' title='bbox 1796 815 2058 886; x_wconf 86' lang='lat' dir='ltr'><strong>Quodque</strong></span> <span class='ocrx_word' id='word_1_432' title='bbox 2087 817 2390 888; x_wconf 82' lang='lat' dir='ltr'><strong>benignitas</strong></span> <span class='ocrx_word' id='word_1_433' title='bbox 2430 818 2663 874; x_wconf 88' lang='lat' dir='ltr'><strong>Baturici</strong></span> <span class='ocrx_word' id='word_1_434' title='bbox 2703 818 2940 891; x_wconf 87' lang='lat' dir='ltr'><strong>episcopi</strong></span> <span class='ocrx_word' id='word_1_435' title='bbox 2964 821 3045 876; x_wconf 87' lang='lat' dir='ltr'><strong>eis</strong></span> <span class='ocrx_word' id='word_1_436' title='bbox 3076 823 3246 877; x_wconf 91' lang='grc'><strong>11011111</strong></span> <span class='ocrx_word' id='word_1_437' title='bbox 3274 825 3374 880; x_wconf 85' lang='lat' dir='ltr'><strong>de-</strong></span> 
     </span>
    </p>
   </div>
   <div class='ocr_carea' id='block_1_67' title="bbox 1798 910 3374 980">
    <p class='ocr_par' dir='ltr' id='par_1_67' title="bbox 1798 910 3374 980">
     <span class='ocr_line' id='line_1_67' title="bbox 1798 910 3374 980; baseline 0.006 -18"><span class='ocrx_word' id='word_1_438' title='bbox 1798 923 2019 980; x_wconf 81' lang='lat' dir='ltr'><strong>negare,</strong></span> <span class='ocrx_word' id='word_1_439' title='bbox 2073 910 2165 964; x_wconf 89' lang='lat' dir='ltr'><strong>sed</strong></span> <span class='ocrx_word' id='word_1_440' title='bbox 2206 910 2278 964; x_wconf 89' lang='lat' dir='ltr'><strong>ita</strong></span> <span class='ocrx_word' id='word_1_441' title='bbox 2331 910 2435 964; x_wconf 90' lang='lat' dir='ltr'><strong>illis</strong></span> <span class='ocrx_word' id='word_1_442' title='bbox 2481 913 2748 966; x_wconf 86' lang='lat' dir='ltr'><strong>concessit</strong></span> <span class='ocrx_word' id='word_1_443' title='bbox 2791 913 2894 968; x_wconf 92' lang='lat' dir='ltr'><strong>hoc</strong></span> <span class='ocrx_word' id='word_1_444' title='bbox 2947 914 3000 969; x_wconf 82' lang='lat' dir='ltr'><strong>in</strong></span> <span class='ocrx_word' id='word_1_445' title='bbox 3054 915 3374 972; x_wconf 89' lang='lat' dir='ltr'><strong>beneﬁcium</strong></span> 
     </span>
    </p>
   </div>
   <div class='ocr_carea' id='block_1_68' title="bbox 1798 1002 3372 1079">
    <p class='ocr_par' dir='ltr' id='par_1_68' title="bbox 1798 1002 3372 1079">
     <span class='ocr_line' id='line_1_68' title="bbox 1798 1002 3372 1079; baseline 0.006 -26"><span class='ocrx_word' id='word_1_446' title='bbox 1798 1017 1966 1072; x_wconf 92' lang='lat' dir='ltr'><strong>usque</strong></span> <span class='ocrx_word' id='word_1_447' title='bbox 1988 1002 2054 1056; x_wconf 90' lang='lat' dir='ltr'><strong>ad</strong></span> <span class='ocrx_word' id='word_1_448' title='bbox 2085 1002 2199 1057; x_wconf 89' lang='lat' dir='ltr'><strong>dies</strong></span> <span class='ocrx_word' id='word_1_449' title='bbox 2231 1002 2350 1056; x_wconf 77' lang='lat' dir='ltr'><strong>vita:</strong></span> <span class='ocrx_word' id='word_1_450' title='bbox 2387 1017 2497 1058; x_wconf 76' lang='lat' dir='ltr'><strong>sua:</strong></span> <span class='ocrx_word' id='word_1_451' title='bbox 2541 1012 2727 1058; x_wconf 88' lang='lat' dir='ltr'><strong>contra</strong></span> <span class='ocrx_word' id='word_1_452' title='bbox 2758 1019 2977 1060; x_wconf 91' lang='lat' dir='ltr'><strong>censum</strong></span> <span class='ocrx_word' id='word_1_453' title='bbox 3027 1005 3372 1079; x_wconf 89' lang='lat' dir='ltr'><strong>condignum,</strong></span> 
     </span>
    </p>
   </div>
   <div class='ocr_carea' id='block_1_69' title="bbox 1795 1094 3373 1174">
    <p class='ocr_par' dir='ltr' id='par_1_69' title="bbox 1795 1094 3373 1174">
     <span class='ocr_line' id='line_1_69' title="bbox 1795 1094 3373 1174; baseline 0.008 -26"><span class='ocrx_word' id='word_1_454' title='bbox 1795 1103 1848 1148; x_wconf 89' lang='lat' dir='ltr'><strong>ct</strong></span> <span class='ocrx_word' id='word_1_455' title='bbox 1888 1095 1989 1149; x_wconf 89' lang='lat' dir='ltr'><strong>hoc</strong></span> <span class='ocrx_word' id='word_1_456' title='bbox 2043 1094 2169 1150; x_wconf 89' lang='lat' dir='ltr'><strong>fecit</strong></span> <span class='ocrx_word' id='word_1_457' title='bbox 2217 1111 2320 1150; x_wconf 91' lang='lat' dir='ltr'><strong>una</strong></span> <span class='ocrx_word' id='word_1_458' title='bbox 2362 1112 2484 1152; x_wconf 89' lang='lat' dir='ltr'><strong>cum</strong></span> <span class='ocrx_word' id='word_1_459' title='bbox 2531 1113 2795 1154; x_wconf 90' lang='lat' dir='ltr'><strong>consensu</strong></span> <span class='ocrx_word' id='word_1_460' title='bbox 2839 1103 3272 1174; x_wconf 80' lang='lat' dir='ltr'><strong>congregationis</strong></span> <span class='ocrx_word' id='word_1_461' title='bbox 3314 1104 3373 1161; x_wconf 92' lang='lat' dir='ltr'><strong>S.</strong></span> 
     </span>
    </p>
   </div>
   <div class='ocr_carea' id='block_1_70' title="bbox 1797 1183 3375 1264">
    <p class='ocr_par' dir='ltr' id='par_1_70' title="bbox 1797 1183 3375 1264">
     <span class='ocr_line' id='line_1_70' title="bbox 1797 1183 3375 1264; baseline 0.007 -27"><span class='ocrx_word' id='word_1_462' title='bbox 1797 1183 2198 1249; x_wconf 81' lang='lat' dir='ltr'><strong>Emmerammi,</strong></span> <span class='ocrx_word' id='word_1_463' title='bbox 2229 1197 2284 1240; x_wconf 88' lang='lat' dir='ltr'><strong>et</strong></span> <span class='ocrx_word' id='word_1_464' title='bbox 2332 1186 2404 1242; x_wconf 92' lang='lat' dir='ltr'><strong>illi</strong></span> <span class='ocrx_word' id='word_1_465' title='bbox 2435 1197 2654 1258; x_wconf 87' lang='lat' dir='ltr'><strong>accepto</strong></span> <span class='ocrx_word' id='word_1_466' title='bbox 2715 1189 2840 1245; x_wconf 90' lang='lat' dir='ltr'><strong>inde</strong></span> <span class='ocrx_word' id='word_1_467' title='bbox 2863 1189 3122 1246; x_wconf 89' lang='lat' dir='ltr'><strong>beneﬁcio</strong></span> <span class='ocrx_word' id='word_1_468' title='bbox 3167 1195 3233 1248; x_wconf 88' lang='lat' dir='ltr'><strong>ab</strong></span> <span class='ocrx_word' id='word_1_469' title='bbox 3259 1195 3375 1264; x_wconf 83' lang='lat' dir='ltr'><strong>epi-</strong></span> 
     </span>
    </p>
   </div>
   <div class='ocr_carea' id='block_1_71' title="bbox 1795 1272 3378 1346">
    <p class='ocr_par' dir='ltr' id='par_1_71' title="bbox 1795 1272 3378 1346">
     <span class='ocr_line' id='line_1_71' title="bbox 1795 1272 3378 1346; baseline 0.004 -18"><span class='ocrx_word' id='word_1_470' title='bbox 1795 1288 1957 1344; x_wconf 86' lang='lat' dir='ltr'><strong>scopo</strong></span> <span class='ocrx_word' id='word_1_471' title='bbox 1985 1272 2236 1331; x_wconf 87' lang='lat' dir='ltr'><strong>Baturico</strong></span> <span class='ocrx_word' id='word_1_472' title='bbox 2263 1284 2318 1330; x_wconf 92' lang='lat' dir='ltr'><strong>et</strong></span> <span class='ocrx_word' id='word_1_473' title='bbox 2343 1275 2411 1330; x_wconf 90' lang='lat' dir='ltr'><strong>ab</strong></span> <span class='ocrx_word' id='word_1_474' title='bbox 2442 1277 2704 1332; x_wconf 87' lang='lat' dir='ltr'><strong>advocato</strong></span> <span class='ocrx_word' id='word_1_475' title='bbox 2729 1277 2844 1346; x_wconf 91' lang='lat' dir='ltr'><strong>ejus</strong></span> <span class='ocrx_word' id='word_1_476' title='bbox 2875 1280 3112 1335; x_wconf 91' lang='lat' dir='ltr'><strong>Immone</strong></span> <span class='ocrx_word' id='word_1_477' title='bbox 3171 1282 3378 1344; x_wconf 69' lang='grc'><strong>1111111111-</strong></span> 
     </span>
    </p>
   </div>
   <div class='ocr_carea' id='block_1_72' title="bbox 1795 1365 3377 1440">
    <p class='ocr_par' dir='ltr' id='par_1_72' title="bbox 1795 1365 3377 1440">
     <span class='ocr_line' id='line_1_72' title="bbox 1795 1365 3377 1440; baseline 0.005 -22"><span class='ocrx_word' id='word_1_478' title='bbox 1795 1373 1991 1420; x_wconf 85' lang='lat' dir='ltr'><strong>verunt</strong></span> <span class='ocrx_word' id='word_1_479' title='bbox 2015 1365 2136 1420; x_wconf 92' lang='lat' dir='ltr'><strong>inde</strong></span> <span class='ocrx_word' id='word_1_480' title='bbox 2159 1380 2380 1420; x_wconf 87' lang='lat' dir='ltr'><strong>censum</strong></span> <span class='ocrx_word' id='word_1_481' title='bbox 2405 1375 2636 1436; x_wconf 86' lang='lat' dir='ltr'><strong>quatuor</strong></span> <span class='ocrx_word' id='word_1_482' title='bbox 2661 1367 2950 1425; x_wconf 89' lang='lat' dir='ltr'><strong>solidorum</strong></span> <span class='ocrx_word' id='word_1_483' title='bbox 2974 1371 3129 1425; x_wconf 89' lang='lat' dir='ltr'><strong>annis</strong></span> <span class='ocrx_word' id='word_1_484' title='bbox 3151 1371 3377 1440; x_wconf 84' lang='lat' dir='ltr'><strong>singulis</strong></span> 
     </span>
    </p>
   </div>
   <div class='ocr_carea' id='block_1_73' title="bbox 1795 1457 3372 1527">
    <p class='ocr_par' dir='ltr' id='par_1_73' title="bbox 1795 1457 3372 1527">
     <span class='ocr_line' id='line_1_73' title="bbox 1795 1457 3372 1527; baseline 0.004 -15"><span class='ocrx_word' id='word_1_485' title='bbox 1795 1457 2100 1526; x_wconf 74' lang='lat' dir='ltr'><strong>persolvere</strong></span> <span class='ocrx_word' id='word_1_486' title='bbox 2130 1457 2196 1512; x_wconf 91' lang='lat' dir='ltr'><strong>ad</strong></span> <span class='ocrx_word' id='word_1_487' title='bbox 2218 1458 2562 1515; x_wconf 79' lang='lat' dir='ltr'><strong>festivitatem</strong></span> <span class='ocrx_word' id='word_1_488' title='bbox 2586 1461 3061 1527; x_wconf 86' lang='lat' dir='ltr'><strong>S.Emmerammi,</strong></span> <span class='ocrx_word' id='word_1_489' title='bbox 3093 1473 3147 1518; x_wconf 92' lang='lat' dir='ltr'><strong>et</strong></span> <span class='ocrx_word' id='word_1_490' title='bbox 3176 1465 3372 1518; x_wconf 85' lang='lat' dir='ltr'><strong>nullam</strong></span> 
     </span>
    </p>
   </div>
   <div class='ocr_carea' id='block_1_74' title="bbox 1796 1548 3376 1625">
    <p class='ocr_par' dir='ltr' id='par_1_74' title="bbox 1796 1548 3376 1625">
     <span class='ocr_line' id='line_1_74' title="bbox 1796 1548 3376 1625; baseline 0.004 -23"><span class='ocrx_word' id='word_1_491' title='bbox 1796 1549 1919 1603; x_wconf 84' lang='lat' dir='ltr'><strong>inde</strong></span> <span class='ocrx_word' id='word_1_492' title='bbox 1945 1548 2324 1620; x_wconf 83' lang='lat' dir='ltr'><strong>negligentiam</strong></span> <span class='ocrx_word' id='word_1_493' title='bbox 2362 1550 2538 1606; x_wconf 87' lang='lat' dir='ltr'><strong>facere.</strong></span> <span class='ocrx_word' id='word_1_494' title='bbox 2567 1552 2874 1625; x_wconf 88' lang='lat' dir='ltr'><strong>nullamque</strong></span> <span class='ocrx_word' id='word_1_495' title='bbox 2897 1556 3126 1624; x_wconf 84' lang='lat' dir='ltr'><strong>amplius</strong></span> <span class='ocrx_word' id='word_1_496' title='bbox 3159 1568 3376 1611; x_wconf 85' lang='lat' dir='ltr'><strong>contro-</strong></span> 
     </span>
    </p>
   </div>
   <div class='ocr_carea' id='block_1_75' title="bbox 1794 1639 3376 1719">
    <p class='ocr_par' dir='ltr' id='par_1_75' title="bbox 1794 1639 3376 1719">
     <span class='ocr_line' id='line_1_75' title="bbox 1794 1639 3376 1719; baseline 0.006 -28"><span class='ocrx_word' id='word_1_497' title='bbox 1794 1639 2026 1694; x_wconf 86' lang='lat' dir='ltr'><strong>versiam</strong></span> <span class='ocrx_word' id='word_1_498' title='bbox 2057 1639 2165 1694; x_wconf 89' lang='lat' dir='ltr'><strong>ullo</strong></span> <span class='ocrx_word' id='word_1_499' title='bbox 2192 1641 2352 1696; x_wconf 87' lang='lat' dir='ltr'><strong>modo</strong></span> <span class='ocrx_word' id='word_1_500' title='bbox 2380 1643 2687 1712; x_wconf 87' lang='lat' dir='ltr'><strong>pastoribus</strong></span> <span class='ocrx_word' id='word_1_501' title='bbox 2707 1643 2765 1700; x_wconf 90' lang='lat' dir='ltr'><strong>S.</strong></span> <span class='ocrx_word' id='word_1_502' title='bbox 2795 1645 3171 1702; x_wconf 86' lang='lat' dir='ltr'><strong>Emmerammi</strong></span> <span class='ocrx_word' id='word_1_503' title='bbox 3202 1664 3376 1719; x_wconf 79' lang='lat' dir='ltr'><strong>neque</strong></span> 
     </span>
    </p>
   </div>
   <div class='ocr_carea' id='block_1_76' title="bbox 1794 1729 3372 1805">
    <p class='ocr_par' dir='ltr' id='par_1_76' title="bbox 1794 1729 3372 1805">
     <span class='ocr_line' id='line_1_76' title="bbox 1794 1729 3372 1805; baseline 0.005 -22"><span class='ocrx_word' id='word_1_504' title='bbox 1794 1729 2010 1784; x_wconf 70' lang='lat' dir='ltr'><strong>familiae</strong></span> <span class='ocrx_word' id='word_1_505' title='bbox 2057 1729 2194 1800; x_wconf 85' lang='lat' dir='ltr'><strong>ejus.</strong></span> <span class='ocrx_word' id='word_1_506' title='bbox 2246 1731 2400 1799; x_wconf 86' lang='lat' dir='ltr'><strong>Quod</strong></span> <span class='ocrx_word' id='word_1_507' title='bbox 2446 1734 2494 1788; x_wconf 90' lang='lat' dir='ltr'><strong>si</strong></span> <span class='ocrx_word' id='word_1_508' title='bbox 2543 1734 2807 1800; x_wconf 86' lang='lat' dir='ltr'><strong>facerent,</strong></span> <span class='ocrx_word' id='word_1_509' title='bbox 2856 1736 3147 1790; x_wconf 83' lang='lat' dir='ltr'><strong>secundum</strong></span> <span class='ocrx_word' id='word_1_510' title='bbox 3201 1737 3372 1805; x_wconf 87' lang='lat' dir='ltr'><strong>legem</strong></span> 
     </span>
    </p>
   </div>
   <div class='ocr_carea' id='block_1_77' title="bbox 1791 1820 3375 1896">
    <p class='ocr_par' dir='ltr' id='par_1_77' title="bbox 1791 1820 3375 1896">
     <span class='ocr_line' id='line_1_77' title="bbox 1791 1820 3375 1896; baseline 0.004 -22"><span class='ocrx_word' id='word_1_511' title='bbox 1791 1820 2012 1875; x_wconf 88' lang='lat' dir='ltr'><strong>omnino</strong></span> <span class='ocrx_word' id='word_1_512' title='bbox 2049 1831 2376 1892; x_wconf 90' lang='lat' dir='ltr'><strong>componant</strong></span> <span class='ocrx_word' id='word_1_513' title='bbox 2428 1837 2601 1893; x_wconf 88' lang='lat' dir='ltr'><strong>neque</strong></span> <span class='ocrx_word' id='word_1_514' title='bbox 2637 1824 2744 1881; x_wconf 88' lang='grc'><strong>11110</strong></span> <span class='ocrx_word' id='word_1_515' title='bbox 2793 1826 2950 1879; x_wconf 86' lang='grc'><strong>1110110</strong></span> <span class='ocrx_word' id='word_1_516' title='bbox 3000 1825 3232 1880; x_wconf 85' lang='lat' dir='ltr'><strong>habeant</strong></span> <span class='ocrx_word' id='word_1_517' title='bbox 3281 1842 3375 1896; x_wconf 86' lang='lat' dir='ltr'><strong>po—</strong></span> 
     </span>
    </p>
   </div>
   <div class='ocr_carea' id='block_1_78' title="bbox 1792 1914 3370 1984">
    <p class='ocr_par' dir='ltr' id='par_1_78' title="bbox 1792 1914 3370 1984">
     <span class='ocr_line' id='line_1_78' title="bbox 1792 1914 3370 1984; baseline 0.003 -16"><span class='ocrx_word' id='word_1_518' title='bbox 1792 1921 2040 1968; x_wconf 88' lang='lat' dir='ltr'><strong>testatem</strong></span> <span class='ocrx_word' id='word_1_519' title='bbox 2061 1914 2162 1969; x_wconf 91' lang='lat' dir='ltr'><strong>hoc</strong></span> <span class='ocrx_word' id='word_1_520' title='bbox 2182 1914 2248 1968; x_wconf 92' lang='lat' dir='ltr'><strong>de</strong></span> <span class='ocrx_word' id='word_1_521' title='bbox 2274 1914 2386 1984; x_wconf 92' lang='lat' dir='ltr'><strong>ipsa</strong></span> <span class='ocrx_word' id='word_1_522' title='bbox 2411 1929 2535 1970; x_wconf 86' lang='lat' dir='ltr'><strong>casa</strong></span> <span class='ocrx_word' id='word_1_523' title='bbox 2559 1916 2649 1970; x_wconf 90' lang='lat' dir='ltr'><strong>Dei</strong></span> <span class='ocrx_word' id='word_1_524' title='bbox 2670 1916 2923 1979; x_wconf 87' lang='lat' dir='ltr'><strong>alienare,</strong></span> <span class='ocrx_word' id='word_1_525' title='bbox 2950 1918 3044 1971; x_wconf 90' lang='grc'><strong>8011</strong></span> <span class='ocrx_word' id='word_1_526' title='bbox 3068 1918 3285 1972; x_wconf 85' lang='lat' dir='ltr'><strong>meliora</strong></span> <span class='ocrx_word' id='word_1_527' title='bbox 3295 1933 3370 1980; x_wconf 88' lang='lat' dir='ltr'><strong>re,</strong></span> 
     </span>
    </p>
   </div>
   <div class='ocr_carea' id='block_1_79' title="bbox 1789 1999 3376 2073">
    <p class='ocr_par' dir='ltr' id='par_1_79' title="bbox 1789 1999 3376 2073">
     <span class='ocr_line' id='line_1_79' title="bbox 1789 1999 3376 2073; baseline 0.003 -17"><span class='ocrx_word' id='word_1_528' title='bbox 1789 2012 2049 2071; x_wconf 91' lang='lat' dir='ltr'><strong>quantum</strong></span> <span class='ocrx_word' id='word_1_529' title='bbox 2103 1999 2451 2073; x_wconf 62' lang='lat' dir='ltr'><strong>prievaleant.</strong></span> <span class='ocrx_word' id='word_1_530' title='bbox 2499 2003 2565 2058; x_wconf 84' lang='lat' dir='ltr'><strong>Et</strong></span> <span class='ocrx_word' id='word_1_531' title='bbox 2613 2005 2732 2060; x_wconf 88' lang='lat' dir='ltr'><strong>ideo</strong></span> <span class='ocrx_word' id='word_1_532' title='bbox 2781 2006 2906 2060; x_wconf 90' lang='lat' dir='ltr'><strong>inde</strong></span> <span class='ocrx_word' id='word_1_533' title='bbox 2953 2007 3088 2060; x_wconf 88' lang='lat' dir='ltr'><strong>duas</strong></span> <span class='ocrx_word' id='word_1_534' title='bbox 3140 2006 3376 2061; x_wconf 88' lang='lat' dir='ltr'><strong>cartulas</strong></span> 
     </span>
    </p>
   </div>
   <div class='ocr_carea' id='block_1_80' title="bbox 1791 2091 3375 2164">
    <p class='ocr_par' dir='ltr' id='par_1_80' title="bbox 1791 2091 3375 2164">
     <span class='ocr_line' id='line_1_80' title="bbox 1791 2091 3375 2164; baseline 0.003 -19"><span class='ocrx_word' id='word_1_535' title='bbox 1791 2106 1898 2146; x_wconf 83' lang='lat' dir='ltr'><strong>uno</strong></span> <span class='ocrx_word' id='word_1_536' title='bbox 1925 2091 2490 2162; x_wconf 79' lang='lat' dir='ltr'><strong>tenoreconscriptas</strong></span> <span class='ocrx_word' id='word_1_537' title='bbox 2537 2091 2603 2162; x_wconf 86' lang='lat' dir='ltr'><strong>ad</strong></span> <span class='ocrx_word' id='word_1_538' title='bbox 2653 2092 2961 2148; x_wconf 88' lang='lat' dir='ltr'><strong>ﬁrmitatem</strong></span> <span class='ocrx_word' id='word_1_539' title='bbox 2987 2103 3148 2164; x_wconf 89' lang='lat' dir='ltr'><strong>atque</strong></span> <span class='ocrx_word' id='word_1_540' title='bbox 3171 2110 3375 2152; x_wconf 90' lang='lat' dir='ltr'><strong>memo-</strong></span> 
     </span>
    </p>
   </div>
   <div class='ocr_carea' id='block_1_81' title="bbox 1791 2181 3371 2256">
    <p class='ocr_par' dir='ltr' id='par_1_81' title="bbox 1791 2181 3371 2256">
     <span class='ocr_line' id='line_1_81' title="bbox 1791 2181 3371 2256; baseline 0.001 -21"><span class='ocrx_word' id='word_1_541' title='bbox 1791 2181 1924 2236; x_wconf 89' lang='lat' dir='ltr'><strong>riam</strong></span> <span class='ocrx_word' id='word_1_542' title='bbox 1961 2181 2193 2252; x_wconf 78' lang='lat' dir='ltr'><strong>posteris</strong></span> <span class='ocrx_word' id='word_1_543' title='bbox 2239 2181 2353 2236; x_wconf 90' lang='lat' dir='ltr'><strong>ﬁeri</strong></span> <span class='ocrx_word' id='word_1_544' title='bbox 2403 2182 2642 2237; x_wconf 83' lang='lat' dir='ltr'><strong>decrevit</strong></span> <span class='ocrx_word' id='word_1_545' title='bbox 2688 2183 3028 2253; x_wconf 90' lang='lat' dir='ltr'><strong>supradictus</strong></span> <span class='ocrx_word' id='word_1_546' title='bbox 3067 2185 3371 2256; x_wconf 84' lang='lat' dir='ltr'><strong>episcopus.</strong></span> 
     </span>
    </p>
   </div>
   <div class='ocr_carea' id='block_1_82' title="bbox 1791 2271 3380 2342">
    <p class='ocr_par' dir='ltr' id='par_1_82' title="bbox 1791 2271 3380 2342">
     <span class='ocr_line' id='line_1_82' title="bbox 1791 2271 3380 2342; baseline 0.001 -16"><span class='ocrx_word' id='word_1_547' title='bbox 1791 2273 1858 2327; x_wconf 89' lang='lat' dir='ltr'><strong>Et</strong></span> <span class='ocrx_word' id='word_1_548' title='bbox 1891 2273 1978 2328; x_wconf 92' lang='lat' dir='ltr'><strong>isti</strong></span> <span class='ocrx_word' id='word_1_549' title='bbox 2008 2271 2078 2327; x_wconf 90' lang='lat' dir='ltr'><strong>ibi</strong></span> <span class='ocrx_word' id='word_1_550' title='bbox 2119 2280 2414 2340; x_wconf 74' lang='lat' dir='ltr'><strong>prmsentes</strong></span> <span class='ocrx_word' id='word_1_551' title='bbox 2458 2281 2615 2327; x_wconf 88' lang='lat' dir='ltr'><strong>erant</strong></span> <span class='ocrx_word' id='word_1_552' title='bbox 2659 2273 2751 2342; x_wconf 88' lang='lat' dir='ltr'><strong>qui</strong></span> <span class='ocrx_word' id='word_1_553' title='bbox 2801 2275 2902 2328; x_wconf 90' lang='lat' dir='ltr'><strong>hoc</strong></span> <span class='ocrx_word' id='word_1_554' title='bbox 2934 2273 3180 2328; x_wconf 88' lang='lat' dir='ltr'><strong>viderunt</strong></span> <span class='ocrx_word' id='word_1_555' title='bbox 3201 2285 3255 2328; x_wconf 91' lang='lat' dir='ltr'><strong>et</strong></span> <span class='ocrx_word' id='word_1_556' title='bbox 3279 2289 3380 2328; x_wconf 88' lang='lat' dir='ltr'><strong>an-</strong></span> 
     </span>
    </p>
   </div>
   <div class='ocr_carea' id='block_1_83' title="bbox 1789 2361 3376 2433">
    <p class='ocr_par' dir='ltr' id='par_1_83' title="bbox 1789 2361 3376 2433">
     <span class='ocr_line' id='line_1_83' title="bbox 1789 2361 3376 2433; baseline 0.001 -15"><span class='ocrx_word' id='word_1_557' title='bbox 1789 2364 2031 2419; x_wconf 86' lang='lat' dir='ltr'><strong>dierunt:</strong></span> <span class='ocrx_word' id='word_1_558' title='bbox 2060 2363 2374 2433; x_wconf 90' lang='lat' dir='ltr'><strong>Odalperbt,</strong></span> <span class='ocrx_word' id='word_1_559' title='bbox 2396 2361 2655 2430; x_wconf 88' lang='lat' dir='ltr'><strong>Salahho,</strong></span> <span class='ocrx_word' id='word_1_560' title='bbox 2681 2365 2869 2430; x_wconf 90' lang='lat' dir='ltr'><strong>Immo,</strong></span> <span class='ocrx_word' id='word_1_561' title='bbox 2888 2363 3138 2430; x_wconf 83' lang='lat' dir='ltr'><strong>Rihhart,</strong></span> <span class='ocrx_word' id='word_1_562' title='bbox 3161 2363 3376 2427; x_wconf 85' lang='lat' dir='ltr'><strong>Pilline,</strong></span> 
     </span>
    </p>
   </div>
   <div class='ocr_carea' id='block_1_84' title="bbox 1790 2451 3372 2524">
    <p class='ocr_par' dir='ltr' id='par_1_84' title="bbox 1790 2451 3372 2524">
     <span class='ocr_line' id='line_1_84' title="bbox 1790 2451 3372 2524; baseline -0.002 -17"><span class='ocrx_word' id='word_1_563' title='bbox 1790 2451 2182 2522; x_wconf 89' lang='lat' dir='ltr'><strong>Cundalperht,</strong></span> <span class='ocrx_word' id='word_1_564' title='bbox 2213 2451 2453 2517; x_wconf 84' lang='lat' dir='ltr'><strong>Marcho,</strong></span> <span class='ocrx_word' id='word_1_565' title='bbox 2477 2452 2663 2522; x_wconf 86' lang='lat' dir='ltr'><strong>Otger,</strong></span> <span class='ocrx_word' id='word_1_566' title='bbox 2688 2453 2875 2512; x_wconf 84' lang='lat' dir='ltr'><strong>Mauri,</strong></span> <span class='ocrx_word' id='word_1_567' title='bbox 2902 2453 3151 2524; x_wconf 81' lang='lat' dir='ltr'><strong>Adalger,</strong></span> <span class='ocrx_word' id='word_1_568' title='bbox 3178 2453 3372 2515; x_wconf 82' lang='lat' dir='ltr'><strong>Puoso,</strong></span> 
     </span>
    </p>
   </div>
   <div class='ocr_carea' id='block_1_85' title="bbox 1789 2541 3374 2614">
    <p class='ocr_par' dir='ltr' id='par_1_85' title="bbox 1789 2541 3374 2614">
     <span class='ocr_line' id='line_1_85' title="bbox 1789 2541 3374 2614; baseline 0.001 -17"><span class='ocrx_word' id='word_1_569' title='bbox 1789 2543 1950 2613; x_wconf 82' lang='lat' dir='ltr'><strong>Aopi,</strong></span> <span class='ocrx_word' id='word_1_570' title='bbox 1977 2542 2189 2606; x_wconf 75' lang='grc'><strong>11110111,</strong></span> <span class='ocrx_word' id='word_1_571' title='bbox 2253 2541 2526 2607; x_wconf 86' lang='lat' dir='ltr'><strong>Wicbart,</strong></span> <span class='ocrx_word' id='word_1_572' title='bbox 2554 2542 2832 2608; x_wconf 85' lang='lat' dir='ltr'><strong>Cundfrid,</strong></span> <span class='ocrx_word' id='word_1_573' title='bbox 2865 2544 3165 2614; x_wconf 86' lang='lat' dir='ltr'><strong>Engilpald,</strong></span> <span class='ocrx_word' id='word_1_574' title='bbox 3208 2545 3374 2598; x_wconf 82' lang='lat' dir='ltr'><strong>Adal-</strong></span> 
     </span>
    </p>
   </div>
   <div class='ocr_carea' id='block_1_86' title="bbox 1789 2632 3371 2705">
    <p class='ocr_par' dir='ltr' id='par_1_86' title="bbox 1789 2632 3371 2705">
     <span class='ocr_line' id='line_1_86' title="bbox 1789 2632 3371 2705; baseline 0.001 -18"><span class='ocrx_word' id='word_1_575' title='bbox 1789 2635 1969 2702; x_wconf 88' lang='lat' dir='ltr'><strong>perht,</strong></span> <span class='ocrx_word' id='word_1_576' title='bbox 2024 2633 2195 2702; x_wconf 82' lang='lat' dir='ltr'><strong>Appo,</strong></span> <span class='ocrx_word' id='word_1_577' title='bbox 2241 2633 2457 2695; x_wconf 81' lang='lat' dir='ltr'><strong>Autrib,</strong></span> <span class='ocrx_word' id='word_1_578' title='bbox 2541 2632 2781 2699; x_wconf 82' lang='lat' dir='ltr'><strong>Wiuibo,</strong></span> <span class='ocrx_word' id='word_1_579' title='bbox 2847 2635 2995 2698; x_wconf 85' lang='lat' dir='ltr'><strong>Atto,</strong></span> <span class='ocrx_word' id='word_1_580' title='bbox 3058 2633 3371 2705; x_wconf 88' lang='lat' dir='ltr'><strong>Cotaperht,</strong></span> 
     </span>
    </p>
   </div>
   <div class='ocr_carea' id='block_1_87' title="bbox 1793 2721 3374 2792">
    <p class='ocr_par' dir='ltr' id='par_1_87' title="bbox 1793 2721 3374 2792">
     <span class='ocr_line' id='line_1_87' title="bbox 1793 2721 3374 2792; baseline 0.001 -15"><span class='ocrx_word' id='word_1_581' title='bbox 1793 2722 2082 2792; x_wconf 86' lang='lat' dir='ltr'><strong>Sigiperht,</strong></span> <span class='ocrx_word' id='word_1_582' title='bbox 2110 2721 2392 2792; x_wconf 74' lang='lat' dir='ltr'><strong>llatperht,</strong></span> <span class='ocrx_word' id='word_1_583' title='bbox 2425 2721 2707 2777; x_wconf 85' lang='lat' dir='ltr'><strong>Truhthad</strong></span> <span class='ocrx_word' id='word_1_584' title='bbox 2735 2723 2939 2787; x_wconf 79' lang='lat' dir='ltr'><strong>Ratolt,</strong></span> <span class='ocrx_word' id='word_1_585' title='bbox 2963 2723 3163 2790; x_wconf 69' lang='lat' dir='ltr'><strong>llatoll‘,</strong></span> <span class='ocrx_word' id='word_1_586' title='bbox 3191 2725 3374 2779; x_wconf 83' lang='lat' dir='ltr'><strong>Amal-</strong></span> 
     </span>
    </p>
   </div>
   <div class='ocr_carea' id='block_1_88' title="bbox 1791 2811 3370 2885">
    <p class='ocr_par' dir='ltr' id='par_1_88' title="bbox 1791 2811 3370 2885">
     <span class='ocr_line' id='line_1_88' title="bbox 1791 2811 3370 2885; baseline 0 -17"><span class='ocrx_word' id='word_1_587' title='bbox 1791 2814 1898 2878; x_wconf 88' lang='lat' dir='ltr'><strong>rih,</strong></span> <span class='ocrx_word' id='word_1_588' title='bbox 1947 2811 2242 2875; x_wconf 86' lang='lat' dir='ltr'><strong>Wolfbero,</strong></span> <span class='ocrx_word' id='word_1_589' title='bbox 2320 2812 2587 2882; x_wconf 81' lang='lat' dir='ltr'><strong>Ratpald,</strong></span> <span class='ocrx_word' id='word_1_590' title='bbox 2664 2812 2930 2878; x_wconf 87' lang='lat' dir='ltr'><strong>Nidhart,</strong></span> <span class='ocrx_word' id='word_1_591' title='bbox 3013 2814 3198 2885; x_wconf 79' lang='lat' dir='ltr'><strong>Egino,</strong></span> <span class='ocrx_word' id='word_1_592' title='bbox 3267 2814 3370 2869; x_wconf 77' lang='lat' dir='ltr'><strong>Be-</strong></span> 
     </span>
    </p>
   </div>
   <div class='ocr_carea' id='block_1_89' title="bbox 1793 2901 3372 2973">
    <p class='ocr_par' dir='ltr' id='par_1_89' title="bbox 1793 2901 3372 2973">
     <span class='ocr_line' id='line_1_89' title="bbox 1793 2901 3372 2973; baseline 0.002 -17"><span class='ocrx_word' id='word_1_593' title='bbox 1793 2901 2044 2966; x_wconf 90' lang='lat' dir='ltr'><strong>rehttold,</strong></span> <span class='ocrx_word' id='word_1_594' title='bbox 2123 2901 2400 2973; x_wconf 87' lang='lat' dir='ltr'><strong>Waldger,</strong></span> <span class='ocrx_word' id='word_1_595' title='bbox 2453 2901 2708 2956; x_wconf 79' lang='lat' dir='ltr'><strong>Ilahholf.</strong></span> <span class='ocrx_word' id='word_1_596' title='bbox 2764 2901 2960 2957; x_wconf 75' lang='lat' dir='ltr'><strong>Actum</strong></span> <span class='ocrx_word' id='word_1_597' title='bbox 3025 2911 3110 2958; x_wconf 87' lang='lat' dir='ltr'><strong>est</strong></span> <span class='ocrx_word' id='word_1_598' title='bbox 3155 2904 3257 2959; x_wconf 92' lang='lat' dir='ltr'><strong>hoc</strong></span> <span class='ocrx_word' id='word_1_599' title='bbox 3303 2906 3372 2958; x_wconf 88' lang='lat' dir='ltr'><strong>ad</strong></span> 
     </span>
    </p>
   </div>
   <div class='ocr_carea' id='block_1_90' title="bbox 1793 2993 3372 3067">
    <p class='ocr_par' dir='ltr' id='par_1_90' title="bbox 1793 2993 3372 3067">
     <span class='ocr_line' id='line_1_90' title="bbox 1793 2993 3372 3067; baseline 0.001 -19"><span class='ocrx_word' id='word_1_600' title='bbox 1793 2994 2174 3066; x_wconf 79' lang='lat' dir='ltr'><strong>Reganaspurc</strong></span> <span class='ocrx_word' id='word_1_601' title='bbox 2197 3010 2338 3049; x_wconf 91' lang='lat' dir='ltr'><strong>anno</strong></span> <span class='ocrx_word' id='word_1_602' title='bbox 2360 2993 2751 3050; x_wconf 86' lang='lat' dir='ltr'><strong>lnearnationis</strong></span> <span class='ocrx_word' id='word_1_603' title='bbox 2774 2996 2982 3050; x_wconf 91' lang='lat' dir='ltr'><strong>Domini</strong></span> <span class='ocrx_word' id='word_1_604' title='bbox 3006 2995 3133 3062; x_wconf 73' lang='lat'><strong>822,</strong></span> <span class='ocrx_word' id='word_1_605' title='bbox 3160 2997 3372 3067; x_wconf 90' lang='lat' dir='ltr'><strong>imperii</strong></span> 
     </span>
    </p>
   </div>
   <div class='ocr_carea' id='block_1_91' title="bbox 1793 3085 3371 3158">
    <p class='ocr_par' dir='ltr' id='par_1_91' title="bbox 1793 3085 3371 3158">
     <span class='ocr_line' id='line_1_91' title="bbox 1793 3085 3371 3158; baseline 0.003 -19"><span class='ocrx_word' id='word_1_606' title='bbox 1793 3102 1922 3141; x_wconf 90' lang='lat' dir='ltr'><strong>vero</strong></span> <span class='ocrx_word' id='word_1_607' title='bbox 1966 3085 2262 3141; x_wconf 83' lang='lat' dir='ltr'><strong>Illudowici</strong></span> <span class='ocrx_word' id='word_1_608' title='bbox 2302 3095 2516 3151; x_wconf 89' lang='lat' dir='ltr'><strong>octavo,</strong></span> <span class='ocrx_word' id='word_1_609' title='bbox 2561 3089 2629 3142; x_wconf 91' lang='lat' dir='ltr'><strong>ad</strong></span> <span class='ocrx_word' id='word_1_610' title='bbox 2661 3086 2877 3142; x_wconf 89' lang='lat' dir='ltr'><strong>missam</strong></span> <span class='ocrx_word' id='word_1_611' title='bbox 2921 3089 3095 3158; x_wconf 88' lang='lat' dir='ltr'><strong>sancti</strong></span> <span class='ocrx_word' id='word_1_612' title='bbox 3133 3089 3371 3155; x_wconf 82' lang='lat' dir='ltr'><strong>Martini,</strong></span> 
     </span>
    </p>
   </div>
   <div class='ocr_carea' id='block_1_92' title="bbox 1795 3175 3374 3248">
    <p class='ocr_par' dir='ltr' id='par_1_92' title="bbox 1795 3175 3374 3248">
     <span class='ocr_line' id='line_1_92' title="bbox 1795 3175 3374 3248; baseline 0.003 -18"><span class='ocrx_word' id='word_1_613' title='bbox 1795 3177 2086 3232; x_wconf 91' lang='lat' dir='ltr'><strong>indictione</strong></span> <span class='ocrx_word' id='word_1_614' title='bbox 2110 3175 2304 3246; x_wconf 89' lang='lat' dir='ltr'><strong>prima,</strong></span> <span class='ocrx_word' id='word_1_615' title='bbox 2339 3177 2496 3231; x_wconf 90' lang='lat' dir='ltr'><strong>tertia</strong></span> <span class='ocrx_word' id='word_1_616' title='bbox 2529 3176 2684 3240; x_wconf 87' lang='lat' dir='ltr'><strong>feria,</strong></span> <span class='ocrx_word' id='word_1_617' title='bbox 2724 3185 2779 3230; x_wconf 90' lang='lat' dir='ltr'><strong>et</strong></span> <span class='ocrx_word' id='word_1_618' title='bbox 2803 3192 2902 3248; x_wconf 86' lang='lat' dir='ltr'><strong>ego</strong></span> <span class='ocrx_word' id='word_1_619' title='bbox 2932 3178 3132 3248; x_wconf 80' lang='lat' dir='ltr'><strong>Dignus</strong></span> <span class='ocrx_word' id='word_1_620' title='bbox 3155 3181 3374 3236; x_wconf 90' lang='lat' dir='ltr'><strong>nomine</strong></span> 
     </span>
    </p>
   </div>
   <div class='ocr_carea' id='block_1_93' title="bbox 1791 3267 3376 3338">
    <p class='ocr_par' dir='ltr' id='par_1_93' title="bbox 1791 3267 3376 3338">
     <span class='ocr_line' id='line_1_93' title="bbox 1791 3267 3376 3338; baseline 0.001 -14"><span class='ocrx_word' id='word_1_621' title='bbox 1791 3267 1981 3338; x_wconf 85' lang='lat' dir='ltr'><strong>scripsi</strong></span> <span class='ocrx_word' id='word_1_622' title='bbox 2009 3269 2148 3323; x_wconf 89' lang='lat' dir='ltr'><strong>hanc</strong></span> <span class='ocrx_word' id='word_1_623' title='bbox 2169 3267 2412 3324; x_wconf 87' lang='lat' dir='ltr'><strong>chartam</strong></span> <span class='ocrx_word' id='word_1_624' title='bbox 2440 3267 2505 3322; x_wconf 91' lang='lat' dir='ltr'><strong>ad</strong></span> <span class='ocrx_word' id='word_1_625' title='bbox 2529 3269 2994 3324; x_wconf 86' lang='lat' dir='ltr'><strong>conﬁrmationem</strong></span> <span class='ocrx_word' id='word_1_626' title='bbox 3022 3267 3243 3338; x_wconf 89' lang='lat' dir='ltr'><strong>jubente</strong></span> <span class='ocrx_word' id='word_1_627' title='bbox 3273 3270 3376 3325; x_wconf 85' lang='lat' dir='ltr'><strong>Ba-</strong></span> 
     </span>
    </p>
   </div>
   <div class='ocr_carea' id='block_1_94' title="bbox 1790 3361 2079 3432">
    <p class='ocr_par' dir='ltr' id='par_1_94' title="bbox 1790 3361 2079 3432">
     <span class='ocr_line' id='line_1_94' title="bbox 1790 3361 2079 3432; baseline -0.007 -16"><span class='ocrx_word' id='word_1_628' title='bbox 1790 3361 1966 3416; x_wconf 90' lang='lat' dir='ltr'><strong>turico</strong></span> <span class='ocrx_word' id='word_1_629' title='bbox 1993 3376 2079 3432; x_wconf 86' lang='lat' dir='ltr'><strong>ep.</strong></span> 
     </span>
    </p>
   </div>
   <div class='ocr_carea' id='block_1_95' title="bbox 1855 3450 3368 3508">
    <p class='ocr_par' dir='ltr' id='par_1_95' title="bbox 1855 3450 3368 3508">
     <span class='ocr_line' id='line_1_95' title="bbox 1855 3450 3368 3508; baseline 0.001 -2"><span class='ocrx_word' id='word_1_630' title='bbox 1855 3451 2312 3507; x_wconf 83' lang='lat' dir='ltr'><strong>Commemoratio</strong></span> <span class='ocrx_word' id='word_1_631' title='bbox 2345 3451 2496 3507; x_wconf 85' lang='lat' dir='ltr'><strong>brevi</strong></span> <span class='ocrx_word' id='word_1_632' title='bbox 2541 3466 2790 3506; x_wconf 89' lang='lat' dir='ltr'><strong>sermone</strong></span> <span class='ocrx_word' id='word_1_633' title='bbox 2824 3450 3076 3506; x_wconf 85' lang='lat' dir='ltr'><strong>conclusa</strong></span> <span class='ocrx_word' id='word_1_634' title='bbox 3105 3451 3172 3507; x_wconf 90' lang='lat' dir='ltr'><strong>de</strong></span> <span class='ocrx_word' id='word_1_635' title='bbox 3194 3452 3368 3508; x_wconf 64' lang='lat' dir='ltr'><strong>haere-</strong></span> 
     </span>
    </p>
   </div>
   <div class='ocr_carea' id='block_1_96' title="bbox 1787 3539 3372 3612">
    <p class='ocr_par' dir='ltr' id='par_1_96' title="bbox 1787 3539 3372 3612">
     <span class='ocr_line' id='line_1_96' title="bbox 1787 3539 3372 3612; baseline 0 -16"><span class='ocrx_word' id='word_1_636' title='bbox 1787 3541 1956 3596; x_wconf 88' lang='lat' dir='ltr'><strong>ditate</strong></span> <span class='ocrx_word' id='word_1_637' title='bbox 1979 3540 2224 3612; x_wconf 80' lang='lat' dir='ltr'><strong>Rihpaldi</strong></span> <span class='ocrx_word' id='word_1_638' title='bbox 2257 3541 2468 3596; x_wconf 86' lang='lat' dir='ltr'><strong>abbatis</strong></span> <span class='ocrx_word' id='word_1_639' title='bbox 2517 3555 2676 3609; x_wconf 90' lang='lat' dir='ltr'><strong>quam</strong></span> <span class='ocrx_word' id='word_1_640' title='bbox 2706 3540 2926 3594; x_wconf 86' lang='lat' dir='ltr'><strong>tradidit</strong></span> <span class='ocrx_word' id='word_1_641' title='bbox 2953 3539 3020 3594; x_wconf 91' lang='lat' dir='ltr'><strong>ad</strong></span> <span class='ocrx_word' id='word_1_642' title='bbox 3065 3540 3123 3595; x_wconf 93' lang='lat' dir='ltr'><strong>S.</strong></span> <span class='ocrx_word' id='word_1_643' title='bbox 3151 3541 3372 3596; x_wconf 87' lang='lat' dir='ltr'><strong>Emme-</strong></span> 
     </span>
    </p>
   </div>
   <div class='ocr_carea' id='block_1_97' title="bbox 1788 3628 3370 3702">
    <p class='ocr_par' dir='ltr' id='par_1_97' title="bbox 1788 3628 3370 3702">
     <span class='ocr_line' id='line_1_97' title="bbox 1788 3628 3370 3702; baseline 0.001 -18"><span class='ocrx_word' id='word_1_644' title='bbox 1788 3645 2054 3686; x_wconf 89' lang='lat' dir='ltr'><strong>rammum</strong></span> <span class='ocrx_word' id='word_1_645' title='bbox 2080 3632 2132 3685; x_wconf 92' lang='lat' dir='ltr'><strong>in</strong></span> <span class='ocrx_word' id='word_1_646' title='bbox 2155 3631 2289 3686; x_wconf 90' lang='lat' dir='ltr'><strong>locis</strong></span> <span class='ocrx_word' id='word_1_647' title='bbox 2313 3631 2418 3697; x_wconf 91' lang='lat' dir='ltr'><strong>his,</strong></span> <span class='ocrx_word' id='word_1_648' title='bbox 2440 3631 2492 3686; x_wconf 93' lang='lat' dir='ltr'><strong>id</strong></span> <span class='ocrx_word' id='word_1_649' title='bbox 2515 3640 2598 3684; x_wconf 91' lang='lat' dir='ltr'><strong>est</strong></span> <span class='ocrx_word' id='word_1_650' title='bbox 2619 3647 2633 3683; x_wconf 91' lang='lat'><strong>:</strong></span> <span class='ocrx_word' id='word_1_651' title='bbox 2662 3630 2728 3684; x_wconf 93' lang='lat' dir='ltr'><strong>ad</strong></span> <span class='ocrx_word' id='word_1_652' title='bbox 2744 3630 2884 3694; x_wconf 77' lang='lat' dir='ltr'><strong>Ahu,</strong></span> <span class='ocrx_word' id='word_1_653' title='bbox 2903 3638 2959 3686; x_wconf 90' lang='lat' dir='ltr'><strong>et</strong></span> <span class='ocrx_word' id='word_1_654' title='bbox 2983 3629 3050 3685; x_wconf 89' lang='lat' dir='ltr'><strong>ad</strong></span> <span class='ocrx_word' id='word_1_655' title='bbox 3068 3628 3370 3702; x_wconf 80' lang='lat' dir='ltr'><strong>valnpah,</strong></span> 
     </span>
    </p>
   </div>
   <div class='ocr_carea' id='block_1_98' title="bbox 1786 3720 3374 3792">
    <p class='ocr_par' dir='ltr' id='par_1_98' title="bbox 1786 3720 3374 3792">
     <span class='ocr_line' id='line_1_98' title="bbox 1786 3720 3374 3792; baseline 0 -16"><span class='ocrx_word' id='word_1_656' title='bbox 1786 3721 1901 3776; x_wconf 88' lang='lat' dir='ltr'><strong>sive</strong></span> <span class='ocrx_word' id='word_1_657' title='bbox 1951 3721 2018 3776; x_wconf 86' lang='lat' dir='ltr'><strong>ad</strong></span> <span class='ocrx_word' id='word_1_658' title='bbox 2066 3720 2354 3787; x_wconf 85' lang='lat' dir='ltr'><strong>Pheterah,</strong></span> <span class='ocrx_word' id='word_1_659' title='bbox 2401 3735 2674 3790; x_wconf 83' lang='lat' dir='ltr'><strong>quamque</strong></span> <span class='ocrx_word' id='word_1_660' title='bbox 2719 3729 2906 3790; x_wconf 87' lang='lat' dir='ltr'><strong>postea</strong></span> <span class='ocrx_word' id='word_1_661' title='bbox 2952 3720 3262 3792; x_wconf 85' lang='lat' dir='ltr'><strong>Engilmon.</strong></span> <span class='ocrx_word' id='word_1_662' title='bbox 3317 3731 3374 3778; x_wconf 89' lang='lat' dir='ltr'><strong>et</strong></span> 
     </span>
    </p>
   </div>
   <div class='ocr_carea' id='block_1_99' title="bbox 1787 3810 3370 3880">
    <p class='ocr_par' dir='ltr' id='par_1_99' title="bbox 1787 3810 3370 3880">
     <span class='ocr_line' id='line_1_99' title="bbox 1787 3810 3370 3880; baseline 0.003 -16"><span class='ocrx_word' id='word_1_663' title='bbox 1787 3811 2010 3867; x_wconf 89' lang='lat' dir='ltr'><strong>lsandeo</strong></span> <span class='ocrx_word' id='word_1_664' title='bbox 2041 3811 2320 3866; x_wconf 87' lang='lat' dir='ltr'><strong>invasores</strong></span> <span class='ocrx_word' id='word_1_665' title='bbox 2353 3810 2538 3880; x_wconf 89' lang='lat' dir='ltr'><strong>injusti</strong></span> <span class='ocrx_word' id='word_1_666' title='bbox 2569 3811 2921 3866; x_wconf 90' lang='lat' dir='ltr'><strong>reddiderunt</strong></span> <span class='ocrx_word' id='word_1_667' title='bbox 2952 3811 3177 3868; x_wconf 91' lang='lat' dir='ltr'><strong>Immoni</strong></span> <span class='ocrx_word' id='word_1_668' title='bbox 3201 3813 3370 3868; x_wconf 87' lang='lat' dir='ltr'><strong>advo-</strong></span> 
     </span>
    </p>
   </div>
   <div class='ocr_carea' id='block_1_100' title="bbox 1787 3899 3372 3978">
    <p class='ocr_par' dir='ltr' id='par_1_100' title="bbox 1787 3899 3372 3978">
     <span class='ocr_line' id='line_1_100' title="bbox 1787 3899 3372 3978; baseline 0.003 -23"><span class='ocrx_word' id='word_1_669' title='bbox 1787 3908 1908 3956; x_wconf 87' lang='lat' dir='ltr'><strong>cato</strong></span> <span class='ocrx_word' id='word_1_670' title='bbox 1949 3900 2010 3956; x_wconf 86' lang='grc'><strong>8.</strong></span> <span class='ocrx_word' id='word_1_671' title='bbox 2065 3899 2473 3966; x_wconf 88' lang='lat' dir='ltr'><strong>Emmerammi,</strong></span> <span class='ocrx_word' id='word_1_672' title='bbox 2523 3902 2816 3978; x_wconf 88' lang='lat' dir='ltr'><strong>secundum</strong></span> <span class='ocrx_word' id='word_1_673' title='bbox 2867 3902 3010 3971; x_wconf 91' lang='lat' dir='ltr'><strong>quod</strong></span> <span class='ocrx_word' id='word_1_674' title='bbox 3059 3901 3372 3973; x_wconf 88' lang='lat' dir='ltr'><strong>placitatum</strong></span> 
     </span>
    </p>
   </div>
   <div class='ocr_carea' id='block_1_101' title="bbox 1747 3989 3372 4062">
    <p class='ocr_par' dir='ltr' id='par_1_101' title="bbox 1747 3989 3372 4062">
     <span class='ocr_line' id='line_1_101' title="bbox 1747 3989 3372 4062; baseline 0.004 -18"><span class='ocrx_word' id='word_1_675' title='bbox 1747 4014 1754 4018; x_wconf 87' lang='lat'><strong>-</strong></span> <span class='ocrx_word' id='word_1_676' title='bbox 1787 3989 2093 4047; x_wconf 89' lang='lat' dir='ltr'><strong>habuerunt</strong></span> <span class='ocrx_word' id='word_1_677' title='bbox 2120 3990 2479 4060; x_wconf 88' lang='lat' dir='ltr'><strong>persolvendo</strong></span> <span class='ocrx_word' id='word_1_678' title='bbox 2500 4007 2596 4062; x_wconf 91' lang='lat' dir='ltr'><strong>per</strong></span> <span class='ocrx_word' id='word_1_679' title='bbox 2628 3991 2867 4062; x_wconf 85' lang='lat' dir='ltr'><strong>singulos</strong></span> <span class='ocrx_word' id='word_1_680' title='bbox 2901 4007 3074 4049; x_wconf 88' lang='lat' dir='ltr'><strong>annos</strong></span> <span class='ocrx_word' id='word_1_681' title='bbox 3117 3993 3173 4048; x_wconf 92' lang='lat' dir='ltr'><strong>in</strong></span> <span class='ocrx_word' id='word_1_682' title='bbox 3205 4009 3372 4050; x_wconf 89' lang='lat' dir='ltr'><strong>censu</strong></span> 
     </span>
    </p>
   </div>
   <div class='ocr_carea' id='block_1_102' title="bbox 1787 4081 3373 4154">
    <p class='ocr_par' dir='ltr' id='par_1_102' title="bbox 1787 4081 3373 4154">
     <span class='ocr_line' id='line_1_102' title="bbox 1787 4081 3373 4154; baseline 0.002 -17"><span class='ocrx_word' id='word_1_683' title='bbox 1787 4090 1914 4137; x_wconf 84' lang='lat' dir='ltr'><strong>ante</strong></span> <span class='ocrx_word' id='word_1_684' title='bbox 1946 4081 2280 4137; x_wconf 88' lang='lat' dir='ltr'><strong>Cotafridum</strong></span> <span class='ocrx_word' id='word_1_685' title='bbox 2330 4083 2606 4147; x_wconf 84' lang='lat' dir='ltr'><strong>comitem,</strong></span> <span class='ocrx_word' id='word_1_686' title='bbox 2649 4082 2702 4136; x_wconf 90' lang='lat' dir='ltr'><strong>id</strong></span> <span class='ocrx_word' id='word_1_687' title='bbox 2751 4092 2833 4137; x_wconf 89' lang='lat' dir='ltr'><strong>est</strong></span> <span class='ocrx_word' id='word_1_688' title='bbox 2901 4085 3373 4154; x_wconf 68' lang='lat' dir='ltr'><strong>quatuor&#39;solido-</strong></span> 
     </span>
    </p>
   </div>
   <div class='ocr_carea' id='block_1_103' title="bbox 1787 4170 3374 4238">
    <p class='ocr_par' dir='ltr' id='par_1_103' title="bbox 1787 4170 3374 4238">
     <span class='ocr_line' id='line_1_103' title="bbox 1787 4170 3374 4238; baseline 0.001 -10"><span class='ocrx_word' id='word_1_689' title='bbox 1787 4187 1926 4228; x_wconf 75' lang='grc'><strong>111111.</strong></span> <span class='ocrx_word' id='word_1_690' title='bbox 1967 4170 2161 4227; x_wconf 87' lang='lat' dir='ltr'><strong>Actum</strong></span> <span class='ocrx_word' id='word_1_691' title='bbox 2188 4179 2366 4227; x_wconf 89' lang='lat' dir='ltr'><strong>autem</strong></span> <span class='ocrx_word' id='word_1_692' title='bbox 2390 4187 2574 4227; x_wconf 91' lang='lat' dir='ltr'><strong>coram</strong></span> <span class='ocrx_word' id='word_1_693' title='bbox 2618 4171 2702 4226; x_wconf 91' lang='lat' dir='ltr'><strong>his</strong></span> <span class='ocrx_word' id='word_1_694' title='bbox 2733 4172 3006 4238; x_wconf 90' lang='lat' dir='ltr'><strong>omnibus,</strong></span> <span class='ocrx_word' id='word_1_695' title='bbox 3037 4173 3088 4228; x_wconf 91' lang='lat' dir='ltr'><strong>id</strong></span> <span class='ocrx_word' id='word_1_696' title='bbox 3133 4183 3220 4229; x_wconf 92' lang='lat' dir='ltr'><strong>est</strong></span> <span class='ocrx_word' id='word_1_697' title='bbox 3261 4174 3374 4229; x_wconf 81' lang='lat' dir='ltr'><strong>Ga-</strong></span> 
     </span>
    </p>
   </div>
   <div class='ocr_carea' id='block_1_104' title="bbox 1787 4260 3372 4333">
    <p class='ocr_par' dir='ltr' id='par_1_104' title="bbox 1787 4260 3372 4333">
     <span class='ocr_line' id='line_1_104' title="bbox 1787 4260 3372 4333; baseline 0.001 -17"><span class='ocrx_word' id='word_1_698' title='bbox 1787 4261 2007 4326; x_wconf 79' lang='grc'><strong>1111111011,</strong></span> <span class='ocrx_word' id='word_1_699' title='bbox 2059 4261 2283 4327; x_wconf 89' lang='lat' dir='ltr'><strong>Salabo,</strong></span> <span class='ocrx_word' id='word_1_700' title='bbox 2319 4260 2514 4325; x_wconf 91' lang='lat' dir='ltr'><strong>Sahso,</strong></span> <span class='ocrx_word' id='word_1_701' title='bbox 2561 4261 2804 4324; x_wconf 83' lang='lat' dir='ltr'><strong>Adalrih,</strong></span> <span class='ocrx_word' id='word_1_702' title='bbox 2863 4261 3185 4333; x_wconf 81' lang='lat' dir='ltr'><strong>Reginhart,</strong></span> <span class='ocrx_word' id='word_1_703' title='bbox 3253 4261 3372 4318; x_wconf 84' lang='lat' dir='ltr'><strong>Wi-</strong></span> 
     </span>
    </p>
   </div>
   <div class='ocr_carea' id='block_1_105' title="bbox 1785 4353 3372 4425">
    <p class='ocr_par' dir='ltr' id='par_1_105' title="bbox 1785 4353 3372 4425">
     <span class='ocr_line' id='line_1_105' title="bbox 1785 4353 3372 4425; baseline 0.003 -15"><span class='ocrx_word' id='word_1_704' title='bbox 1785 4355 1963 4420; x_wconf 85' lang='lat' dir='ltr'><strong>chart,</strong></span> <span class='ocrx_word' id='word_1_705' title='bbox 1994 4353 2210 4420; x_wconf 82' lang='lat' dir='ltr'><strong>Kerrih,</strong></span> <span class='ocrx_word' id='word_1_706' title='bbox 2249 4355 2612 4425; x_wconf 87' lang='lat' dir='ltr'><strong>Erchanpald,</strong></span> <span class='ocrx_word' id='word_1_707' title='bbox 2665 4354 2903 4420; x_wconf 83' lang='lat' dir='ltr'><strong>Rihlant,</strong></span> <span class='ocrx_word' id='word_1_708' title='bbox 2937 4355 2996 4409; x_wconf 6' lang='lat' dir='ltr'><strong>oF</strong></span> <span class='ocrx_word' id='word_1_709' title='bbox 3003 4357 3234 4422; x_wconf 81' lang='grc'><strong>101111011,</strong></span> <span class='ocrx_word' id='word_1_710' title='bbox 3277 4359 3372 4414; x_wconf 84' lang='lat' dir='ltr'><strong>Gi-</strong></span> 
     </span>
    </p>
   </div>
   <div class='ocr_carea' id='block_1_106' title="bbox 1788 4441 3370 4514">
    <p class='ocr_par' dir='ltr' id='par_1_106' title="bbox 1788 4441 3370 4514">
     <span class='ocr_line' id='line_1_106' title="bbox 1788 4441 3370 4514; baseline 0.001 -16"><span class='ocrx_word' id='word_1_711' title='bbox 1788 4441 1998 4504; x_wconf 89' lang='lat' dir='ltr'><strong>saIfrid,</strong></span> <span class='ocrx_word' id='word_1_712' title='bbox 2041 4442 2347 4513; x_wconf 84' lang='lat' dir='ltr'><strong>Engilpald,</strong></span> <span class='ocrx_word' id='word_1_713' title='bbox 2393 4441 2694 4508; x_wconf 90' lang='lat' dir='ltr'><strong>Odalscale,</strong></span> <span class='ocrx_word' id='word_1_714' title='bbox 2733 4441 2985 4514; x_wconf 84' lang='lat' dir='ltr'><strong>Herigoz,</strong></span> <span class='ocrx_word' id='word_1_715' title='bbox 3037 4443 3370 4513; x_wconf 88' lang='lat' dir='ltr'><strong>Staracholf,</strong></span> 
     </span>
    </p>
   </div>
   <div class='ocr_carea' id='block_1_107' title="bbox 1793 4532 3370 4603">
    <p class='ocr_par' dir='ltr' id='par_1_107' title="bbox 1793 4532 3370 4603">
     <span class='ocr_line' id='line_1_107' title="bbox 1793 4532 3370 4603; baseline 0.003 -14"><span class='ocrx_word' id='word_1_716' title='bbox 1793 4533 2058 4597; x_wconf 73' lang='lat' dir='ltr'><strong>Dodicho,</strong></span> <span class='ocrx_word' id='word_1_717' title='bbox 2118 4532 2373 4598; x_wconf 86' lang='lat' dir='ltr'><strong>Wollrid,</strong></span> <span class='ocrx_word' id='word_1_718' title='bbox 2432 4533 2641 4597; x_wconf 83' lang='lat' dir='ltr'><strong>Adalo,</strong></span> <span class='ocrx_word' id='word_1_719' title='bbox 2703 4533 2936 4600; x_wconf 83' lang='lat' dir='ltr'><strong>Heimo,</strong></span> <span class='ocrx_word' id='word_1_720' title='bbox 3011 4536 3370 4603; x_wconf 85' lang='lat' dir='ltr'><strong>Cundbertus,</strong></span> 
     </span>
    </p>
   </div>
   <div class='ocr_carea' id='block_1_108' title="bbox 1791 4624 3368 4690">
    <p class='ocr_par' dir='ltr' id='par_1_108' title="bbox 1791 4624 3368 4690">
     <span class='ocr_line' id='line_1_108' title="bbox 1791 4624 3368 4690; baseline 0.002 -9"><span class='ocrx_word' id='word_1_721' title='bbox 1791 4624 2006 4690; x_wconf 85' lang='lat' dir='ltr'><strong>Cozzol,</strong></span> <span class='ocrx_word' id='word_1_722' title='bbox 2039 4624 2302 4680; x_wconf 85' lang='lat' dir='ltr'><strong>Frumolt.</strong></span> <span class='ocrx_word' id='word_1_723' title='bbox 2333 4624 2481 4679; x_wconf 83' lang='lat' dir='ltr'><strong>Missi</strong></span> <span class='ocrx_word' id='word_1_724' title='bbox 2526 4626 2670 4680; x_wconf 88' lang='lat' dir='ltr'><strong>enim</strong></span> <span class='ocrx_word' id='word_1_725' title='bbox 2694 4637 2822 4681; x_wconf 90' lang='lat' dir='ltr'><strong>sunt</strong></span> <span class='ocrx_word' id='word_1_726' title='bbox 2850 4627 2919 4681; x_wconf 92' lang='lat' dir='ltr'><strong>ibi</strong></span> <span class='ocrx_word' id='word_1_727' title='bbox 2953 4627 3006 4682; x_wconf 84' lang='grc'><strong>111</strong></span> <span class='ocrx_word' id='word_1_728' title='bbox 3033 4629 3118 4683; x_wconf 88' lang='grc'><strong>1118</strong></span> <span class='ocrx_word' id='word_1_729' title='bbox 3145 4629 3278 4684; x_wconf 86' lang='grc'><strong>10018</strong></span> <span class='ocrx_word' id='word_1_730' title='bbox 3302 4633 3368 4684; x_wconf 90' lang='lat' dir='ltr'><strong>ad</strong></span> 
     </span>
    </p>
   </div>
   <div class='ocr_carea' id='block_1_109' title="bbox 1791 4715 3370 4786">
    <p class='ocr_par' dir='ltr' id='par_1_109' title="bbox 1791 4715 3370 4786">
     <span class='ocr_line' id='line_1_109' title="bbox 1791 4715 3370 4786; baseline 0.001 -14"><span class='ocrx_word' id='word_1_731' title='bbox 1791 4716 2168 4786; x_wconf 79' lang='lat' dir='ltr'><strong>possidendam</strong></span> <span class='ocrx_word' id='word_1_732' title='bbox 2209 4715 2550 4770; x_wconf 78' lang='lat' dir='ltr'><strong>vestitui-am</strong></span> <span class='ocrx_word' id='word_1_733' title='bbox 2614 4716 2771 4770; x_wconf 89' lang='lat' dir='ltr'><strong>istam</strong></span> <span class='ocrx_word' id='word_1_734' title='bbox 2843 4717 2896 4771; x_wconf 93' lang='lat' dir='ltr'><strong>hi</strong></span> <span class='ocrx_word' id='word_1_735' title='bbox 2953 4726 3064 4772; x_wconf 78' lang='lat' dir='ltr'><strong>tres</strong></span> <span class='ocrx_word' id='word_1_736' title='bbox 3125 4719 3370 4775; x_wconf 80' lang='lat' dir='ltr'><strong>homines</strong></span> 
     </span>
    </p>
   </div>
   <div class='ocr_carea' id='block_1_110' title="bbox 1791 4805 3368 4878">
    <p class='ocr_par' dir='ltr' id='par_1_110' title="bbox 1791 4805 3368 4878">
     <span class='ocr_line' id='line_1_110' title="bbox 1791 4805 3368 4878; baseline 0.001 -16"><span class='ocrx_word' id='word_1_737' title='bbox 1791 4807 2001 4862; x_wconf 89' lang='lat' dir='ltr'><strong>nostri:</strong></span> <span class='ocrx_word' id='word_1_738' title='bbox 2034 4805 2347 4878; x_wconf 83' lang='lat' dir='ltr'><strong>Cttndperht</strong></span> <span class='ocrx_word' id='word_1_739' title='bbox 2371 4807 2438 4862; x_wconf 92' lang='lat' dir='ltr'><strong>ad</strong></span> <span class='ocrx_word' id='word_1_740' title='bbox 2462 4807 2602 4868; x_wconf 83' lang='lat' dir='ltr'><strong>Ahu.</strong></span> <span class='ocrx_word' id='word_1_741' title='bbox 2628 4815 2684 4862; x_wconf 90' lang='lat' dir='ltr'><strong>et</strong></span> <span class='ocrx_word' id='word_1_742' title='bbox 2711 4806 3015 4878; x_wconf 88' lang='lat' dir='ltr'><strong>Stephanus</strong></span> <span class='ocrx_word' id='word_1_743' title='bbox 3044 4809 3274 4864; x_wconf 88' lang='lat' dir='ltr'><strong>clericus</strong></span> <span class='ocrx_word' id='word_1_744' title='bbox 3301 4813 3368 4866; x_wconf 88' lang='lat' dir='ltr'><strong>ad</strong></span> 
     </span>
    </p>
   </div>
   <div class='ocr_carea' id='block_1_111' title="bbox 1791 4898 3368 4970">
    <p class='ocr_par' dir='ltr' id='par_1_111' title="bbox 1791 4898 3368 4970">
     <span class='ocr_line' id='line_1_111' title="bbox 1791 4898 3368 4970; baseline 0.003 -16"><span class='ocrx_word' id='word_1_745' title='bbox 1791 4898 2077 4970; x_wconf 84' lang='lat' dir='ltr'><strong>Jupinpah,</strong></span> <span class='ocrx_word' id='word_1_746' title='bbox 2123 4901 2453 4956; x_wconf 84' lang='lat' dir='ltr'><strong>Cadenchilo</strong></span> <span class='ocrx_word' id='word_1_747' title='bbox 2481 4902 2546 4956; x_wconf 91' lang='lat' dir='ltr'><strong>ad</strong></span> <span class='ocrx_word' id='word_1_748' title='bbox 2583 4901 2848 4956; x_wconf 83' lang='lat' dir='ltr'><strong>I&#39;hetarah</strong></span> <span class='ocrx_word' id='word_1_749' title='bbox 2880 4903 3019 4957; x_wconf 90' lang='lat' dir='ltr'><strong>hanc</strong></span> <span class='ocrx_word' id='word_1_750' title='bbox 3053 4903 3368 4958; x_wconf 75' lang='lat' dir='ltr'><strong>vestitui-am</strong></span> 
     </span>
    </p>
   </div>
   <div class='ocr_carea' id='block_1_112' title="bbox 1793 4991 3367 5062">
    <p class='ocr_par' dir='ltr' id='par_1_112' title="bbox 1793 4991 3367 5062">
     <span class='ocr_line' id='line_1_112' title="bbox 1793 4991 3367 5062; baseline 0.001 -16"><span class='ocrx_word' id='word_1_751' title='bbox 1793 4991 2056 5047; x_wconf 89' lang='lat' dir='ltr'><strong>consedit.</strong></span> <span class='ocrx_word' id='word_1_752' title='bbox 2107 4991 2176 5046; x_wconf 85' lang='lat' dir='ltr'><strong>Et</strong></span> <span class='ocrx_word' id='word_1_753' title='bbox 2201 4992 2272 5046; x_wconf 90' lang='lat' dir='ltr'><strong>ita</strong></span> <span class='ocrx_word' id='word_1_754' title='bbox 2301 4992 2452 5047; x_wconf 87' lang='lat' dir='ltr'><strong>ﬁnita</strong></span> <span class='ocrx_word' id='word_1_755' title='bbox 2479 5001 2606 5048; x_wconf 91' lang='lat' dir='ltr'><strong>sunt</strong></span> <span class='ocrx_word' id='word_1_756' title='bbox 2647 4991 2840 5062; x_wconf 85' lang='lat' dir='ltr'><strong>placita</strong></span> <span class='ocrx_word' id='word_1_757' title='bbox 2885 4991 2998 5046; x_wconf 81' lang='lat' dir='ltr'><strong>haec</strong></span> <span class='ocrx_word' id='word_1_758' title='bbox 3033 5001 3090 5047; x_wconf 90' lang='lat' dir='ltr'><strong>et</strong></span> <span class='ocrx_word' id='word_1_759' title='bbox 3119 5003 3367 5048; x_wconf 87' lang='lat' dir='ltr'><strong>revocata</strong></span> 
     </span>
    </p>
   </div>
   <div class='ocr_carea' id='block_1_113' title="bbox 1793 5083 2878 5152">
    <p class='ocr_par' dir='ltr' id='par_1_113' title="bbox 1793 5083 2878 5152">
     <span class='ocr_line' id='line_1_113' title="bbox 1793 5083 2878 5152; baseline 0 -15"><span class='ocrx_word' id='word_1_760' title='bbox 1793 5083 1846 5138; x_wconf 91' lang='lat' dir='ltr'><strong>in</strong></span> <span class='ocrx_word' id='word_1_761' title='bbox 1875 5084 2242 5152; x_wconf 88' lang='lat' dir='ltr'><strong>concordiam.</strong></span> <span class='ocrx_word' id='word_1_762' title='bbox 2875 5083 2878 5086; x_wconf 79' lang='grc'><strong>’</strong></span> 
     </span>
    </p>
   </div>
   <div class='ocr_carea' id='block_1_114' title="bbox 1789 5194 3366 5252">
    <p class='ocr_par' dir='ltr' id='par_1_114' title="bbox 1789 5194 3366 5252">
     <span class='ocr_line' id='line_1_114' title="bbox 1789 5194 3366 5252; baseline 0 0"><span class='ocrx_word' id='word_1_763' title='bbox 1789 5195 1917 5252; x_wconf 72' lang='lat' dir='ltr'><strong>Car.</strong></span> <span class='ocrx_word' id='word_1_764' title='bbox 1978 5194 2204 5250; x_wconf 75' lang='lat' dir='ltr'><strong>LXVIII.</strong></span> <span class='ocrx_word' id='word_1_765' title='bbox 2251 5225 2323 5238; x_wconf 89' lang='lat'><strong><em>—</em></strong></span> <span class='ocrx_word' id='word_1_766' title='bbox 2374 5196 2720 5251; x_wconf 81' lang='lat' dir='ltr'><strong>Commutatio</strong></span> <span class='ocrx_word' id='word_1_767' title='bbox 2775 5196 2912 5248; x_wconf 81' lang='lat' dir='ltr'><strong>inter</strong></span> <span class='ocrx_word' id='word_1_768' title='bbox 2969 5194 3366 5252; x_wconf 77' lang='lat' dir='ltr'><strong>Ambrichonem</strong></span> 
     </span>
    </p>
   </div>
   <div class='ocr_carea' id='block_1_115' title="bbox 2071 5264 3072 5336">
    <p class='ocr_par' dir='ltr' id='par_1_115' title="bbox 2071 5264 3072 5336">
     <span class='ocr_line' id='line_1_115' title="bbox 2071 5264 3072 5336; baseline -0.002 -16"><span class='ocrx_word' id='word_1_769' title='bbox 2071 5267 2369 5336; x_wconf 80' lang='lat' dir='ltr'><strong>episcopum</strong></span> <span class='ocrx_word' id='word_1_770' title='bbox 2398 5278 2444 5320; x_wconf 85' lang='lat' dir='ltr'><strong>et</strong></span> <span class='ocrx_word' id='word_1_771' title='bbox 2475 5265 2773 5320; x_wconf 73' lang='lat' dir='ltr'><strong>Rodoldum</strong></span> <span class='ocrx_word' id='word_1_772' title='bbox 2815 5264 3072 5318; x_wconf 84' lang='lat' dir='ltr'><strong>comitem.</strong></span> 
     </span>
    </p>
   </div>
   <div class='ocr_carea' id='block_1_116' title="bbox 1862 5353 3368 5424">
    <p class='ocr_par' dir='ltr' id='par_1_116' title="bbox 1862 5353 3368 5424">
     <span class='ocr_line' id='line_1_116' title="bbox 1862 5353 3368 5424; baseline 0.001 -16"><span class='ocrx_word' id='word_1_773' title='bbox 1862 5353 2080 5420; x_wconf 87' lang='lat' dir='ltr'><strong>Notitia,</strong></span> <span class='ocrx_word' id='word_1_774' title='bbox 2117 5353 2350 5424; x_wconf 90' lang='lat' dir='ltr'><strong>qualiter</strong></span> <span class='ocrx_word' id='word_1_775' title='bbox 2399 5355 2696 5409; x_wconf 85' lang='lat' dir='ltr'><strong>Amhricho</strong></span> <span class='ocrx_word' id='word_1_776' title='bbox 2726 5353 3225 5422; x_wconf 84' lang='lat' dir='ltr'><strong>Radaspouensium</strong></span> <span class='ocrx_word' id='word_1_777' title='bbox 3253 5357 3368 5424; x_wconf 80' lang='lat' dir='ltr'><strong>epi-</strong></span> 
     </span>
    </p>
   </div>
   <div class='ocr_carea' id='block_1_117' title="bbox 1791 5443 3362 5518">
    <p class='ocr_par' dir='ltr' id='par_1_117' title="bbox 1791 5443 3362 5518">
     <span class='ocr_line' id='line_1_117' title="bbox 1791 5443 3362 5518; baseline -0.001 -18"><span class='ocrx_word' id='word_1_778' title='bbox 1791 5459 1987 5514; x_wconf 89' lang='lat' dir='ltr'><strong>scopus</strong></span> <span class='ocrx_word' id='word_1_779' title='bbox 2011 5452 2067 5500; x_wconf 90' lang='lat' dir='ltr'><strong>et</strong></span> <span class='ocrx_word' id='word_1_780' title='bbox 2094 5443 2354 5499; x_wconf 85' lang='grc'><strong>11011011118</strong></span> <span class='ocrx_word' id='word_1_781' title='bbox 2381 5458 2564 5499; x_wconf 73' lang='lat' dir='ltr'><strong>comes</strong></span> <span class='ocrx_word' id='word_1_782' title='bbox 2593 5444 2747 5517; x_wconf 72' lang='grc'><strong>[(3011.</strong></span> <span class='ocrx_word' id='word_1_783' title='bbox 2781 5443 2868 5498; x_wconf 91' lang='grc'><strong>1110</strong></span> <span class='ocrx_word' id='word_1_784' title='bbox 2891 5458 3104 5515; x_wconf 87' lang='lat' dir='ltr'><strong>semper</strong></span> <span class='ocrx_word' id='word_1_785' title='bbox 3133 5462 3147 5498; x_wconf 90' lang='lat'><strong>:</strong></span> <span class='ocrx_word' id='word_1_786' title='bbox 3179 5447 3362 5518; x_wconf 78' lang='lat' dir='ltr'><strong>comis]</strong></span> 
     </span>
    </p>
   </div>
   <div class='ocr_carea' id='block_1_118' title="bbox 1791 5537 3366 5608">
    <p class='ocr_par' dir='ltr' id='par_1_118' title="bbox 1791 5537 3366 5608">
     <span class='ocr_line' id='line_1_118' title="bbox 1791 5537 3366 5608; baseline -0.001 -16"><span class='ocrx_word' id='word_1_787' title='bbox 1791 5537 2310 5608; x_wconf 88' lang='lat' dir='ltr'><strong>complacitaverunt</strong></span> <span class='ocrx_word' id='word_1_788' title='bbox 2333 5537 2474 5593; x_wconf 88' lang='lat' dir='ltr'><strong>inter</strong></span> <span class='ocrx_word' id='word_1_789' title='bbox 2500 5553 2579 5594; x_wconf 85' lang='lat' dir='ltr'><strong>se.</strong></span> <span class='ocrx_word' id='word_1_790' title='bbox 2619 5537 2774 5592; x_wconf 90' lang='lat' dir='ltr'><strong>Dedit</strong></span> <span class='ocrx_word' id='word_1_791' title='bbox 2816 5537 3000 5606; x_wconf 90' lang='lat' dir='ltr'><strong>itaque</strong></span> <span class='ocrx_word' id='word_1_792' title='bbox 3026 5537 3366 5606; x_wconf 81' lang='lat' dir='ltr'><strong>supradictus</strong></span> 
     </span>
    </p>
   </div>
   <div class='ocr_carea' id='block_1_119' title="bbox 1791 5626 3354 5696">
    <p class='ocr_par' dir='ltr' id='par_1_119' title="bbox 1791 5626 3354 5696">
     <span class='ocr_line' id='line_1_119' title="bbox 1791 5626 3354 5696; baseline -0.002 -15"><span class='ocrx_word' id='word_1_793' title='bbox 1791 5627 2078 5696; x_wconf 87' lang='lat' dir='ltr'><strong>episcopus</strong></span> <span class='ocrx_word' id='word_1_794' title='bbox 2098 5641 2260 5696; x_wconf 89' lang='lat' dir='ltr'><strong>supra</strong></span> <span class='ocrx_word' id='word_1_795' title='bbox 2300 5637 2598 5683; x_wconf 86' lang='lat' dir='ltr'><strong>memorato</strong></span> <span class='ocrx_word' id='word_1_796' title='bbox 2619 5628 2802 5684; x_wconf 89' lang='lat' dir='ltr'><strong>comiti</strong></span> <span class='ocrx_word' id='word_1_797' title='bbox 2837 5627 2890 5682; x_wconf 91' lang='lat' dir='ltr'><strong>in</strong></span> <span class='ocrx_word' id='word_1_798' title='bbox 2917 5626 3051 5689; x_wconf 89' lang='lat' dir='ltr'><strong>loco,</strong></span> <span class='ocrx_word' id='word_1_799' title='bbox 3080 5627 3170 5696; x_wconf 91' lang='lat' dir='ltr'><strong>qui</strong></span> <span class='ocrx_word' id='word_1_800' title='bbox 3203 5641 3354 5678; x_wconf 83' lang='lat' dir='ltr'><strong>voea-</strong></span> 
     </span>
    </p>
   </div>
   <div class='ocr_carea' id='block_1_120' title="bbox 1796 5713 3363 5788">
    <p class='ocr_par' dir='ltr' id='par_1_120' title="bbox 1796 5713 3363 5788">
     <span class='ocr_line' id='line_1_120' title="bbox 1796 5713 3363 5788; baseline -0.002 -18"><span class='ocrx_word' id='word_1_801' title='bbox 1796 5725 1881 5775; x_wconf 85' lang='lat' dir='ltr'><strong>tur</strong></span> <span class='ocrx_word' id='word_1_802' title='bbox 1906 5715 2285 5786; x_wconf 85' lang='lat' dir='ltr'><strong>Umpalasdorf</strong></span> <span class='ocrx_word' id='word_1_803' title='bbox 2322 5716 2387 5771; x_wconf 91' lang='lat' dir='ltr'><strong>de</strong></span> <span class='ocrx_word' id='word_1_804' title='bbox 2432 5729 2573 5773; x_wconf 88' lang='lat' dir='ltr'><strong>terra</strong></span> <span class='ocrx_word' id='word_1_805' title='bbox 2605 5717 2793 5773; x_wconf 86' lang='lat' dir='ltr'><strong>arabili</strong></span> <span class='ocrx_word' id='word_1_806' title='bbox 2817 5717 3269 5788; x_wconf 60' lang='lat' dir='ltr'><strong>jugera‘uxxm.</strong></span> <span class='ocrx_word' id='word_1_807' title='bbox 3299 5713 3363 5767; x_wconf 85' lang='lat' dir='ltr'><strong>Et</strong></span> 
     </span>
    </p>
   </div>
  </div>
