3930 5544
545 383 647 441 951
1529 366 1833 426 ANAMODI
1871 354 2410 420 RA‘I‘ISI‘ONE‘NSIS
2445 357 2846 436 SUBDIACOIVI
3689 361 3777 420 πί

548 503 789 553 econtra
827 489 974 547 dedit
1022 475 1281 544 Rodoltus
1328 497 1510 538 comes
1560 477 1910 536 Ambriehoni
1951 492 2037 546 ep.
2071 475 2122 527 in
2155 479 2198 533 Α
2229 486 2352 525 cum
2397 471 2476 526 eis
2525 470 2712 525 Ratolf
2750 478 2805 525 et
2851 469 3008 535 Ano,
3057 480 3115 525 et
3164 470 3468 526 vestierunt
3513 470 3778 529 Immoncm

550 601 767 643 manum
808 581 1048 638 advocati
1098 579 1178 633 sui
1219 573 1515 632 Perahtrici
1566 573 1618 627 in
1665 571 1783 625 loco
1815 568 1901 639 qui
1933 566 2128 622 dicitur
2230 560 2547 613 advocatum
2586 559 2851 613 Adalwini
2890 573 2975 628 cp.
3015 567 3072 614 et
3109 557 3505 614 Wicrammum
3533 562 3781 633 presbyte-

552 680 812 747 Stnpinga
852 676 1039 745 jugera
1078 687 1169 734 XL,
1214 678 1265 724 et
1325 668 1375 722 in
1410 666 1528 721 loco
1579 663 1670 734 qui
1703 661 2011 718 nominatur
2037 658 2127 711 Pi-

552 769 890 825 rihhinwmie
931 762 1195 817 similiter.
1236 758 1351 814 IIoe
1397 766 1575 812 autem
1619 754 1818 808 factum
1859 758 1943 805 est
1991 761 2130 802 anno

549 857 942 916 Incarnatiouis
971 853 1180 909 Domini
1213 851 1336 919 87-4,
1375 850 1563 906 Indict.
1589 848 1644 914 7,
1685 855 1740 901 et
1784 845 1836 899 in
1865 858 1962 897 vm
2007 839 2129 896 Kal.

550 950 714 1004 Junii.
842 1009 844 1012 ν

640 1060 768 1116 Car.
806 1054 992 1111 LXIX.
1022 1085 1093 1095 --
1120 1052 1198 1108 De
1221 1051 1406 1107 Marsa
1437 1049 1506 1104 ad
1531 1047 1780 1103 Bramam
1809 1044 2047 1116 fluvium.

623 1169 751 1224 Ilaac
779 1166 917 1221 ratio
947 1163 1029 1219 vel
1056 1162 1242 1218 notitia
1287 1158 1598 1216 manifestat
1626 1156 1694 1212 de
1740 1169 1919 1209 marca
1953 1159 2136 1206 nostra

553 1262 610 1317 in
661 1260 781 1314 loco
838 1257 929 1328 qui
975 1265 1201 1311 vocatur
1257 1253 1506 1316 Braama,
1551 1263 1671 1319 quae
1719 1244 2023 1318 pertinebat
2068 1241 2138 1296 ad

556 1350 876 1406 Sconinowe
920 1354 976 1401 et
1004 1343 1392 1401 monasterium
1423 1339 1480 1395 S.
1519 1338 1757 1402 Martini,
1790 1348 1909 1407 quae
1938 1330 2138 1400 injuste

555 1441 646 1494 diu
677 1439 832 1493 nobis
858 1435 1036 1490 ablata
1070 1442 1190 1498 est;
1233 1432 1336 1488 ‘sed
1367 1444 1508 1486 nunc
1559 1427 1773 1483 tandem
1819 1423 2026 1479 reddita
2057 1428 2141 1475 est

555 1546 653 1600 per
667 1530 1004 1582 Anavvanum
1028 1534 1084 1579 et
1111 1523 1336 1578 fratrem
1365 1519 1482 1589 ejus
1504 1519 1875 1579 Rihvvassum;
1901 1513 2002 1566 hoc
2031 1517 2137 1575 est,

555 1622 624 1675 de
663 1617 829 1673 ﬂuvie
852 1617 945 1688 qui
973 1616 1171 1670 dicitur
1211 1613 1462 1677 Braama,
1515 1624 1686 1679 ttsqne
1732 1608 1800 1662 ad
1839 1607 2015 1662 locum
2045 1604 2138 1675 qui

556 1711 756 1766 dicitur
809 1707 1037 1762 Tiut'bah
1084 1706 1227 1760 inter
1279 1703 1482 1758 cultam
1543 1710 1599 1755 et
1633 1699 1892 1754 incultam
1943 1704 2140 1750 terram

554 1805 666 1875 jng.
697 1818 822 1867 cxx,
851 1809 906 1855 et
930 1801 1031 1855 hoc
1056 1796 1157 1852 fuit
1181 1795 1381 1850 factum
1412 1808 1597 1849 coram
1653 1789 1957 1846 Wichel‘tno
1977 1787 2142 1841 misso

558 1895 774 1952 comitis
821 1891 1038 1949 Geroldi
1091 1890 1146 1946 in
1199 1888 1313 1959 ips'a
1370 1900 1553 1941 marca
1603 1885 1786 1938 nostra
1829 1895 2013 1936 coram
2060 1878 2145 1933 his

559 1982 834 2046 omnibus,
865 1995 1094 2049 quorum
1147 1977 1363 2032 nomina
1419 1984 1546 2030 sunt
1595 1973 1717 2038 ista,
1767 1980 1823 2026 et
1848 1969 2146 2023 Elleuricus

565 2073 775 2128 exstitit
795 2071 1088 2124 advocatus
1109 2076 1291 2122 noster
1315 2079 1380 2120 ex
1403 2073 1558 2137 parte
1580 2061 1890 2119 monasterii
1918 2059 1974 2114 8.
2008 2058 2146 2115 Mar-

563 2165 702 2220 tini:
759 2162 1195 2234 Erchaupertus,
1260 2159 1428 2230 Eigil,
1490 2155 1747 2221 Paturih,
1809 2152 2144 2222 Cuudperht,

571 2257 891 2326 Cuniperht,
928 2253 1226 2324 Rodperht,
1255 2251 1526 2313 Anthelm,
1560 2249 1876 2319 Reginhart,
1920 2245 2145 2316 Regino,

565 2345 913 2415 Engilperht,
942 2342 1119 2408 Tevit,
1171 2342 1467 2412 Rodperbt,
1509 2338 1688 2404 Hetin,
1731 2335 2004 2402 Helmuni,
2043 2335 2149 2390 En-

564 2439 790 2510 gilpero,
878 2435 1127 2500 Friccho,
1203 2433 1419 2498 Rodolt,
1482 2432 1777 2502 Egilmunt,
1832 2429 2148 2494 Willihelm,

564 2525 724 2590 Etilo,
753 2523 1100 2596 Reginperht.
1135 2522 1329 2577 Actum
1357 2535 1452 2576 vut
1491 2519 1566 2576 Id.
1615 2517 1810 2584 Martii,
1856 2516 2012 2574 Feria
2064 2534 2149 2584 tu,

565 2615 618 2670 in
649 2615 1057 2686 quadragesima
1099 2615 1150 2668 in
1202 2612 1340 2676 loco,
1381 2621 1441 2666 ut
1487 2627 1667 2682 supra.
1722 2610 1925 2681 Scripsi
1972 2619 2150 2664 autem

564 2721 666 2776 ego
694 2701 1038 2760 Ellinhardus
1067 2703 1328 2760 diaconus
1350 2702 1505 2772 jussu
1534 2700 1736 2758 domini
1785 2700 1889 2756 mei
1915 2700 2152 2756 Baturici

564 2796 816 2866 episcopi.

569 2902 702 2958 CAP.
728 2903 891 2958 LXX.
923 2935 995 2944 —
1032 2903 1269 2958 Traditio
1301 2903 1548 2974 Rihpaldi
1583 2902 1785 2957 abbatis
1827 2901 1896 2956 ad
1925 2899 2151 2971 Sezpalt.

643 3012 700 3067 In
726 3014 942 3068 nomine
969 3014 1166 3078 Patris,
1193 3023 1247 3068 et
1271 3013 1414 3079 Filii,
1439 3023 1492 3069 et
1515 3013 1749 3084 Spiritus
1768 3013 1960 3069 sancti.
1986 3013 2157 3080 Igitur

571 3107 627 3160 in
650 3105 746 3160 Dei
773 3105 988 3160 nomine
1025 3120 1124 3174 ego
1162 3103 1460 3173 Rihpaldus
1483 3105 1655 3160 abbas
1686 3103 1880 3159 tradidi
1923 3103 2157 3159 haeredi-

2231 668 2347 705 rum
2379 660 2433 706 et
2461 651 2815 721 Praepositum
2844 651 2911 706 de
2939 653 3023 707 his
3051 652 3258 707 duobus
3286 652 3447 718 locis,
3479 654 3585 710 hoc
3610 665 3704 720 est,
3729 657 3782 712 ad

2234 740 2444 811 Sezpah
2479 750 2536 796 et
2569 739 2945 806 Niwinhuson,
2976 750 3030 796 et
3059 756 3317 798 concessa
3357 751 3491 798 sunt
3526 743 3639 798 hac
3668 745 3782 800 loca.

2233 833 2311 888 Ad
2341 831 2550 902 Sezpah
2573 834 2794 888 sedebat
2823 832 3007 888 Ratolf
3030 835 3325 888 monachus
3353 849 3484 889 cum
3513 835 3681 890 servis
3703 836 3783 890 do-

2235 921 2364 976 mini
2394 921 2630 992 episcopi
2660 923 2956 988 Adalvvini;
2983 924 3052 978 ad
3073 921 3425 978 Niwinhuson
3447 922 3786 978 Wieramtnns

2235 1012 2572 1082 praepositus.
2631 1011 2962 1067 Precabatur
3001 1012 3165 1068 etiam
3212 1012 3516 1082 Rihpaldus
3542 1012 3700 1067 abbas
3733 1014 3791 1067 ad

2235 1101 2575 1156 Adalwinum
2606 1102 2808 1172 episc.,
2855 1111 2922 1180 ut
2966 1103 3018 1156 in
3065 1101 3179 1173 ipsa
3224 1118 3412 1157 marca
3455 1118 3564 1157 una
3592 1103 3794 1158 ecclesia
3886 1123 3887 1128 π

2239 1188 2492 1246 fabricari
2525 1193 2828 1258 debuisset,
2868 1194 2972 1248 hoc
2997 1202 3112 1256 est,
3149 1192 3216 1246 ad
3246 1193 3463 1264 Sezpab
3485 1236 3500 1252 .
3540 1202 3598 1247 et
3622 1194 3792 1248 ibidem

2240 1285 2508 1355 posuisset
2543 1284 2780 1355 aliquem
2808 1287 3149 1341 sacerdotum
3181 1278 3272 1355 qui
3309 1285 3517 1340 ibidem
3552 1295 3724 1340 cantet
3751 1295 3796 1340 et

2240 1389 2362 1432 cum
2391 1375 2641 1430 onmibus
2665 1375 2721 1431 8.
2748 1374 3147 1432 Emmerammo
3174 1377 3426 1432 serviret.
3469 1376 3795 1434 Praemium

2241 1468 2461 1522 nomina
2501 1468 2592 1537 qui
2623 1467 2914 1526 viderunt:
2963 1468 3343 1538 Ercbanperht
3388 1469 3671 1535 diaconus,
3713 1469 3800 1523 ηε.

2243 1559 2494 1631 ginperht
2523 1561 2804 1623 diaconus,
2837 1560 3016 1616 Welto
3045 1561 3296 1626 clericus,
3331 1561 3632 1632 Heriperht
3667 1563 3801 1619 clerio

2244 1663 2380 1714 cus,
2434 1649 2624 1704 Pillinc
2653 1690 2667 1715 ,
2718 1649 2998 1714 Frumolt,
3046 1649 3352 1717 Cunthart,
3414 1651 3680 1706 Paldtnot.
3734 1652 3801 1706 Ad

2249 1741 2512 1796 tumulum
2544 1740 2603 1796 S.
2636 1741 3020 1796 Emmerammi
3053 1740 3252 1796 factum
3285 1751 3370 1796 est
3400 1743 3527 1796 hoc.
3578 1742 3664 1796 Isti
3699 1751 3805 1796 sunt

2172 1845 2218 1904 Β
2246 1833 2337 1902 qui
2366 1832 2648 1896 viderunt;
2695 1832 2837 1902 quod
2875 1832 3108 1900 Rihpald
3147 1831 3372 1886 tradidit
3403 1833 3459 1885 in
3493 1848 3684 1886 manus
3710 1833 3802 1885 Ab-

2247 1923 2403 1978 bonis
2429 1931 2482 1976 et
2511 1922 2761 1987 aliorum,
2795 1923 2937 1993 quod
2971 1938 3136 1994 supra
3167 1911 3425 1989 diximus,
3455 1924 3805 1979 hzereditatem

2246 2032 2438 2072 suam:
2477 2014 2752 2081 Gerhart,
2803 2014 3122 2086 Liutperht,
3174 2015 3534 2088 Engilpcrbt,
3585 2019 3805 2076 Pillunc.

2247 2107 2432 2178 Ogast.
2466 2106 2590 2162 Ilme
2616 2115 2742 2162 sunt
2772 2107 2987 2161 nomina
3012 2107 3226 2160 testium
3251 2107 3342 2176 qui
3372 2123 3468 2178 per
3490 2124 3651 2162 aures
3673 2109 3808 2160 tracti

2249 2207 2413 2254 sunt:
2455 2196 2821 2268 Chnnipcrht,
2862 2197 3178 2262 Amhricho,
3218 2196 3450 2263 Pillunc,
3485 2198 3680 2261 Immo,
3704 2198 3808 2255 Cri-

2251 2289 2420 2355 muni,
2439 2277 2796 2358 'Frtdaperht,
2825 2288 3218 2359 Erchanperbl,
3251 2287 3545 2353 Hadamar,
3574 2287 3809 2359 Gerpald,

2253 2383 2418 2447 Toto,
2463 2381 2711 2452 Sipihho,
2751 2381 3062 2451 Wolfpero,
3102 2379 3356 2447 Adalrih,
3400 2380 3609 2447 Unolz,
3656 2379 3813 2441 Hnno.

2251 2473 2523 2544 Altiperht
2545 2515 2560 2537 ,
2605 2472 2813 2544 Hegilo,
2847 2472 3100 2528 Wiclant.
3139 2471 3309 2527 Facta
3338 2472 3441 2528 fuit
3471 2473 3589 2528 haec
3619 2472 3813 2526 traditio

2255 2565 2321 2620 ad
2383 2564 2837 2620 Cuudaresbnson
2902 2579 3044 2619 anno
3108 2561 3212 2620 8M
3275 2561 3671 2619 Incarnationis
3731 2562 3816 2616 Do-

2256 2657 2389 2711 mini
2446 2656 2615 2710 nostri
2668 2655 2794 2711 Jesu
2845 2654 3087 2722 Christi;
3141 2671 3284 2710 anno
3331 2655 3573 2710 secundo
3623 2653 3813 2725 imperii

2257 2747 2460 2802 domini
2499 2746 2792 2801 Illudowici
2825 2747 3083 2817 Augusti,
3130 2747 3316 2801 indici.
3347 2748 3406 2810 7,
3453 2761 3489 2799 v
3529 2745 3648 2800 Kal.
3676 2746 3814 2807 Non,

2258 2837 2344 2893 die
2379 2837 2670 2893 Dominico.
2707 2837 2876 2891 Facta
2903 2837 3162 2892 vestitura
3194 2839 3261 2891 ad
3291 2835 3351 2891 8.
3377 2836 3818 2891 Emmerammua

2259 2932 2346 2987 die
2375 2931 2569 2996 Lunm,
2619 2930 2761 3000 quod
2793 2939 2875 2986 est
2913 2945 2989 2984 χιι
3033 2929 3151 2984 Kal.
3193 2928 3450 2984 Decemb.
3498 2930 3554 2983 in
3595 2928 3702 2998 ipsa
3738 2943 3816 2982 ec-

2262 3021 2424 3077 clesia
2457 3021 2514 3076 8.
2544 3020 2950 3076 Enuuerammi.
3000 3019 3268 3074 Ellinhart
3296 3020 3564 3074 diaconus
3594 3020 3764 3088 jussus
3793 3033 3818 3069 a

2263 3111 2482 3166 domino
2522 3126 2641 3167 meo
2674 3110 2955 3166 Adalwino
2989 3112 3240 3181 episeopo
3280 3111 3456 3180 ipsam
3501 3109 3818 3164 traditionem

574 3202 740 3248 tatem
768 3209 942 3248 meam
966 3208 1126 3264 quam
1157 3193 1315 3248 habui
1346 3194 1412 3248 ad
1456 3193 1688 3263 Sezpah,
1721 3203 1776 3248 et
1840 3193 1906 3248 ad
1950 3192 2149 3248 Niwiu-
2183 3199 2231 3264 ε
2261 3202 2473 3272 scripsi.

573 3271 750 3341 husun
774 3284 828 3339 in
855 3300 1045 3339 manus
1065 3284 1303 3340 Abbonis
1323 3296 1376 3340 et
1398 3285 1728 3355 Engihnonis
1750 3295 1803 3341 et
1824 3287 2151 3353 Isandeonis,

574 3387 629 3434 et
657 3375 911 3442 Paldrici,
943 3387 999 3430 et
1035 3376 1226 3432 Ratolli
1267 3386 1329 3432 et
1354 3379 1527 3434 Auoui
1555 3397 1568 3444 ;
1601 3388 1659 3433 ut
1684 3379 1727 3434 si
1766 3394 1866 3450 ego
1913 3389 2156 3436 mortuus

572 3469 794 3524 fuissem
825 3469 876 3523 in
911 3469 1014 3524 isto
1043 3469 1238 3526 itinere
1275 3471 1340 3524 ad
1369 3471 1624 3540 palatium
1669 3471 1866 3538 eundo,
1895 3481 2024 3528 tunc
2055 3472 2154 3542 ipsi

572 3560 675 3614 viri
702 3559 815 3614 htec
835 3559 1014 3614 omnia
1044 3576 1141 3630 pro
1169 3561 1346 3616 anima
1374 3577 1490 3618 mea
1514 3564 1581 3617 ad
1609 3561 1666 3616 S.
1699 3563 2156 3618 Emmerammum

582 3650 966 3719 tradidissent,
1023 3659 1255 3721 petoque
1306 3652 1644 3706 Adalwinum
1699 3653 2005 3723 episcopum
2074 3651 2158 3707 vel

583 3741 698 3811 ejus
721 3757 1079 3807 successores,
1107 3752 1163 3795 ut
1187 3745 1300 3799 lucc
1322 3745 1425 3798 duo
1463 3744 1598 3808 loca,
1633 3745 1684 3799 id
1715 3755 1820 3807 est,
1851 3746 1916 3798 ad
1947 3743 2161 3814 Sezpah

582 3838 632 3886 at
657 3831 724 3885 ad
754 3830 1107 3886 Niwinhusun
1139 3847 1352 3901 semper
1381 3833 1446 3887 ad
1480 3832 1537 3888 S.
1561 3834 2014 3889 Emmeralnmum
2045 3848 2161 3888 ser-

577 3919 747 3984 viant,
784 3928 836 3975 et
868 3920 1070 3974 nemini
1113 3922 1164 3974 in
1195 3922 1456 3978 beneﬁcio
1485 3923 1770 3986 donentur,
1798 3932 1854 3977 et
1881 3931 2160 3977 manentes

580 4011 684 4080 ipsi
714 4026 817 4065 non
851 4020 1138 4074 mutentur,
1167 4011 1257 4066 sed
1292 4024 1544 4067 maneant
1575 4013 1627 4067 in
1660 4013 1791 4067 locis
1819 4013 1932 4068 suis
1959 4023 2014 4068 et
2045 4014 2158 4082 ipsa

580 4099 872 4168 mancipia.
930 4098 1192 4153 Defuncto
1241 4115 1368 4155 vero
1420 4100 1686 4170 Rihpaldo
1735 4101 1964 4168 abbate,
2016 4102 2164 4157 venit

580 4187 734 4243 Abbo
762 4204 864 4242 una
893 4203 1015 4243 cum
1046 4185 1291 4244 Paldrico
1319 4198 1373 4243 et
1402 4188 1633 4254 Ratoll‘o,
1681 4190 1927 4246 similiter
1961 4200 2015 4246 et
2045 4191 2163 4245 Ano

581 4278 649 4334 ad
679 4279 736 4334 S.
767 4279 1243 4345 Emmerammum,
1273 4291 1326 4337 et
1353 4282 1596 4338 eamdem
1630 4282 1972 4338 traditionem
1999 4297 2160 4353 quam

584 4368 816 4441 Ilihpald
855 4373 1022 4427 abbas
1059 4372 1113 4426 in
1153 4388 1338 4426 eorum
1381 4389 1575 4428 manus
1608 4375 1787 4444 posuit
1824 4375 2164 4430 tradiderunt

585 4459 646 4514 S.
673 4461 1070 4517 Emmerammo
1092 4477 1190 4532 pro
1218 4463 1467 4535 Rihpaldi
1496 4463 1708 4520 abbatis
1737 4466 1930 4521 animxe
1959 4475 2159 4522 acterna

2397 3335 2524 3393 Car.
2563 3325 2751 3392 LXXI.
2787 3363 2845 3376 --
2871 3334 3109 3388 Traditio
3140 3333 3455 3388 Willihelmi
3481 3335 3702 3387 comitis.

2327 3474 2551 3532 Constat
2574 3473 2823 3530 omnibus
2848 3471 3165 3528 mortalibus
3189 3471 3316 3541 quia
3346 3473 3467 3526 lucc
3490 3471 3601 3525 vita
3627 3470 3820 3524 nimium

2257 3566 2437 3622 brevis
2459 3575 2560 3631 est,
2586 3567 2678 3622 sed
2705 3567 2862 3636 longa
2886 3563 3086 3618 futura.
3117 3561 3467 3632 Quapropter
3492 3560 3825 3615 Willibelmss

2257 3670 2442 3712 eomes
2469 3653 2820 3710 considerans
2849 3652 2961 3707 hazc
2991 3652 3063 3705 ita
3101 3665 3160 3706 se
3194 3650 3401 3705 habere
3441 3666 3548 3720 pro
3575 3651 3670 3721 (sic
3693 3647 3824 3713 Cod)

2259 3746 2586 3817 adipiscendi
2613 3744 2805 3815 gaudia
2831 3743 3152 3813 sempiterna
3176 3749 3231 3796 et
3252 3741 3506 3796 remedio
3531 3742 3718 3796 anima:
3734 3755 3825 3794 se:

2262 3837 2479 3893 tradidit
2514 3835 2581 3888 ad
2618 3833 2679 3889 S.
2707 3833 3167 3888 Emmerammum
3214 3843 3304 3884 res
3343 3831 3701 3900 proprietatis
3736 3843 3826 3882 sua

2259 3941 2397 3996 quas
2429 3924 2632 3980 habere
2658 3921 2944 3977 videbatur
2973 3919 3026 3974 in
3061 3919 3179 3974 loco
3207 3919 3500 3972 nominato
3530 3919 3825 3978 Bersuicha,

2262 4016 2315 4071 id
2343 4023 2425 4070 est
2451 4013 2734 4069 ecclesiam
2763 4021 2817 4066 et
2843 4025 3025 4066 casam
3078 4023 3200 4064 cum
3231 4016 3411 4074 curte,
3443 4018 3615 4078 atque
3640 4007 3828 4077 reliquis

2261 4105 2503 4161 aediﬁciis
2527 4118 2648 4158 eum
2675 4100 2958 4170 mancipiis
2986 4097 3126 4153 infra
3150 4097 3396 4163 domum,
3428 4106 3488 4152 et
3518 4097 3830 4152 manentibus

2263 4195 2567 4258 servilibus,
2598 4192 2776 4256 terris,
2804 4191 2994 4263 pratis,
3021 4187 3260 4258 pascuis,
3288 4197 3345 4242 et
3369 4188 3610 4243 dimidio
3638 4188 3828 4250 forests,

2264 4285 2436 4355 aquis,
2468 4296 2839 4353 aquarumque
2887 4279 3224 4343 decursibus,
3256 4277 3564 4332 mobilibus
3589 4290 3644 4333 et
3671 4280 3831 4332 immo-

2265 4376 2497 4440 bilibus,
2527 4373 2718 4438 cultis,
2749 4371 2834 4426 vel
2865 4369 3099 4434 incultis,
3131 4369 3396 4439 quidquid
3425 4368 3540 4423 dici
3572 4369 3655 4422 vel
3682 4367 3826 4422 uenio

2265 4466 2381 4522 nari
2429 4475 2607 4535 potest
2649 4479 2772 4519 eum
2816 4462 2960 4516 omni
3010 4460 3158 4515 lucro
3187 4459 3331 4529 quod
3366 4475 3524 4514 nunc
3564 4460 3620 4513 in
3658 4457 3828 4513 eisdem

584 4549 863 4615 mercede,
914 4559 969 4606 et
1014 4552 1314 4606 vestierunt
1359 4569 1542 4608 casam
1578 4554 1636 4608 S.
1677 4554 2058 4610 Emmerammi
2094 4555 2162 4609 de
2193 4548 2243 4608 D
2268 4557 2446 4613 causis
2471 4569 2591 4610 esse
2612 4553 2822 4608 videtur
2840 4551 2921 4607 vel
2945 4551 3212 4620 deinceps,
3239 4549 3307 4604 ad
3329 4564 3458 4618 qua:
3477 4550 3650 4604 situm
3673 4548 3825 4605 fuerit.

583 4637 834 4693 omnibus
875 4655 1208 4711 quaecunque
1249 4642 1585 4698 tradiderunt
1609 4684 1626 4707 ,
1678 4644 1729 4699 id
1763 4653 1886 4710 est,
1941 4660 2163 4700 manen-

586 4737 670 4782 tes
699 4727 834 4792 XIV,
876 4731 942 4784 ad
979 4728 1212 4802 Sezpah,
1251 4734 1316 4788 ad
1359 4733 1708 4792 Niwinhuson
1738 4753 1812 4802 tv,
1857 4753 1978 4792 eum
2011 4753 2162 4792 man-

587 4822 746 4890 cipiis
773 4831 826 4876 et
851 4823 1120 4890 domibus,
1143 4833 1324 4880 curtcs
1346 4827 1595 4882 similiter
1623 4841 1677 4882 et
1711 4837 1907 4894 terras,
1937 4829 2160 4899 campis,

587 4912 756 4977 silvis,
791 4913 980 4982 pratis,
1014 4917 1249 4983 pascuis,
1281 4918 1458 4987 aquis,
1489 4919 1777 4974 mobilibus
1824 4930 1880 4975 et
1911 4921 2164 4976 immobi-

587 4999 750 5055 libus.
804 5001 997 5057 Onmia
1028 5003 1170 5059 culta
1201 5005 1285 5060 vel
1315 5007 1546 5074 inculta;
1585 5010 1790 5064 omnia.
1845 5011 1987 5066 Nihil
2021 5016 2161 5082 prino

591 5091 824 5144 termisit
861 5091 1119 5162 Ilihpald,
1162 5105 1385 5167 excepto
1423 5098 1593 5155 hobas
1629 5115 1687 5155 tn
1737 5115 1874 5170 quas
1917 5117 2168 5157 concam-

595 5177 766 5230 biavil
805 5195 925 5224 mm
965 5181 1311 5230 Mani-ilmrdn
1353 5188 1583 5248 abbate;
1641 5189 1744 5244 hoc
1795 5193 2168 5246 tantunnnodo

2271 4647 2402 4702 nihil
2431 4656 2586 4700 extra
2615 4644 2912 4706 dimittens,
2943 4650 2998 4697 et
3025 4641 3225 4695 eaedem
3253 4654 3442 4694 causa
3471 4640 3530 4692 in
3560 4639 3679 4709 eius
3706 4645 3826 4708 pote

2271 4747 2408 4796 State
2437 4737 2627 4791 flerent
2650 4749 2819 4803 usque
2844 4735 2968 4788 dum
2991 4733 3195 4786 viveret
3224 4730 3360 4800 ipse,
3385 4739 3442 4783 et
3471 4729 3716 4800 conjugis
3737 4727 3826 4795 eiu

2271 4830 2570 4900 Engilradaa
2597 4829 2766 4882 donec
2798 4826 2911 4895 ipsa
2943 4824 3198 4884 vixisset,
3246 4830 3306 4876 et
3349 4821 3604 4891 quandiu
3643 4821 3825 4875 thera!

2272 4922 2572 4979 maritalem
2604 4928 2973 4982 conservaret,
2995 4925 3048 4970 et
3074 4917 3188 4970 haec
3209 4915 3465 4970 omnibus
3492 4914 3676 4968 modis
3699 4911 3825 4965 im

2270 5015 2656 5084 persisterent,
2689 5010 2732 5063 si
2764 5009 2862 5064 sibi
2898 5009 3068 5063 haeres
3093 5022 3196 5062 non
3228 5015 3573 5061 nasceretur.
3626 5005 3732 5059 Hoc
3755 5001 3825 5054 ia-

2269 5120 2430 5176 super
2454 5102 2837 5173 complacitans
2875 5115 2997 5154 cum
3023 5098 3275 5152 Batnrico
3303 5113 3426 5152 ven.
3455 5099 3739 5166 pontiﬁce,
3781 5100 3827 5143 ut

2272 5197 2336 5252 ad
2375 5194 2688 5249 Eskitunam
2727 5201 2780 5245 et
2806 5189 2997 5245 Wesin
3025 5189 3204 5243 omnia
3243 5204 3366 5257 qua:
3406 5188 3608 5243 ibidem
3645 5183 3825 5257 ριήὺ

2448 5285 2479 5302 ι·
2563 5283 2622 5304 ο-
2734 5282 2810 5296 ί·
2900 5281 2914 5302 τ
3041 5280 3440 5335 insi-Is
3476 5276 3826 5334 meum
