3930 5742
97 361 240 438 935'

1001 366 1459 426 TRADITIONES
1498 319 2143 423 euitansttnansas.
2187 394 2254 404 -φ
2283 361 2418 419 LIB.
2460 361 2497 416 ι.

3250 335 3358 421 95/.

97 507 185 545 una
217 504 344 544 cum
373 487 658 557 Ertnperto
699 475 959 539 advocato
1007 498 1125 540 suo.
1185 483 1251 537 Et
1299 491 1464 537 testes
1511 479 1669 547 hujus
1699 489 1744 540 Α
1773 477 1888 531 hare
1931 476 2147 531 traditio
2183 475 2320 530 facta
2355 484 2440 530 est
2467 490 2700 544 quorum
2733 490 2796 530 ex
2835 484 2987 548 parte
3023 477 3240 531 nomina
3280 477 3363 532 in-

101 579 398 635 traditionis
428 592 526 647 per
554 591 712 630 aures
743 575 899 629 tracti
929 583 1054 628 sunt
1079 591 1093 628 :
1137 573 1398 644 llilpung,
1431 572 1670 640 Fezzilo,

99 668 434 732 bladalltelm,
481 665 594 736 qui'
623 673 677 719 et
729 662 831 718 tlde
887 661 1132 732 jussores
1189 665 1463 718 vestitum
1511 671 1674 728 sunt,

100 757 321 823 Pazrib,
377 756 646 820 Armnot,
696 752 1004 818 Mahall‘rid,
1050 753 1313 817 Alaman,
1366 752 1676 818 Adalwart,

97 849 270 910 Poso,
328 846 685 917 Reginvvart,
740 845 916 900 Eckeo
947 885 962 909 ,
1015 843 1346 913 Ermperht,
1401 843 1676 910 Kerhart,

102 942 312 1005 Eccho,
377 939 670 1002 Odalhart,
732 935 1112 1005 Erchaupald,
1165 934 1420 999 Kerhoh,
1467 933 1677 1000 Wldar,

98 1028 426 1092 Willihelm,
479 1027 778 1092 Trostmar,
833 1026 1004 1097 Eigil,
1057 1026 1294 1089 Pillunc,
1352 1024 1677 1094 Erinperht,

99 1119 422 1188 Cotaperht,
474 1117 603 1171 item
654 1114 1008 1180 Madalheltn,
1057 1113 1338 1184 Engildeo,
1387 1112 1677 1177 Odalhart,

98 1210 364 1265 Wolfhart
384 1232 412 1272 ,ν
443 1208 774 1278 Reginhart,
806 1205 1116 1269 Gewibald,
1147 1194 1554 1274 Erchanperht,
1588 1202 1679 1258 El—

100 1301 378 1371 lenperht,
425 1299 701 1369 Sigibald,
737 1297 958 1360 Albrat,
996 1296 1310 1366 Adalperht.
1369 1295 1504 1349 Acta
1554 1301 1682 1348 sunt

98 1395 204 1447 haec
232 1392 298 1445 ad
334 1391 718 1446 Sconinowam
744 1387 1156 1444 monasterium.
1199 1386 1356 1440 Anno
1385 1384 1680 1441 Dominicae

96 1482 492 1536 .Ittcaruationis
519 1481 644 1536 854.
1261 1485 1264 1488 ’

224 1595 356 1650 CAP.
393 1595 600 1651 LXXII.
630 1626 697 1636 —
727 1593 962 1649 Traditio
992 1593 1300 1648 Willihelmi
1331 1592 1554 1646 comitis.

160 1709 420 1778 Quisquis
464 1708 517 1762 in
562 1709 664 1763 hac
700 1709 804 1762 vita
849 1723 968 1777 qua!
1002 1710 1213 1764 cunctis
1249 1708 1569 1764 mortalibus
1600 1708 1681 1763 in-

94 1811 236 1852 certa
281 1807 366 1852 est
408 1807 566 1851 caute
607 1798 960 1867 semetipsum
1009 1807 1118 1854 tota
1163 1798 1358 1852 mentis
1393 1797 1678 1853 devotione

97 1888 486 1958 circumspicit,
509 1887 575 1942 ad
601 1887 742 1941 illam
785 1888 901 1942 sine
941 1887 1102 1942 dubio
1143 1887 1419 1958 perveniet
1449 1887 1676 1949 feliciter

99 1981 258 2034 vitam
308 1980 396 2033 tibi
439 1979 514 2034 illi
558 1994 681 2034 cum
705 1979 922 2034 Christo
947 1979 1300 2051 regnantqui
1342 1980 1429 2034 hic
1456 1979 1678 2049 provide

97 2081 379 2143 gesserunt
424 2082 692 2143 princepta
738 2071 953 2126 Domini
994 2072 1076 2126 sui
1117 2071 1505 2128 conservando.
1569 2070 1680 2127 Hac

96 2164 302 2218 cautela
348 2170 702 2234 compunctus
740 2165 960 2234 quidam
1015 2163 1221 2223 comis,
1282 2164 1499 2218 nomine
1538 2162 1678 2218 Wil-

97 2256 372 2321 libeltnus,
401 2264 480 2320 et,
510 2263 568 2309 ut
593 2254 932 2325 refrigerium
963 2255 1157 2308 anima:
1179 2269 1288 2308 sure
1325 2269 1389 2307 ac
1413 2265 1682 2324 perpetua:

93 2337 447 2400 beatitudinis
488 2344 716 2416 gloriam
765 2345 1110 2414 acquireret,
1151 2345 1216 2398 ad
1255 2343 1312 2398 S.
1341 2344 1681 2399 Emmeram-

93 2451 239 2488 mum
295 2421 392 2488 Dei
441 2442 733 2504 martyrem
792 2435 974 2487 omnia
1026 2449 1145 2504 qua:
1199 2433 1386 2488 habuit
1441 2434 1492 2487 in
1550 2432 1682 2488 locis

94 2529 286 2583 subter
329 2527 549 2596 scriptis
594 2527 854 2582 tradidit:
903 2526 1146 2596 nihilque
1187 2526 1532 2596 proprietatis
1573 2541 1684 2580 sua:

89 2626 248 2670 extra
300 2616 508 2670 dimisit
559 2617 704 2687 quod
760 2632 866 2671 non
921 2618 1157 2672 traderet
1221 2617 1273 2671 in
1333 2616 1468 2671 vicis
1523 2616 1680 2682 istis;

90 2707 494 2776 Sconheringa,
526 2705 903 2762 Cheminatum
947 2717 1001 2778 et
1047 2707 1355 2772 Purcheim,
1386 2723 1447 2762 ea
1480 2707 1688 2764 scilicet

88 2795 354 2850 ratione:
404 2807 462 2848 ut
505 2805 628 2866 post
670 2796 876 2850 obitum
926 2812 1080 2851 suum
1127 2797 1356 2852 firmiter
1399 2797 1464 2851 ad
1509 2797 1684 2866 ipsum

87 2897 354 2940 sanctum
412 2887 504 2942 Dei
555 2888 666 2958 ipsa
718 2887 1023 2943 traditionis
1065 2903 1225 2944 causa
1270 2897 1585 2954 constaret,
1639 2889 1686 2944 si

87 2976 374 3030 heredem
435 2991 542 3031 non
601 2977 863 3040 haberet,
926 2987 982 3032 et
1032 2986 1218 3042 tamen
1273 2976 1469 3044 conjttx
1521 2977 1686 3046 ipsius

86 3068 320 3122 easdem
367 3082 452 3120 res
493 3067 546 3120 in
588 3066 790 3122 ditione
833 3081 928 3120 sua
973 3075 1179 3121 teneret
1219 3067 1455 3136 quandiu
1488 3066 1685 3122 lectum

84 3172 252 3211 suum
300 3166 672 3212 conservaret.
733 3157 790 3213 Si
836 3173 964 3214 vero
1007 3158 1243 3212 humano
1288 3174 1438 3214 more
1476 3160 1685 3214 contin-
1716 3186 1759 3246 ε

85 3257 246 3317 geret
295 3255 361 3299 ut
399 3248 594 3303 lectum
620 3264 774 3303 suum
817 3264 922 3302 non
969 3249 1287 3314 custodiret,
1312 3265 1436 3302 mox
1471 3249 1689 3304 traditio

81 3338 150 3389 ad
201 3337 398 3391 locum
445 3354 599 3392 suum
642 3348 1025 3393 reverteretur.
1091 3337 1146 3393 Si
1193 3349 1374 3394 autem
1421 3341 1689 3394 harredcm

80 3427 455 3496 superstitem
502 3428 724 3490 habeat,
756 3438 813 3482 ttt
837 3429 950 3498 ipse
973 3429 1292 3498 potestative
1317 3420 1688 3483 hmt-editatem

81 3533 248 3570 suam
305 3517 586 3587 possideat
640 3519 846 3587 absque
901 3517 1062 3572 ullius
1114 3516 1562 3572 contradictione.
1627 3517 1691 3572 Et

82 3617 270 3663 testes
315 3606 562 3677 ejusdem
611 3610 919 3663 traditionis
965 3609 1055 3664 isti
1096 3609 1456 3663 exstiterunt:
1496 3607 1695 3678 Ratpot

77 3702 317 3765 comis,
384 3701 703 3770 (lun:'pald,
762 3701 1100 3772 Cttniperht,
1157 3699 1376 3756 Orendil
1421 3700 1689 3769 comites;

77 3789 442 3862 ﬂeripcrht,
495 3791 776 3856 Crimuni,
829 3791 1188 3856 Madalhelm,
1233 3789 1466 3855 Rodolf,
1515 3790 1692 3856 Poso,

77 3879 458 3950 Cundperht,
505 3880 644 3934 Ουιο
693 3881 949 3945 vicarius,
998 3880 1200 3945 Mezzi,
1243 3879 1452 3945 Vitalis,
1499 3879 1693 3947 Sabso,

74 3971 369 4042 Rihpald,
404 3971 578 4034 Ruho;
606 3971 887 4040 Isangritn,
931 3970 1193 4036 Cotafrid,
1224 3971 1448 4040 Ougast,
1477 3971 1694 4036 Scroth,

76 4059 440 4130 Regittltart,
479 4058 691 4128 Egilolf,
732 4059 999 4129 lladager,
1030 4059 1344 4128 Willihelm,
1389 4060 1693 4127 Mahalfrid,

75 4149 283 4214 llessi,
345 4147 520 4212 Urult,
555 4149 753 4216 Trogo,
792 4148 1048 4213 Graman,
1086 4149 1370 4206 Cundwin.
1413 4149 1698 4206 Batttricus

73 4256 167 4310 cp.
196 4255 324 4293 una
355 4253 480 4292 cum
505 4238 729 4293 Pazrico
749 4240 1010 4294 advocato
1033 4255 1130 4294 suo
1154 4239 1324 4309 ipsam
1355 4239 1698 4293 traditionem

74 4331 344 4400 accepit.
401 4328 622 4384 Factum
660 4338 743 4383 cst
780 4329 881 4383 hoc
916 4329 982 4383 ad
1022 4330 1402 4400 Reganeshurg
1427 4345 1570 4384 anno
1596 4328 1701 4384 Do-

74 4422 326 4476 minicaz
365 4419 758 4473 Incarnatiouis
781 4419 906 4475 855.

257 4529 413 4584 CAP.
453 4526 679 4581 LXXIII.
706 4558 777 4567 —
805 4527 1040 4581 Traditio
1065 4527 1288 4598 Rntpodi
1318 4527 1538 4581 comitis.

148 4641 490 4707 Postquam
533 4652 662 4707 ergo
707 4639 758 4690 in
810 4637 901 4692 Dei
949 4637 1166 4692 nomine
1210 4636 1490 4706 Ratpodus
1534 4636 1703 4692 comis

71 4731 146 4785 ad
193 4734 477 4784 sanctum
505 4726 721 4780 tradidit
745 4727 1227 4791 Emnteramtnum,
1262 4727 1403 4782 sicut
1429 4727 1481 4781 in
1512 4727 1702 4782 charta

76 4818 434 4877 traditionis
477 4818 732 4886 scriptum
761 4817 1050 4883 invenitur,
1073 4817 1334 4889 quidquid
1355 4818 1704 4889 proprietatis

71 4913 146 4967 ad
193 4909 504 4966 Tullinam
553 4908 751 4966 habere
789 4909 1096 4976 videbatur,
1139 4909 1192 4963 in
1227 4910 1568 4980 praesentiam
1598 4909 1707 4966 Lu-

70 5003 277 5058 dovici
337 4999 494 5068 regis
537 4997 918 5069 Reganesbure
958 5000 1125 5064 venit,
1172 5009 1228 5055 et
1262 5001 1443 5054 omnia
1481 5017 1602 5072 qua;
1639 5003 1706 5059 ad

74 5094 402 5151 Tullinam
424 5087 572 5141 visus
604 5099 682 5144 est
709 5088 986 5160 possidere
1017 5089 1084 5144 ad
1115 5091 1429 5159 praedictum
1458 5101 1705 5148 sanctum

73 5185 182 5242 Dei
236 5177 412 5237 nihil
457 5187 606 5231 extra
646 5179 927 5234 dimittens
973 5180 1214 5247 tradidit,
1259 5181 1336 5235 ita
1382 5181 1608 5248 scilicet,
1648 5192 1708 5240 ut

74 5281 124 5335 si
175 5279 400 5334 haeres
443 5271 542 5324 sibi
581 5287 679 5328 non
722 5284 1060 5340 nasceretur,
1104 5286 1244 5345 post
1299 5276 1505 5333 obitum
1550 5295 1705 5338 suum

70 5370 290 5426 statim
325 5364 451 5417 ista
477 5361 775 5421 traditionis
803 5378 963 5419 causa
988 5366 1218 5424 ﬁrmiter
1238 5369 1306 5425 ad
1332 5368 1507 5425 locum
1535 5374 1707 5431 sancti

67 5469 177 5526 Dei
230 5463 562 5517 constaret.
607 5458 659 5514 Si
699 5469 886 5516 autem
922 5459 1095 5518 meres
1131 5463 1234 5520 sibi
1270 5475 1607 5534 nasceretur;
1652 5476 1710 5523 ut

64 5573 207 5614 cum
262 5545 544 5606 ducentis
579 5551 762 5608 solidis
809 5563 896 5602 res
936 5551 1174 5620 ejusdem
1221 5555 1524 5612 traditioms
1567 5561 1711 5615 redi-

61 5653 388 5702 meretur,
442 5645 500 5689 ut
539 5637 671 5698 sicut
716 5654 886 5710 supra
926 5643 1127 5699 dictum
1172 5654 1282 5707 est,
1332 5644 1383 5698 in
1425 5649 1709 5714 prarscntia

1780 572 2126 627 nolescimus.
2208 570 2405 626 Erttost
2467 571 2678 636 comis,
2747 573 3055 627 Werinheri
3086 613 3100 635 ,
3166 571 3361 638 'l‘itno,

1780 660 2059 727 Erml‘rid,
2122 659 2426 730 Ratperht,
2491 661 2632 723 Uto,
2690 661 2962 733 Waning,
3021 661 3363 727 Willihelm,

1779 749 2046 817 Rihheri,
2107 750 2454 821 Wolfdrigil,
2513 750 2688 809 Poso.
2743 751 2994 821 Eginolf,
3035 752 3364 816 l‘erehttolt,

1783 839 1959 893 Rihho
1983 854 2147 904 com.,
2196 839 2386 903 Adalo,
2437 840 2639 905 Ratolt,
2686 839 2879 910 Popili,
2910 840 3122 906 Bodolt,
3154 842 3366 908 l-‘ritilo,

1779 927 2159 1000 Regiuperht,
2212 931 2457 985 Adalhoh
2487 972 2502 996 ,
2551 929 2856 1002 Managolt,
2905 929 3089 1002 Papo,
3143 930 3365 986 Albker.

1779 1018 1943 1074 Facta
1994 1028 2079 1074 est
2124 1019 2239 1074 hzec
2285 1021 2504 1076 traditio
2551 1021 2605 1075 in
2652 1020 2980 1092 locosupra
3030 1022 3176 1080 dicto
3223 1037 3368 1078 anno

1782 1107 1994 1163 Domini
2041 1108 2167 1165 857.

1780 1216 1912 1274 CAP.
1960 1216 2195 1275 LXXIV.
2240 1250 2314 1294 _—
2358 1220 2712 1294 Cammutgtio
2749 1222 2925 1294 inter.
2951 1223 3371 1294 Erclmnfridum

2185 1291 2484 1360 episcopum
2515 1302 2561 1346 et
2590 1290 2952 1362 Eparltoltum.

1849 1380 1908 1436 In
1953 1381 2172 1437 nomine
2220 1391 2425 1438 sant-tie
2465 1392 2522 1439 et
2561 1385 2736 1440 unica:
2777 1383 3072 1442 Trinitatis.
3121 1387 3371 1459 Compla-

1781 1473 1895 1529 cuit
1935 1475 2077 1529 inter
2118 1475 2538 1530 Ert'hanl'ridum
2566 1491 2748 1531 vener.
2777 1477 3088 1548 episcopum
3123 1489 3178 1536 et
3206 1478 3374 1550 Epar-

1781 1561 1982 1616 bohum
2021 1563 2195 1617 virum
2241 1563 2474 1618 nobilem
2512 1579 2610 1635 pro
2648 1567 2929 1620 amborum
2965 1567 3197 1622 utilitate
3223 1583 3369 1622 como

1781 1654 2132 1708 mutationem
2177 1653 2467 1723 quamdam
2528 1653 2665 1708 ﬁert.
2715 1653 2960 1709 Tradidit
3003 1655 3374 1713 Wicrammus

1781 1743 2072 1798 advocatus
2110 1737 2345 1813 episcOpi
2385 1757 2508 1797 cum
2544 1739 2790 1812 iussione
2837 1751 2892 1798 et
2919 1743 3134 1800 licentia
3167 1745 3373 1800 domini

1712 1837 1753 1897 Β
1784 1834 2077 1891 Hludovvici
2130 1837 2270 1906 regis
2323 1835 2582 1906 praedicto
2631 1834 2772 1891 laico
2820 1835 2965 1889 illam
3020 1838 3368 1894 traditionem

1785 1943 1945 1998 quam
1991 1927 2118 1984 fecit
2160 1927 2401 1999 Pernger
2439 1929 2670 1984 clericus
2711 1928 2778 1983 ad
2823 1927 2882 1982 S.
2912 1927 3372 1986 Emmerammum

1787 2027 2082 2089 martyrem
2131 2016 2336 2073 Christi
2397 2018 2450 2072 in
2505 2017 2626 2073 loco
2681 2019 2772 2087 qui
2827 2018 3025 2073 dicitur
3070 2019 3374 2090 Tahhinga.

1786 2103 1830 2161 E
1887 2115 2074 2161 contra
2125 2121 2256 2161 vero
2318 2107 2539 2162 tradidit
2596 2107 2854 2178 praefatus
2915 2107 3166 2177 Eparhoh
3217 2108 3378 2163 talem

1786 2197 2179 2261 litereditatem,
2217 2207 2275 2251 ut
2308 2197 2361 2252 in
2385 2197 2619 2269 Atingun
2653 2196 2862 2262 habuit,
2891 2211 2957 2251 ex
2987 2198 3220 2268 integro,
3247 2197 3380 2252 nihil

1787 2298 1946 2342 extra
1984 2287 2287 2351 dimittens,
2333 2288 2425 2342 sed
2471 2287 2654 2342 omnia
2697 2288 2814 2358 lege
2857 2289 3163 2344 ﬁrmissima
3197 2299 3381 2356 trans—
3415 2313 3426 2319 λ·

1788 2377 2036 2434 fundeus.
2105 2378 2194 2433 Isti
2242 2393 2372 2448 ergo
2427 2386 2594 2434 testes
2643 2387 2769 2432 sunt
2817 2393 2911 2448 per
2955 2394 3117 2433 aures
3168 2379 3375 2434 tracti:

1789 2468 2001 2536 Unolz,
2049 2469 2470 2538 Erchanperht,
2519 2469 2788 2538 Otperht,
2839 2469 3056 2534 Ratoll‘,
3110 2468 3378 2540 I‘lerigoz,

1787 2558 2057 2623 Wicram,
2097 2557 2228 2620 Alo,
2277 2556 2554 2622 Swidker,
2602 2557 2863 2627 Odalger,
2906 2557 3140 2623 Rodker,
3188 2558 3378 2623 Freso,

1791 2647 2008 2710 Wllilo,
2056 2647 2278 2714 Ratolt,
2327 2646 2568 2712 Vull'rih,
2629 2647 2848 2717 Rihho,
2900 2647 3157 2714 Richolf,
3209 2649 3379 2720 Sigo,

1794 2740 2070 2809 Deotpato.
2132 2739 2220 2805 Et,
2252 2748 2311 2793 ttt
2366 2739 2576 2795 lirtnius
2622 2740 2737 2795 haec
2779 2741 3129 2796 commutatio
3170 2757 3384 2812 perma-

1792 2838 1946 2884 neret
1998 2838 2053 2883 et
2104 2830 2307 2900 posteri
2369 2828 2569 2884 certius
2617 2829 2841 2898 scirent,
2868 2829 3189 2900 complacuit
3242 2830 3381 2886 duas

1791 2919 2010 2974 chartas
2051 2934 2158 2973 uno
2227 2930 2409 2974 tenore
2452 2917 2756 2983 conscribi,
2829 2929 3094 2988 quatenus
3158 2927 3383 2990 uterque

1793 3025 1956 3064 unum
2001 3010 2225 3065 haberet
2259 3017 2314 3066 et
2355 3009 2473 3064 sine
2519 3008 2624 3064 ulla
2659 3010 3085 3066 contradictione
3121 3019 3384 3082 perpetua

1798 3113 2061 3160 maneret.

1791 3217 1919 3272 CAP.
1974 3217 2185 3271 LXXV.
2231 3247 2303 3258 —-
2339 3216 2761 3286 σωτηρίαι-ὅττιιὲοί
2789 3216 2925 3270 inter
2978 3215 3383 3272 Ambrichonem

2199 3285 2499 3355 episcopum
2543 3297 2590 3340 et
2625 3285 2984 3356 Adalfridum.

1860 3374 2167 3445 Comperiat
2190 3375 2540 3446 plurimorum
2569 3375 2837 3446 sagacitas
2871 3376 3128 3442 fidelium,
3152 3376 3385 3446 qualiter

1791 3465 2008 3533 quidam
2033 3465 2175 3534 regis
2197 3480 2406 3528 vassus,
2434 3465 2517 3519 vir
2539 3481 2752 3534 quoque
2780 3465 3132 3529 venerabilis,
3166 3466 3384 3523 nomine

1791 3553 2125 3618 Adalfridus,
2167 3554 2389 3609 tradidit
2413 3555 2480 3610 ad
2511 3553 2570 3609 S.
2604 3554 3062 3609 Emmeratututtm
3110 3556 3385 3624 portiones

1793 3645 2127 3701 haereditatis
2168 3661 2299 3710 suae,
2331 3646 2527 3701 exinde
2576 3645 3008 3716 complacitando
3061 3646 3384 3702 beneﬁcium

1795 3734 2086 3806 quoddam.
2113 3735 2360 3790 Tradidit
2390 3736 2551 3804 igitur
2578 3735 2736 3806 paulo
2785 3737 3033 3805 superius
3058 3753 3388 3794 commemo-

1797 3835 1947 3881 ratus
1984 3825 2184 3881 nobilis
2227 3827 2294 3882 ad
2323 3825 2604 3897 pnefatum
2634 3835 2880 3883 sanctum
2935 3828 3030 3882 Dei
3087 3838 3385 3902 martyrem

1807 3919 2166 3989 proprietates
2195 3933 2321 3974 suas
2349 3919 2533 3988 quales
2562 3918 2750 3974 habuit
2775 3919 2840 3973 ad
2882 3918 3171 3983 Gitnuudin
3217 3929 3274 3976 et
3319 3921 3390 3991 ad

1795 4009 2074 4064 Adinhard
2117 4007 2252 4064 Cum
2278 4010 2422 4065 areis
2442 4023 2674 4080 namque
2700 4025 2764 4064 ac
2783 4009 3050 4074 domibus,
3075 4011 3386 4076 territoriis,

1803 4098 2036 4169 pascuis,
2062 4099 2242 4169 aquis,
2288 4113 2620 4168 aquarumve
2649 4099 2992 4163 decursibus,
3021 4108 3075 4152 et
3106 4101 3388 4169 mancipiis

1799 4203 1921 4251 vin,
1950 4189 2004 4242 id
2031 4199 2116 4243 est
2139 4187 2327 4252 Ditoll,
2359 4187 2626 4257 Hiltipirc,
2661 4187 2891 4253 Bihhilt,
2914 4198 2970 4242 et
2996 4188 3088 4242 lilii
3115 4189 3233 4256 ejus
3256 4189 3385 4253 duo,

1802 4279 2007 4343 Liutto,
2032 4278 2284 4343 Gerhoh,
2318 4277 2664 4332 Perehtman.
2701 4276 2894 4332 Omnia
2933 4278 3217 4348 integriter
3261 4277 3388 4333 illuc

1803 4366 2094 4422 transfudit
2117 4368 2169 4421 in
2199 4381 2417 4421 manum
2447 4366 2868 4421 reverentissimi
2893 4367 3139 4434 prmsulis
3167 4367 3388 4422 Ambri-

1803 4457 1993 4512 chonis
2013 4457 2368 4525 advocatique
2397 4455 2516 4522 ejus
2543 4454 2863 4510 Gundbcrti.
2888 4454 2961 4508 Ea
2993 4455 3246 4510 videlicet
3298 4470 3389 4510 ra—

1729 4529 1782 4590 Ῑ)
1809 4546 1954 4602 tione
1977 4587 1993 4609 ,
2029 4557 2296 4616 quatenus
2329 4544 2647 4599 beneficium
2699 4544 2764 4598 ad
2798 4542 3033 4615 Utilinga
3079 4544 3306 4600 lirtniter
3335 4545 3388 4600 in

1806 4638 2025 4708 pr0prio
2047 4639 2292 4692 obtineat
2319 4651 2490 4704 usque
2511 4636 2577 4688 ad
2609 4634 2768 4688 linem
2796 4650 2975 4689 suum.
3008 4635 3138 4690 Post
3183 4636 3389 4691 obitum

1807 4744 1935 4784 vero
1957 4743 2112 4782 suum
2145 4741 2212 4782 ex
2263 4726 2475 4796 integro
2505 4725 2776 4779 relaxetur
2811 4724 2863 4778 itt
2909 4724 3192 4794 pristinam
3235 4733 3391 4792 pote-

1807 4828 2022 4875 statem.
2047 4819 2161 4877 Hoc
2191 4825 2372 4872 autem
2398 4825 2578 4871 actum
2606 4823 2688 4871 est
2711 4830 2832 4869 cum
2857 4831 3122 4872 consensu
3150 4816 3392 4888 prtedicti

1806 4909 2101 4981 provisoris
2143 4915 2346 4964 sancta:
2378 4905 2472 4962 Dei
2519 4905 2770 4962 Ecclesize
2795 4945 2811 4969 ,
2845 4907 3222 4962 strenuissimo
3272 4918 3398 4975 rege

1815 4999 2184 5056 Karlomanno
2209 5000 2560 5069 permittente
2581 4997 2693 5071 jam
2715 5009 2852 5048 anno
2883 4998 3122 5053 secundo
3145 5005 3403 5067 regnante

1814 5094 1867 5147 in
1929 5093 2296 5150 Bawariorum
2361 5089 2593 5161 regione
2623 5134 2637 5159 ,
2700 5087 2753 5140 in
2820 5084 3408 5159 Longobardorumque

1813 5183 2008 5254 primo.
2041 5185 2106 5240 Et
2149 5184 2235 5239 isti
2276 5191 2430 5244 sunt,
2461 5184 2566 5248 qui
2599 5187 2704 5241 hoc
2722 5189 2814 5246 per
2843 5189 3013 5236 aures
3038 5181 3192 5236 tracti
3223 5175 3412 5231 testiﬁ-

1816 5284 2010 5329 cantur
2042 5294 2055 5330 :
2083 5272 2356 5344 Reginolt‘,
2403 5268 2643 5339 Albl‘ih,
2687 5261 2984 5336 Perehtolt,
3040 5271 3260 5330 Pillunc,
3312 5263 3416 5318 Ar-

1817 5366 2213 5436 perht,Unlaz,
2245 5362 2504 5423 Gammo,
2564 5353 2906 5426 Amalperht,
2953 5357 3262 5432 Liutperht,
3313 5352 3423 5406 Ma-

1817 5461 2017 5528 chelm,
2047 5457 2370 5523 Wolfmunt,
2400 5453 2620 5528 Freso,
2645 5451 2759 5522 Ogo
2781 5456 2830 5501 et
2852 5447 3076 5524 reltqui.

1820 5572 1947 5628 Car.
2005 5570 2235 5630 LXXVI.
2278 5600 2372 5640 —-_
2397 5563 2798 5640 Commutatio.
2829 5558 2970 5616 inter
3029 5553 3435 5628 Erchanfridum

2249 5649 2297 5693 et
2323 5638 2690 5710 Hartwigum
2721 5638 3014 5702 episcopos.
3235 5671 3240 5676 _

1890 5731 1912 5742 α
1979 5733 2014 5742 —
2061 5737 2073 5742 -
2236 5731 2248 5742 ι
2378 5727 2418 5742 n
