3930 5638
485 388 593 444 935

1374 408 1377 415 ·
1441 377 1747 435 ANAMODI
1789 373 2328 431 ll.\TlSl"0Nl-‘.NSIS
2365 370 2770 428 SUBDIACONI

3650 371 3743 428 εει

486 500 709 558 rabilem
739 498 913 552 virum
944 495 1359 551 Ercbanl‘ridum
1389 490 1924 564 Reganesburgcnsis
1961 489 2065 543 Ec-
2098 493 2139 549 Λ
2175 497 2330 556 perte
2355 489 2420 540 ad
2441 500 2596 541 suum
2618 484 2895 554 proprium
2919 482 3221 539 habendum
3248 483 3301 537 in
3328 497 3471 554 pago
3490 487 3744 543 nominato

484 591 671 644 «lesiae
700 588 1010 657 episcopum
1046 625 1061 649 ,
1109 599 1315 639 necnon
1363 591 1420 637 et
1474 583 1646 636 virum
1705 578 2067 634 venerabilem

487 680 852 749 llarduvigum
894 676 1239 730 Pataviunsis
1292 673 1548 729 Ecclesia:
1595 671 1909 742 episcopum
1944 709 1959 733 ,
2011 675 2072 722 ut

482 771 698 839 aliquas
754 781 840 821 res
895 782 995 837 pro
1048 764 1321 820 communi
1366 762 1597 817 utilitate
1652 770 1708 816 et
1750 758 2075 829 compendio

484 864 629 918 inter
662 876 720 917 se
748 866 1088 914 commutare
1113 856 1398 933 deberem,
1430 852 1571 924 quod
1619 852 1695 907 ita
1730 858 1787 906 et
1809 849 2071 905 fecerunt.

489 953 645 1008 Dedit
680 951 841 1022 igitur
881 954 1214 1004 memoratus
1255 945 1541 1015 episcopus
1577 939 1965 997 Erchanl'ridus
2009 937 2076 993 de

486 1047 652 1101 rebus
679 1041 1030 1113 proprietatis
1059 1053 1188 1103 suae,
1215 1047 1270 1095 et
1295 1038 1591 1093 advocatus
1619 1035 1789 1106 ipsius
1812 1031 2075 1089 Nordberi

489 1134 596 1202 iam
642 1133 788 1187 dicto
822 1129 1036 1200 prrcsuli
1084 1128 1151 1183 ad
1192 1136 1401 1198 partem
1433 1123 1747 1180 monasterii
1778 1121 1861 1179 sui
1889 1119 2075 1177 Sancti

491 1224 701 1292 Quirini
733 1223 1128 1291 inperpetuum
1154 1216 1452 1273 tenendum
1481 1234 1495 1269 :
1530 1215 1584 1270 in
1608 1214 1728 1269 loco
1754 1212 1845 1283 qui
1876 1211 2078 1267 dicittr

492 1294 1173 1381 Hunolzenghova'hobam
1199 1319 1308 1372 t,et
1335 1322 1537 1371 casam,
1553 1305 1693 1361 etde
1717 1312 1858 1358 terra
1885 1299 2075 1356 arahili

493 1405 680 1476 jugera
713 1417 902 1465 χχιιι.
934 1400 1000 1456 de
1038 1398 1229 1470 pratis,
1277 1397 1365 1452 ubi
1389 1403 1626 1467 possunt
1671 1394 1849 1466 colligi
1897 1391 2079 1447 fenum

497 1492 713 1547 earrad.
746 1505 873 1547 xxx.
909 1497 964 1543 et
1001 1488 1068 1543 de
1090 1485 1368 1541 fmctuosa
1398 1484 1533 1541 silva
1574 1484 1766 1555 jugera
1798 1496 1981 1537 xxuu.
2013 1478 2081 1534 Et

494 1572 530 1640 e
569 1592 755 1638 contra
799 1582 852 1636 in
883 1578 1329 1650 compensatione
1370 1574 1685 1629 earumdem
1725 1586 1909 1627 rerum
1932 1568 2081 1625 dedit

499 1660 761 1751 praefatus
805 1678 1090 1750 episcopus
1135 1672 1467 1745 IIardwigus
1521 1678 1578 1724 et
1624 1667 1743 1739 ejus
1795 1666 2084 1722 advocatus

500 1768 836 1824 Liutltardus
916 1764 1232 1837 praescripto
1303 1757 1660 1817 Erchanl‘rido
1714 1756 1966 1826 episcopo
2017 1753 2084 1807 de

506 1957 562 2003 et
594 1945 938 2003 conhibentia
987 1943 1377 1999 monachorum
1423 1940 1481 1995 in
1523 1937 1713 1993 eodem
1762 1931 2092 1990 monasterio

507 2035 841 2109 degentium,
864 2022 1028 2090 etiam
1054 2041 1110 2089 et
1121 2046 1224 2104 per
1247 2029 1519 2086 licentiam
1543 2027 1746 2084 domini
1785 2020 2091 2080 Hludowici

511 2124 886 2198 gloriosisslmi
915 2125 1061 2197 regis
1101 2124 1169 2178 ad
1219 2136 1375 2179 suum
1401 2119 1688 2191 =praprium
1721 2115 2010 2173 tenendum
2036 2112 2090 2167 in

506 2218 656 2280 loco,
696 2214 958 2271 vocabulo
1006 2210 1444 2281 Bodolunghova,
1486 2222 1672 2263 casam
1710 2220 1897 2269 unam,
1923 2210 1978 2258 et
2027 2202 2095 2257 de

517 2322 660 2364 terra
684 2307 853 2363 hobas
872 2322 936 2372 tt,
960 2306 1027 2360 de
1056 2303 1229 2374 pratis
1264 2301 1355 2357 ubi
1387 2307 1612 2371 possunt
1651 2295 1828 2368 colligi
1858 2294 1927 2350 de
1971 2293 2095 2348 feno

513 2397 755 2453 carrada:
783 2412 876 2461 xx,
905 2394 989 2449 vel
1015 2391 1279 2465 quidquid
1308 2390 1380 2446 ibi
1411 2391 1463 2445 iu
1515 2388 1634 2444 loco
1683 2384 1980 2442 Heitfolcus
2026 2398 2094 2439 ex

515 2485 616 2559 suo
638 2484 863 2556 proprio“
902 2483 969 2538 ad
1008 2481 1394 2538 monasterium
1427 2480 1488 2535 S.
1518 2477 1730 2547 Quirini
1777 2474 2093 2531 tradiderat.

512 2577 671 2636 Unde
697 2587 752 2631 et
771 2576 906 2631 duas
932 2573 1385 2631 commutationes
1408 2571 1522 2644 pari
1548 2579 1734 2626 tenore
1760 2566 2097 2637 conscriptas

516 2671 739 2723 intersc
764 2666 882 2721 ﬁeri
910 2675 965 2721 ct
992 2663 1261 2720 allirmare
1303 2669 1670 2735 rogaverunt;
1706 2669 1765 2715 ut
1805 2658 2096 2728 unusquis—

512 2756 628 2829 'que
649 2754 751 2813 hoc
779 2758 921 2828 quod
954 2773 983 2810 a
1012 2758 1141 2828 pare
1169 2771 1269 2811 suo
1294 2753 1502 2825 accepit
1523 2761 1704 2807 teneat
1742 2758 1905 2820 atque
1930 2748 2100 2820 possi-

516 2836 665 2919 deat,
719 2860 776 2908 c’t
824 2849 994 2906 laciat
1049 2846 1245 2903 exinde
1285 2844 1545 2916 quidquid
1603 2842 1706 2898 sibi
1753 2839 1999 2904 libuerit;
2044 2845 2099 2892 et

515 2934 706 3000 taliter
739 2944 879 2997 inter
895 2937 1097 2996 eosltic
1132 2937 1371 2992 inserere
1398 2934 1700 3006 placuerit;
1754 2930 1894 2986 utsi
1940 2928 2103 2985 fuerit

522 3044 647 3105 post
669 3035 810 3089 hunc
830 3032 969 3087 diem
994 3029 1141 3084 ullus
1162 3044 1229 3083 ex
1250 3027 1405 3098 ipsis,
1429 3034 1528 3089 aut
1565 3025 1666 3080 alia
1707 3022 1961 3094 quaelibet
2009 3036 2101 3091 op-

528 3125 723 3196 posita,
747 3132 839 3177 aut
860 3106 1080 3184 emissa,
1108 3118 1194 3173 vel
1215 3119 1505 3187 subrogata
1540 3129 1777 3186 persona
1825 3129 1947 3183 qua:
1973 3126 2103 3167 con-

2180 578 2382 645 Feltlun
2415 577 2467 630 in
2504 576 2623 631 loco
2649 576 2741 645 qui
2780 574 2982 630 dicitur
3017 572 3217 628 Jazaha
3265 574 3554 628 ecclesiam
3598 592 3741 630 tinam

2178 689 2299 730 cum
2329 687 2502 728 mans.
2534 687 2618 733 ut,
2649 671 2699 725 id
2748 679 2854 735 est,
2888 670 2956 725 de
2990 677 3132 725 terra
3168 667 3287 739 jug.
3308 683 3364 732 ιι,
3409 669 3478 724 de
3503 671 3667 738 pratis
3688 674 3745 726 ait

2177 779 2365 821 carras
2402 778 2491 818 xv.
2520 763 2587 818 Et
2617 778 2648 817 θ
2675 769 2864 818 contra
2899 761 2952 815 in
2980 759 3423 829 compensatione
3446 759 3639 815 barum
3671 778 3745 816 re-

2178 871 2295 911 rum
2325 854 2475 910 dedit
2494 851 2749 924 prchatus
2777 852 3185 921 Erchanpertus
3210 863 3276 904 ex
3300 863 3405 904 suo
3436 853 3653 921 proprio
3672 869 3750 908 επ-

2177 947 2424 1019 pradicto
2474 942 2771 1000 venerabili
2820 942 3074 1012 episcopo
3126 938 3385 995 Batnrieo
3432 942 3503 996 ad
3552 951 3748 1012 partem

2177 1037 2517 1107 episcopatus
2537 1034 2619 1090 sui
2662 1035 2714 1088 in
2761 1048 2896 1103 pago
2932 1032 3026 1102 qui
3072 1029 3269 1086 dicitur
3315 1028 3675 1102 Touabgewi,
3706 1034 3753 1087 in

2178 1127 2300 1184 loco
2352 1126 2630 1180 nominato
2675 1122 2996 1194 Hahalinga.
3049 1135 3265 1176 mansos
3297 1135 3362 1175 ιιι
3397 1161 3412 1184 ,
3452 1122 3507 1177 id
3548 1132 3648 1187 est,
3696 1125 3755 1179 de

2180 1226 2323 1273 terra
2346 1217 2457 1288 jug.
2485 1232 2537 1281 c,
2560 1215 2628 1270 de
2652 1215 2820 1286 pratis
2845 1213 2912 1269 ad
2943 1227 3126 1268 earras
3150 1227 3206 1275 ι..
3233 1210 3306 1266 de
3324 1212 3472 1267 silva
3496 1211 3751 1286 jug.cn.

2180 1305 2335 1363 Unde
2358 1315 2414 1362 et
2440 1307 2573 1365 duas
2596 1305 3048 1361 commutationes
3067 1308 3184 1378 pari
3219 1312 3414 1362 tenore
3428 1304 3759 1374 conscriptas

2180 1399 2324 1455 inter
2370 1412 2429 1454 se
2460 1398 2575 1454 ﬁeri
2619 1407 2674 1453 et
2724 1396 2994 1454 aﬂirmare
3031 1407 3398 1471 rogaverunt;
3444 1412 3607 1452 unam
3634 1412 3761 1467 pra-

2180 1487 2357 1543 dictus
2378 1486 2662 1557 episcopus
2685 1487 2751 1541 ad
2797 1495 3006 1557 partem
3049 1487 3295 1544 ecclesia
3344 1500 3463 1542 sua!
3508 1500 3668 1555 penes
3709 1499 3761 1539 se

2182 1580 2377 1636 habeat
2401 1596 2417 1645 ;
2445 1587 2500 1635 et
2522 1578 2768 1645 alteram,
2799 1594 2963 1649 quam
2993 1580 3108 1650 ipse
3135 1580 3569 1649 Erchampcrtus
3593 1591 3685 1647 pro
3708 1591 3763 1629 se

2182 1672 2444 1737 retineat;
2486 1680 2546 1726 ut
2585 1670 2637 1725 in
2672 1669 2914 1726 futurum
2942 1711 2959 1736 ,
3006 1671 3269 1743 quidquid
3312 1669 3453 1740 pars
3498 1670 3570 1723 ab
3608 1666 3762 1721 altera

2185 1761 2392 1832 accepit
2417 1768 2591 1831 parte,
2620 1762 2837 1827 habeat,
2861 1769 3067 1827 teneat,
3098 1765 3261 1831 atque
3281 1758 3589 1831 possideat,
3617 1769 3670 1812 et
3693 1756 3763 1809 l'a-

505 1846 669 1912 rebns
683 1836 1102 1911 monastériisui
1128 1836 1540 1918 SanctiQuirini
1562 1864 1666 1901 una
1689 1860 1810 1903 cum
1832 1857 2096 1900 consensu
2128 1843 2174 1903 Β
2198 1851 2312 1907 cia;
2337 1852 2534 1907 exinde
2559 1851 2816 1921 quidquid
2842 1851 3059 1906 ιιιῖιίιειί
3085 1865 3201 1905 sua
3215 1847 3589 1921 perspexerit.
3614 1856 3666 1900 ει
3694 1856 3764 1899 ιε..

2191 1940 2318 1998 liter
2335 1942 2416 1998 eis
2442 1943 2531 1998 hic
2556 1943 2795 1999 inserere
2822 1942 3056 2014 placuit;
3087 1950 3169 2008 ut,
3195 1942 3240 1997 si
3266 1939 3435 1994 fuerit
3482 1946 3605 2009 post
3642 1937 3765 1991 hunc

2193 2032 2339 2089 diem
2364 2033 2505 2089 ullus
2526 2048 2588 2089 ex
2614 2033 2767 2104 ipsiis,
2798 2042 2894 2088 aut
2936 2033 3039 2087 alia
3087 2032 3348 2102 quaelibet
3391 2029 3661 2100 opposita,
3684 2035 3767 2079 aut

2192 2126 2390 2185 omissa
2423 2139 2656 2196 persona
2696 2140 2816 2194 qua:
2866 2133 3057 2179 contra
3108 2123 3254 2178 hanc
3295 2118 3763 2178 commutationem

2199 2220 2268 2275 de
2296 2233 2403 2290 qua
2432 2218 2551 2273 dum
2575 2216 2799 2272 cartulzc
2831 2231 2942 2270 uno
2973 2225 3156 2271 tenore
3191 2212 3519 2282 conscriptae
3549 2223 3667 2263 esse
3697 2207 3765 2259 vi-

2196 2312 2414 2376 dentur,
2463 2308 2647 2365 venire
2691 2307 3006 2371 tentaverit,
3044 2314 3139 2361 aut
3165 2320 3287 2360 eam
3335 2304 3452 2358 ullo
3499 2302 3657 2356 titodo
3698 2301 3767 2353 ίιιο

2197 2403 2435 2472 fringere
2484 2407 2713 2456 conatus
2745 2396 2932 2463 fuerit,
2972 2396 3169 2452 inferat
3206 2394 3347 2466 parti
3393 2403 3585 2449 contra
3623 2404 3767 2459 quan

2196 2492 2344 2548 lite.n
2373 2491 2617 2546 intulerit
2644 2489 2998 2562 distringente
3019 2488 3149 2545 ﬁsco
3176 2485 3297 2540 auri
3326 2485 3503 2539 libras
3527 2498 3591 2545 ιι,
3619 2479 3765 2533 multa

2198 2592 2508 2654 componat,
2539 2590 2593 2637 ct
2620 2595 2718 2636 sua
2744 2580 2992 2650 repetitio
3013 2578 3215 2634 nullum
3235 2576 3484 2630 obtineat
3503 2571 3766 2630 enectum;

2198 2673 2293 2730 sed
2332 2685 2569 2743 przcscns
2636 2668 2989 2725 commutatio
3015 2666 3159 2722 onmi
3194 2675 3439 2735 tempore
3471 2661 3625 2715 ﬁrma
3662 2672 3769 2728 per-

2199 2771 2415 2819 maneat
2451 2776 2579 2815 cum
2607 2759 2948 2831 stipulatione
2992 2757 3240 2813 subnixa.
3274 2755 3487 2809 ,Actum
3544 2750 3769 2821 neganc-

2201 2855 2365 2927 sburg
2390 2852 2608 2906 civitate
2636 2851 2736 2906 sub
2761 2849 2848 2905 die
2887 2849 2921 2904 4
2965 2848 3101 2903 Non.
3129 2848 3283 2918 Sept.
3325 2846 3424 2900 Isti
3462 2851 3595 2898 sunt
3623 2849 3772 2895 testes

2200 2958 2301 3014 per
2326 2958 2486 2997 anns
2516 2942 2674 2996 tracti
2702 2941 2795 3010 qui
2828 2942 2931 2994 hoc
2960 2939 3212 2994 vidertmt
3237 2945 3295 2990 et
3329 2934 3638 2988 audierunt.
3676 2928 3774 2982 Bo-

2203 3035 2369 3100 dltoh,
2406 3033 2643 3096 Cozzilo,
2690 3031 2905 3095 Maelio,
2953 3029 3198 3093 Cumloll‘,
3252 3028 3488 3092 Altram,
3529 3024 3772 3095 Sigilnﬂ.

2209 3123 2460 3188 Kisalolt,
2490 3124 2846 3186 Erchanmar,
2879 3123 3071 3187 Immo,
3121 3120 3428 3180 Willibato.
3457 3115 3775 3186 (Znndpelbt.

533 3225 611 3267 tra
658 3213 798 3268 hanc
826 3209 1306 3264 commutationem
1340 3208 1406 3263 de
1433 3222 1539 3277 qua
1573 3207 1691 3260 dna:
1712 3203 1972 3260 chartulte
2003 3216 2095 3258 unt

2214 3214 2446 3277 Heririb,
2478 3211 2671 3276 Petilo,
2708 3211 2829 3275 Oto,
2860 3211 3136 3281 Isanpero,
3166 3209 3355 3273 Immo,
3384 3207 3657 3270 Wicbald,
3680 3204 3778 3257 Ro-

528 3311 718 3356 tcnore
761 3297 1065 3367 conscripta
1107 3312 1227 3353 esse
1278 3297 1529 3351 videntur
1581 3296 1764 3350 venire
1804 3294 2110 3360 tentavcrit,

522 3401 626 3467 aut
656 3407 777 3446 eam
806 3404 902 3460 per
925 3387 1203 3460 quodlibet
1242 3386 1516 3458 ingenium
1549 3387 1848 3456 irrumpere
1887 3391 2113 3440 conatus

527 3480 713 3544 luerit,
742 3478 939 3535 inferat
966 3476 1107 3547 parti
1135 3484 1322 3533 contra
1351 3490 1511 3546 quem
1560 3474 1708 3530 litem
1738 3474 2000 3539 intulerit,
2027 3472 2112 3527 di-

527 3572 832 3642 stringente
865 3570 996 3625 llsco
1026 3567 1144 3623 auri
1187 3568 1309 3624 libr.
1356 3583 1417 3633 ιι,
1448 3567 1652 3639 argenti
1698 3565 1936 3637 pondera
1960 3579 1993 3619 η
2022 3578 2114 3619 co-

534 3672 688 3715 aetus
717 3658 980 3723 exsolvat,
1007 3664 1062 3712 et
1086 3672 1180 3711 sua
1212 3656 1458 3728 repetitio
1493 3656 1696 3711 nullum
1720 3656 1959 3711 obtineat
1983 3652 2113 3709 ell'e-

540 3760 720 3815 ctum;
757 3749 848 3803 sed
882 3763 1122 3819 prtesens
1142 3747 1493 3802 commutatio
1512 3748 1659 3803 onmi
1693 3756 1932 3816 tempore
1961 3744 2113 3799 ﬁrma

540 3848 597 3893 et
648 3838 859 3893 stabilis
916 3847 1233 3908 permaneat
1286 3838 1813 3907 cunt-stipulatimte
1866 3835 2112 3892 subnixa.

534 3930 735 4006 ‘Aetum
768 3926 1151 3997 llegancsburg
1175 3925 1416 3979 civitate.
1461 3924 1685 3996 Signum
1728 3924 1999 3995 llardwigi
2028 3937 2114 3993 ep.

542 4018 805 4088 qui'ltane
834 4015 1310 4069 cmmnutationem
1345 4016 1462 4070 lteri
1498 4024 1554 4069 et
1586 4017 1855 4071 atlirmare
1884 4015 2114 4087 rogavit.

2213 3307 2347 3372 dolt,
2377 3305 2637 3370 Helmrilt,
2666 3303 2863 3371 Sabso,
2884 3301 3196 3368 Warmunt,
3225 3300 3453 3366 Albker,
3478 3298 3777 3369 Adalperbl.

2213 3396 2553 3469 Eparswind.

2285 3506 2414 3564 CAP.
2445 3504 2724 3561 LXXVIII.
2755 3536 2821 3546 —
2846 3504 3197 3560 Commutatio
3214 3502 3355 3557 inter
3394 3498 3723 3570 Apollonius

2442 3578 2704 3643 abbatem,
2737 3586 2784 3631 et
2815 3573 3228 3643 Erchaufridunt
3252 3573 3565 3625 diaconum.

2286 3668 2345 3723 In
2366 3667 2464 3723 Dei
2495 3668 2730 3723 nomine.
2761 3666 2971 3721 Placuit
3000 3675 3163 3734 atque
3194 3662 3452 3718 convenit
3481 3661 3626 3716 inter
3643 3672 3785 3714 veoe-
3882 3720 3883 3729 γ

2218 3757 2441 3813 rabilem
2466 3757 2640 3811 virum
2669 3756 3043 3826 Abpo‘llonium
3071 3755 3346 3817 abbatem,
3374 3767 3589 3806 necnon
3616 3762 3671 3806 et
3700 3749 3786 3804 Er-

2217 3847 2556 3903 cltanfridtttn
2589 3846 2989 3917 tli:tCOl|tlltt,lll
3034 3842 3243 3913 aliquas
3269 3857 3359 3896 res
3389 3855 3493 3911 pro
3532 3839 3784 3895 commota

2219 3938 2452 3993 utilitate
2484 3945 2540 3991 ct
2561 3935 2883 4005 compendio
2905 3934 3045 3988 inter
3068 3948 3127 3988 se
3153 3939 3498 3987 commutare
3527 3929 3788 3987 deberent.

2219 4033 2363 4104 quod
2389 4040 2443 4086 ct
2471 4031 2543 4085 ita
2571 4030 2832 4085 fecerunt.
2866 4028 3031 4082 Dedit
3057 4026 3220 4097 igitur
3248 4023 3609 4094 Abpollonius
3648 4021 3795 4076 abbas

544 4107 726 4162 Et
772 4115 898 4159 Slllll
924 4112 1092 4160 ιθειεε
1138 4120 1235 4176 per
1264 4120 1425 4160 aures
1450 4107 1604 4161 ll‘llCll
1646 4107 1737 4177 (ιΙΙῘ
1786 4108 2036 4182 viderunt
2063 4117 2119 4162 et
2221 4136 2287 4178 ex
2317 4120 2527 4175 ratione
2559 4116 2872 4173 monasterii
2914 4116 2996 4170 sui
3044 4114 3214 4184 Perga
3243 4128 3351 4166 una
3551 4125 3793 4166 mum
3882 4148 3883 4151 η

534 4198 1064 4267 audieruntquando
1098 4196 1203 4250 ista
1223 4197 1575 4251 commutatio
1602 4197 1702 4251 l'uit
1724 4212 1907 4252 coram
1936 4196 2118 4252 domui

2221 4217 2276 4265 et
2321 4207 2666 4265 conbibentia
2702 4205 3089 4260 monachorum
3135 4204 3188 4258 in
3257 4201 3795 4258 eodemmonasteﬁo

548 4286 844 4342 llludowici
876 4285 1252 4356 gloriosissimi
1286 4286 1447 4357 regis.
1490 4286 1606 4342 Iloe
1625 4296 1747 4343 est:
1791 4285 2004 4357 Eginoll‘
2030 4301 2122 4342 ve-
2222 4304 2555 4376 dcgemium’
2596 4302 2759 4358 etiam
2782 4309 2837 4355 α
2860 4316 2962 4370 ρει.
2987 4299 3263 4354 “centiam
3293 4298 3482 4352 domn;
3517 4296 3795 4352 ωυάοπεά

545 4390 725 4444 natur,
757 4378 1121 4450 Eugilscaldlt,
1147 4377 1373 4443 Uzzaut,
1393 4378 1685 4442 Berultart,
1718 4378 1967 4448 Patager,
2012 4377 2121 4432 En-

546 4472 742 4542 gildeo,
774 4470 1011 4536 llumolt,
1034 4468 1214 4534 Batto,
1242 4468 1798 4540 Otlalrih,Engilbold,
1820 4467 2118 4538 lsanperht,

2224 4402 2367 4473 regis
2396 4407 2694 4456 memorato
2746 4395 3099 4451 Erchanl‘rido
3127 4394 3360 4449 diacono
3391 4393 3463 4448 ad
3500 4406 3661 4447 suum
3689 4406 3796 4460 pro-
3882 4414 3883 4473 ξ

2223 4491 2399 4562 prium
2422 4487 2728 4559 habendum
2758 4486 2811 4541 in
2858 4501 2993 4556 pago
3037 4485 3131 4555 qui
3173 4483 3378 4539 dicitur
3399 4482 3727 4554 Tonabgcvri
3753 4481 3794 4533 in

539 4550 851 4644 :Gamauoll,
893 4561 1140 4631 Waniug,
1180 4559 1384 4624 Ecclto,
1430 4561 1632 4626 David,
1676 4559 1923 4626 Rihmar,
1974 4561 2122 4616 Wic-
2153 4550 2201 4610 D
2370 4556 2631 4636 vocabulo
2673 4550 3072 4647 Gingin'ch'ova;
3102 4573 3157 4628 id
3200 4583 3305 4636 es“
3354 4581 3503 4627 tem
3549 4550 3711 4635 diu.
3752 4577 3795 4622 α
3882 4552 3883 4579 λ

542 4638 692 4708 bold.

601 4771 729 4827 Car.
768 4770 1026 4827 LXXVII.
1052 4768 1493 4824 -ϐοηιηιιιιαιὶο
1552 4769 1688 4823 inter
1750 4766 2067 4822 Baturicum

924 4842 1221 4916 episcopum
1247 4850 1294 4893 et
1320 4839 1758 4909 Erchanpertum.

2226 4671 2447 4738 inculta,
2470 4668 2702 4741 campis,
2729 4664 2920 4737 pratis,
2950 4664 3122 4729 silvis,
3146 4665 3390 4734 pascuis,
3433 4663 3614 4732 aquis,
3651 4677 3794 4731 aqua

2229 4775 2413 4815 rumve
2454 4757 2803 4818 decursibus,
2851 4754 3185 4834 adjacentiis,
3226 4754 3455 4824 perviis,
3484 4754 3717 4808 exitibus
3752 4760 3795 4803 et

2226 4849 2569 4922 regressibus,
2589 4848 2873 4918 quasitttm
2902 4854 2959 4902 et
2997 4844 3477 4915 adinquirendum,
3525 4843 3608 4899 vel
3639 4857 3793 4912 quan-

617 4931 674 4987 lu
706 4931 801 4986 Dei
825 4932 1058 4986 nomine.
1092 4928 1493 5009 Placuitlatque
1511 4926 1767 4983 convenit
1792 4926 1935 4983 inter
1962 4940 2095 4982 vene

2228 4949 2555 5009 tumcunque
2580 4928 3003 5007 prmnominatus
3045 4931 3402 5005 Abpollonios
3438 4933 3610 4988 abbas
3638 4932 3707 4986 ibi
3747 4930 3789 4981 ia

544 4994 772 5078 rabilem
796 5023 971 5077 virum
996 4994 1857 5091 Baturicurtt/Reganesburgensis
1870 5017 2122 5074 Ecclesia:

547 5131 617 5154 ρει
689 5129 815 5148 ιιιιιγῌ
837 5130 843 5131 ί
864 5128 888 5132 ίθ

2226 5032 2431 5088 locoex
2460 5045 2559 5085 suo
2599 5027 2863 5085 beneﬁcio
2904 5028 3107 5082 habere
3134 5025 3445 5081 videbatur.
3482 5023 3550 5078 Et
3572 5030 3790 5079 econtra

2231 5121 2279 5144 τ-
2324 5117 2765 5172 onmnensatione
2807 5117 3001 5171 barum
3050 5128 3233 5169 rermn
3269 5113 3422 5169 dedit
3472 5110 3794 5182 proscriptus

2886 5219 2893 5221 λ
2938 5204 2996 5238 in
3036 5205 3200 5258 rebus
3242 5203 3593 5274 proprietatis
3618 5200 3789 5256 satis

3408 5290 3445 5301 "
3513 5285 3789 5350 'Wh
