3930 5668
90 355 187 412 sm
974 341 1434 403 rnaomouss
1473 316 2112 398 EMitERAMitENSES.
2154 369 2221 378 —
2257 337 2386 394 LIB.
2426 335 2468 391 ι.
3255 330 3361 388 oss

95 465 218 536 quid
251 463 380 519 inihi
407 476 473 516 ex
503 475 599 517 suo
629 458 846 530 pr0prio
874 457 1118 527 legalitcr
1142 455 1342 512 habere
1365 453 1666 509 videbatur.
1700 453 1746 514 Α
1776 449 1996 520 Strupo,
2027 449 2247 516 Sanuel,
2275 448 2610 518 Amalperht,
2638 445 2977 518 Fridaperht,
3008 446 3184 518 Appo,
3208 445 3353 501 Lan-

97 561 248 618 Unde
265 569 319 614 et
347 558 484 612 duas
505 554 954 611 commutationes
981 553 1097 623 pari
1127 562 1314 606 tenore
1337 548 1674 616 conscriptas
1779 541 1905 606 trib,
1936 540 2218 607 Gomarib,
2247 541 2560 611 Adalperht,
2591 539 2895 605 llodmunt,
2932 536 3202 607 Odolung,
3231 538 3360 594 Ter.

97 656 150 708 in
181 649 539 716 manibusque
593 648 858 712 bonorum,
903 645 1182 699 hominum
1221 639 1678 696 rnhoratasinter
1779 631 1946 702 piton,
1977 631 2288 704 Cotaperht,
2315 632 2439 697 Ato,
2467 631 3099 702 Fastmot,.Amalperht,
3129 630 3366 686 Erchan-

98 759 154 799 se
181 743 296 798 fieri
325 751 382 797 et
414 741 685 796 afﬁrmare
711 746 1076 810 rogaverunt;
1105 746 1166 792 ut
1211 734 1581 805 unusquisque
1627 731 1679 784 in
1782 722 1906 789 frid.
1936 721 2138 791 WallO.
2173 723 2452 806 Aldhelm.
2492 722 2761 788 Wallunco
2804 722 3074 790 Αάίὶηιυην
3108 722 3228 787 Αιον
3265 722 3363 780 Pe-

101 835 338 890 [υιιιηιηι
372 835 478 888 hoc
506 832 647 903 quod
675 846 704 886 ε
726 845 862 902 pare
903 843 1002 884 suo
1029 827 1257 899 accepit,
1290 833 1491 889 teneat,
1520 834 1683 893 atque
1784 814 1897 878 tilo,
1933 813 2177 879 Ribholt,
2224 813 2491 881 Hiltimot,
2539 813 2838 886 Engilmar,
2873 813 3198 883 Hardperht,
3228 812 3366 867 Irm-

99 926 375 997 possideat
400 935 455 982 et
493 925 654 981 faciat
680 923 893 987 exinde,
927 921 1185 991 quidquid
1214 918 1316 974 sibi
1343 916 1578 980 libuerit,
1629 929 1651 968 ε

1817 908 1962 972 erht,
1983 905 2170 973 Part0,
2190 905 2511 978 Perehtgoz,
2534 903 2798 976 Ellinpald
2820 905 3020 977 Trogo,
3044 905 3287 977 Reginha
3298 913 3369 959 rt.

103 1019 286 1073 taliter
314 1018 457 1072 inter
485 1031 579 1072 eos
602 1015 690 1072 hic
725 1015 965 1070 inserere
986 1010 1207 1083 placuit,
1229 1018 1290 1064 ut
1312 1008 1360 1064 si
1384 1005 1545 1062 fuerit
1565 1013 1688 1075 post
1786 999 1917 1070 Pigo
1940 1040 1955 1065 ,
2008 999 2241 1070 Harpold
2273 1039 2289 1066 ,
2334 999 2539 1056 Patirib
2564 1041 2580 1065 ,
2637 999 2912 1056 Bodmunt
2939 1039 2954 1064 ,
3007 997 3374 1068 Erchanpoldt

105 1111 249 1164 hunc
279 1109 425 1164 diem
454 1106 857 1175 ullusex-ipsis,
888 1113 983 1159 aut
1008 1102 1112 1157 alia
1139 1100 1392 1172 quaelibet
1412 1097 1684 1168 opposita,
1787 1091 1980 1149 Actum
2025 1101 2109 1148 est
2164 1092 2268 1148 hoc
2314 1107 2457 1148 anno
2501 1091 2896 1148 lncarnationis
2943 1090 3153 1146 Domini
3199 1091 3372 1144 nostri

109 1209 200 1256 aut
228 1199 428 1256 emissa
463 1212 558 1254 seu
597 1198 889 1268 subrogata
929 1207 1160 1266 persona
1189 1205 1309 1262 quae
1329 1199 1519 1246 contra
1547 1187 1688 1242 hanc
1791 1180 1914 1238 Jesu
1938 1181 2140 1238 Christi
2167 1181 2292 1248 866,
2322 1181 2374 1237 in
2403 1181 2520 1238 loco
2536 1181 2627 1253 qui
2651 1190 2993 1253 nuncupatur
3020 1179 3372 1236 Letinchoua.

109 1291 589 1346 commutationem
649 1289 716 1344 de
753 1302 862 1358 qua
906 1287 1024 1342 dua:
1083 1283 1306 1341 cartulae
1351 1297 1461 1337 uno
1504 1288 1661 1334 tenor

1861 1293 1992 1349 CAP.
2040 1291 2254 1348 LXXX.
2300 1324 2370 1334 —
2419 1293 2769 1348 Commutatio
2812 1293 2949 1347 inter
2995 1290 3303 1346 Baturicum

110 1383 435 1453 conscripta:
483 1395 604 1437 esse
665 1380 934 1444 videntur,
987 1377 1172 1434 venire
1219 1373 1542 1438 tentaverit,
1601 1378 1695 1426 aut
1851 1383 1873 1408 ο
2210 1365 2580 1435 episcopumet
2609 1363 2957 1418 Ucciaudum.

107 1487 232 1527 eam
263 1486 360 1542 per
388 1469 664 1541 quodlibet
687 1467 958 1538 ingenium
989 1467 1290 1535 irrumpere
1329 1471 1554 1518 conatus
1578 1459 1695 1515 fue-
1866 1458 1922 1512 ln
1955 1457 2045 1512 Dei
2077 1457 2312 1513 nomine.
2353 1456 2561 1512 Placuit
2594 1463 2756 1526 atque
2777 1454 3030 1512 convenit
3055 1455 3194 1509 inter
3218 1467 3375 1510 vene-

111 1563 206 1626 rit,
269 1561 469 1616 inferat
502 1559 640 1630 parti
687 1567 875 1613 contra
919 1571 1078 1628 quem
1130 1555 1277 1610 litem
1311 1551 1572 1616 intulerit,
1616 1549 1696 1604 di-
1798 1551 1914 1605 rab.
1965 1550 2142 1604 virum
2182 1548 2495 1604 Baturicum
2555 1545 3085 1620 Reganesburgensis
3120 1544 3375 1601 Ecclesia:

111 1651 414 1721 stringente
445 1649 594 1713 fisco,
631 1647 747 1706 auri
775 1645 872 1700 lib.
899 1661 962 1710 ιι,
991 1644 1197 1714 argenti
1227 1642 1464 1712 pondera
1503 1655 1558 1704 v,
1600 1653 1694 1694 co-
1799 1658 1884 1714 ep.
1914 1650 1969 1696 et
1992 1641 2256 1698 illustrem
2291 1641 2469 1696 virum
2497 1639 2829 1696 Ucciandum
2855 1650 2915 1698 ut
2935 1639 3146 1709 aliquas
3171 1652 3262 1695 res
3281 1651 3379 1707 pro
3444 1706 3448 1710 ι
3501 1709 3509 1716 ν

114 1750 273 1798 actus
299 1739 563 1804 exsolvat,
597 1744 652 1793 et
676 1751 772 1792 sua
818 1734 1070 1805 repetitio
1099 1733 1305 1787 nullum
1333 1729 1577 1787 obtineat
1617 1725 1694 1782 ef-
1800 1735 2073 1791 communi
2104 1734 2333 1790 utilitate
2357 1744 2412 1789 ει
2441 1733 2762 1804 compendio
2797 1733 2940 1788 inter
2964 1747 3022 1788 se.
3047 1740 3387 1788 commutare

115 1832 347 1898 fectum;
374 1831 467 1886 sed
492 1843 729 1901 prmsens
747 1826 1099 1884 commutatio
1112 1824 1258 1880 omni
1281 1831 1520 1894 tempore
1546 1821 1700 1875 firma
1725 1807 1780 1870 Β
1806 1825 2081 1891 deberem,
2111 1825 2257 1895 quod
2281 1825 2358 1880 ita
2395 1832 2452 1880 et
2488 1822 2751 1880 fecerunt.
2803 1823 2961 1879 Dedit
3002 1822 3166 1891 igitur
3197 1821 3393 1892 przedi-

115 1936 169 1981 ct
224 1925 434 1980 stabilis
488 1928 800 1994 permaneat
864 1935 986 1976 cum
1052 1917 1398 1990 stipulatione
1448 1913 1699 1971 subnixa.
1807 1926 1930 1972 ctus
1975 1931 2099 1973 ven.
2147 1931 2251 1986 ep-
2281 1915 2568 1972 Baturicus
2610 1931 2679 1972 ex
2725 1916 2938 1973 ratione
2981 1915 3228 1972 ecclesia:
3279 1930 3392 1971 sua:

115 2018 315 2073 Actum
343 2015 728 2086 chancsburc
753 2012 971 2068 civitate
993 2011 1092 2066 sub
1113 2009 1200 2066 die
1226 2009 1257 2063 7
1279 2006 1506 2063 Kalend.
1534 2004 1703 2074 April.
1809 2007 1980 2064 sancti
2005 2005 2152 2063 Petri
2173 2018 2238 2063 et,
2255 2009 2428 2064 sancti
2451 2007 2834 2064 Emmerammi
2856 2023 2962 2063 una
2985 2022 3106 2063 cum
3129 2022 3393 2064 consensu

119 2107 370 2177 Uzzand,
403 2105 642 2171 Dectrih,
682 2102 903 2174 Strupo,
939 2099 1155 2174 Egilolf,
1181 2097 1410 2165 Werilo,
1441 2095 1706 2166 Hartvvig,
1809 2110 1865 2156 et
1901 2091 2223 2156 Cohibentia.
2256 2099 2486 2156 fratrum
2532 2099 2732 2157 ibidem
2781 2100 3112 2170 degentium,
3152 2099 3315 2155 etiam
3341 2107 3398 2153 et

118 2196 381 2261 lliltirob‘,
431 2195 694 2260 Rodharl,
756 2192 948 2258 Unolz,
1010 2189 1405 2260 Ercbanperbl,
1461 2185 1706 2258 Haguno,
1812 2205 1911 2262 per
1929 2189 2198 2246 licentiam
2227 2189 2410 2246 domni
2439 2190 2734 2246 Hludovvici
2765 2190 2983 2262 gloriosi
3009 2190 3154 2261 regis
3175 2189 3404 2261 praefato

121 2285 596 2353 lsbad,Waltunc,
625 2285 827 2356 Trogo,
847 2282 1124 2347 Eckibart,
1149 2281 1421 2346 Hartmot,
1443 2277 1709 2344 Florenti,
1816 2279 2090 2338 Ucciando
2121 2281 2188 2336 ad
2219 2295 2373 2336 suum
2404 2281 2471 2336 ad
2501 2281 2810 2338 habendum
2839 2281 2892 2337 in
2925 2282 3044 2338 loco
3077 2283 3169 2352 qui
3198 2281 3398 2338 dicitur

125 2379 402 2450 Folcpold,
426 2378 696 2442 lsanhart,
725 2377 862 2442 Avo,
889 2376 1089 2440 Walto,
1122 2375 1404 2430 Deotbart.
1816 2371 2364 2444 Mahalgozzinbovon
2404 2386 2624 2428 mansos
2651 2381 2760 2428 tres
2785 2387 2909 2428 cum
2939 2373 3167 2429 ecclesia
3199 2373 3397 2428 ibidem

135 2493 261 2549 Car.
315 2492 553 2547 LXXIX.
599 2522 667 2533 -
710 2491 1059 2547 Commutatio
1125 2491 1261 2544 inter
1318 2488 1687 2542 Ambrichoneu

1847 2473 2152 2528 onstructa,
2173 2473 2227 2518 et
2255 2478 2378 2518 cum
2409 2463 2630 2533 reliquis
2657 2462 2900 2520 aedificiis
2926 2463 3158 2533 desuper
3185 2464 3399 2533 positis,

349 2635 354 2638 _
558 2564 852 2632 episcopum
877 2572 924 2616 et
952 2559 1302 2615 Eckilindam.
1821 2569 1942 2612 cum
1973 2555 2154 2619 terris,
2184 2554 2353 2620 silvis,
2381 2555 2576 2624 pratis,
2605 2554 2840 2624 pascuis,
2863 2555 3040 2625 aquis,
3069 2569 3404 2625 aquarumve

199 2656 256 2710 In
288 2654 385 2710 Dei
421 2653 660 2709 nomine.
711 2651 973 2707 Placitum
1021 2659 1184 2720 atque
1217 2657 1541 2704 conventum
1579 2647 1720 2702 inter
1821 2647 2162 2714 decursibus,
2191 2647 2453 2718 quidquid
2499 2647 2553 2702 in
2595 2647 2854 2719 praedicto
2881 2646 3002 2704 loco
3029 2648 3228 2703 habere
3255 2648 3404 2702 visus

138 2746 555 2802 Ambrichonem
577 2759 702 2800 ven.
733 2759 819 2814 cp.
849 2756 1059 2798 necnon
1087 2749 1141 2798 et
1166 2741 1458 2812 quamdam
1489 2738 1720 2794 nobilem
1825 2750 1928 2797 est.
1967 2740 2032 2795 Et
2071 2755 2104 2794 e
2144 2749 2333 2797 contra
2366 2748 2698 2796 memoratus
2726 2738 3030 2796 Ucciandus
3059 2755 3126 2796 ex
3154 2755 3254 2796 suo
3283 2755 3411 2810 pro-

138 2837 377 2902 viduam,
412 2835 630 2891 nomine
673 2832 920 2889 Ekkilind
965 2841 1024 2886 ut
1068 2831 1278 2902 aliquas
1321 2844 1410 2885 res
1448 2843 1551 2898 pro
1575 2842 1724 2884 cont-
1826 2835 1965 2906 prio,
1998 2835 2312 2906 praescripto
2355 2847 2476 2888 ven.
2526 2834 2643 2888 viro
2689 2833 2942 2889 Baturico
2985 2848 3072 2904 ep.
3103 2833 3170 2889 ad
3200 2841 3409 2904 partem

138 2927 284 2980 muni
315 2924 552 2980 utilitate
579 2923 720 2979 inter
746 2937 805 2979 se
832 2922 1238 2986 conﬁrmarent,
1266 2918 1408 2990 quod
1440 2919 1514 2974 ita
1549 2927 1606 2974 et
1643 2917 1724 2973 fe-
1830 2929 2148 2999 supradictae
2173 2926 2416 2982 ecclesia;
2465 2940 2576 2981 sua;
2622 2925 2676 2980 in
2723 2926 2840 2981 ιοοο
2872 2933 3215 2996 ηιιηουρειηιθ
3253 2924 3412 2988 Ali"-

141 3026 352 3073 cerunt.
387 3015 633 3071 Tradidit
658 3015 821 3086 igitur
846 3013 1004 3069 vidua
1035 3011 1387 3096 Ekkilind‘de
1409 3012 1578 3096 rebus
1603 3025 1727 3081 pro-
1835 3018 2000 3083 hard,
2048 3032 2267 3073 mansos
2293 3032 2345 3072 vr
2376 3032 2498 3072 cum
2527 3016 2692 3080 casis,
2715 3027 2778 3072 et
2808 3016 3030 3086 reliquis
3056 3015 3324 3079 aedificiis,
3353 3023 3408 3070 et

140 3107 392 3178 prietalis
419 3121 530 3161 sua!
559 3105 626 3158 ad
657 3103 715 3159 S.
745 3085 1394 3160 Emmerammumqsitﬁul
1409 3085 1544 3158 ἷιιῐη
1571 3103 1730 3157 adVO-
1759 3165 1801 3178 _
1836 3107 2129 3172 curtiferis,
2157 3121 2281 3161 cum
2326 3106 2503 3167 terris,
2530 3105 2720 3176 pratis,
2757 3085 2937 3172 silvis,
2959 3106 3192 3176 pascuis,
3234 3104 3413 3175 aquis,

139 3165 264 3256 cato
307 3213 410 3254 suo
455 3194 768 3252 Bernbardo
790 3195 1052 3264 quidquid
1093 3194 1293 3250 habere
1339 3193 1622 3249 videbatur
1673 3193 1725 3247 in
1750 3165 1804 3231 θ
1830 3165 2164 3272 aquarum}
2210 3165 2561 3264 decursibus;
2600 3165 3077 3268 quantumcunque
3123 3165 3196 3252 in"
3225 3165 3416 3252 eodem

140 3289 263 3351 vico
289 3287 382 3358 qui
409 3285 608 3342 dicitur
640 3284 1004 3354 Ucchinpiunt
1027 3298 1148 3340 cum
1177 3283 1463 3354 mancipiis
1491 3300 1566 3339 vn
1595 3298 1692 3353 quo

1863 3309 1950 3352 sco
1974 3295 2178 3349 habere
2203 3294 2353 3349 visus
2381 3293 2499 3359 fuit.
2536 3291 2688 3348 Unde
2716 3301 2772 3347 et
2798 3293 2932 3348 duas
2961 3290 3415 3348 commutationes

141 3395 264 3434 rum
293 3376 515 3432 nomina
544 3384 670 3430 Slll'll
697 3375 812 3430 lucc
842 3392 854 3427 ε
885 3372 1112 3440 Ilelfrih,
1137 3373 1399 3440 Ellanrih,
1428 3372 1730 3444 Maganrih,
1831 3384 2166 3456 pay-[tenore
2189 3379 2526 3452 αδηερε-φίας
2552 3382 2695 3438 inter
2719 3396 2777 3437 se
2803 3381 2934 3436 ﬁeri.
2949 3390 3004 3437 et
3032 3380 3302 3436 afﬁrmare
3329 3395 3418 3434 ro-

141 3472 434 3535 Bodimar,
465 3468 753 3538 Willipirc,
789 3467 1118 3541 chindrud,
1149 3467 1518 3539 chinswind,
1560 3476 1615 3522 et
1646 3469 1693 3522 lu

1871 3485 2130 3541 avernnt;
2178 3483 2242 3530 ut
2280 3475 2650 3545 unusquisque
2688 3473 2790 3529 hoc
2819 3472 2963 3543 quod
2992 3488 3021 3526 a
3052 3485 3184 3544 pare
3209 3487 3308 3527 suo
3333 3486 3423 3526 ac-

141 3566 271 3621 bam
301 3563 325 3618 l
350 3604 367 3628 ,
415 3563 470 3617 in
499 3562 620 3619 vico
663 3562 755 3633 qui
785 3562 985 3616 dicitur
1024 3561 1430 3630 Talamazinga,
1462 3569 1517 3615 et
1547 3561 1693 3616 silvai

1873 3569 1981 3638 epit
2009 3569 2077 3623 ab
2106 3567 2367 3622 hodierno
2412 3567 2498 3620 die
2525 3574 2579 3620 et
2610 3576 2850 3636 tempore
2889 3574 3069 3622 teneat
3112 3573 3274 3632 atque
3300 3576 3425 3632 pos-

143 3671 312 3710 unam
335 3667 506 3723 prope
526 3653 701 3708 vicum
725 3652 816 3723 qui
841 3660 1180 3722 nuncupatur
1204 3651 1502 3722 Tuzilinga.
1530 3651 1598 3704 Et
1623 3651 1695 3704 ha

1874 3662 2032 3726 ideat,
2051 3661 2136 3719 vel
2165 3659 2424 3730 quidquid
2449 3658 2643 3714 exinde
2666 3659 2735 3713 oh
2762 3657 3046 3714 utilitatem
3075 3656 3158 3712 vel
3185 3669 3426 3712 commo-

145 3746 334 3802 omnia
385 3755 509 3800 sunt
559 3745 612 3798 in
660 3759 799 3814 pago
831 3746 922 3814 qui
970 3743 1167 3799 dicitur
1195 3742 1540 3814 Tonahgewi.
1592 3741 1740 3796 lianc
1841 3751 2062 3804 dualem
2095 3749 2272 3805 facere
2318 3748 2414 3820 [sic
2439 3747 2599 3819 θοι]
2647 3749 2752 3812 sui,
2785 3748 2864 3801 vel
2894 3746 3140 3815 judicare
3175 3744 3426 3807 voluerit,

149 3837 503 3892 traditionem
551 3835 762 3904 accepit
791 3835 1082 3906 praedictus
1114 3833 1422 3889 'Amhricho
1458 3834 1742 3904 episcopus
1842 3839 2064 3894 liberam
2108 3839 2161 3892 in
2188 3840 2442 3894 omnibus
2487 3838 2682 3892 habeat
2707 3845 3026 3906 potestatem
3058 3835 3329 3899 faciendi;
3374 3842 3432 3887 et

148 3937 320 3996 atque
350 3924 558 3980 llelfrih
587 3926 881 3981 advocatus
918 3924 1034 3994 ejus
1055 3966 1070 3991 ,
1117 3924 1362 3981 Helmoni
1401 3935 1455 3980 et
1490 3924 1743 3980 Waltnnc
1847 3928 2025 3984 taliter
2048 3929 2189 3984 inter
2207 3944 2304 3984 eos
2328 3910 2578 3984 convenit
2602 3946 2616 3982 :
2643 3928 2766 3982 utsi
2791 3927 2947 3982 fuerit
2973 3933 3095 3997 post
3125 3927 3267 3980 hunc
3287 3927 3429 3979 diem

150 4017 530 4088 ﬁdcjnssores.
561 4018 628 4073 Et
663 4033 694 4074 e
743 4026 930 4074 contra
961 4018 1178 4074 tradidit
1205 4017 1412 4074 llelfrih
1447 4019 1745 4074 advocatus
1846 4020 1989 4076 ullus
2011 4034 2075 4075 ex
2107 4019 2256 4089 ipsis,
2289 4027 2383 4074 aut
2411 4019 2514 4074 alia
2541 4019 2794 4090 quaelibet
2817 4019 3067 4089 opposita‘
3088 4031 3316 4086 persona
3341 4015 3437 4069 .vel

153 4107 222 4161 de
255 4108 424 4162 rebus
462 4107 520 4163 S.
551 4107 937 4164 Emmerammi
974 4123 1078 4163 una
1117 4124 1240 4164 cum
1275 4124 1541 4165 consensu
1573 4118 1629 4164 et
1652 4123 1746 4163 vo—
1847 4113 2044 4167 emissa
2070 4126 2190 4181 qua:
2215 4122 2403 4167 contra
2434 4112 2572 4167 hanc
2596 4110 3070 4167 commutationem
3098 4108 3166 4163 de
3187 4123 3290 4177 qua
3317 4107 3437 4161 dua:

152 4198 371 4253 luntate
399 4198 640 4268 praedicti
668 4199 903 4269 episcopi
949 4207 1004 4254 et
1035 4213 1311 4255 servorum
1353 4200 1446 4256 Dei
1477 4203 1528 4254 in
1561 4201 1745 4255 eadem
1850 4203 2070 4258 cartula:
2098 4219 2210 4259 uno
2242 4213 2426 4258 tenore
2461 4203 2781 4272 conscripta:
2823 4215 2944 4255 esse
2975 4200 3225 4254 videntur
3251 4199 3440 4252 venire

154 4290 292 4343 sedc
323 4287 633 4359 degentium
682 4288 943 4359 quidquid
993 4289 1200 4343 Billunc
1229 4329 1244 4354 ,
1290 4297 1446 4360 pater
1480 4292 1750 4359 praedictae
1853 4297 2162 4360 tentaverit,
2194 4305 2287 4350 aut
2313 4311 2432 4349 eam
2465 4295 2757 4363 infringere
2787 4292 3035 4355 voluerit,
3070 4290 3266 4345 inferat
3293 4289 3437 4359 parti

154 4382 361 4454 ﬁdum.
395 4379 447 4433 in
479 4379 743 4434 beneﬁCiO
785 4380 976 4435 habuit
1021 4379 1074 4434 in
1103 4380 1222 4436 Vico
1249 4381 1340 4450 qui
1371 4381 1750 4449 diciturTala-
1851 4397 2039 4444 contra
2065 4403 2224 4458 quem
2245 4387 2393 4441 litem
2422 4385 2682 4448 intulerit,
2709 4385 2824 4438 auri
2850 4383 3014 4438 libras
3037 4399 3072 4436 ιι
3103 4383 3268 4437 multa
3292 4397 3442 4437 com-

156 4469 416 4539 mazinga
445 4483 570 4524 cum
601 4468 884 4539 mancipiis
922 4483 1048 4535 χιι,
1100 4477 1328 4538 quarum
1373 4470 1589 4524 nomina
1627 4486 1708 4525 Slil

1891 4489 2041 4542 onat,
2072 4488 2128 4534 et
2155 4493 2250 4534 sua
2282 4476 2532 4546 repetitio
2557 4475 2759 4530 nullum
2786 4475 3027 4528 obtineat
3051 4472 3319 4539 effectum,
3348 4474 3441 4529 sed

159 4563 285 4616 11:20
319 4575 330 4612 ε
363 4558 658 4624 ευηάΐτιῐηο
711 4557 1003 4626 Mahhelm,
1049 4557 1287 4623 Crista".
1334 4557 1559 4621 Salva".
1611 4558 1751 4615 δεῖ·
1780 4557 1826 4569 ”
1862 4585 2098 4642 praesens
2127 4566 2481 4624 commutatio
2505 4565 2652 4621 omni
2686 4574 2926 4633 tempore
2955 4565 3106 4618 firma
3133 4573 3450 4634 permaneat.

162 4650 329 4713 linto,
357 4648 626 4713 Folcmar,
661 4648 892 4704 Paldhilt
913 4689 928 4713 ,
978 4649 1220 4719 Ratpirn,
1252 4650 1534 4720 Wolfpirc,
1567 4652 1714 4706 Wald

1897 4677 1986 4716 um
2016 4659 2378 4732 stipulatione
2403 4657 2650 4712 subnixa.
2683 4656 2874 4710 Actum
2902 4656 3286 4737 lteganesburg
3313 4654 3447 4709 civi-

162 4740 338 4805 cnnd,
369 4741 596 4805 Frohilt,
627 4741 878 4812 Sonpirc,
912 4740 1202 4808 Pcinhart,
1247 4743 1605 4811 Lantswinto,
1642 4747 1756 4800 Me-
1867 4761 1976 4809 tate
2005 4731 2106 4807 sub
2133 4751 2218 4805 die
2246 4766 2278 4803 v
2305 4747 2420 4802 Kal.
2453 4748 2754 4818 Septemb,
2779 4760 2922 4800 anno
2951 4763 3003 4802 iv
3033 4731 3266 4816 prepitio
3293 4745 3453 4800 Chri-

165 4830 329 4901 rigis,
363 4829 558 4903 Rodni,
590 4830 876 4893 Malitheri,
909 4829 1104 4902 Magolf
1122 4826 1157 4895 ,'
1184 4833 1486 4902 Ceizperhl.
1537 4835 1760 4907 Insuper
1867 4852 1952 4898 sto
1975 4843 2124 4912 regni
2147 4841 2326 4896 domui
2356 4839 2660 4898 Illudowici
2689 4837 2830 4906 regis
2856 4837 2910 4890 in
2935 4837 3178 4893 orientali
3207 4835 3455 4894 Francia,

167 4923 239 4977 de
266 4930 415 4974 terra
443 4920 628 4976 arabili
647 4920 762 4992 jug.
787 4936 922 4986 xvn,
951 4931 1004 4976 et
1032 4922 1097 4976 de
1127 4925 1296 4992 pratis
1323 4925 1388 4978 ad
1419 4931 1676 4984 carradas
1705 4945 1716 4980 ι

1911 4933 2056 4988 idict.
2093 4934 2157 4989 l5
2185 4934 2236 4986 in
2269 4932 2359 4986 Dei
2401 4937 2628 4992 nomine
2663 4928 2906 4985 feliciter.
2954 4931 3172 5000 Signum
3204 4925 3463 4981 Ucciandi

168 5011 434 5080 adiacens
465 5010 580 5066 vico
605 5013 694 5082 qui
725 5011 926 5066 dicitur
953 5009 1303 5085 Leichilinga,
1335 5023 1394 5068 ut
1417 5016 1517 5073 hoc
1547 5020 1598 5075 in
1631 5035 1759 5092 pro-
1872 5023 1963 5094 qui
1995 5024 2135 5080 hanc
2162 5021 2653 5085 commutationem
2700 5017 2812 5072 fieri
2843 5027 2898 5070 et
2933 5020 3203 5078 allii-mare
3247 5013 3474 5082 rogavit.

169 5103 466 5176 prictatcm
492 5103 684 5158 habeat
707 5100 962 5172 praedicta
987 5102 1252 5173 Ekkilind,
1279 5105 1358 5160 vel
1383 5119 1553 5165 mater
1575 5114 1764 5185 ipsius,
1876 5114 2101 5183 Signum
2131 5111 2392 5168 Meilonis.
2422 5109 2672 5189 Signum
2701 5106 2978 5168 Mlier-aii.
2998 5111 3212 5179 Signum
3237 5101 3484 5156 Swarza‘

173 5193 222 5246 si
251 5191 468 5261 longius
493 5193 698 5249 vixerit.
743 5190 816 5246 Et
842 5189 943 5244 hoc
973 5206 1033 5245 ea
1067 5195 1275 5253 ratione
1313 5199 1652 5261 conciliatum
1683 5213 1770 5258 cst
1874 5204 2002 5258 lohi.
2035 5205 2261 5276 Signum
2285 5197 2590 5270 Odalfriu.
2623 5203 2838 5269 Signum
2866 5191 3117 5275 “ligolti.
3151 5193 3368 5261 Signum
3392 5191 3489 5243 lle--

175 5291 261 5346 ut,
295 5281 342 5334 si
373 5281 615 5372 quislibet
640 5293 932 5372 successor
956 5282 1332 5344 Ambrichonis
1357 5302 1440 5358 ep.
1469 5293 1568 5352 hoc
1597 5295 1769 5371 placi-
1879 5295 2046 5348 rardi.
2071 5297 2292 5368 Signum
2323 5289 2610 5372 Billungi,
2643 5291 2856 5357 Signum
2891 5283 3251 5372 Bercmtohli.
3277 5281 3497 5372 Signum

179 5382 298 5426 tum
333 5371 612 5430 dissolvere
635 5370 947 5435 conaveril,
982 5380 1104 5428 tunc
1134 5379 1389 5445 praedicta
1418 5384 1576 5446 vidua
1598 5368 1774 5447 iEkki-
1880 5384 2376 5454 Alberici.Signum
2393 5368 2952 5453 Ranaumﬁignum
2983 5371 3266 5448 Adalpet‘ll.
3289 5368 3505 5438 Signum

177 5462 293 5518 lind
321 5470 628 5532 potestatem
663 5477 842 5534 supra
872 5462 1094 5531 scriptas
1139 5483 1228 5527 res
1271 5462 1364 5526 seu
1413 5473 1636 5548 habere,
1670 5493 1772 5536 seu
1883 5475 2192 5534 Wolfharii.
2243 5472 2466 5542 Signum
2528 5466 2820 5542 crimom-
2866 5464 3114 5540 Signum
3162 5458 3381 5548 Eﬁi‘f’m'
3430 5455 3514 5548 δί’

176 5555 409 5610 tradere
457 5557 532 5611 cui
578 5558 841 5613 delectet.
906 5553 993 5608 Isti
1037 5554 1163 5614 sunt
1213 5572 1375 5620 testes
1419 5582 1483 5622 ex
1537 5543 1778 5644 utraque
1883 5583 2046 5637 gnum
2088 5561 2364 5634 Rodperti.
2410 5557 2688 5637 Signum
2717 5554 2918 5625 Ogasti.
2986 5543 3516 5644 Signum

172 5656 335 5668 ..Α-ι-
389 5660 477 5668 λλ..
521 5663 556 5668 -.
651 5666 654 5668 .
718 5645 885 5668 1....nl:
915 5663 925 5668 -
957 5645 1027 5668 π..
1044 5648 1103 5668 -21
1299 5653 1335 5668 Λ
1415 5658 1426 5668 ι
1535 5665 1545 5668 -
1675 5630 1701 5668 ,ι
1734 5662 1749 5668 -
1888 5659 1941 5668 Α.
2166 5657 2206 5668 ,ε
2251 5655 2263 5668 ι
2334 5655 2345 5666 ι
2416 5651 2474 5668 βο
2749 5647 2931 5668 ΔΙΙ--.-2
3034 5656 3083 5668 ης
3128 5657 3244 5668 ..-ι-ιιι
3290 5630 3505 5668 11ἷὶι¹1⁵ἶ⁸ε
