3930 5476
521 408 627 468 959
646 414 651 417 _

1401 399 1706 460 ANAMODI
1746 403 2288 466 RATISPONENSIS
2332 409 2736 468 SUBDlACONl
3380 448 3385 455 η
3666 419 3755 475 9ιῦ

521 566 649 619 Car.
680 560 912 618 LXXXI.
1036 512 1269 613 Trm'lilio
1306 559 1609 614 Andarbodi
1648 560 2096 632 archipresbyteri.
2126 522 2172 581 Δ
2333 522 2563 632 fuerant
2583 527 2976 632 FPM???”
3004 526 3145 596 quoLI
3188 526 3449 632 δίξθιθτίι
3480 528 3755 598 Tum“.

572 703 648 756 'ln
676 701 891 756 nomine
916 696 1117 762 Patris,
1144 706 1199 750 et
1226 695 1366 761 Filii,
1407 705 1459 750 et
1505 695 1738 765 Spiritus
1763 694 1955 751 sancti.
1991 695 2101 765 Ego

521 796 803 851 Baturicus
844 788 1102 862 largiente
1148 790 1520 860 Redemptoris
1557 788 1756 844 Christi
1786 788 1954 858 gratia
1988 788 2102 858 epi-

522 901 716 955 scopus
742 886 883 940 hanc
912 882 1361 951 conscriptionem
1389 880 1503 935 ﬁeri
1530 879 1757 950 pnecepi
1779 878 1843 932 ad
1867 893 2103 933 comme-

519 980 840 1033 morandum
869 984 1135 1045 quatenus
1156 987 1344 1029 omnes
1370 972 1574 1026 scirent
1592 979 1646 1024 et
1673 978 1967 1040 prmsenles
1993 969 2100 1048 sci-

509 1069 647 1124 iicet
687 1067 954 1123 etrfnturi
1001 1066 1233 1137 qualiter
1269 1065 1352 1119 vir
1387 1062 1712 1118 venerabilis
1756 1061 2101 1116 Antarbodus

524 1160 955 1231 archipresbyter
985 1157 1210 1212 Romam
1257 1155 1451 1215 eundo,
1486 1170 1585 1225 pro
1631 1153 1868 1224 remedio
1911 1152 2103 1205 anirme

516 1268 632 1309 sua:
661 1261 969 1307 sanctorum
1016 1248 1159 1304 l‘etri
1206 1257 1262 1304 et
1299 1246 1460 1301 oPauli
1506 1244 1868 1316 apostolorum
1917 1243 2101 1297 limina

522 1362 790 1418 quaerens,
824 1345 951 1399 mihi
980 1342 1178 1398 omnia
1225 1341 1475 1396 nimirum
1525 1355 1635 1394 sua:
1679 1338 2021 1408 proprietatis
2049 1337 2101 1390 in

521 1447 839 1509 potestatem
871 1435 1089 1490 donavit
1116 1449 1181 1487 co
1207 1432 1365 1487 modo
1396 1450 1409 1486 :
1439 1431 1568 1486 u’t'si
1589 1425 1779 1485 'obitus
1808 1428 1973 1499 ipsius
2001 1426 2100 1481 sibi

492 1531 800 1587 -adveniret
843 1530 894 1583 iu
941 1529 1131 1583 eodem
1173 1525 1367 1580 itinere
1393 1565 1409 1590 ,
1453 1526 1591 1579 sicut
1618 1522 1752 1593 proh
1805 1516 1992 1575 dolor!
2048 1526 2104 1574 et

522 1623 721 1677 factum
751 1605 853 1684 est,
893 1635 990 1689 pro
1033 1617 1271 1673 remedio
1317 1615 1537 1686 spiritus
1583 1613 1750 1683 ipsius
1787 1610 1967 1667 omnia
1996 1608 2100 1664 dis-

491 1726 804 1783 ~pcnsatem
851 1725 948 1781 per
979 1709 1092 1763 lora
1144 1717 1330 1762 sancta
1375 1718 1695 1775 quocunque
1742 1703 1856 1773 ipse
1890 1709 2100 1771 pertra-

2201 616 2470 683 quomodo
2491 618 2623 673 nihil
2649 619 2904 675 voluisset
2932 634 3104 690 neque
3116 622 3385 690 potuisset
3411 627 3760 685 contradicere

2202 701 2269 760 de
2300 705 2385 761 his
2411 709 2662 765 omnibus
2685 726 2803 780 qua!
2830 710 2995 767 frater
3027 711 3143 782 ejus
3173 715 3225 767 in
3270 714 3507 771 Baturici
3535 732 3617 787 ep.
3654 734 3785 789 mag

2202 795 2362 852 nibus
2389 798 2787 855 commendaret
2812 842 2827 866 ,
2875 802 2967 857 sed
2997 804 3169 874 magis
3194 819 3290 875 per
3333 815 3528 861 cuncta
3559 822 3763 863 consen-

2202 888 2330 942 tiret
2356 890 2660 959 ubicmque
2684 906 2747 945 ea
2778 893 2906 948 dare
2928 892 3180 949 voluisset
3204 894 3489 952 Baturicus
3514 911 3597 966 ep.
3625 898 3761 954 Tunc

2204 980 2415 1035 tandem
2446 983 2632 1037 eodem
2660 982 2834 1060 vradio
2857 992 2912 1038 et
2943 985 3250 1040 testimonio
3275 988 3558 1043 convictus
3583 1000 3685 1051 est,
3719 1000 3766 1045 et

2204 1088 2309 1126 non
2333 1073 2560 1127 credidit
2578 1075 2702 1139 sibi,
2719 1086 2771 1129 et
2797 1076 3187 1131 deditwadium
3203 1079 3355 1149 juxta
3379 1079 3547 1151 legem
3569 1082 3763 1151 etjudi-

2202 1163 2344 1216 cium
2373 1164 2551 1233 populi
2581 1180 2680 1234 pro
2713 1181 2773 1221 se
2818 1173 2876 1221 et
2921 1166 3029 1221 ﬁlio
3075 1183 3176 1223 suo
3209 1169 3563 1240 Engilhardo,
3610 1181 3666 1225 ut
3703 1188 3763 1227 ex

2204 1253 2305 1307 hac
2329 1254 2518 1308 eadem
2550 1271 2711 1310 causa
2743 1256 2967 1311 ulterius
3015 1250 3145 1312 nihil
3192 1259 3581 1330 inquietarent.
3624 1261 3765 1318 Unde

2201 1342 2430 1400 Nidhart
2476 1355 2530 1400 et
2577 1347 2978 1419 Erchanpertus
3039 1350 3088 1403 ei
3144 1349 3267 1405 ﬁdei
3313 1351 3561 1418 jussores
3605 1354 3763 1410 επθαί

2204 1444 2436 1502 sunt,et
2464 1437 2567 1491 hoc
2609 1439 2765 1492 modo
2811 1440 3017 1492 linitum
3066 1450 3166 1494 est.
3215 1440 3314 1496 Hic
3353 1443 3405 1496 in
3452 1444 3767 1515 beneplacito

2205 1522 2421 1580 fuerunt
2473 1527 2757 1584 Baturicus
2798 1531 2965 1599 cpisc.
3018 1531 3197 1587 Walto
3248 1549 3450 1598 comes,
3497 1535 3764 1600 Machelm,

2204 1614 2393 1684 Immo,
2427 1616 2663 1684 Eckirih,
2692 1619 2922 1687 Billunc,
2958 1621 3146 1689 Iacob,
3190 1624 3363 1691 Tevit,
3396 1625 3635 1699 Rodgoz,
3665 1628 3765 1684 Ile-

2202 1707 2462 1777 ‘ginhclm,
2484 1708 2704 1777 Vllunolt,
2729 1710 3005 1780 Heribald,
3036 1715 3223 1782 Freso,
3257 1716 3510 1783 Rihhart,
3537 1718 3765 1783 Nidhart,

522 1812 723 1858 ctarem
752 1800 1045 1854 maximum
1072 1798 1197 1867 cj‘us
1217 1795 1384 1851 fuisse
1406 1794 1725 1865 profectum.
1757 1792 1909 1849 Unde
1937 1790 2105 1845 frater
2144 1878 2156 1880 4
2207 1794 2413 1869 Hegilo,
2460 1798 2649 1866 Mezzi,
2698 1801 2984 1873 liibpcrht,
3037 1802 3239 1869 Ratolt.
3286 1805 3540 1875 Adalrih,
3589 1808 3766 1880 Regin-

513 1893 637 1964 rjus
665 1892 877 1947 Teruod
909 1889 1265 1946 consentienti
1294 1886 1544 1942 charitati
1579 1885 1736 1941 testis
1771 1894 1873 1948 est,
1905 1883 2103 1937 eollau-
2137 1878 2179 1937 Β
2207 1886 2351 1953 hart,
2379 1897 2486 1943 etc.
2513 1889 2706 1945 Actum
2733 1904 2819 1947 est
2843 1909 2986 1949 anno
3016 1894 3227 1950 Domini
3262 1896 3392 1953 8&2.

488 1985 659 2039 .dans
688 1984 850 2041 etiam
885 1982 988 2037 hoc
1015 1978 1162 2034 omni
1209 1978 1367 2032 modo
1393 1977 1465 2031 ita
1497 1978 1634 2032 bene
1664 1988 1782 2030 esse
1808 1984 1863 2029 et
1889 1973 2104 2036 sibimet

510 2077 621 2131 insi
654 2077 886 2146 placere.
926 2072 1165 2142 Denique
1210 2072 1262 2125 in
1293 2070 1478 2126 eadem
1505 2069 1589 2122 via
1616 2068 1877 2139 praedicto
1907 2064 2103 2120 illustri

504 2166 641 2221 ‘viro
663 2181 729 2221 ex
752 2167 851 2220 hac
880 2165 1019 2228 luce,
1049 2162 1189 2217 sicut
1220 2159 1413 2215 mortis
1451 2158 1691 2213 debitum
1731 2164 1971 2226 urgerat,
2003 2153 2104 2208 mi-

520 2262 735 2326 grante,
764 2263 819 2309 et
844 2252 918 2326 ad
942 2267 1039 2308 uos
1064 2252 1167 2307 hoc
1194 2249 1384 2305 nuntio
1412 2248 1590 2303 delato
1615 2246 1972 2317 pervenisset,
2008 2259 2103 2299 su-

520 2349 634 2404 bito
682 2348 748 2401 ad
798 2345 1144 2419 Ergeltesbah
1188 2342 1410 2398 veniens
1455 2340 1575 2395 misi
1624 2347 1679 2395 et
1730 2335 2103 2418 Bernhardum

519 2444 685 2499 alium
730 2441 950 2497 fratrem
975 2438 1303 2503 .Antarboti,
1336 2436 1451 2492 sive
1478 2434 1646 2490 filium
1672 2431 1789 2502 ejus
1817 2430 2104 2503 Engilhar-

496 2536 656 2592 ~dum.
675 2544 730 2592 et
754 2543 981 2591 caeteros
1008 2529 1470 2603 parentcstvenire
1518 2516 1811 2598 precabar;
1860 2532 1921 2579 ut
1942 2522 2104 2593 quid-

523 2643 649 2684 nam
679 2638 734 2684 et
759 2628 859 2699 ipsi
886 2626 1080 2683 exinde
1123 2624 1290 2680 velint
1326 2632 1392 2678 et
1432 2622 1674 2678 dicerent
1716 2619 1858 2675 scire
1898 2617 2109 2689 potuis-

520 2733 671 2785 sem;
722 2719 825 2775 hoc
856 2727 942 2772 est
972 2725 1195 2771 :utrum
1244 2714 1681 2770 contradicerent
1728 2709 1980 2781 potestati
2026 2708 2102 2763 illi

496 2824 642 2881 qua;
667 2809 781 2881 jam
805 2809 861 2864 in
885 2807 1022 2867 meis
1048 2805 1294 2861 manibus
1320 2804 1495 2876 posita
1520 2800 1673 2856 erat?
1708 2800 1792 2854 An
1821 2798 1965 2853 bono
1988 2796 2106 2852 ani-

521 2917 613 2975 mo
634 2902 709 2956 ita
733 2900 922 2957 stabile
961 2898 1078 2955 ﬁeri
1123 2896 1528 2969 permisissent?
1570 2893 1765 2949 Actum
1793 2900 1876 2947 est
1903 2890 2014 2956 ita;
2048 2897 2105 2943 et

518 2999 789 3048 venerunt
815 2992 882 3046 ad
926 3004 1032 3056 me,
1060 3001 1115 3045 et
1143 2989 1284 3044 idem
1312 2987 1661 3043 Ben-bardus
1684 2991 1803 3039 erat
1831 2984 1933 3038 hoc
1957 2997 2103 3037 ama-

516 3082 704 3139 biliter
727 3081 1089 3142 consentiens,
1122 3080 1237 3135 sive
1263 3079 1445 3134 caeteri
1476 3075 1706 3148 proximi
1745 3072 1883 3142 ejus,
1911 3072 2049 3129 sicut
2074 3087 2103 3125 a

518 3174 784 3244 praedicto
808 3172 1053 3242 benigna:
1093 3171 1208 3225 viro
1243 3174 1514 3226 memorim
1540 3175 1865 3239 potestatem
1896 3163 2101 3234 accepi,

2364 2020 2367 2021 ί
2450 2005 2580 2076 Cu».
2606 2021 2876 2103 .LXXXII.
2902 2055 2973 2065 --
2999 2025 3234 2082 Traditio
3267 2027 3545 2085 Ilawardi.

2274 2134 2426 2194 Felix
2454 2147 2541 2194 est
2574 2140 2692 2196 haec
2733 2141 2839 2196 vita
2867 2146 3075 2210 activa;
3103 2147 3198 2201 sed
3228 2146 3401 2202 multo
3428 2132 3638 2203 felicior
3657 2164 3769 2205 eoeo

2209 2231 2535 2302 templativa.
2579 2234 2661 2289 Ad
2709 2234 2849 2291 hanc
2886 2235 3050 2307 igitur
3084 2237 3310 2293 tendens
3342 2236 3765 2309 quidam‘nobilis

2206 2324 2425 2379 nomine
2476 2325 2713 2390 llawart,
2760 2328 2975 2383 tradidit
3021 2329 3089 2384 ad
3130 2329 3188 2385 S.
3232 2330 3687 2388 Emmerammum
3717 2334 3765 2389 'm

2208 2430 2425 2471 manum
2451 2415 2721 2473 Arnimari
2752 2421 2961 2491 cognati
2992 2421 3075 2475 sui
3114 2420 3273 2493 talem
3301 2432 3516 2492 partem
3545 2424 3763 2496 proprie-

2206 2507 2333 2562 tatis
2355 2523 2465 2563 suze
2489 2508 2703 2577 qualem
2731 2510 2920 2565 habuit
2942 2512 3007 2565 ad
3039 2510 3399 2583 Tegarindorf
3419 2515 3633 2570 nemine
3658 2530 3766 2572 eon-

2209 2595 2512 2650 tradicente
2540 2613 2555 2662 ;
2596 2607 2862 2668 quatenus
2884 2599 3139 2655 Arnimar
3171 2603 3285 2671 ipse
3305 2605 3557 2658 eamdem
3582 2616 3763 2675 partem

2206 2686 2554 2756 preprietatis
2592 2688 2751 2743 simul
2798 2704 2919 2744 eum
2966 2692 3250 2762 mancipiis
3281 2697 3529 2751 vestiret
3564 2697 3629 2750 ad
3655 2713 3766 2767 prt—

2206 2775 2407 2830 dictmn
2461 2786 2704 2833 sanctum
2753 2795 2852 2850 pro
2896 2790 3024 2837 ante
3076 2784 3359 2840 nominato
3401 2785 3686 2851 Hawardo,
3721 2799 3767 2844 et

2207 2867 2515 2924 Odalhardo
2543 2879 2598 2924 et
2623 2870 2993 2943 Megiuhardo.
3042 2873 3109 2929 Et
3154 2876 3241 2930 isti
3286 2888 3415 2932 sunt
3455 2886 3624 2934 testes
3643 2879 3766 2950 ejus-

2206 2959 2328 3014 dem
2378 2961 2718 3017 traditionis:
2751 2963 2978 3031 Pillunc,
3031 2965 3294 3037 Gozpold,
3343 2968 3642 3037 Wanninc,
3683 2973 3770 3027 lm-

2207 3065 2327 3113 mo.
2370 3049 2656 3122 Liupoton,
2696 3053 3029 3120 Perethtuni,
3090 3056 3377 3125 Salamari,
3430 3059 3767 3132 Cbuniperht,

2209 3140 2425 3211 Alpuui,
2459 3142 2764 3214 lleriperhl,
2796 3145 3096 3218 Ellingrim,
3146 3148 3423 3217 Liutbart,
3472 3152 3767 3224 Adalperht,

524 3230 600 3319 ita
630 3264 696 3319 de
718 3264 832 3319 suis
854 3230 1016 3317 rebus
1038 3276 1138 3332 pro
1162 3276 1219 3315 se
1247 3260 1480 3316 facerem
1506 3230 1766 3329 quidquid
1791 3230 2100 3312 voluissem.
2129 3233 2176 3296 Ο
2211 3230 2472 3297 uorsa)",
2502 3233 2788 3302 (ἶῖετίηηθνν
2824 3237 3051 3307 Εείηοιΐο

514 3357 716 3411 .Actum
757 3364 839 3410 est
867 3363 1044 3409 autent
1093 3355 1198 3407 hoc
1239 3353 1291 3406 in
1342 3351 1459 3406 loco
1506 3366 1667 3420 supra
1717 3346 2024 3416 conscripto
2050 3345 2105 3400 in

523 3446 812 3519 pnescntia
837 3454 1024 3500 eorum
1052 3458 1282 3513 quorum
1309 3443 1425 3497 haec
1474 3443 1688 3495 nomina
1719 3448 1846 3495 sunt
1873 3452 1888 3491 :
1915 3435 2105 3508 primi-

513 3551 613 3597 tus
635 3540 738 3596 Job
767 3539 1000 3594 vicarius
1029 3545 1084 3591 et
1116 3551 1304 3590 vassus
1327 3532 1610 3597 Cotafridi,
1640 3544 1852 3587 necnon
1881 3538 1937 3583 et
1962 3526 2110 3583 Cun-

525 3630 802 3701 dalpertus
829 3629 970 3684 ﬁlius
995 3626 1264 3689 llclmoui,
1297 3624 1465 3680 Immo
1491 3624 1785 3680 advocatus
1820 3630 2025 3685 noster,
2052 3627 2108 3675 et

514 3718 762 3784 "Billunc;
804 3717 971 3772 Mezzi
1003 3731 1169 3787 nepos
1192 3714 1426 3771 Waltoni
1452 3713 1687 3777 comitis,
1715 3712 1953 3783 "unger,
1980 3709 2106 3774 Ato,

520 3810 922 3879 Erchanpreht,
952 3807 1238 3872 Antarbot,
1268 3806 1550 3877 lsangrim,
1575 3804 1823 3875 Suidger.

595 3900 764 3971 Igitur
799 3900 904 3954 hac
944 3897 1319 3953 convenientia
1376 3898 1517 3950 inter
1569 3910 1670 3951 nos
1718 3894 1867 3948 ﬁnita
1896 3934 1913 3960 ,
1963 3892 2109 3948 venit

524 3987 869 4044 Bernhardus
897 3987 949 4042 in
976 3985 1231 4057 placitum
1258 3985 1530 4055 publicum
1558 3984 1612 4041 in
1642 3984 1758 4038 loco
1808 3992 2109 4052 nuncupata

518 4077 1031 4136 Rodhoheskirihha
1084 4092 1247 4146 super
1292 4075 1538 4147 Lapara,
1579 4074 1669 4129 ubi
1715 4072 1901 4127 Walto
1928 4086 2110 4129 comes

524 4184 647 4224 eum
685 4169 833 4226 omni
864 4183 962 4223 suo
989 4166 1293 4222 ministerio
1340 4166 1630 4230 residebat,
1660 4172 1715 4220 et
1741 4179 1864 4219 cum
1894 4178 1961 4219 eo
1989 4162 2107 4218 Ma-

523 4260 700 4315 chelm
725 4299 741 4325 ,
792 4259 932 4315 [ilius
960 4258 1153 4330 Otleipi
1182 4299 1198 4325 ,
1251 4259 1540 4314 assistente
1562 4258 1725 4313 etiam
1755 4256 1922 4312 multa
1954 4256 2109 4310 turba

442 4418 445 4419 ν
520 4352 803 4409 hominum
833 4350 1091 4406 nobilium
1120 4389 1137 4416 ,
1182 4349 1432 4404 Baturico
1462 4358 1727 4419 praesente
1760 4345 2111 4402 nihilominus

522 4444 800 4514 episcopo,
831 4452 887 4497 et
933 4442 1004 4497 ibi
1040 4441 1280 4496 mallavit
1306 4440 1647 4513 Beruhardus
1687 4438 1992 4494 Baturicum
2020 4452 2107 4507 ep.

525 4544 584 4591 et
610 4535 901 4590 Immunem
947 4535 1267 4589 advocatum
1311 4531 1431 4601 ejus
1477 4533 1545 4587 de
1570 4547 1734 4588 causa
1761 4529 2107 4594 Antarbordi,

525 4632 583 4680 et
607 4632 796 4679 contra
823 4624 1086 4678 directum
1114 4623 1183 4677 de
1211 4620 1411 4691 placito
1446 4620 1556 4690 jam
1601 4620 1653 4674 in
1684 4628 1861 4690 caput,
1899 4628 1953 4674 et
1979 4633 2109 4673 con-

526 4715 801 4771 venientia
829 4713 1127 4769 constituto
1155 4727 1338 4767 coram
1368 4712 1676 4766 hominibus
1716 4725 1876 4780 supra
1908 4724 2110 4764 memo-

524 4804 679 4860 ratis.
707 4800 862 4857 Tunc
893 4801 1130 4856 surrexit
1170 4801 1337 4854 Immo
1356 4810 1411 4855 et
1433 4799 1583 4855 dedit
1612 4798 1847 4873 Waltoni
1882 4797 2109 4852 wadium

525 4911 687 4951 suum
718 4895 862 4963 quod
893 4893 1031 4946 idem
1072 4890 1414 4946 Bernhardus
1444 4901 1634 4946 contra
1659 4889 1830 4962 legem
1862 4897 2109 4959 pacatum

525 4984 782 5053 placitum
820 4982 1181 5051 pnesumebat
1226 4979 1545 5049 inquietare,
1575 4991 1631 5035 et
1655 4980 1842 5035 habuit
1872 4963 2109 5033 testimo-

526 5074 621 5127 nia
650 5088 749 5127 sua
793 5073 847 5127 in
883 5070 1132 5141 prmsenti
1161 5079 1216 5124 et
1245 5071 1470 5126 adduxit
1493 5086 1609 5132 eos.
1637 5070 1691 5125 id
1719 5079 1803 5124 est
1832 5087 1847 5122 :
1875 5067 2103 5130 Billunc,

526 5161 721 5222 Mezzi,
753 5158 999 5225 Nidhart,
1034 5159 1252 5226 Hunoit,
1285 5159 1678 5228 Erchanperht,
1710 5157 1960 5226 Hunger;
2012 5157 2107 5211 sed

530 5246 880 5298 Bernlmrdus
920 5249 1089 5300 noluit
1119 5253 1218 5296 hnc
1261 5248 1416 5304 modo
1440 5247 1695 5301 wadiare.
1730 5247 1824 5298 sed
1849 5247 1986 5296 dixit
2018 5264 2032 5294 :
2061 5246 2105 5294 si

2206 3341 2333 3397 CAP.
2394 3341 2772 3399 LXXXUI.—
2804 3345 3152 3404 Commutatio
3200 3353 3339 3406 inter
3391 3352 3770 3411 Ambrichonm

2610 3416 2903 3488 episcopum
2928 3427 2976 3471 et
3012 3416 3383 3476 Swidirarium.

2278 3504 2542 3560 Convenit
2591 3507 2736 3562 inter
2775 3509 3135 3583 venerabilem
3166 3514 3338 3568 virum
3373 3515 3770 3573 Erehanfridtun

2207 3599 2539 3670 episcopum,
2569 3609 2625 3655 et
2653 3603 2938 3671 quemdam
2968 3603 3266 3671 hominem,
3294 3609 3524 3664 nomine
3550 3609 3769 3666 Suidhe-

2211 3701 2351 3752 rum,
2392 3690 2458 3745 de
2488 3693 2716 3760 «piaclum
2745 3695 3166 3767 counuutatione
3188 3688 3501 3768 aliquorum
3534 3702 3769 3762 locorum.

2207 3779 2351 3847 quod
2379 3789 2433 3832 et
2455 3779 2534 3853 ita
2558 3777 2822 3835 fecerunt.
2849 3782 3003 3838 Dedit
3025 3783 3282 3853 przefatus
3318 3791 3664 3845 venerandus
3680 3791 3774 3860 epi-

2210 3882 2405 3937 scopus
2432 3884 2529 3937 pro
2554 3870 2791 3927 utilitate
2825 3872 3104 3928 ambarum
3137 3877 3372 3944 partium
3416 3893 3549 3933 cum
3586 3880 3774 3934 licentia

2211 3960 2374 4029 regis,
2420 3963 2746 4018 venerabilis
2795 3964 3110 4030 Hludmviei,
3157 3977 3212 4022 et
3253 3972 3651 4026 monachorum
3679 3988 3775 4026 out—

2212 4051 2359 4104 ninn‘t
2408 4054 2731 4109 morantium
2763 4055 2829 4111 ad
2862 4059 3347 4121 monasteriumS.
3405 4060 3771 4116 Emmerammi

2213 4141 2467 4211 prmdicto
2517 4141 2795 4199 Swidkem
2844 4146 2897 4200 in
2944 4147 3061 4202 low
3102 4158 3416 4218 nuncupan
3468 4150 3778 4207 Wolamota.

2212 4232 2365 4296 saha,
2421 4233 2680 4304 quidquid
2723 4235 2922 4291 Otram'
2943 4237 2998 4291 in
3038 4238 3359 4294 beneﬁcium
3412 4242 3779 4297 habnitiniilo

2214 4324 2349 4380 loco.
2386 4325 2450 4380 Et
2497 4343 2528 4382 e
2577 4336 2765 4383 contra
2816 4330 3035 4385 tradidit
3078 4332 3192 4402 ipse
3239 4332 3499 4391 Swidker
3520 4339 3777 4408 propriam

2212 4412 2591 4472 haereditatem'
2625 4433 2778 4473 suam
2814 4421 2882 4474 ad
2923 4419 2980 4475 S.
3019 4420 3509 4488 Emmerammum,
3548 4427 3685 4496 quod
3708 4436 3780 4482 est

2215 4521 2380 4576 prope
2424 4506 2622 4564 ﬂairieu
2654 4511 2794 4579 quod
2823 4510 3019 4565 dicitur
3048 4512 3285 4581 Apansa,
3318 4514 3584 4585 quidquid
3610 4533 3639 4571 a
3669 4517 3778 4571 ﬁliis

2142 4585 2188 4642 Ι)
2218 4600 2495 4672 Sigihelmi
2534 4616 2565 4658 e
2597 4593 2790 4658 mendo
2833 4604 3141 4673 acquisivit.
3195 4604 3389 4661 Testes
3443 4587 3624 4663 idonei
3667 4620 3776 4663 sunt

2214 4691 2302 4745 isti
2336 4708 2349 4744 :
2388 4690 2599 4757 Fritilo,
2627 4691 2980 4762 Reginperht,
3010 4693 3257 4756 Einhart,
3294 4693 3552 4769 Friccho,
3577 4698 3774 4758 Albam,

2214 4781 2400 4849 Alprat
2425 4796 2626 4846 comes,
2655 4780 2892 4853 lsanger,
2916 4782 3230 4848 Ambricho,
3260 4783 3499 4848 Dultinc,
3531 4786 3771 4858 Piligrim,

2215 4867 2493 4934 llorscrat,
2549 4869 2768 4940 Alpuni,
2807 4866 3032 4937 Ilunolf,
3085 4870 3423 4942 Lantperht,
3467 4873 3769 4945 Wolfdrigil,

2215 4958 2416 5023 VVulto,
2443 4970 2549 5015 etc.
3480 4986 3493 4992 ”

2213 5072 2342 5127 (ΞΜ).
2388 5070 2679 5127 LXXXIV.
2707 5103 2778 5112 —
2810 5072 3158 5126 Commuta:i0
3205 5073 3343 5127 inter
3394 5075 3769 5129 Ambrichom

2683 5142 2978 5212 episcopum
3000 5153 3047 5195 et
3077 5145 3335 5197 Attonem.

2288 5254 2500 5292 una...“
2558 5257 2905 5310 ηιηιιίιῃοι-ιιηι
2965 5256 3226 5310 ἰιιάιιειι-ῖιι
3278 5257 3515 5314 ﬁdelium
3561 5259 3767 5314 «malim
