3930 5378
113 394 220 449 9η

1019 391 1479 450 TRADlTlONES
1518 387 2151 448 EMMERAMMENSES.
2191 418 2261 430 —-
2302 389 2428 446 LIB.
2467 391 2507 444 l.

3288 384 3397 439 9η

116 512 260 568 didit
292 510 468 568 eidem
500 496 671 566 nobili
699 508 764 564 de
796 507 955 564 rebus
993 506 1049 563 S.
1077 506 1461 564 Emmerammi
1491 504 1712 561 totidem
1740 507 1788 567 Α
1816 502 2103 574 Gundpato
2145 519 2267 559 ven.
2315 504 2577 559 diaconus
2625 502 2966 560 traditionem
3006 517 3126 573 quae
3162 503 3395 573 capitulo

112 603 312 674 jugera
336 602 388 656 in
416 600 609 656 eodem
641 600 781 655 loco.
810 598 877 652 Et
898 598 985 654 isti
1013 608 1142 653 sunt
1168 607 1334 654 testes
1362 616 1375 651 :
1404 597 1550 657 Atto,
1582 594 1716 650 lier-

120 698 272 758 raut,
319 689 536 762 Egilolrf,
578 689 926 760 Kagauhart,
970 690 1080 745 Etti
1106 730 1122 755 ,
1170 688 1411 759 Engilt'ih
1440 728 1455 751 ,
1514 686 1716 756 Ερωτι-

120 784 280 848 char,
331 782 536 845 Folrat,
587 775 792 852 Alpolt,
834 780 1189 852 Reginperht,
1227 776 1523 849 Willipold,
1553 775 1718 832 Odal-

118 873 309 943 perht,
338 872 616 938 Purchoh,
662 872 871 938 Ratolt,
918 871 1139 937 Albnui,
1184 870 1376 940 Egino,
1424 868 1713 934 Bernhart,
1750 886 1757 891 ·

120 964 335 1029 Rihho,
362 964 558 1030 Aualo,
583 964 921 1034 Amalperht,
950 963 1197 1030 Nidhart,
1222 973 1334 1019 etc.

120 1076 257 1132 CAP.
317 1076 583 1132 LXXXV.
624 1108 699 1118 —
739 1076 1093 1135 Commutatio
1138 1080 1274 1131 inter
1317 1076 1716 1130 Ambricltouem

395 1148 690 1216 episropum
716 1158 765 1202 et
796 1147 1160 1219 Eugilpertum
1187 1149 1443 1207 comitem.

193 1258 594 1315 Nor-nullorum
638 1262 939 1330 comperiat
982 1261 1245 1316 industria
1288 1261 1528 1316 virorum
1577 1276 1715 1331 quo-

124 1363 366 1418 rumque
402 1350 627 1404 auribus
667 1351 825 1421 hujus
858 1350 1081 1406 cartulm
1117 1351 1356 1422 iujnncta
1386 1349 1549 1413 fuerit
1579 1352 1719 1406 noti-

125 1440 205 1494 tia
251 1441 487 1509 qualiter
532 1442 824 1497 Amhricho
868 1445 1341 1499 reverentissimus
1387 1444 1604 1514 prtesul,
1663 1453 1720 1499 et

126 1531 358 1600 quidam
392 1533 476 1587 vir
503 1533 833 1589 honorabilis
878 1536 1229 1605 praestantia),
1270 1535 1615 1605 Eugilbertus
1642 1536 1721 1589 vi-

125 1620 338 1677 delicet
383 1637 567 1678 comes
628 1640 728 1693 pro
786 1633 1142 1695 utrarumque
1193 1624 1428 1681 utilitate
1480 1625 1716 1697 partium

116 1714 608 1770 commutationem
626 1717 909 1785 perfecere
932 1726 1276 1788 praesentem.
1298 1712 1537 1772 Tradidit
1564 1732 1718 1771 nam-

124 1818 235 1873 que
251 1807 547 1877 prmdictns
574 1807 920 1879 Eugilbertus
949 1823 1132 1864 comes
1158 1809 1227 1864 ad
1256 1808 1315 1865 8.
1340 1807 1560 1865 Petrum
1591 1811 1716 1878 apo:

121 1895 359 1959 stohun,
404 1906 758 1967 sanctumque
789 1899 880 1954 Dei
926 1908 1218 1971 martyrem
1260 1900 1722 1954 Emmerammum
1755 1872 1799 1931 Β

128 1987 199 2039 de
229 1994 374 2041 terra
418 1987 611 2042 arabili
655 1986 844 2059 jugera
880 2005 980 2044 ιιι
1018 1992 1072 2045 in
1119 1991 1239 2045 loco
1278 1990 1559 2059 Swimlpah
1592 2005 1727 2043 nun-

130 2086 369 2146 cupato,
416 2078 551 2135 nihil
593 2089 747 2136 extra
792 2074 1104 2148 dimittens,
1145 2081 1403 2152 quidquid
1443 2082 1496 2135 in
1536 2066 1725 2135 eodem

124 2167 254 2223 loco
289 2170 472 2234 terris,
520 2172 693 2241 pratis
716 2180 788 2227 et
822 2173 974 2227 silvis
1017 2174 1232 2243 habere.
1265 2174 1414 2229 visus
1450 2182 1554 2237 est,
1597 2173 1726 2242 quin

126 2274 198 2314 ex
227 2260 441 2332 integro
471 2265 537 2327 ad
566 2266 853 2333 prmdietos
892 2275 1110 2321 sanctos
1151 2267 1505 2323 contraderet
1533 2267 1584 2320 in
1614 2282 1730 2319 ma-

70 2344 71 2347 “
134 2366 262 2405 num
291 2354 677 2409 Ambrichouis
702 2371 826 2411 ven.
858 2372 945 2427 ep.
976 2356 1200 2426 ejusque
1228 2358 1479 2413 advocati
1509 2356 1724 2413 Otnnis.

133 2440 178 2495 Ε
204 2451 396 2496 contra
442 2459 576 2499 vero
619 2446 789 2501 isdem
828 2446 933 2504 Oto
974 2464 1099 2503 cum
1144 2449 1359 2505 licentia
1408 2449 1617 2504 Domini
1643 2448 1727 2502 sui

132 2533 373 2604 episcopi
430 2536 652 2591 tradidit
712 2539 779 2592 de
842 2540 1003 2594 rebus
1052 2551 1367 2597 sanctorum
1429 2540 1730 2595 antedicto-

136 2641 281 2692 rum,
320 2627 374 2681 iu
402 2627 520 2684 loco
554 2628 838 2702 Eholtinga
872 2633 1168 2698 nominato,
1205 2642 1364 2688 terra:
1404 2632 1727 2702 arabilisju-

131 2733 263 2788 gera
312 2735 436 2774 xux
490 2721 667 2776 eidem
720 2722 1032 2794 Engilberto
1081 2726 1389 2780 venerando
1436 2724 1619 2778 comiti
1673 2723 1725 2777 in

130 2808 414 2879 proprium
446 2822 708 2881 perpetuo
736 2813 1143 2884 possidendum.
1192 2815 1384 2870 Testes
1409 2815 1553 2869 enim
1580 2814 1726 2881 ejus-

133 2902 261 2956 dem
287 2901 600 2957 traditionis
633 2911 760 2958 sunt
783 2904 1086 2974 Reginhoh,
1110 2905 1427 2976 Cotaperht,
1457 2904 1592 2975 Ogo,
1624 2904 1728 2958 Ha-

132 2989 353 3056 damar,
408 2990 736 3055 Willihehn,
797 2993 1062 3060 Askarih,
1115 2996 1376 3061 Nidhart,
1429 2995 1727 3058 Rodmunt,

135 3078 317 3146 hinc,
371 3081 700 3155 Odalperht,
758 3084 932 3152 Pero,
986 3085 1393 3157 Erchanperht,
1452 3084 1729 3155 Folcpold,

132 3171 414 3228 Arnimar.
940 3158 942 3161 V

675 3266 812 3323 Item
834 3271 1192 3324 commutatio.

209 3355 462 3414 Tradidit
497 3358 838 3431 Engilbertns
884 3376 1066 3417 comes
1105 3362 1210 3431 duo
1262 3363 1527 3432 mancipia
1563 3362 1630 3419 ad
1671 3360 1729 3417 8.

139 3445 629 3524 Emmerammum,
661 3451 711 3505 id
739 3461 824 3507 est
847 3451 1098 3523 Liupuni,
1124 3462 1180 3508 et
1203 3453 1485 3509 lrminhilt.
1534 3454 1577 3509 E
1596 3469 1735 3510 con-

138 3546 231 3591 tra
278 3554 410 3594 vero
451 3539 561 3595 Oto
598 3550 722 3597 eum
773 3557 1038 3598 coiisensu
1086 3544 1321 3614 episcopi
1353 3543 1734 3599 Ambrichonis

133 3626 369 3683 tradidit
419 3630 744 3688 Wilcozum.
796 3633 862 3687 Et
905 3633 990 3688 isti
1033 3643 1160 3688 sunt
1201 3643 1402 3689 testes:
1439 3632 1731 3700 Hadamar,

134 3721 281 3792 Ogo,
336 3723 750 3794 Emhaupcrht,
809 3725 1129 3795 lleginhoh,
1182 3725 1512 3796 Cataperht,
1559 3726 1737 3782 Willi-

138 3810 327 3878 helm,
373 3811 508 3867 Item
554 3813 877 3884 Cotaperht,
931 3814 1170 3881 Patarih,
1227 3813 1539 3879 Warmunt.
1600 3817 1735 3872 Item

142 3996 278 4050 Car.
330 3995 712 4053 LXXX\'i.—-
741 3999 1098 4055 Commutatio
1155 4003 1291 4055 inter
1337 4002 1736 4058 Ambriclionem

554 4071 848 4139 episcopum
885 4081 934 4125 et
974 4070 1339 4141 Liupatouem.

216 4158 390 4229 Igitur
437 4160 690 4216 omnibus
727 4170 916 4222 notum
958 4162 1029 4216 sit
1078 4162 1342 4227 ﬁdelibus,
1383 4165 1738 4234 pnesentibus

145 4248 367 4304 scilicet
416 4248 730 4322 etl'uturis,
779 4251 906 4321 quia
958 4251 1155 4306 nobilis
1202 4253 1462 4323 quidam,
1519 4254 1739 4309 nomine

144 4338 463 4411 Linpaton.
509 4342 733 4397 tradidit
786 4344 1076 4413 quemdam
1126 4345 1304 4402 lucum
1344 4363 1503 4417 quem
1548 4348 1740 4405 habuit

138 4430 302 4508 ﬁlius
331 4431 541 4487 sororis
574 4447 686 4487 sua:
724 4433 1067 4499 Hartbertus,
1098 4437 1166 4490 ad
1194 4446 1440 4497 sanctum
1469 4436 1563 4493 Dei
1598 4453 1741 4492 mar-

1755 3228 1806 3290 C

1817 595 1888 651 25
1911 595 2214 669 conscripta
2263 605 2348 651 est
2392 595 2630 650 secundo
2665 594 2919 659 ﬁrmavit,
2951 595 3155 650 addens
3182 611 3398 666 quoque

1817 696 1872 744 et
1922 696 2118 747 czetera
2161 687 2301 743 loca.
2351 688 2409 743 In
2443 688 2730 757 praesentia
2779 686 2943 759 igitur
2987 686 3196 746 Amulli
3232 689 3429 745 ducis-

1816 777 2107 849 prtedietus
2151 777 2439 849 Giindpato
2484 792 2588 833 una
2636 793 2771 833 eum.
2809 778 3072 834 advocato
3107 794 3208 836 suo
3241 778 3400 834 Star-

1818 870 2030 945 chando
2059 869 2281 926 tradidit
2325 870 2391 926 ad
2430 880 2679 931 sanctum
2725 870 3185 925 Emmerammum
3235 868 3400 926 talem

1816 962 2203 1032 proprietatem
2252 961 2466 1030 qualem
2513 961 2701 1016 habuit
2732 959 2804 1014 ad
2834 960 3187 1028 Quartinaha,
3231 969 3288 1025 et
3331 961 3404 1016 ad

1820 1055 1945 1110 Sala
1976 1065 2031 1111 et
2054 1058 2121 1111 ad
2150 1056 2414 1126 Weligam
2443 1056 2495 1110 in
2521 1071 2736 1110 manmu
2764 1055 3012 1111 videlicet
3041 1055 3278 1113 Hittonis
3310 1058 3403 1112 ab-

1818 1145 1961 1200 batis
2010 1155 2173 1216 atque
2225 1145 2459 1217 Ekkiriei
2520 1147 2806 1200 missorum
2854 1144 3065 1215 pnul‘ati
3112 1146 3284 1202 sancti
3336 1159 3403 1201 ac

1820 1236 2146 1292 venerabilis
2165 1252 2252 1307 ep.
2283 1238 2688 1293 Ambrichonis.
2717 1236 2806 1292 Isti
2832 1246 3010 1292 autem
3038 1248 3168 1293 sunt
3196 1246 3360 1294 testes
3384 1255 3397 1291 :

1819 1326 2096 1384 Gundram
2124 1342 2330 1392 comes,
2376 1338 2430 1384 et
2478 1328 2620 1383 ﬁlius
2658 1328 2774 1397 ejus
2814 1328 3111 1399 Megiugoz,
3138 1327 3402 1400 Sigihart,

1820 1417 2045 1481 Droant,
2075 1404 2389 1485 Willihehn,
2422 1419 2636 1483 Hoholt,
2667 1419 2986 1489 Lautperht,
3018 1419 3239 1490 Rihger.
3268 1420 3406 1473 Dru-

1821 1510 2275 1583 dolt,Sigiperht,
2307 1514 2635 1585 Eparachar,
2683 1514 2912 1583 Witger,
2963 1510 3227 1567 Otachar.
3274 1512 3407 1567 Ein-

1822 1605 1967 1669 hart,
1983 1605 2205 1659 Einhart
2226 1605 2385 1670 Pero,
2402 1606 2673 1671 Framrih,
2686 1604 3044 1670 Karentanus,
3060 1605 3211 1669 Glaz,
3228 1601 3402 1665 llirei,

1820 1695 2007 1763 Kasiz,
2037 1696 2387 1762 Necliuchim,
2419 1706 2524 1753 etc.

1818 1807 1954 1864 CAP.
1981 1808 2311 1865 LXXXVIII.
2344 1841 2413 1849 —
2434 1808 2796 1863 Commutatio
2837 1808 2972 1861 inter
3008 1806 3407 1860 Ambricltoncm

2098 1902 2102 1907 θ
2254 1880 2549 1949 episcopum
2575 1888 2624 1932 et
2648 1877 2977 1932 Baldricum.

1897 1969 2259 2029 Plurimormn
2306 1979 2600 2045 cognoscat
2674 1971 2937 2025 industria
2999 1969 3234 2025 ﬁdelium
3279 1968 3409 2038 quia

1828 2066 2025 2121 nobilis
2075 2066 2158 2119 vir
2196 2065 2436 2134 quidam,
2478 2062 2699 2119 nomine
2745 2060 3026 2116 Baldricus
3077 2058 3299 2114 tradidit
3340 2058 3425 2118 ad

1826 2167 2076 2212 sanctum
2103 2156 2195 2213 Dei
2226 2163 2522 2228 martyrem
2565 2154 3024 2209 Emmerammum
3064 2146 3413 2220 proprietatis

1828 2262 1940 2303 suae
1977 2245 2168 2317 jugera
2216 2262 2291 2301 xu
2317 2246 2371 2301 in
2400 2245 2517 2299 loco
2556 2241 3058 2299 Hiltrateschiricha
3103 2245 3414 2306 nuncupato

1830 2338 1885 2392 in
1911 2353 2129 2393 manum
2156 2337 2405 2392 videlicet
2458 2333 2842 2391 Ambrichonis
2877 2347 3001 2387 ven.
3045 2345 3131 2399 ep.
3187 2329 3414 2398 ejusque

1830 2429 2018 2485 vicarii
2055 2428 2259 2499 Ogonis
2280 2469 2295 2482 .
2327 2428 2371 2483 E
2399 2434 2588 2482 contra
2616 2440 2750 2480 vero
2775 2424 2914 2480 idem
2947 2421 3064 2491 Ogo
3088 2435 3211 2475 cum
3242 2418 3412 2472 lieeno

1812 2521 1905 2584 tia
1937 2522 2146 2577 Domini
2190 2522 2273 2575 sui
2313 2519 2548 2591 episcopi
2600 2518 2819 2572 tradidit
2863 2516 3122 2587 praedicto
3153 2511 3317 2568 nobili
3346 2511 3414 2565 de

1829 2612 1991 2663 rebus
2038 2609 2095 2664 8.
2142 2609 2524 2664 Emmerammi
2563 2608 2677 2677 juc.
2731 2623 2805 2661 xu
2845 2607 3000 2676 juxta
3049 2610 3288 2661 montem
3316 2598 3412 2670 qui

1826 2698 2030 2755 dicitur
2076 2699 2395 2769 Paniuperc.
2448 2697 2542 2752 Isti
2589 2706 2716 2753 sunt
2755 2696 2922 2751 testes‘
2969 2691 3211 2763 ejusdem
3240 2688 3415 2745 tradi-

1830 2790 1994 2844 tionis
2023 2808 2039 2844 :
2068 2789 2286 2854 Askrib,
2332 2788 2528 2851 Adalo,
2570 2787 2747 2852 Liuio,
2771 2786 3012 2856 Plidgoz,
3044 2782 3288 2854 Hagano,
3315 2779 3418 2834 Er-

1830 2882 2168 2952 cbauperht,
2224 2882 2452 2953 Alprih,
2513 2881 2639 2946 Oto,
2684 2876 2909 2940 Charal‘,
2960 2874 3258 2945 Harperht,
3314 2871 3418 2927 Ec-

1822 2976 1954 3035 cho,
1983 2984 2092 3029 etc.
2123 2975 2319 3030 Actum
2342 2981 2428 3029 est
2456 2983 2635 3027 autem
2667 2970 2733 3026 ad
2765 2967 2967 3038 Rispah
2990 2967 3059 3022 ad
3088 2962 3419 3022 convenien-

1836 3068 1960 3122 tiam
1989 3066 2230 3122 omnium
2253 3066 2640 3121 Bavariorum.

1834 3176 1968 3233 Car.
1995 3175 2285 3235 LXXXIX.
2323 3207 2395 3218 -—-
2423 3175 2773 3231 Commutatio
2823 3176 2961 3229 inter
3018 3170 3420 3226 Ambricloonem

2241 3250 2537 3317 episcopum
2565 3256 2614 3301 et
2646 3245 3005 3300 Altmaunum.

1904 3335 2105 3392 Notitia
2137 3335 2369 3405 qualiter
2400 3350 2526 3390 ven.
2553 3336 2840 3407 episcopus
2864 3343 2923 3389 et
2955 3332 3170 3389 Altman
3195 3330 3421 3400 quidam

1836 3428 2032 3484 nobilis
2081 3437 2449 3484 convenerunt
2475 3469 2491 3494 ,
2539 3428 2916 3484 concambium
2961 3427 3107 3481 inter
3148 3439 3208 3480 se
3253 3424 3420 3494 perti-

1832 3520 2061 3574 cientes.
2093 3518 2337 3575 Tradidit
2379 3519 2563 3588 itaque
2600 3518 2741 3573 idem
2788 3517 2983 3573 nobilis
3011 3516 3081 3572 ad
3119 3514 3179 3571 S.
3213 3515 3425 3578 Emme-

1838 3625 2107 3667 rammum
2164 3620 2322 3666 terra:
2369 3610 2592 3667 arabilis
2629 3609 2743 3680 jug.
2793 3625 2869 3666 xu
2916 3610 2970 3666 in
3020 3608 3142 3666 loco
3198 3608 3420 3680 Boz'pah

1836 3712 2166 3772 nuncupata,
2197 3702 2402 3758 addens
2427 3703 2588 3757 etiam
2614 3702 2803 3773 jugum
2831 3717 2998 3756 unum
3022 3712 3077 3757 et
3109 3708 3416 3770 pratorum,

1829 3792 2018 3864 jugera
2064 3809 2103 3847 u
2150 3808 2248 3863 pro
2286 3793 2613 3864 perﬁcienda
2661 3792 3085 3847 commutatione
3116 3792 3169 3845 in
3199 3805 3421 3844 mamuu

1836 3886 2089 3941 videlicet
2139 3884 2521 3942 Ambrichouis
2564 3886 2855 3941 venerandi
2895 3882 3141 3955 praesulis
3193 3881 3422 3951 ejusque

1837 3975 2105 4041 advocati,
2136 3976 2355 4031 nomine
2395 3975 2721 4046 Regiuhehia
2754 3975 2796 4029 E
2815 3985 3009 4031 contra
3039 3989 3169 4029 vero
3201 3971 3423 4029 tradidit

1837 4069 2128 4139 praedictus
2174 4070 2468 4124 advocatus
2493 4067 2563 4125 de
2590 4069 2752 4124 rebus
2782 4066 2839 4123 S.
2880 4067 3264 4122 Emmerammi
3300 4080 3426 4121 eum

1836 4160 2049 4218 licentia
2092 4160 2306 4216 Domini
2354 4160 2437 4216 sui
2478 4160 2869 4230 episcopiljam
2890 4157 3115 4228 praefato
3138 4157 3431 4212 Altmanno

1840 4261 2002 4308 terra:
2047 4252 2267 4308 ambitis
2305 4250 2423 4324 jng.
2454 4266 2531 4306 xu
2554 4250 2610 4306 in
2634 4251 2755 4306 loco
2786 4239 3055 4318 Ratinpah
3088 4256 3425 4317 nuncupato.

1842 4345 1910 4400 Et
1928 4353 1990 4400 ut
2012 4345 2130 4399 haec
2152 4343 2504 4398 commutatio
2533 4341 2742 4396 lirmior
2767 4340 3033 4394 habeatur
3057 4337 3263 4409 placuit
3290 4337 3427 4393 duas

1841 4434 2099 4498 carudas,
2134 4449 2244 4488 uno
2271 4442 2458 4487 tenore
2484 4432 2820 4501 conscriptas
2843 4430 3097 4498 utrinque
3117 4428 3427 4494 continere,

149 4529 331 4592 tyrem
365 4521 830 4579 l-Jmmerauunnm
861 4524 914 4579 in
943 4523 1063 4581 loco
1088 4524 1433 4581 Waltinhova
1465 4525 1620 4595 juxta
1646 4524 1742 4580 llu-
1772 4584 1811 4595 κ
1842 4534 1899 4580 et
1942 4532 2113 4579 testes
2160 4522 2453 4579 subnotare
2501 4536 2736 4591 quorum
2784 4521 3005 4594 nomina
3046 4529 3184 4579 sunt
3229 4538 3244 4574 :
3288 4518 3428 4589 Ogo.

152 4584 304 4669 vium
334 4615 427 4683 qui
456 4615 659 4670 dicitur
694 4613 864 4687 Napa.
911 4615 1244 4673 Liuthardus
1273 4584 1738 4686 quippe-eamdem
1769 4584 1818 4643 Β
1845 4615 2016 4684 Wagn
2039 4653 2055 4678 ,
2115 4614 2367 4683 lsaupero
2391 4653 2409 4677 ,
2452 4584 2758 4683 wasagrim
2779 4651 2794 4675 ,
2852 4590 3112 4679 A'sltarih,
3178 4584 3428 4676 Eldtirih,

151 4705 508 4760 traditionem
551 4721 655 4760 una
700 4721 825 4762 cum
872 4714 1029 4777 patre
1068 4721 1168 4761 suo
1203 4705 1505 4777 Liupatone
1530 4706 1745 4775 peregit
1844 4705 2144 4771 Guudhcri,
2170 4703 2342 4770 Arbo,
2369 4702 2641 4760 Chuntilo.

155 4794 211 4849 in
262 4811 487 4850 manum
533 4794 782 4852 videlicet
825 4795 1211 4853 Ambrichonls
1244 4792 1366 4852 ven.
1393 4812 1483 4866 ep.
1518 4796 1743 4867 ejusque

158 4886 417 4942 advocati
462 4884 784 4941 Gundberti.
833 4886 879 4941 E
929 4896 1114 4943 contra
1158 4902 1290 4944 vero
1337 4887 1559 4944 tradidit
1599 4888 1739 4943 idem

155 4979 462 5033 advocatus
489 4974 836 5033 Gnndbertus
869 4992 993 5033 cum
1023 4978 1239 5037 licentia
1270 4978 1486 5035 Domini
1519 4980 1601 5035 sui
1627 4979 1747 5050 epi-

1847 4818 1977 4873 Csr.
1996 4815 2113 4874 XC.
2144 4845 2214 4857 ——
2240 4814 2589 4870 Commutatio
2632 4814 2766 4868 inter
2807 4812 3208 4871 Ambrichonem
3236 4812 3439 4882 opimo-

2338 4902 2461 4957 pum
2479 4897 2528 4940 et
2557 4884 2935 4941 Peruuoiuum.

1926 4979 2151 5048 Noverit
2193 4977 2461 5034 industria
2507 4978 2749 5034 omnium
2789 4960 3030 5033 ﬁdelium
3070 4980 3199 5051 quia
3232 4974 3441 5030 Pernu-

152 5069 308 5140 scopi
336 5069 405 5125 de
435 5069 600 5123 rebus
619 5068 677 5123 S.
702 5069 1091 5125 Emmerammi
1118 5071 1283 5128 alium
1316 5070 1502 5126 lucum
1535 5071 1588 5127 in
1613 5086 1748 5143 prro-
1850 5071 1940 5126 vin
1970 5073 2195 5142 quidam
2234 5068 2431 5125 nobilis
2473 5067 2633 5125 talem
2673 5066 3063 5137 proprietatem
3089 5067 3308 5143 qualem
3343 5061 3444 5115 hn-

156 5159 305 5215 dicto
343 5157 471 5213 loco
510 5158 679 5213 eidem
719 5156 891 5214 nobili
933 5158 1218 5230 Liupatoni
1252 5176 1321 5218 ac
1352 5160 1462 5214 ﬁlio
1497 5177 1597 5217 suo
1621 5161 1750 5217 Liu-

1853 5162 1969 5217 buit
1998 5163 2063 5218 ad
2108 5160 2487 5229 Tuncilingon,
2537 5156 2757 5215 tradidit
2782 5155 2848 5210 ad
2872 5169 3135 5219 sanetum
3173 5154 3271 5219 Dei
3307 5150 3454 5206 inar-

156 5250 359 5306 thardo
411 5248 467 5302 in
511 5250 782 5318 preprium
836 5249 1225 5317 perpetualiter
1274 5251 1601 5309 habendum.
1652 5249 1746 5306 Isti
1855 5264 2029 5322 tyrem
2052 5254 2510 5310 Emmerammum
2554 5251 2610 5307 in
2649 5261 2865 5304 manum
2894 5247 3293 5319 Ambrichonis
3331 5253 3453 5293 ven-

155 5351 278 5378 Annl
330 5347 499 5378 locine
540 5357 552 5366 ·
583 5340 701 5366 θ’·Ῡά

2828 5348 2900 5364 ι-ιι
2950 5352 2968 5368 ο
2982 5362 3119 5378 μνη...
3139 5334 3362 5378 “mhﬁlic
3377 5329 3454 5368 ἶιι-
