4012 6300
517 355 627 414 9ῑὸ
1448 398 1455 405 ε
1490 353 1799 421 ΑΝᾹΜΟΒΙ
1839 350 2125 419 RATISPU

2230 358 2383 425 NSlS
2421 353 2829 424 SUBDIACONI
3681 365 3774 423 θα

516 477 719 549 rammi
759 484 918 539 terrae
946 477 1167 535 arabilis
1209 477 1327 551 jug.
1376 494 1527 547 mn,
1577 478 1726 537 silvae
1766 466 1907 552 iuga
1935 492 2105 544 xxxv,
2139 476 2181 539 Α
2211 476 2562 537 Car.~XClV.
2585 510 2653 523 —
2676 482 3212 553 Commutatiouiater
3254 481 3651 538 Ambrichoaem
3680 488 3774 553 epi-

513 577 799 640 pratorum
819 571 937 643 jug.
984 586 1053 627 xv
1082 571 1136 626 in
1170 550 1293 631 loco
1330 562 1620 629 'Nisindorf
1657 550 1986 643 nuncupato.
2015 570 2108 627 Isti
2246 588 2259 596 “
2356 564 2361 569 ’
2496 564 2500 567 ’
2698 570 2911 623 “opum
2935 560 2982 608 ει
3011 550 3315 608 "auom"-

457 706 468 716 .
519 659 685 716 etlam
715 669 843 718 sunt
866 670 1033 719 testes
1053 662 1294 735 ejusdem
1320 662 1761 721 commutationis
1787 680 1801 719 :
1826 661 1977 728 Polo,
2002 662 2110 718 En-

520 749 1077 822 gilperht,-Beginolf,
1111 752 1381 819 Fridarih,
1410 742 1806 825 Erchanperht,
1832 751 1959 809 item
2004 750 2126 807 Be-'

523 838 716 910 ginolf,‘
739 840 991 908 Rihheri,
1005 840 1233 908 Helfrih,
1255 843 1528 909 Arnimar,
1558 842 1686 900 item
1708 840 2105 914 Erchanporbt,

522 929 841 1000 Adalperbt,
878 930 1185 1004 Hiltipcrbt,
1210 942 1328 990 etc.

524 1039 653 1097 Car.
687 1040 822 1099 XCI.
845 1071 918 1085 σσ-
944 1040 1299 1098 Commutatio
1322 1043 1459 1099 inter
1486 1026 1886 1098 Ambrichonem
1912 1042 2111 1113 episco-

971 1129 975 1133 ·
1006 1130 1131 1184 pum
1159 1124 1208 1168 et
1232 1113 1650 1185 Witagovonem.
1708 1176 1727 1187 .

562 1228 568 1233 ι
596 1204 812 1262 Notum?
824 1206 895 1262 sit
914 1206 1167 1262 omnibus
1197 1204 1447 1262 ﬁdelibus
1468 1207 1611 1276 quod
1637 1206 1856 1276 quidam
1893 1202 2107 1270 nobilis,

523 1298 748 1354 nomine
759 1296 1067 1370 Wimgovo,
1095 1296 1319 1355 tradidit
1333 1300 1399 1355 ad
1418 1306 1673 1356 sanctum
1698 1298 1794 1355 Dei
1814 1307 2111 1370 martyrem

524 1390 987 1447 Emmerammum
1035 1392 1195 1448 unius
1220 1391 1379 1462 'prati
1433 1400 1545 1449 tres
1594 1400 1781 1463 partes
1827 1392 2114 1461 rivumque

524 1497 692 1537 unum
731 1482 799 1537 ad
848 1481 1044 1537 molam
1093 1482 1148 1537 in
1188 1481 1307 1539 loco
1343 1481 1738 1554 Scmpinchova
1780 1490 2112 1553 nuncupato,

524 1572 580 1626 iu
615 1587 835 1650 manum
879 1566 1262 1631 Ambricltonis
1286 1588 1411 1629 ven.
1454 1588 1541 1644 ep.
1594 1572 1821 1645 ejusque
1865 1571 2113 1629 advocati

504 1662 833 1719 ‘Garaliarii.
848 1663 1093 1719 Econtra
1116 1678 1248 1720 vero
1273 1664 1413 1721 idem
1436 1665 1729 1722 advocatus
1748 1678 1872 1720 cum
1896 1661 2114 1725 licentia

525 1752 729 1809 domini
776 1754 861 1810 sui
890 1754 1124 1824 episcopi
1154 1754 1377 1809 tradidit
1404 1754 1470 1811 de
1498 1753 1660 1810 rebus
1682 1754 1857 1809 sancti
1899 1751 2114 1808 Emme-

2280 659 2503 720 Noverit
2544 664 2808 722 industria
2845 665 3085 721 omnium
3118 663 3353 719 ﬁdelium
3395 662 3636 734 qualiter
3658 678 3775 734 pra-

2210 763 2338 806 sens
2384 761 2600 823 peracta
2632 754 2706 811 sit
2734 754 3107 811 commutatio.
3132 750 3377 808 Tradidit
3401 765 3537 824 ergo
3562 750 3775 808 Elii-itus

2210 844 2509 902 advocatus
2528 846 2910 905 Ambricbonis
2933 863 3058 905 ven.
3075 862 3171 922 ep.
3193 847 3412 903 Rattoni
3433 847 3650 902 cuidam
3674 847 3779 902 viro

2211 936 2279 992 de
2302 936 2465 994 rebus
2498 937 2556 993 8.
2588 939 3002 1007 Emmerammi,
3033 939 3150 1010 ipso
3173 939 3426 1009 episcopo
3450 937 3778 994 censendos-

2211 1036 2301 1093 te,
2328 1025 2618 1098 cujuslibet
2663 1044 2806 1086 areae
2831 1039 3038 1102 partem
3084 1044 3246 1084 unam
3288 1028 3341 1084 in
3384 1027 3508 1083 loco
3556 1026 3775 1097 lniriaga

2182 1126 2540 1189 .nuncupato.
2572 1118 2615 1174 E
2660 1128 2851 1176 contra
2892 1135 3024 1177 vero
3064 1118 3206 1176 idem
3252 1117 3415 1173 llatto
3462 1115 3682 1171 tradidit
3716 1115 3776 1170 ad

2211 1218 2456 1266 sanctum
2509 1209 2602 1266 Dei
2654 1208 2945 1283 martyrem
2983 1212 3443 1269 Emmerammum
3488 1208 3542 1262 in
3573 1221 3775 1261 mnum

2210 1300 2465 1357 videlicet
2489 1301 2870 1373 Ambrichonis
2916 1318 3002 1373 ep.
3049 1302 3275 1373 cinisque
3314 1298 3563 1355 advocati
3609 1295 3776 1351 Εἰσί-ἰοὶ

2212 1386 2372 1447 terra:
2402 1391 2626 1446 arabilis
2652 1398 2838 1463 partes
2862 1390 3284 1446 duasin-eodem
3319 1388 3458 1443 loco.

2323 1477 2453 1534 Item
2480 1479 2597 1534 alia
2634 1480 2970 1535 commutatio
2995 1479 3255 1535 incedam
3282 1479 3370 1532 die
3396 1474 3686 1546 ποιῇοιῇ

2284 1565 2527 1626 Tradidit
2571 1569 2739 1641 igitur
2781 1568 3036 1626 Wollboh
3083 1583 3191 1625 una
3230 1583 3353 1624 cum
3387 1567 3649 1623 advocato
3689 1577 3776 1620 suo

2213 1657 2451 1717 Helfrico
2490 1661 2544 1715 in
2570 1661 3046 1732 supradicto-loco
3080 1658 3360 1731 cujusdam
3406 1671 3550 1712 am
3585 1662 3775 1726 ρπιαπ

2218 1765 2381 1804 unam
2410 1752 2481 1807 ad
2509 1750 3073 1809 SxEmmerammum.
3090 1750 3358 1806 Econtra
3382 1762 3514 1802 vero
3540 1744 3776 1816 lliltipero

526 1845 719 1899 rammi
748 1845 801 1900 in
855 1845 1044 1901 eodem
1070 1844 1191 1901 loco
1242 1845 1498 1916 praedicto
1540 1843 1703 1901 nobili
1756 1844 1810 1899 in
1842 1851 2111 1923 perpetuo
2141 1836 2185 1895 Β
2213 1842 2430 1912 quidam
2459 1844 2655 1902 nobilis
2680 1846 2907 1902 tradidit
2924 1845 3101 1901 eidem
3124 1840 3418 1899 Wolﬂtelto
3440 1835 3777 1896 tle-beneﬁcio

526 1938 927 2006 possidendum-
944 1953 1135 2001 arcam
1155 1955 1194 1992 ι.
1219 1938 1289 1994 Ει
1314 1938 1401 1993 isti
1425 1947 1553 1994 sunt
1582 1946 1784 1994 testes:
1816 1934 1954 2008 Ogo,
1977 1934 2113 2000 Avo,

528 2026 735 2083 llolfrilt
753 2040 821 2085 et
838 2030 1047 2086 ueteri.

525 2137 657 2194 ειη».
693 2139 845 2197 xcu.
866 2173 937 2186 --
958 2139 1309 2199 Commutatio
1335 2143 1471 2198 inter
1494 2140 1891 2198 Ambrichonem
1919 2124 2127 2211 epam:

1022 2231 1148 2286 pum
1172 2225 1221 2269 et
1250 2213 1620 2286 Swidgnrium.

600 2300 857 2358 Omnium
918 2302 1220 2376 comperiat
1276 2304 1539 2360 industria
1587 2301 1826 2358 ﬁdelium
1878 2298 2116 2371 qualiter

530 2391 865 2469 subsequens
893 2406 1111 2465 peracta
1154 2394 1229 2452 sit
1270 2394 1640 2452 commutatio.
1671 2392 1919 2448 Tradidit
1954 2390 2119 2462 igitur

529 2483 752 2555 quidam
775 2487 995 2554 nobilis,
1022 2487 1242 2555 nomine
1285 2486 1553 2556 Swidger,
1597 2485 1665 2541 ad
1694 2485 1754 2540 8.
1784 2475 1882 2539 Dei
1910 2493 2121 2552 marty-

527 2590 646 2631 rem
680 2575 1148 2635 .Emmerammum
1206 2585 1368 2633 terrae
1397 2577 1621 2633 ambilis
1660 2574 1848 2646 jugera
1891 2587 2013 2637 διν,
2062 2579 2118 2624 et

526 2662 810 2736 Pratomm
832 2669 1064 2726 'carrad.
1096 2680 1196 2731 ‘m,
1225 2679 1279 2722 et.
1311 2666 1537 2722 frutices
1586 2665 1653 2721 ad
1681 2662 1989 2735 stirpandas
2031 2658 2119 2729 ju-

528 2779 660 2836 gera
692 2781 761 2821 ιιι.
780 2766 935 2837 juxta
956 2760 1144 2822 locum
1172 2764 1447 2836 Pnopinga
1490 2768 1860 2832 nuncupatum
1885 2759 1954 2814 in
2001 2771 2118 2812 ma-

527 2847 660 2910 num
682 2854 1345 2919 videﬁcethmbricbouis
1364 2868 1490 2909 ven.
1518 2867 1608 2923 ep.
1632 2860 1688 2906 et
1728 2847 1974 2905 advocati
2000 2846 2121 2918 ejus

529 2945 861 3019 Reginhobi.‘
883 2947 927 3002 Ε
954 2956 1144 3004 contra
1170 2961 1301 3003 vero
1324 2948 1467 3003 idem
1489 2944 1785 3002 advocatus
1804 2957 1928 3000 cum
1957 2941 2117 2996 licen-

531 3036 612 3092 tia
640 3037 841 3092 domini
875 3038 958 3093 sui
983 3037 1219 3108 episcopi
1262 3037 1488 3093 tradidit
1523 3036 1592 3092 de
1622 3035 1784 3091 rebus
1812 3032 1873 3089 8.
1907 3032 2121 3087 Emme-

534 3124 735 3199 rammi
783 3124 1045 3197 praedicto
1076 3127 1242 3182 nobili
1294 3127 1347 3182 in
1389 3126 1667 3197 proprium
1716 3133 1877 3180 terra:
1902 3120 2123 3177 arabilis

531 3215 648 3287 ἱνα.
683 3231 808 3283 xcv,
847 3223 906 3271 et
929 3224 1209 3288 pratorum
1238 3217 1451 3272 carrad.
1504 3231 1591 3282 ιιι,
1633 3223 1692 3271 et
1720 3213 1789 3270 ad
1815 3212 2122 3269 evellendas
2149 3198 2194 3259 C

539 3307 768 3366 frutices
789 3308 905 3380 jug.
933 3307 1001 3364 Ill
1025 3308 1078 3364 in
1108 3308 1233 3383 loco
1249 3307 1493 3381 Beninga
1516 3314 1845 3377 nuncupato.
1877 3304 1969 3360 lsti
1991 3318 2125 3375 quo-

539 3416 646 3473 que
666 3409 811 3457 sunt-
823 3399 1031 3458 testes:
1056 3399 1325 3467 Wicram,
1345 3388 1478 3472 θεά,
1493 3397 1817 3471 Engilbelm,
1835 3396 2124 3468 Cozperbt,
2238 3450 2245 3455 .

534 3492 702 3561 Giso,
738 3494 962 3551 Gerhoh
982 3534 999 3561 ,
1026 3491 1600 3559 Deotolt,'8iaehelm.
1644 3490 1940 3548 Vestitores
1961 3497 2019 3546 et
2045 3503 2131 3545 re-

538 3585 833 3642 vcstitores
905 3593 1085 3642 autem
1125 3592 1290 3642 sunt
1348 3584 1607 3656 praefatus
1669 3581 1914 3653 Swidger
1964 3588 2129 3653 atque

535 3672 800 3732 Wicram.

539 3783 883 3842 liam-XCIII.
898 3787 1333 3844 -—Commutatio
1352 3789 1486 3845 inter
1510 3787 1907 3843 Ambrichonem
1933 3785 2125 3855 cpisco-

1032 3875 1163 3929 pum
1181 3870 1229 3914 et
1252 3859 1630 3931 Reginltoltum.

611 3947 817 4003 Notitia
843 3947 1077 4018 quatuor
1090 3948 1398 4005 'Adnbricho
1419 3947 1888 4005 reverentissimus
1906 3947 2128 4018 praesul,

540 4046 598 4094 et
616 4039 839 4108 quidam
872 4038 1097 4104 nobilis,
1122 4037 1341 4093 nomine
1364 4037 1672 4110 Reginliob,
1697 4037 2128 4094 convenientiam

540 4145 897 4203 composuere
935 4132 1079 4189 inter
1101 4147 1162 4188 se
1199 4131 1499 4203 quamlibet
1533 4128 1795 4204 peragere
1835 4140 2133 4188 commuta-

546 4222 773 4279 tionem.
805 4222 1054 4281 Tradidit
1076 4238 1207 4297 ergo
1227 4223 1524 4296 praedictus
1558 4224 1756 4282 nobilis
1789 4223 1857 4280 ad
1879 4232 2129 4281 sanctum

541 4314 643 4372 Dei
692 4322 987 4389 martyrem
1030 4316 1493 4382 Emmerammum
1542 4315 1706 4372 talem
1743 4312 2129 4387 preprietatem

543 4405 761 4477 qualem
790 4406 859 4463 ad
882 4405 1361 4464 Ellinumlfesdorf
1378 4406 1583 4464 habere
1609 4407 1761 4464 visus
1799 4415 1903 4473 est,
1941 4406 1998 4462 id
2022 4414 2152 4472 est,~

543 4497 854 4565 ecclesiam,
881 4497 1101 4555 domum
1123 4514 1247 4555 cum
1268 4507 1424 4556 curte
1450 4499 1596 4556 inter
1616 4507 1822 4557 terram
1844 4499 2126 4565 arabilem,

542 4596 599 4645 et
626 4598 805 4660 prata,
828 4563 994 4661 atque
1019 4590 1211 4647 silvam
1235 4591 1406 4648 bobas
1426 4605 1503 4657 tv,
1521 4581 1896 4647 deessentibus
1918 4563 2129 4645 duobus
2160 4563 2210 4623 θ

543 4691 757 4738 tantum
785 4682 1086 4754 jugeribus,
1116 4690 1173 4738 et
1197 4681 1460 4753 quidquid
1485 4682 1540 4738 in
1561 4681 1751 4739 eodem
1775 4679 1894 4736 loco
1914 4679 2128 4746 habuit,

541 4774 616 4832 ad
638 4774 1013 4848 supradictum
1041 4782 1289 4831 sanctum
1313 4773 1717 4831 contradiditin
1750 4786 1974 4828 manum
2002 4771 2136 4826 Am-

542 4865 826 4923 brichonis
859 4881 986 4922 ven.
1031 4880 1118 4936 ep.
1158 4862 1383 4935 ejusque
1414 4864 1662 4921 advocati
1692 4863 1764 4918 al.
1805 4862 2132 4936 Beginholxi.

546 4956 595 5012 E
620 4964 807 5013 contra
833 4957 982 5012 idem
1005 4956 1300 5012 advocatus
1320 4970 1445 5011 cum
1470 4954 1687 5012 licentia
1713 4955 1917 5013 domini
1940 4955 2132 5026 suiep.

544 5047 773 5102 tradidit
812 5047 893 5103 de-
914 5047 1078 5104 rebus
1098 5045 1166 5103 S.
1195 5046 1586 5103 Emmerammi
1607 5046 1901 5116 jam‘dicto
1942 5046 2131 5112 nobili,

542 5139 768 5195 nomine
795 5137 1130 5211 Reginhoho,
1159 5138 1468 5206 ecclesiam,
1500 5138 1721 5195 domum
1745 5131 1869 5196 cum
1900 5149 2053 5196 curte
2073 5138 2134 5193 in

546 5239 702 5285 terra
739 5229 955 5297 arabili,
1002 5244 1067 5286 ac
1090 5231 1263 5301 pratis
1301 5238 1465 5301 atque
1511 5229 1669 5296 silva,
1700 5229 1924 5286 totidem
1967 5231 2137 5287 bobas

546 5316 672 5389 iure
694 5331 955 5392 perpetuo
994 5321 1379 5391 possidendum
1424 5321 1481 5376 in
1524 5319 1646 5378 loco
1664 5318 1968 5392 Heikkinga
1998 5336 2137 5376 nun-

546 5421 771 5481 cupato.
812 5410 912 5468 Isti
952 5421 1135 5469 autem
1181 5421 1309 5469 sunt
1354 5419 1521 5469 testes
1567 5425 1669 5483 per
1707 5426 1868 5469 aures
1922 5413 2083 5468 tracti
2118 5431 2134 5468 :

554 5500 835 5577 lsanpero,
881 5503 1080 5577 Wago,
1125 5503 1456 5576 Wasagrim,
1506 5503 1752 5572 Ekkirih,
1802 5503 2136 5576 Eparachar,

2220 1946 2319 1989 suo
2337 1937 2480 2006 quod
2507 1935 2697 1993 habuit
2714 1937 2782 1992 ad
2804 1937 3039 2007 lniringa
3056 1932 3442 1989 .Ambriclione
3463 1945 3553 2000 ep.
3578 1925 3775 1998 permit-

2221 2033 2368 2083 tento
2399 2036 2557 2086 terrae
2585 2030 2805 2087 arabilis
2831 2030 2965 2086 duas
2986 2035 3189 2101 partes.
3218 2025 3289 2081 Et
3314 2024 3403 2080 isti
3433 2030 3560 2078 sant
3593 2027 3771 2076 testes:

2216 2116 2444 2185 Helfrih,
2486 2118 2627 2186 Avo,
2677 2119 2965 2185 Waltuoc,
3012 2116 3247 2188 Strupo,
3291 2114 3561 2178 Fastmot,
3591 2107 3774 2171 -υηιιιιν

2220 2210 2407 2279 Wetti,
2438 2210 2638 2279 Wi‘rot,
2674 2212 2985 2285 Meginhob,
3013 2218 3069 2269 et
3095 2208 3299 2267 caeteri.

2262 2321 2419 2379 ιϐιιιι.
2443 2306 2614 2379 'XCV.
2631 2353 2703 2362 —
2720 2322 3078 2377 Commutatio
3094 2322 3239 2376 inter
3266 2318 3662 2374 Ambrichottotlt
3685 2315 3776 2386 ept-

2326 2423 2334 2430 -
2512 2457 2516 2461 η
2644 2409 2897 2463 “optime
2910 2401 2960 2447 et
2988 2390 3376 2462 Waldgarium.

2240 2535 2245 2539 .
2288 2485 2486 2543 Notum
2512 2485 2725 2549 cunctis
2763 2484 3012 2541 ﬁdelibus
3042 2483 3137 2539 ﬁat
3162 2484 3289 2555 quia
3316 2480 3656 2554 Waldgarius
3674 2478 3774 2550 qui-

2216 2576 2341 2633 dam
2368 2577 2564 2635 nobilis
2604 2577 2826 2634 tradidit
2869 2578 2937 2633 ad
2965 2576 3024 2632 S.
3048 2575 3519 2631 Emmerammum
3548 2573 3662 2645 'jug.
3692 2572 3772 2626 nia

2219 2671 2338 2727 loco
2376 2670 2617 2744 Mezinga
2668 2678 3009 2741 nuncupato-
3042 2669 3099 2724 in
3148 2683 3367 2723 manum
3420 2664 3774 2721 Ambrichoois

2221 2774 2339 2817 ven.
2375 2761 2545 2833 cpisc.
2584 2760 2809 2833 ejusque
2857 2760 3099 2816 advocati
3140 2756 3348 2814 Otouis.
3383 2757 3640 2813 Econtra
3666 2767 3773 2809 vero

2222 2851 2364 2906 idem
2409 2853 2699 2908 advocatus
2745 2866 2867 2908 cum
2923 2851 3139 2908 licentia
3186 2850 3390 2907 domini
3447 2849 3531 2904 sui
3566 2844 3774 2918 episcopi

2222 2941 2443 3009 tradidit
2468 2941 2535 2997 de
2556 2942 2718 2998 rebus
2746 2941 2804 2998 S.
2852 2940 3235 2997 Emmerammi
3266 2939 3535 3014 pracdicto
3556 2926 3775 3006 Wahlgao

2222 3033 2304 3088 rio
2325 3033 2379 3088 in
2401 3034 2590 3089 eodem
2612 3033 2733 3091 loco
2756 3035 2977 3091 tertiam
2999 3042 3210 3104 partem
3240 3032 3592 3088 arcteautius.
3613 3029 3670 3084 Et
3702 3027 3776 3080 isti

2224 3132 2349 3180 sunt
2381 3133 2544 3180 testes
2566 3139 2661 3196 per
2695 3139 2858 3181 aures
2887 3125 3045 3181 tracti
3072 3122 3384 3189 :‘Lantirid,
3410 3121 3668 3185 'Wicratu,
3691 3115 3778 3172 lla.

2226 3216 2438 3283 damar,
2469 3217 2790 3289 Eugilltclm,
2831 3227 2938 3275 etc.

2227 3330 2358 3387 Car.
2384 3329 2564 3386 XCVI.
2577 3362 2646 3372 —
2662 3330 3019 3386 Commutatio
3040 3331 3177 3387 inter-
3192 3331 3592 3385 ‘Ambrichonem
3612 3323 3779 3396 cpisco-

2615 3419 2739 3473 pum
2756 3413 2813 3457 'ct
2841 3401 3109 3457 Attolde
3136 3402 3437 3455 diaconum.

2240 3548 2245 3553 .
2297 3496 2562 3566 Quoniam
2625 3494 2850 3551 nimium
2900 3493 3174 3552 fructuosa
3219 3494 3362 3549 inter
3400 3489 3651 3546 mortales
3684 3484 3778 3555 iam

2227 3593 2356 3651 olim
2411 3591 2747 3649 consuetudo
2798 3590 3096 3648 inoleverat
3158 3587 3529 3645 commutandi
3570 3582 3780 3640 videlich

2229 3684 2492 3757 quasdam
2526 3698 2612 3739 res
2639 3697 2738 3754 pro
2768 3689 3013 3736 utrarum
3038 3679 3268 3734 utilitate
3289 3677 3565 3748 partium;
3594 3666 3779 3744 praecel-

2228 3776 2752 3841 lentissima-regum
2782 3773 2964 3829 sauﬁt
2993 3772 3280 3829 clementia
3309 3771 3451 3824 inter
3476 3758 3777 3840 ecclesias“-

2230 3882 2417 3925 carum
2457 3880 2640 3923 rerum
2673 3864 2959 3921 facultates
2984 3863 3215 3919 licenter
3236 3862 3384 3916 idem
3419 3858 3537 3913 ﬁeri
3563 3863 3615 3912 et
3636 3862 3779 3920 usque

2230 3958 2297 4016 ad
2326 3958 2567 4030 quinque
2585 3955 2851 4012 bobarum
2880 3952 3314 4025 supplementum
3336 3965 3465 4005 cum
3505 3942 3708 4004 cartulis
3726 3950 3778 3992 ac

2233 4029 2462 4106 testibus
2498 4047 2571 4103 lta
2597 4053 2869 4102 constare.
2894 4042 3131 4099 Proinde
3154 4043 3320 4113 igitur
3338 4038 3564 4110 quidam
3598 4029 3776 4091 nobilis.

2231 4138 2556 4196 venerabilis
2599 4136 2807 4193 scilicet
2839 4134 3131 4200 diaconus,
3164 4133 3392 4189 nomine
3427 4130 3665 4187 Altoltus.
3693 4133 3781 4177 tra-

2232 4230 2370 4288 didit
2394 4229 2463 4286 ad
2487 4227 2544 4284 S.
2578 4227 2800 4283 Petrum
2820 4224 3136 4297 apostolum
3165 4232 3525 4292 sanctumque
3558 4217 3643 4274 Dei
3663 4226 3781 4271 mare

2236 4329 2406 4394 tyrem
2447 4318 2909 4376 Emmerammum
2956 4316 3126 4372 talem
3165 4313 3557 4385 proprietatem
3597 4305 3778 4394 qualem

2234 4391 2423 4468 habuit
2450 4411 2516 4467 ad
2545 4410 2981 4480 Gartheringou,
3030 4414 3091 4462 et
3138 4405 3208 4461 ad
3255 4403 3602 4463 llaniuchova
3643 4406 3690 4453 et
3726 4391 3781 4449 ad

2234 4505 2448 4577 Atinga,
2480 4503 2536 4559 in
2562 4500 2842 4567 domibus,
2875 4499 3068 4566 curtis,
3114 4496 3328 4553 horreis
3351 4536 3366 4561 ,
3396 4492 3665 4566 pomeriis,
3690 4498 3778 4543 ter-

2240 4596 2331 4658 ris,
2356 4594 2548 4666 pratis,
2576 4592 2744 4659 silvis,
2767 4591 3007 4663 pascuis,
3045 4589 3231 4660 aquis,
3265 4599 3595 4659 aquarumve
3621 4582 3782 4637 decur-

2236 4686 2408 4753 sibus,
2441 4684 2571 4741 nihil
2613 4683 3048 4740 extradimittens
3075 4680 3205 4751 quin
3238 4695 3307 4735 cx
3355 4679 3567 4747 integro
3587 4673 3649 4728 ad
3670 4682 3781 4739 pre

2238 4777 2414 4833 dictos
2439 4783 2659 4831 sanctos
2686 4772 3087 4834 transfudisset,
3114 4771 3169 4826 in
3196 4782 3414 4825 manum
3443 4756 3784 4820 Ambricbonis

2237 4884 2360 4924 ven.
2394 4882 2507 4939 ep.,
2539 4866 2764 4937 ejusque
2805 4864 3055 4920 advocati
3083 4858 3387 4918 Gundberti
3415 4866 3579 4928 atque
3612 4847 3782 4924 Ogonis

2235 4958 2581 5017 vicedomini.
2614 4958 2867 5013 Econtra
2906 4966 3042 5011 vero
3079 4948 3339 5025 praefatus
3378 4950 3679 5005 advocatus.
3712 4951 3783 4994 no

2238 5049 2388 5105 mine
2424 5047 2792 5111 Gundbertus,
2841 5061 2948 5098 una
2986 5058 3113 5099 cum
3166 5040 3386 5096 domino
3430 5054 3529 5094 suo
3558 5026 3785 5105 episcopo

2240 5139 2461 5195 tradidit
2481 5136 2549 5194 de
2581 5137 2743 5193 rebus
2772 5134 2832 5191 S.
2877 5121 3037 5191 Petri
3055 5141 3112 5190 et
3145 5132 3204 5187 8.
3237 5125 3616 5186 Emmerammi
3639 5122 3783 5178 eidem

2236 5248 2365 5289 ven.
2398 5228 2628 5285 diacono
2656 5227 2856 5284 Altolto
2889 5227 2945 5282 in
2988 5224 3266 5297 proprium
3298 5218 3668 5292 perpetualiter
3688 5224 3786 5283 pos-

2240 5322 2523 5379 sidendum
2552 5319 2813 5391 quidquid
2840 5318 3045 5375 habere
3074 5315 3222 5371 visus
3268 5323 3355 5370 est
3383 5314 3452 5369 ad
3479 5306 3782 5375 Munoltlnga.

2243 5412 2507 5479 aediﬁciis,
2538 5410 2721 5476 terris,
2759 5408 2953 5481 pratis,
2983 5406 3153 5473 silvis,
3200 5404 3434 5476 pascuis,
3467 5401 3614 5474 aquis
3648 5408 3784 5466 aqua-

2246 5518 2475 5577 rumque
2499 5501 2832 5559 decursibus.
2882 5499 2949 5556 Et
2976 5498 3066 5554 isti
3109 5504 3249 5552 sunt-
3270 5504 3438 5552 tostos
3464 5487 3668 5549 auribus
3694 5495 3782 5541 tra-

546 5595 854 5670 Sisipreth.
879 5596 1084 5665 Canto,
1112 5596 1345 5669 Bihpold
1371 5595 1615 5664 Nidhart,
1660 5597 1955 5665 Rodmuut,
1986 5597 2143 5653 War-
2245 5599 2321 5656 eti
2351 5617 2365 5654 ε
2390 5594 2916 5663 Herj’attl,Askarih,
2942 5590 3273 5656 Ambricho,
3303 5587 3513 5650 Albi-ili,
3536 5582 3782 5670 renuas.

550 5698 731 5757 munt,
761 5690 921 5757 Tuto,
944 5689 1115 5758 Atho,
1138 5688 1442 5759 Gundheri,
1463 5689 1747 5762 Adalpold,
1774 5690 1913 5762 030,
1940 5691 2140 5757 Rafolt,

557 5780 870 5853 Geminum,
895 5781 1020 5851 Oto,
1047 5782 1315 5841 Liutbart.

2249 5692 2457 5763 Epobo,
2489 5687 2824 5757 Engilperht,
2850 5685 2988 5749 Avo,
3018 5681 3240 5755 Strupo,
3271 5677 3563 5740 Karaberi,
3597 5667 3780 5763 "uagis.

2252 5757 2526 5848 Salomon,
2548 5777 2865 5849 Cotapcrbt,
2892 5768 3180 5845 lrmperlu,
3203 5768 3492 5840 Gerpetht,
3519 5772 3616 5819 etc.
3646 5757 3783 5812 Vesti-
