3930 5560
528 412 637 472 9η

1491 411 1797 468 ΑΝΑλιουι
1839 411 2384 470 RA'I'ISPONENSIS
2419 415 2828 473 SUBDIACONI

3682 419 3779 478 158

530 527 750 582 domino
789 535 888 580 SUO
931 525 1184 596 episcopo
1234 524 1494 596 prmdicto
1537 524 1701 580 nobili
1739 524 2112 596 Engilsealcho
2138 531 2186 589 Α
2217 526 2456 594 Petrum,
2501 539 2857 600 sanctumque
2903 531 3358 588 Emmemmtnum
3404 533 3778 603 proprietatem

531 629 695 672 terra:
723 615 950 670 arabilis
990 613 1104 685 jug.
1133 629 1185 670 iv
1210 623 1264 668 et
1283 604 1564 668 dimidium
1587 613 1655 668 ad
1676 613 1882 685 Pilinga
1910 615 1963 669 in
1987 629 2110 683 pro-

543 707 720 778 prium
765 704 1150 776 perpetualiter
1177 705 1502 759 habendum.
1542 705 1608 758 Et
1644 714 1699 758 ut
1728 706 1840 760 haec
1865 720 2109 759 commu-

539 799 672 852 talio
700 799 904 852 lirmior
931 797 1196 852 habeatur
1223 806 1277 852 et
1320 812 1349 850 a
1373 798 1603 868 posteris
1642 798 1834 853 melius
1862 799 2115 853 credatur

531 891 733 963 placuit
761 891 894 947 duas
922 891 1160 946 cartulas
1189 907 1297 946 uno
1346 901 1531 946 tenore
1574 893 1808 962 scriptas
1833 893 2109 948 exhibere.

538 1029 668 1084 CAP.
709 1029 820 1086 CV.
861 1034 958 1071 —'
985 1031 1334 1085 Commutatio
1384 1033 1521 1084 inter
1558 1029 1960 1084 Ambricltonem
2008 1029 2114 1100 epi-

813 1118 1024 1170 scopum
1059 1113 1103 1156 et
1150 1100 1524 1170 Chum'pertum
1567 1099 1826 1154 comitem.

541 1270 549 1277 ,
602 1213 728 1269 llaec
757 1213 922 1284 igitur
945 1214 1294 1269 commutatio
1337 1214 1478 1267 inter
1505 1212 1921 1266 Amhricbonem
1944 1226 2029 1280 ep.
2061 1220 2115 1265 et

533 1306 926 1376 Chunipertum
978 1307 1230 1361 comitem
1262 1305 1398 1360 facta
1428 1317 1528 1359 est.
1587 1304 1719 1358 Nam
1747 1304 2112 1372 Chunipertus

530 1413 716 1452 comes
738 1398 884 1452 dedit
905 1399 969 1451 ad
998 1397 1055 1452 S.
1083 1397 1543 1452 Emmerammum
1573 1404 1732 1450 terra:
1757 1395 1978 1448 arahilis
1996 1393 2108 1465 jug.

529 1490 671 1544 vide
703 1490 863 1544 rebus
889 1487 1136 1543 beneﬁcii
1182 1487 1264 1543 sui
1304 1488 1368 1542 ad
1405 1487 1618 1556 Atinga.
1650 1485 1712 1538 lit
1746 1485 1896 1539 missi
1925 1483 2042 1552 ejus
2064 1485 2115 1538 id

530 1583 595 1636 ad
647 1583 1032 1654 perliciendum
1081 1583 1298 1637 fuerunt
1337 1581 1641 1652 Engilsealh
1677 1588 1731 1633 et
1762 1578 2028 1643 lliltimar,
2063 1588 2118 1632 et

537 1673 851 1728 Willihelm.
905 1673 949 1727 E
996 1673 1181 1728 contra
1214 1688 1342 1726 vero
1371 1669 1663 1725 Ambrieho
1688 1685 1809 1723 ven.
1841 1684 1925 1738 cp.
1967 1667 2112 1722 dedit

529 1764 861 1833 Chuniperto
882 1763 1064 1818 comiti
1099 1763 1150 1816 in
1181 1761 1370 1815 eodem
1394 1760 1512 1814 loco
1542 1760 1763 1814 totidem
1787 1757 1976 1828 jugera
2007 1767 2116 1812 ter-

527 1870 602 1908 ra:
633 1853 883 1918 arabilis;
935 1861 988 1907 et
1014 1852 1165 1906 missi
1194 1850 1310 1920 ejus
1334 1849 1553 1905 fuerunt
1595 1849 1691 1903 Lio
1725 1848 2031 1918 presbyter,
2059 1854 2113 1900 et
2146 1885 2189 1943 Β

527 1941 769 1997 Wicratn
792 1951 952 2011 atque
979 1940 1224 1996 Deotl‘rid
1249 1940 1352 1995 hoc
1381 1939 1446 1994 ad
1478 1937 1884 2009 perliciendum.
1914 1935 1988 1990 Ut
2016 1949 2112 1988 ve-

528 2035 642 2088 rius
674 2034 986 2104 ﬁrmiusque
1043 2033 1295 2087 credatur
1347 2031 1480 2086 duas
1531 2038 1710 2084 curtas
1760 2027 1875 2098 pari
1927 2037 2115 2081 tenore

528 2125 762 2197 scriptas
783 2125 983 2196 placuit
1008 2125 1285 2180 exhibere.

530 2254 658 2310 CAP.
699 2254 833 2311 CVI.
873 2286 944 2295 —
981 2254 1328 2308 Commutatio
1371 2254 1507 2308 inter
1562 2250 1967 2306 Ambriclwnem
2008 2249 2114 2320 epi-

991 2342 1202 2396 scopum
1231 2334 1276 2378 et
1308 2324 1652 2394 Wicpertum.

602 2439 801 2495 Notum
835 2441 910 2496 sit
945 2439 1197 2497 omnibus
1235 2439 1289 2494 in
1333 2439 1551 2494 Christo
1597 2438 1847 2493 ﬁdelibus
1875 2437 2002 2507 quia
2034 2435 2116 2488 vir

526 2531 748 2602 quidam
806 2530 1025 2597 nobilis,
1083 2530 1302 2590 nomine
1357 2528 1662 2599 Wicperht,
1709 2528 1927 2582 tradidit
1959 2527 2025 2580 ad
2053 2526 2112 2579 S.

529 2623 991 2678 Einmeramtnum
1036 2623 1103 2677 ad
1155 2620 1465 2676 Mulihusun
1518 2629 1797 2691 pratorum
1840 2621 2032 2690 jugera
2082 2634 2112 2671 v

527 2730 648 2770 cum
676 2714 960 2768 fruticibus
979 2712 1273 2768 evellendis
1301 2711 1354 2766 in
1379 2727 1598 2766 manum
1621 2711 1873 2765 videlicet
1903 2709 2113 2763 Ambri-

534 2804 726 2859 chonis
747 2820 870 2858 ven.
901 2818 988 2872 ep.
1013 2803 1238 2873 ejusque
1257 2801 1503 2856 advocati
1535 2800 1829 2871 lleripoldi.
1855 2800 1897 2853 Ε
1922 2809 2110 2854 contra

527 2911 659 2950 vero
712 2896 852 2951 idem
886 2893 1204 2965 Heripoldus
1247 2892 1466 2947 tradidit
1509 2892 1577 2947 de
1608 2893 1767 2946 rebus
1799 2889 1856 2944 S.
1896 2890 2114 2942 Emine-

529 2988 721 3043 rammi
761 2987 1134 3043 consentiente
1171 2985 1391 3040 domino
1437 3001 1534 3040 suo
1570 3001 1656 3056 cp.
1705 2983 1968 3054 praidicto
2002 2985 2119 3037 viro

528 3077 808 3147 Wicpcrto
853 3077 910 3130 in
946 3077 1139 3131 eodem
1184 3074 1302 3131 loco
1349 3083 1628 3145 pratorum
1674 3073 1900 3127 totidem
1925 3072 2117 3142 jugera

529 3168 913 3238 perpetualiter
954 3167 1284 3223 habendum.
1315 3166 1383 3222 Et
1409 3175 1465 3219 ut
1506 3167 1621 3220 haie
1645 3166 2000 3219 commutatio
2023 3167 2116 3217 tir-

531 3237 672 3316 inior
701 3263 962 3318 habeatur
986 3270 1041 3316 et
1068 3277 1100 3316 a
1126 3260 1362 3332 posteris
1401 3260 1593 3314 melius
1614 3261 1888 3322 credatur,
1910 3259 2112 3328 placuit
2142 3237 2185 3296 (ἶ

531 3353 670 3406 duas
700 3353 920 3407 chartas
949 3351 1182 3422 scriptas
1205 3360 1262 3406 et
1294 3359 1460 3405 testes
1484 3351 1739 3404 adhibere
1761 3365 1988 3418 quorum
2021 3365 2117 3404 no-

531 3447 677 3500 mina
720 3453 847 3500 sunt
876 3445 991 3500 lnec
1017 3448 1043 3500 τ’
1063 3443 1372 3514 Liutperbt,
1404 3441 1570 3506 Wolf,
1595 3442 1908 3512 Scbilpunc,
1941 3442 2117 3512 Engil—

529 3540 711 3608 pcrbt,
757 3538 1039 3604 Eekihart,
1092 3539 1310 3608 Ratpot,
1368 3537 1618 3601 Nidhart,
1665 3534 1919 3605 Otperht,
1952 3534 2118 3589 Lant-

533 3630 713 3698 perht,
743 3628 1038 3699 lsanparto,
1068 3627 1351 3684 Perehart.

531 3739 661 3795 CAP.
701 3740 854 3796 CVII.
892 3773 963 3781 —
1001 3742 1352 3796 Commutatio
1415 3743 1550 3794 inter
1586 3739 1984 3794 Ambricltonem
2013 3739 2118 3809 epi-

819 3863 823 3868 .
849 3827 1065 3881 scapum
1085 3823 1131 3867 et
1163 3814 1404 3882 Otgisum
1431 3810 1808 3881 presbyterum.

607 3920 798 3975 Divina
843 3921 1157 3974 instituente
1186 3920 1358 3989 gratia
1392 3919 1611 3974 tradidit
1664 3920 1880 3988 quidam
1925 3920 2121 3974 nobilis

529 4009 865 4069 venerabilis
898 4011 1148 4068 videlicet
1184 4011 1466 4083 presbyter
1513 4013 1729 4067 nomine
1755 4013 1928 4077 Otkis,
1955 4014 2022 4066 ad
2059 4013 2118 4066 S.

2217 637 2368 676 suam
2396 622 2608 691 qualem
2640 624 2827 678 habuit
2857 624 2922 677 ad
2954 623 3327 689 lllinchovnm,
3359 627 3412 679 in
3449 630 3782 683 manum-sci-

2215 709 2342 765 licet
2384 712 2764 768 Ainbrichonis
2806 730 2927 769 wn.
2956 730 3043 785 ep.
3085 715 3307 784 ejusque
3359 717 3610 770 advocati
3643 717 3785 770 Stru-

2215 803 2390 870 ponis,
2445 803 2579 857 nihil
2623 815 2776 858 extra
2804 805 3108 872 dimittens
3151 806 3283 875 quin
3320 820 3388 859 ex
3435 807 3647 875 integro
3672 807 3785 860 illuc

2219 893 2622 948 transfunderet
2664 904 2825 965 atque
2869 896 3095 950 laxaret.
3128 897 3167 950 E
3193 906 3382 951 contra
3423 912 3557 950 vero
3587 897 3788 950 Anibri-

2216 987 2318 1039 eho
2344 986 2600 1055 przefatus
2625 989 2908 1059 episcopus
2932 998 3093 1058 atque
3118 1005 3247 1043 suus
3275 990 3575 1044 advocatus
3604 988 3791 1058 Strupo

2219 1079 2556 1133 tradiderunt
2614 1080 2679 1134 de
2731 1082 2889 1135 rebus
2944 1083 3322 1152 praedictorum
3369 1090 3686 1134 sanctorum
3738 1080 3788 1132 in

2217 1167 2404 1220 eodem
2437 1165 2554 1220 loco
2584 1166 2729 1221 illam
2755 1183 2939 1222 casam
2979 1171 3033 1222 in
3066 1169 3284 1222 australi
3309 1177 3470 1237 parte
3501 1167 3765 1221 consisteu

2221 1265 2356 1320 tem,
2396 1254 2448 1309 id
2471 1264 2553 1309 est
2586 1274 2599 1310 :
2635 1255 3114 1312 llerimarinchova
3162 1276 3282 1312 eum
3312 1258 3497 1320 terris,
3529 1257 3717 1327 pratis,
3741 1262 3790 1309 et

2220 1360 2460 1408 nemore,
2495 1355 2548 1398 et
2589 1361 2710 1401 cum
2741 1346 2991 1401 omnibus
3026 1346 3151 1400 iilue
3190 1347 3598 1416 pertinentibus
3619 1345 3792 1401 Otliiso

2217 1435 2534 1505 presbytero
2587 1437 2638 1490 in
2694 1438 2974 1507 proprium
3013 1453 3179 1505 usque
3225 1437 3289 1489 ad
3342 1436 3556 1489 obitum
3613 1450 3789 1495 suum;

2221 1538 2408 1596 postea
2437 1544 2562 1582 vero
2596 1529 2906 1598 redigantur
2935 1529 3001 1582 ad
3047 1529 3334 1598 pristinum
3364 1526 3573 1581 locum.
3622 1525 3683 1578 Et
3712 1526 3789 1578 isti

2219 1631 2349 1674 sunt
2379 1629 2544 1675 testes
2600 1640 2615 1674 ς
2667 1620 2938 1690 anpold,
2975 1620 3204 1674 llerraiit
3234 1661 3254 1685 ,
3300 1619 3590 1690 Iletipold,
3627 1618 3791 1673 Cund—

2217 1710 2396 1778 perht,
2429 1710 2640 1775 Albrih,
2678 1709 2852 1781 Bupo,
2886 1709 3115 1776 Witker,
3159 1711 3376 1764 Aser-ib.

2218 1821 2344 1876 CAP.
2386 1821 2562 1876 CVIII.
2604 1852 2672 1861 -—
2696 1821 3042 1876 Commutatio
3084 1825 3220 1877 inter
3260 1823 3668 1876 Ambrichonm
3699 1824 3793 1891 eii-

2608 1910 2823 1961 scopuut
2864 1905 2910 1947 et
2959 1893 3339 1963 llelutpertum.

2289 1983 2486 2039 Notum
2525 1985 2594 2039 sit
2631 1983 2885 2039 omnibus
2912 1995 3114 2039 sancta:
3145 1985 3238 2038 Dei
3270 1984 3535 2038 Ecclesia
3567 1984 3800 2039 ﬁdelibus

2216 2076 2340 2145 quia
2373 2074 2568 2130 nobilis
2589 2073 2833 2144 quidam,
2862 2076 3078 2130 nomine
3108 2061 3468 2145 Ileliiipet'ltt,
3494 2077 3792 2130 tradiditad

2218 2177 2466 2220 sanctum
2497 2165 2956 2221 Enuncraminum
2986 2168 3244 2237 quidquid
3296 2167 3492 2222 habuit
3519 2167 3588 2220 ad
3616 2166 3796 2221 Durni-

2220 2257 2442 2328 ginpah,
2477 2253 2530 2310 in
2574 2272 2793 2311 manuni
2841 2257 3091 2312 videlicet
3140 2258 3541 2312 Ainbrichonis
3565 2274 3684 2312 ven.
3714 2274 3792 2326 ep.

2216 2348 2440 2418 ejusque
2469 2348 2711 2403 advocati
2734 2347 3046 2420 'Antarpoti.
3074 2349 3115 2402 E
3137 2359 3326 2403 contra
3362 2367 3502 2404 vero
3535 2352 3672 2404 idem
3698 2352 3792 2402 An-

2219 2447 2398 2508 tarpot
2443 2439 2667 2493 tradidit
2701 2439 2769 2494 de
2825 2441 2987 2496 rebus
3014 2442 3073 2494 S.
3118 2441 3544 2505 Etnmeramtni,
3585 2457 3792 2495 consen-

2220 2532 2384 2586 tiente
2439 2532 2660 2587 domino
2708 2549 2805 2588 suo
2839 2549 2947 2603 ep.,
2981 2534 3240 2604 phedicto
3274 2536 3447 2588 i.ob.li
3501 2533 3794 2604 Ilehupcrto

2218 2623 2282 2675 ad
2305 2621 2796 2676 Wolfratinchofun
2826 2624 3084 2693 quidquid
3115 2624 3192 2676 ibi
3221 2623 3416 2676 habuit
3436 2627 3487 2676 in
3523 2624 3783 2693 propriqu

2219 2712 2604 2782 perpetualitcr
2632 2714 2958 2767 habendum.
3008 2715 3071 2767 Et
3110 2715 3194 2768 Isti
3236 2724 3363 2768 sunt
3398 2727 3576 2769 testes
3606 2733 3618 2767 :
3646 2715 3789 2767 Adalo

2221 2804 2323 2862 rih,
2360 2803 2495 2869 Avo,
2523 2804 2743 2874 Strupo,
2774 2805 3041 2876 Reginolt,
3073 2806 3368 2876 Eparhart,
3392 2808 3610 2872 Aserih,
3638 2808 3789 2875 [ὶιιροι

2218 2891 2330 2944 Fol.
2352 2893 2497 2957 hrat,
2527 2894 2926 2962 Erciianperht.

2325 3008 2453 3061 CAP.
2481 3005 2618 3062 CIX.
2651 3007 3094 3063 —Contmutatio
3134 3011 3269 3065 inter
3301 3011 3702 3065 Ambrichouem

2638 3080 2931 3150 episcopum
2969 3092 3012 3133 et
3053 3081 3387 3134 Atlalricum.

2292 3167 2486 3224 Notum
2519 3170 2590 3224 sit
2621 3171 2873 3226 omnibus
2905 3171 3154 3226 ﬁdelibus
3182 3185 3389 3226 sancta:
3425 3173 3522 3227 Dei
3561 3173 3800 3227 Ecclesiie

2221 3259 2345 3328 quia
2381 3259 2544 3314 nobis
2575 3259 2792 3328 quidam
2827 3262 3041 3314 nomine
3071 3261 3299 3315 Adalrih
3336 3263 3567 3316 tradidit
3594 3264 3659 3317 ad
3689 3279 3802 3316 san-

2222 3363 2367 3405 ctum
2397 3351 2616 3405 Petrum
2645 3361 3000 3421 sanctumque
3031 3353 3120 3406 Dei
3147 3364 3449 3424 martyrem
3480 3355 3798 3408 Emineram-

2221 3457 2366 3495 mum
2407 3443 2475 3495 ad
2511 3441 2745 3496 Fetarah
2802 3457 2928 3496 cum
2981 3444 3126 3511 culta
3182 3456 3328 3498 terra
3379 3454 3440 3498 et
3480 3445 3676 3499 inculta
3713 3445 3796 3514 ju-

2221 3549 2346 3601 gera
2369 3551 2419 3588 c.
2450 3534 2491 3587 Ε
2516 3544 2709 3588 contra
2741 3550 2868 3589 Vero
2896 3535 3116 3589 tradidit
3143 3534 3418 3606 Antarpot
3446 3553 3570 3591 eum
3599 3537 3796 3590 licentia

2221 3624 2600 3679 Audiriehonis
2625 3640 2714 3696 ep.
2743 3627 2808 3678 de
2833 3626 2993 3679 rebus
3015 3625 3069 3679 S.
3094 3623 3240 3679 Petri
3261 3638 3315 3680 et
3338 3627 3396 3680 S.
3427 3624 3800 3681 Emmerammi

2233 3719 2540 3787 supradicto
2569 3717 2819 3772 Adalrico
2846 3733 3014 3788 prope
3061 3718 3423 3774 Niwinhusun
3464 3719 3652 3790 jugera
3678 3733 3795 3772 ns.

2231 3807 2297 3861 Et
2325 3808 2415 3861 isti
2446 3817 2573 3861 sunt
2603 3817 2765 3862 testes
2796 3822 2810 3861 :
2839 3811 2974 3874 Avo,
3010 3809 3242 3878 Strupo,
3269 3809 3624 3882 Gundperbt,
3652 3807 3796 3878 Regi-

2232 3898 2376 3962 uoll‘,
2409 3897 2600 3968 Rupe,
2628 3899 3032 3967 Erehanperht,
3066 3899 3357 3968 Eparhart.

2781 4013 3010 4084 Ea‘plicit
3034 4015 3188 4069 Liber
3213 4017 3240 4070 Ι
3251 4058 3264 4070 .

1699 4292 1998 4390 LIBER
2082 4291 2648 4372 SECUNDUS.

1248 4511 1284 4536 4

681 4579 811 4636 Cu.
848 4579 885 4633 Ι.
922 4610 993 4620 --
1023 4578 1372 4634 Commutatio
1414 4581 1547 4633 inter
1583 4580 1975 4633 Ambrichoucm

993 4651 1285 4720 episcopum
1310 4662 1356 4703 et
1387 4650 1670 4703 Uulazum.

615 4782 919 4855 Cognoscat
953 4783 1117 4854 igitur
1146 4784 1384 4837 omnium
1417 4782 1682 4837 industria
1723 4782 1959 4837 ﬁdelium
1992 4799 2127 4852 pric-

544 4875 780 4932 sentium
809 4874 1058 4928 videlicet
1088 4883 1141 4929 et
1171 4863 1473 4928 futurorum
1504 4875 1628 4942 quia
1656 4874 1876 4944 quidam
1909 4874 2123 4938 nobilis,

546 4965 765 5020 nomine
800 4964 999 5028 Unlaz,
1029 4964 1252 5023 tradidit
1279 4964 1345 5018 ad
1381 4963 1439 5018 S.
1478 4964 1932 5020 Etmnerammutn
1963 4965 2123 5019 talem

547 5060 934 5129 proprietatem
971 5057 1182 5127 qualem
1222 5057 1410 5112 habuit
1457 5057 1525 5111 ad
1562 5057 1874 5128 Erilingun,
1914 5058 1966 5112 id
2004 5066 2118 5120 est,

547 5167 704 5206 areas
740 5168 794 5215 v,
831 5152 1020 5205 domos
1053 5165 1107 5216 ν,
1144 5150 1339 5205 horrea
1373 5165 1429 5214 v,
1461 5165 1713 5219 agrorum
1755 5159 1809 5203 et
1846 5160 2122 5218 pratorum

548 5240 722 5295 bobas
759 5256 864 5304 vit,
904 5240 1036 5294 nihil
1069 5250 1221 5295 extra
1257 5241 1533 5295 dimittens
1565 5240 1692 5308 quin
1724 5254 1789 5293 ex
1821 5240 2029 5310 integro
2057 5240 2122 5293 ad

551 5329 918 5382 mturadictum
945 5340 1186 5383 sanctum
1222 5330 1600 5383 transfudissel
1638 5330 1689 5379 in
1728 5330 1943 5378 manum
1985 5331 2122 5374 vida.

2155 4585 2203 4643 ι)
2232 4582 2495 4651 mancipia
2543 4597 2572 4632 v
2602 4581 2653 4634 in
2687 4581 2961 4650 prnprium
2991 4580 3317 4636 habendum.
3362 4582 3554 4639 Testes
3579 4599 3796 4656 quorum

2231 4673 2447 4727 nomina
2495 4681 2662 4727 sunt:
2719 4671 3021 4742 Nordpold,
3067 4673 3350 4743 Adall‘rid,
3403 4676 3630 4744 Zeizilo,
3676 4678 3795 4732 llat-

2232 4765 2350 4819 lt'ttd
2369 4806 2383 4828 ,
2419 4763 2662 4818 beotllat.

2372 4876 2500 4930 Car.
2534 4875 2596 4930 ll.
2627 4907 2697 4916 --
2723 4875 3072 4931 Commutatio
3102 4890 3237 4934 inter
3267 4881 3666 4938 Ambricltoneut

2535 4947 2831 5017 episcbpum
2857 4957 2904 5000 et
2933 4945 3240 5002 Ouvardum
3270 4952 3503 5022 presbyt.

2300 5059 2660 5114 I’luriinorum
2711 5059 2874 5129 igitur
2911 5060 3181 5116 industria
3229 5038 3536 5134 comperiat
3583 5068 3794 5138 qualiter

2229 5166 2350 5205 ven.
2375 5150 2591 5220 quidam
2617 5151 2920 5221 presbyter,
2963 5152 3178 5208 nomine
3197 5153 3486 5223 Owardus,
3510 5173 3794 5218 commuta-

2233 5242 2433 5295 tionem
2487 5255 2783 5310 congruam
2822 5241 3049 5312 peregit.
3086 5242 3387 5304 Przedictus
3422 5267 3654 5321 namque
3686 5267 3791 5322 pre-

2232 5334 2415 5374 elivtnr
2444 5331 2661 5376 imitiitii
2693 5333 2757 5379 ait
2789 5331 2847 5382 S.
2873 5333 3092 5389 Petrum
3123 5346 3490 5398 sanctumaue
3517 5354 3790 5406 martyrem
