  <div class='ocr_page' id='page_1' title='image "/cluster/home/n/w/nwhite01/storage/ocr_20150623/129/hvd.32044015471709/480.png"; bbox 0 0 4012 6300; ppageno 0'>
   <div class='ocr_carea' id='block_1_1' title="bbox 258 348 3527 429">
    <p class='ocr_par' dir='ltr' id='par_1_1' title="bbox 258 348 3527 429">
     <span class='ocr_line' id='line_1_1' title="bbox 258 348 3527 429; baseline -0.013 1"><span class='ocrx_word' id='word_1_1' title='bbox 258 370 371 429; x_wconf 70' lang='grc' dir='ltr'><strong>θτιυ</strong></span> <span class='ocrx_word' id='word_1_2' title='bbox 1118 351 1581 413; x_wconf 68' lang='lat' dir='ltr'><strong>TliADlTlONES</strong></span> <span class='ocrx_word' id='word_1_3' title='bbox 1621 348 2270 406; x_wconf 62' lang='lat' dir='ltr'><strong>EilMEliAMMENSES.</strong></span> <span class='ocrx_word' id='word_1_4' title='bbox 2307 380 2379 392; x_wconf 69' lang='grc' dir='ltr'><strong>ον-</strong></span> <span class='ocrx_word' id='word_1_5' title='bbox 2416 348 2543 405; x_wconf 83' lang='lat' dir='ltr'><strong>LIB.</strong></span> <span class='ocrx_word' id='word_1_6' title='bbox 2584 348 2647 403; x_wconf 90' lang='lat' dir='ltr'><strong>ll.</strong></span> <span class='ocrx_word' id='word_1_7' title='bbox 3420 348 3527 406; x_wconf 52' lang='grc' dir='ltr'><strong>τεο</strong></span> 
     </span>
    </p>
   </div>
   <div class='ocr_carea' id='block_1_2' title="bbox 258 452 1845 599">
    <p class='ocr_par' dir='ltr' id='par_1_2' title="bbox 258 462 1844 599">
     <span class='ocr_line' id='line_1_2' title="bbox 258 462 1843 549; baseline -0.016 -10"><span class='ocrx_word' id='word_1_8' title='bbox 258 493 493 549; x_wconf 83' lang='lat' dir='ltr'><strong>rumque</strong></span> <span class='ocrx_word' id='word_1_9' title='bbox 519 472 875 538; x_wconf 78' lang='lat' dir='ltr'><strong>decursibus,</strong></span> <span class='ocrx_word' id='word_1_10' title='bbox 905 468 1142 526; x_wconf 77' lang='lat' dir='ltr'><strong>exitibus</strong></span> <span class='ocrx_word' id='word_1_11' title='bbox 1182 475 1240 523; x_wconf 91' lang='lat' dir='ltr'><strong>et</strong></span> <span class='ocrx_word' id='word_1_12' title='bbox 1284 464 1548 521; x_wconf 77' lang='lat' dir='ltr'><strong>reditibus</strong></span> <span class='ocrx_word' id='word_1_13' title='bbox 1594 462 1724 534; x_wconf 91' lang='lat' dir='ltr'><strong>quin</strong></span> <span class='ocrx_word' id='word_1_14' title='bbox 1776 476 1843 515; x_wconf 72' lang='lat' dir='ltr'><strong>ex</strong></span> 
     </span>
     <span class='ocr_line' id='line_1_3' title="bbox 260 554 1844 599; baseline -0.001 1"><span class='ocrx_word' id='word_1_15' title='bbox 260 577 474 599; x_wconf 52' lang='grc' dir='ltr'><strong>μείω-..</strong></span> <span class='ocrx_word' id='word_1_16' title='bbox 508 570 632 599; x_wconf 67' lang='lat' dir='ltr'><strong>mm.</strong></span> <span class='ocrx_word' id='word_1_17' title='bbox 668 564 1045 599; x_wconf 68' lang='grc' dir='ltr'>...η-..Γιιιιίαιιοι</span> <span class='ocrx_word' id='word_1_18' title='bbox 1083 554 1136 599; x_wconf 72' lang='grc' dir='ltr'><strong>εὐ</strong></span> <span class='ocrx_word' id='word_1_19' title='bbox 1176 574 1394 599; x_wconf 61' lang='lat' dir='ltr'><strong>mgnum</strong></span> <span class='ocrx_word' id='word_1_20' title='bbox 1432 556 1682 599; x_wconf 72' lang='grc' dir='ltr'><strong>νῖιΙρΙίρρι</strong></span> <span class='ocrx_word' id='word_1_21' title='bbox 1718 555 1844 599; x_wconf 78' lang='lat' dir='ltr'><strong>Am-</strong></span> 
     </span>
    </p>
   </div>
   <div class='ocr_carea' id='block_1_3' title="bbox 1953 452 3492 599">
    <p class='ocr_par' dir='ltr' id='par_1_3' title="bbox 1982 452 3492 599">
     <span class='ocr_line' id='line_1_4' title="bbox 1982 452 3492 517; baseline 0.004 -6"><span class='ocrx_word' id='word_1_22' title='bbox 1982 455 2113 513; x_wconf 73' lang='lat' dir='ltr'><strong>Car.</strong></span> <span class='ocrx_word' id='word_1_23' title='bbox 2154 456 2239 511; x_wconf 82' lang='lat' dir='ltr'><strong>Vl.</strong></span> <span class='ocrx_word' id='word_1_24' title='bbox 2290 488 2361 498; x_wconf 97' lang='lat'><em>—</em></span> <span class='ocrx_word' id='word_1_25' title='bbox 2410 454 2760 513; x_wconf 70' lang='lat' dir='ltr'><strong>Commutatio</strong></span> <span class='ocrx_word' id='word_1_26' title='bbox 2812 452 2947 511; x_wconf 74' lang='lat' dir='ltr'><strong>inter</strong></span> <span class='ocrx_word' id='word_1_27' title='bbox 2996 457 3393 515; x_wconf 73' lang='lat' dir='ltr'><strong>Ambrfchouem</strong></span> <span class='ocrx_word' id='word_1_28' title='bbox 3443 470 3492 517; x_wconf 76' lang='lat' dir='ltr'><strong>et</strong></span> 
     </span>
     <span class='ocr_line' id='line_1_5' title="bbox 2400 526 2922 599; baseline 0 -18"><span class='ocrx_word' id='word_1_29' title='bbox 2400 558 2431 565; x_wconf 74' lang='grc' dir='ltr'>-ι</span> <span class='ocrx_word' id='word_1_30' title='bbox 2555 526 2922 599; x_wconf 73' lang='lat' dir='ltr'><strong>Wolfpertam.</strong></span> 
     </span>
    </p>
   </div>
   <div class='ocr_carea' id='block_1_4' title="bbox 260 554 1844 645">
    <p class='ocr_par' dir='ltr' id='par_1_4' title="bbox 260 554 1844 645">
     <span class='ocr_line' id='line_1_6' title="bbox 260 554 1844 645; baseline -0.016 -14"><span class='ocrx_word' id='word_1_31' title='bbox 260 577 477 645; x_wconf 70' lang='lat' dir='ltr'><strong>integro</strong></span> <span class='ocrx_word' id='word_1_32' title='bbox 508 570 633 627; x_wconf 89' lang='lat' dir='ltr'><strong>illuc</strong></span> <span class='ocrx_word' id='word_1_33' title='bbox 668 564 1050 622; x_wconf 82' lang='lat' dir='ltr'><strong>transfudisset</strong></span> <span class='ocrx_word' id='word_1_34' title='bbox 1083 554 1137 617; x_wconf 89' lang='lat' dir='ltr'><strong>in</strong></span> <span class='ocrx_word' id='word_1_35' title='bbox 1176 574 1395 617; x_wconf 89' lang='lat' dir='ltr'><strong>manum</strong></span> <span class='ocrx_word' id='word_1_36' title='bbox 1432 556 1682 613; x_wconf 75' lang='lat' dir='ltr'><strong>videlicet</strong></span> <span class='ocrx_word' id='word_1_37' title='bbox 1713 555 1844 645; x_wconf 9' lang='lat' dir='ltr'><strong>Amr-7</strong></span> 
     </span>
    </p>
   </div>
   <div class='ocr_carea' id='block_1_5' title="bbox 258 644 1861 728">
    <p class='ocr_par' dir='ltr' id='par_1_5' title="bbox 258 644 1861 728">
     <span class='ocr_line' id='line_1_7' title="bbox 258 644 1861 728; baseline -0.016 -4"><span class='ocrx_word' id='word_1_38' title='bbox 258 662 541 724; x_wconf 78' lang='lat' dir='ltr'><strong>bricbouis</strong></span> <span class='ocrx_word' id='word_1_39' title='bbox 584 677 711 716; x_wconf 82' lang='lat' dir='ltr'><strong>ven.</strong></span> <span class='ocrx_word' id='word_1_40' title='bbox 758 672 843 728; x_wconf 86' lang='lat' dir='ltr'><strong>ep.</strong></span> <span class='ocrx_word' id='word_1_41' title='bbox 899 655 1393 721; x_wconf 71' lang='lat' dir='ltr'><strong>advocatorumque</strong></span> <span class='ocrx_word' id='word_1_42' title='bbox 1425 647 1543 717; x_wconf 86' lang='lat' dir='ltr'><strong>ejus</strong></span> <span class='ocrx_word' id='word_1_43' title='bbox 1577 644 1861 721; x_wconf 64' lang='lat' dir='ltr'><strong>“errandi</strong></span> 
     </span>
    </p>
   </div>
   <div class='ocr_carea' id='block_1_6' title="bbox 257 738 1845 827">
    <p class='ocr_par' dir='ltr' id='par_1_6' title="bbox 257 738 1845 827">
     <span class='ocr_line' id='line_1_8' title="bbox 257 738 1845 827; baseline -0.014 -15"><span class='ocrx_word' id='word_1_44' title='bbox 257 767 427 827; x_wconf 90' lang='lat' dir='ltr'><strong>atque</strong></span> <span class='ocrx_word' id='word_1_45' title='bbox 451 749 809 809; x_wconf 84' lang='lat' dir='ltr'><strong>Gundoberti.</strong></span> <span class='ocrx_word' id='word_1_46' title='bbox 840 746 884 802; x_wconf 80' lang='grc' dir='ltr'><strong>Ε.</strong></span> <span class='ocrx_word' id='word_1_47' title='bbox 906 755 1098 802; x_wconf 87' lang='lat' dir='ltr'><strong>contra</strong></span> <span class='ocrx_word' id='word_1_48' title='bbox 1128 757 1258 799; x_wconf 90' lang='lat' dir='ltr'><strong>vero</strong></span> <span class='ocrx_word' id='word_1_49' title='bbox 1294 738 1640 802; x_wconf 85' lang='lat' dir='ltr'><strong>llerrandus,</strong></span> <span class='ocrx_word' id='word_1_50' title='bbox 1676 744 1845 825; x_wconf 79' lang='lat' dir='ltr'><strong>atque</strong></span> 
     </span>
    </p>
   </div>
   <div class='ocr_carea' id='block_1_7' title="bbox 226 832 1848 906">
    <p class='ocr_par' dir='ltr' id='par_1_7' title="bbox 226 832 1848 906">
     <span class='ocr_line' id='line_1_9' title="bbox 226 832 1848 906; baseline -0.015 -2"><span class='ocrx_word' id='word_1_51' title='bbox 226 846 680 906; x_wconf 75' lang='lat' dir='ltr'><strong>‘Gundobertus,</strong></span> <span class='ocrx_word' id='word_1_52' title='bbox 730 837 1108 895; x_wconf 77' lang='lat' dir='ltr'><strong>consentiente</strong></span> <span class='ocrx_word' id='word_1_53' title='bbox 1148 832 1379 890; x_wconf 87' lang='lat' dir='ltr'><strong>Domino</strong></span> <span class='ocrx_word' id='word_1_54' title='bbox 1415 845 1519 886; x_wconf 90' lang='lat' dir='ltr'><strong>suo</strong></span> <span class='ocrx_word' id='word_1_55' title='bbox 1574 843 1685 898; x_wconf 88' lang='lat' dir='ltr'><strong>ep.,</strong></span> <span class='ocrx_word' id='word_1_56' title='bbox 1733 836 1848 881; x_wconf 86' lang='lat' dir='ltr'><strong>tra-</strong></span> 
     </span>
    </p>
   </div>
   <div class='ocr_carea' id='block_1_8' title="bbox 260 916 1847 995">
    <p class='ocr_par' dir='ltr' id='par_1_8' title="bbox 260 916 1847 995">
     <span class='ocr_line' id='line_1_10' title="bbox 260 916 1847 995; baseline -0.014 -1"><span class='ocrx_word' id='word_1_57' title='bbox 260 939 517 995; x_wconf 87' lang='lat' dir='ltr'><strong>diderunt</strong></span> <span class='ocrx_word' id='word_1_58' title='bbox 564 937 632 991; x_wconf 88' lang='lat' dir='ltr'><strong>de</strong></span> <span class='ocrx_word' id='word_1_59' title='bbox 690 932 848 987; x_wconf 74' lang='lat' dir='ltr'><strong>rebus</strong></span> <span class='ocrx_word' id='word_1_60' title='bbox 892 930 952 984; x_wconf 89' lang='lat' dir='ltr'><strong>S.</strong></span> <span class='ocrx_word' id='word_1_61' title='bbox 1004 924 1391 983; x_wconf 83' lang='lat' dir='ltr'><strong>Emmerammi</strong></span> <span class='ocrx_word' id='word_1_62' title='bbox 1439 922 1525 978; x_wconf 89' lang='lat' dir='ltr'><strong>bis</strong></span> <span class='ocrx_word' id='word_1_63' title='bbox 1590 916 1847 991; x_wconf 66' lang='lat' dir='ltr'><strong>pracdicto</strong></span> 
     </span>
    </p>
   </div>
   <div class='ocr_carea' id='block_1_9' title="bbox 261 1006 1842 1093">
    <p class='ocr_par' dir='ltr' id='par_1_9' title="bbox 261 1006 1842 1093">
     <span class='ocr_line' id='line_1_11' title="bbox 261 1006 1842 1093; baseline -0.014 -9"><span class='ocrx_word' id='word_1_64' title='bbox 261 1026 496 1084; x_wconf 78' lang='lat' dir='ltr'><strong>Owardo</strong></span> <span class='ocrx_word' id='word_1_65' title='bbox 526 1026 579 1080; x_wconf 90' lang='lat' dir='ltr'><strong>in</strong></span> <span class='ocrx_word' id='word_1_66' title='bbox 606 1022 879 1093; x_wconf 85' lang='lat' dir='ltr'><strong>preprium</strong></span> <span class='ocrx_word' id='word_1_67' title='bbox 899 1014 1286 1090; x_wconf 86' lang='lat' dir='ltr'><strong>perpetualiter</strong></span> <span class='ocrx_word' id='word_1_68' title='bbox 1309 1011 1615 1068; x_wconf 82' lang='lat' dir='ltr'><strong>habendum</strong></span> <span class='ocrx_word' id='word_1_69' title='bbox 1636 1010 1704 1064; x_wconf 89' lang='lat' dir='ltr'><strong>ad</strong></span> <span class='ocrx_word' id='word_1_70' title='bbox 1729 1006 1842 1063; x_wconf 79' lang='lat' dir='ltr'><strong>Ta-</strong></span> 
     </span>
    </p>
   </div>
   <div class='ocr_carea' id='block_1_10' title="bbox 261 1104 1843 1191">
    <p class='ocr_par' dir='ltr' id='par_1_10' title="bbox 261 1104 1843 1191">
     <span class='ocr_line' id='line_1_12' title="bbox 261 1104 1843 1191; baseline -0.013 -18"><span class='ocrx_word' id='word_1_71' title='bbox 261 1119 547 1191; x_wconf 71' lang='lat' dir='ltr'><strong>garatinga</strong></span> <span class='ocrx_word' id='word_1_72' title='bbox 589 1113 875 1170; x_wconf 85' lang='lat' dir='ltr'><strong>ecclesiam</strong></span> <span class='ocrx_word' id='word_1_73' title='bbox 916 1128 969 1175; x_wconf 85' lang='grc' dir='ltr'>ι,</span> <span class='ocrx_word' id='word_1_74' title='bbox 1010 1123 1193 1165; x_wconf 82' lang='lat' dir='ltr'><strong>casam</strong></span> <span class='ocrx_word' id='word_1_75' title='bbox 1223 1120 1345 1162; x_wconf 89' lang='lat' dir='ltr'><strong>cum</strong></span> <span class='ocrx_word' id='word_1_76' title='bbox 1374 1113 1559 1169; x_wconf 89' lang='lat' dir='ltr'><strong>curte,</strong></span> <span class='ocrx_word' id='word_1_77' title='bbox 1590 1104 1843 1157; x_wconf 81' lang='lat' dir='ltr'><strong>horreum</strong></span> 
     </span>
    </p>
   </div>
   <div class='ocr_carea' id='block_1_11' title="bbox 260 1192 1848 1281">
    <p class='ocr_par' dir='ltr' id='par_1_11' title="bbox 260 1192 1848 1281">
     <span class='ocr_line' id='line_1_13' title="bbox 260 1192 1848 1281; baseline -0.011 -17"><span class='ocrx_word' id='word_1_78' title='bbox 260 1223 510 1281; x_wconf 84' lang='lat' dir='ltr'><strong>quoque,</strong></span> <span class='ocrx_word' id='word_1_79' title='bbox 539 1212 704 1276; x_wconf 68' lang='lat' dir='ltr'><strong>strnue</strong></span> <span class='ocrx_word' id='word_1_80' title='bbox 733 1194 1071 1274; x_wconf 67' lang='lat' dir='ltr'><strong>miliarium,</strong></span> <span class='ocrx_word' id='word_1_81' title='bbox 1114 1198 1284 1255; x_wconf 86' lang='lat' dir='ltr'><strong>bobas</strong></span> <span class='ocrx_word' id='word_1_82' title='bbox 1328 1210 1555 1252; x_wconf 83' lang='lat' dir='ltr'><strong>meum</strong></span> <span class='ocrx_word' id='word_1_83' title='bbox 1595 1192 1848 1251; x_wconf 88' lang='lat' dir='ltr'><strong>omnibus</strong></span> 
     </span>
    </p>
   </div>
   <div class='ocr_carea' id='block_1_12' title="bbox 259 1281 1844 1369">
    <p class='ocr_par' dir='ltr' id='par_1_12' title="bbox 259 1281 1844 1369">
     <span class='ocr_line' id='line_1_14' title="bbox 259 1281 1844 1369; baseline -0.011 -16"><span class='ocrx_word' id='word_1_84' title='bbox 259 1296 599 1369; x_wconf 84' lang='lat' dir='ltr'><strong>appendiciis</strong></span> <span class='ocrx_word' id='word_1_85' title='bbox 632 1308 843 1351; x_wconf 82' lang='lat' dir='ltr'><strong>earum.</strong></span> <span class='ocrx_word' id='word_1_86' title='bbox 883 1291 953 1347; x_wconf 80' lang='lat' dir='ltr'><strong>Et</strong></span> <span class='ocrx_word' id='word_1_87' title='bbox 989 1288 1075 1345; x_wconf 86' lang='lat' dir='ltr'><strong>isti</strong></span> <span class='ocrx_word' id='word_1_88' title='bbox 1115 1296 1243 1343; x_wconf 90' lang='lat' dir='ltr'><strong>sunt</strong></span> <span class='ocrx_word' id='word_1_89' title='bbox 1292 1294 1499 1342; x_wconf 83' lang='lat' dir='ltr'><strong>testes:</strong></span> <span class='ocrx_word' id='word_1_90' title='bbox 1548 1281 1844 1346; x_wconf 77' lang='lat' dir='ltr'><strong>Hadamar,</strong></span> 
     </span>
    </p>
   </div>
   <div class='ocr_carea' id='block_1_13' title="bbox 228 1375 1844 1460">
    <p class='ocr_par' dir='ltr' id='par_1_13' title="bbox 228 1375 1844 1460">
     <span class='ocr_line' id='line_1_15' title="bbox 228 1375 1844 1460; baseline -0.009 -15"><span class='ocrx_word' id='word_1_91' title='bbox 228 1388 499 1460; x_wconf 75' lang='lat' dir='ltr'><strong>&#39;Plidger,</strong></span> <span class='ocrx_word' id='word_1_92' title='bbox 546 1386 841 1456; x_wconf 78' lang='lat' dir='ltr'><strong>Leoparto,</strong></span> <span class='ocrx_word' id='word_1_93' title='bbox 892 1380 1171 1451; x_wconf 80' lang='lat' dir='ltr'><strong>Lantl‘rid,</strong></span> <span class='ocrx_word' id='word_1_94' title='bbox 1218 1377 1532 1443; x_wconf 80' lang='lat' dir='ltr'><strong>Cbrel‘tinc,</strong></span> <span class='ocrx_word' id='word_1_95' title='bbox 1571 1375 1844 1441; x_wconf 83' lang='lat' dir='ltr'><strong>Waltrib,</strong></span> 
     </span>
    </p>
   </div>
   <div class='ocr_carea' id='block_1_14' title="bbox 255 1468 1842 1546">
    <p class='ocr_par' dir='ltr' id='par_1_14' title="bbox 255 1468 1842 1546">
     <span class='ocr_line' id='line_1_16' title="bbox 255 1468 1842 1546; baseline -0.011 -7"><span class='ocrx_word' id='word_1_96' title='bbox 255 1482 457 1539; x_wconf 76' lang='lat' dir='ltr'><strong>Albrib</strong></span> <span class='ocrx_word' id='word_1_97' title='bbox 482 1521 498 1546; x_wconf 93' lang='lat'><strong>,</strong></span> <span class='ocrx_word' id='word_1_98' title='bbox 538 1477 849 1544; x_wconf 80' lang='lat' dir='ltr'><strong>Perebtolt,</strong></span> <span class='ocrx_word' id='word_1_99' title='bbox 892 1474 1216 1546; x_wconf 89' lang='lat' dir='ltr'><strong>Sehilpunc,</strong></span> <span class='ocrx_word' id='word_1_100' title='bbox 1247 1472 1479 1534; x_wconf 86' lang='lat' dir='ltr'><strong>Durinc,</strong></span> <span class='ocrx_word' id='word_1_101' title='bbox 1526 1468 1842 1538; x_wconf 79' lang='lat' dir='ltr'><strong>lsauperbt,</strong></span> 
     </span>
    </p>
   </div>
   <div class='ocr_carea' id='block_1_15' title="bbox 258 1562 1840 1646">
    <p class='ocr_par' dir='ltr' id='par_1_15' title="bbox 258 1562 1840 1646">
     <span class='ocr_line' id='line_1_17' title="bbox 258 1562 1840 1646; baseline -0.011 -14"><span class='ocrx_word' id='word_1_102' title='bbox 258 1575 649 1646; x_wconf 71' lang='lat' dir='ltr'><strong>Reiginperbt,</strong></span> <span class='ocrx_word' id='word_1_103' title='bbox 700 1570 1014 1634; x_wconf 74' lang='lat' dir='ltr'><strong>Rbodhart,</strong></span> <span class='ocrx_word' id='word_1_104' title='bbox 1062 1568 1285 1631; x_wconf 84' lang='lat' dir='ltr'><strong>Heimo,</strong></span> <span class='ocrx_word' id='word_1_105' title='bbox 1334 1562 1574 1635; x_wconf 83' lang='lat' dir='ltr'><strong>Eparoll‘,</strong></span> <span class='ocrx_word' id='word_1_106' title='bbox 1620 1562 1840 1632; x_wconf 87' lang='lat' dir='ltr'><strong>Strupo.</strong></span> 
     </span>
    </p>
   </div>
   <div class='ocr_carea' id='block_1_16' title="bbox 258 1653 1845 1723">
    <p class='ocr_par' dir='ltr' id='par_1_16' title="bbox 258 1653 1845 1723">
     <span class='ocr_line' id='line_1_18' title="bbox 258 1653 1845 1723; baseline -0.011 -1"><span class='ocrx_word' id='word_1_107' title='bbox 258 1667 566 1723; x_wconf 78' lang='lat' dir='ltr'><strong>Vestitores</strong></span> <span class='ocrx_word' id='word_1_108' title='bbox 608 1672 664 1720; x_wconf 91' lang='lat' dir='ltr'><strong>et</strong></span> <span class='ocrx_word' id='word_1_109' title='bbox 712 1661 1058 1718; x_wconf 82' lang='lat' dir='ltr'><strong>revestitorcs</strong></span> <span class='ocrx_word' id='word_1_110' title='bbox 1107 1665 1232 1713; x_wconf 89' lang='lat' dir='ltr'><strong>sunt</strong></span> <span class='ocrx_word' id='word_1_111' title='bbox 1282 1653 1627 1717; x_wconf 89' lang='lat' dir='ltr'><strong>llerrandus,</strong></span> <span class='ocrx_word' id='word_1_112' title='bbox 1681 1661 1845 1720; x_wconf 88' lang='lat' dir='ltr'><strong>atque</strong></span> 
     </span>
    </p>
   </div>
   <div class='ocr_carea' id='block_1_17' title="bbox 253 1742 1843 1825">
    <p class='ocr_par' dir='ltr' id='par_1_17' title="bbox 253 1742 1843 1825">
     <span class='ocr_line' id='line_1_19' title="bbox 253 1742 1843 1825; baseline -0.011 -10"><span class='ocrx_word' id='word_1_113' title='bbox 253 1742 607 1817; x_wconf 79' lang='lat' dir='ltr'><strong>Gundbertus</strong></span> <span class='ocrx_word' id='word_1_114' title='bbox 632 1764 794 1825; x_wconf 86' lang='lat' dir='ltr'><strong>atque</strong></span> <span class='ocrx_word' id='word_1_115' title='bbox 819 1750 1115 1823; x_wconf 74' lang='lat' dir='ltr'><strong>Epatolius.</strong></span> <span class='ocrx_word' id='word_1_116' title='bbox 1142 1749 1337 1805; x_wconf 79' lang='lat' dir='ltr'><strong>Actum</strong></span> <span class='ocrx_word' id='word_1_117' title='bbox 1361 1744 1429 1801; x_wconf 88' lang='lat' dir='ltr'><strong>ad</strong></span> <span class='ocrx_word' id='word_1_118' title='bbox 1459 1744 1843 1816; x_wconf 77' lang='lat' dir='ltr'><strong>Regauaspurc</strong></span> 
     </span>
    </p>
   </div>
   <div class='ocr_carea' id='block_1_18' title="bbox 254 1836 1920 1925">
    <p class='ocr_par' dir='ltr' id='par_1_18' title="bbox 254 1836 1920 1925">
     <span class='ocr_line' id='line_1_20' title="bbox 254 1836 1920 1925; baseline -0.014 -16"><span class='ocrx_word' id='word_1_119' title='bbox 254 1869 447 1925; x_wconf 82' lang='lat' dir='ltr'><strong>coram</strong></span> <span class='ocrx_word' id='word_1_120' title='bbox 474 1849 807 1923; x_wconf 73' lang='lat' dir='ltr'><strong>Engildeoue</strong></span> <span class='ocrx_word' id='word_1_121' title='bbox 830 1845 1051 1903; x_wconf 81' lang='lat' dir='ltr'><strong>comite.</strong></span> <span class='ocrx_word' id='word_1_122' title='bbox 1079 1844 1239 1897; x_wconf 81' lang='lat' dir='ltr'><strong>Auno</strong></span> <span class='ocrx_word' id='word_1_123' title='bbox 1265 1836 1477 1897; x_wconf 89' lang='lat' dir='ltr'><strong>Domini</strong></span> <span class='ocrx_word' id='word_1_124' title='bbox 1502 1836 1627 1893; x_wconf 89' lang='lat'><strong>888.</strong></span> <span class='ocrx_word' id='word_1_125' title='bbox 1848 1848 1920 1908; x_wconf 77' lang='grc' dir='ltr'><strong>-Β</strong></span> 
     </span>
    </p>
   </div>
   <div class='ocr_carea' id='block_1_19' title="bbox 228 1966 1840 2047">
    <p class='ocr_par' dir='ltr' id='par_1_19' title="bbox 228 1966 1840 2047">
     <span class='ocr_line' id='line_1_21' title="bbox 228 1966 1840 2047; baseline -0.014 0"><span class='ocrx_word' id='word_1_126' title='bbox 228 1968 389 2047; x_wconf 38' lang='grc' dir='ltr'><strong>’(ΖΑΡ.</strong></span> <span class='ocrx_word' id='word_1_127' title='bbox 412 1987 497 2044; x_wconf 84' lang='lat' dir='ltr'><strong>Ill.</strong></span> <span class='ocrx_word' id='word_1_128' title='bbox 513 2018 586 2030; x_wconf 91' lang='lat'><strong>——</strong></span> <span class='ocrx_word' id='word_1_129' title='bbox 601 1983 951 2042; x_wconf 75' lang='lat' dir='ltr'><strong>Commutatio</strong></span> <span class='ocrx_word' id='word_1_130' title='bbox 973 1982 1107 2035; x_wconf 83' lang='lat' dir='ltr'><strong>inter</strong></span> <span class='ocrx_word' id='word_1_131' title='bbox 1127 1976 1525 2033; x_wconf 76' lang='lat' dir='ltr'><strong>Ambrichonem</strong></span> <span class='ocrx_word' id='word_1_132' title='bbox 1545 1966 1840 2044; x_wconf 71' lang='lat' dir='ltr'><strong>episcopum</strong></span> 
     </span>
    </p>
   </div>
   <div class='ocr_carea' id='block_1_20' title="bbox 541 2048 1559 2128">
    <p class='ocr_par' dir='ltr' id='par_1_20' title="bbox 541 2048 1559 2128">
     <span class='ocr_line' id='line_1_22' title="bbox 541 2048 1559 2128; baseline -0.014 -16"><span class='ocrx_word' id='word_1_133' title='bbox 541 2068 593 2112; x_wconf 83' lang='lat' dir='ltr'><strong>et</strong></span> <span class='ocrx_word' id='word_1_134' title='bbox 622 2055 908 2128; x_wconf 77' lang='lat' dir='ltr'><strong>Rufoldum</strong></span> <span class='ocrx_word' id='word_1_135' title='bbox 945 2064 1100 2123; x_wconf 81' lang='lat' dir='ltr'><strong>atque</strong></span> <span class='ocrx_word' id='word_1_136' title='bbox 1136 2048 1559 2127; x_wconf 60' lang='lat' dir='ltr'><strong>Truttmamtum.</strong></span> 
     </span>
    </p>
   </div>
   <div class='ocr_carea' id='block_1_21' title="bbox 330 2173 1842 2249">
    <p class='ocr_par' dir='ltr' id='par_1_21' title="bbox 330 2173 1842 2249">
     <span class='ocr_line' id='line_1_23' title="bbox 330 2173 1842 2249; baseline -0.014 -3"><span class='ocrx_word' id='word_1_137' title='bbox 330 2190 524 2246; x_wconf 76' lang='lat' dir='ltr'><strong>Notum</strong></span> <span class='ocrx_word' id='word_1_138' title='bbox 556 2188 628 2243; x_wconf 88' lang='lat' dir='ltr'><strong>sit</strong></span> <span class='ocrx_word' id='word_1_139' title='bbox 655 2185 908 2242; x_wconf 88' lang='lat' dir='ltr'><strong>oumibus</strong></span> <span class='ocrx_word' id='word_1_140' title='bbox 940 2181 1193 2237; x_wconf 84' lang='lat' dir='ltr'><strong>ﬁdelibus</strong></span> <span class='ocrx_word' id='word_1_141' title='bbox 1217 2177 1341 2249; x_wconf 87' lang='lat' dir='ltr'><strong>quia</strong></span> <span class='ocrx_word' id='word_1_142' title='bbox 1372 2174 1565 2231; x_wconf 79' lang='lat' dir='ltr'><strong>nobilis</strong></span> <span class='ocrx_word' id='word_1_143' title='bbox 1590 2173 1842 2245; x_wconf 89' lang='lat' dir='ltr'><strong>quidam,</strong></span> 
     </span>
    </p>
   </div>
   <div class='ocr_carea' id='block_1_22' title="bbox 254 2262 1865 2345">
    <p class='ocr_par' dir='ltr' id='par_1_22' title="bbox 254 2262 1865 2345">
     <span class='ocr_line' id='line_1_24' title="bbox 254 2262 1865 2345; baseline -0.014 -8"><span class='ocrx_word' id='word_1_144' title='bbox 254 2281 445 2337; x_wconf 75' lang='lat' dir='ltr'><strong>Bafnlt</strong></span> <span class='ocrx_word' id='word_1_145' title='bbox 492 2277 743 2333; x_wconf 75' lang='lat' dir='ltr'><strong>videlicet</strong></span> <span class='ocrx_word' id='word_1_146' title='bbox 791 2283 955 2345; x_wconf 86' lang='lat' dir='ltr'><strong>atque</strong></span> <span class='ocrx_word' id='word_1_147' title='bbox 1003 2269 1316 2332; x_wconf 87' lang='lat' dir='ltr'><strong>Trubman,</strong></span> <span class='ocrx_word' id='word_1_148' title='bbox 1364 2264 1561 2322; x_wconf 88' lang='lat' dir='ltr'><strong>uterini</strong></span> <span class='ocrx_word' id='word_1_149' title='bbox 1612 2262 1865 2327; x_wconf 71' lang='lat' dir='ltr'><strong>l&#39;ratres,-</strong></span> 
     </span>
    </p>
   </div>
   <div class='ocr_carea' id='block_1_23' title="bbox 253 2351 1843 2426">
    <p class='ocr_par' dir='ltr' id='par_1_23' title="bbox 253 2351 1843 2426">
     <span class='ocr_line' id='line_1_25' title="bbox 253 2351 1843 2426; baseline -0.015 0"><span class='ocrx_word' id='word_1_150' title='bbox 253 2370 602 2426; x_wconf 81' lang='lat' dir='ltr'><strong>tradiderunt</strong></span> <span class='ocrx_word' id='word_1_151' title='bbox 641 2364 707 2421; x_wconf 83' lang='lat' dir='ltr'><strong>ad</strong></span> <span class='ocrx_word' id='word_1_152' title='bbox 753 2364 813 2420; x_wconf 87' lang='lat' dir='ltr'><strong>S.</strong></span> <span class='ocrx_word' id='word_1_153' title='bbox 852 2364 1071 2418; x_wconf 79' lang='lat' dir='ltr'><strong>Petrum</strong></span> <span class='ocrx_word' id='word_1_154' title='bbox 1110 2364 1469 2425; x_wconf 89' lang='lat' dir='ltr'><strong>sanctumque</strong></span> <span class='ocrx_word' id='word_1_155' title='bbox 1506 2351 1599 2407; x_wconf 88' lang='lat' dir='ltr'><strong>Dei</strong></span> <span class='ocrx_word' id='word_1_156' title='bbox 1633 2358 1843 2422; x_wconf 87' lang='lat' dir='ltr'><strong>marty-</strong></span> 
     </span>
    </p>
   </div>
   <div class='ocr_carea' id='block_1_24' title="bbox 256 2443 1845 2522">
    <p class='ocr_par' dir='ltr' id='par_1_24' title="bbox 256 2443 1845 2522">
     <span class='ocr_line' id='line_1_26' title="bbox 256 2443 1845 2522; baseline -0.014 -3"><span class='ocrx_word' id='word_1_157' title='bbox 256 2480 376 2519; x_wconf 90' lang='lat' dir='ltr'><strong>rem</strong></span> <span class='ocrx_word' id='word_1_158' title='bbox 428 2461 889 2517; x_wconf 82' lang='lat' dir='ltr'><strong>Eunuerammum</strong></span> <span class='ocrx_word' id='word_1_159' title='bbox 942 2452 1077 2508; x_wconf 89' lang='lat' dir='ltr'><strong>tales</strong></span> <span class='ocrx_word' id='word_1_160' title='bbox 1130 2446 1490 2522; x_wconf 80' lang='lat' dir='ltr'><strong>proprietates</strong></span> <span class='ocrx_word' id='word_1_161' title='bbox 1538 2443 1729 2515; x_wconf 80' lang='lat' dir='ltr'><strong>quales</strong></span> <span class='ocrx_word' id='word_1_162' title='bbox 1776 2443 1845 2497; x_wconf 87' lang='lat' dir='ltr'><strong>ad</strong></span> 
     </span>
    </p>
   </div>
   <div class='ocr_carea' id='block_1_25' title="bbox 232 2529 1844 2623">
    <p class='ocr_par' dir='ltr' id='par_1_25' title="bbox 232 2529 1844 2623">
     <span class='ocr_line' id='line_1_27' title="bbox 232 2529 1844 2623; baseline -0.015 -14"><span class='ocrx_word' id='word_1_163' title='bbox 232 2532 522 2623; x_wconf 15' lang='lat' dir='ltr'><strong>AStupinga</strong></span> <span class='ocrx_word' id='word_1_164' title='bbox 553 2548 860 2604; x_wconf 84' lang='lat' dir='ltr'><strong>habuerunt</strong></span> <span class='ocrx_word' id='word_1_165' title='bbox 880 2584 896 2609; x_wconf 90' lang='lat'><strong>,</strong></span> <span class='ocrx_word' id='word_1_166' title='bbox 930 2539 1069 2598; x_wconf 89' lang='lat' dir='ltr'><strong>nibil</strong></span> <span class='ocrx_word' id='word_1_167' title='bbox 1095 2548 1250 2595; x_wconf 79' lang='lat' dir='ltr'><strong>extra</strong></span> <span class='ocrx_word' id='word_1_168' title='bbox 1290 2535 1628 2590; x_wconf 87' lang='lat' dir='ltr'><strong>dimittentes</strong></span> <span class='ocrx_word' id='word_1_169' title='bbox 1666 2529 1844 2623; x_wconf 66' lang='lat' dir='ltr'><strong>(ediﬁ-</strong></span> 
     </span>
    </p>
   </div>
   <div class='ocr_carea' id='block_1_26' title="bbox 251 2621 1842 2708">
    <p class='ocr_par' dir='ltr' id='par_1_26' title="bbox 251 2621 1842 2708">
     <span class='ocr_line' id='line_1_28' title="bbox 251 2621 1842 2708; baseline -0.014 -11"><span class='ocrx_word' id='word_1_170' title='bbox 251 2621 393 2707; x_wconf 79' lang='lat' dir='ltr'><strong>ciis,</strong></span> <span class='ocrx_word' id='word_1_171' title='bbox 442 2639 638 2703; x_wconf 88' lang='lat' dir='ltr'><strong>terris,</strong></span> <span class='ocrx_word' id='word_1_172' title='bbox 683 2634 891 2708; x_wconf 81' lang='lat' dir='ltr'><strong>pratis,</strong></span> <span class='ocrx_word' id='word_1_173' title='bbox 941 2630 1190 2704; x_wconf 81' lang='lat' dir='ltr'><strong>pascuis,</strong></span> <span class='ocrx_word' id='word_1_174' title='bbox 1240 2626 1419 2690; x_wconf 88' lang='lat' dir='ltr'><strong>silvis,</strong></span> <span class='ocrx_word' id='word_1_175' title='bbox 1469 2623 1659 2695; x_wconf 82' lang='lat' dir='ltr'><strong>aquis,</strong></span> <span class='ocrx_word' id='word_1_176' title='bbox 1707 2621 1842 2687; x_wconf 88' lang='lat' dir='ltr'><strong>viis,</strong></span> 
     </span>
    </p>
   </div>
   <div class='ocr_carea' id='block_1_27' title="bbox 252 2716 1842 2807">
    <p class='ocr_par' dir='ltr' id='par_1_27' title="bbox 252 2716 1842 2807">
     <span class='ocr_line' id='line_1_29' title="bbox 252 2716 1842 2807; baseline -0.014 -17"><span class='ocrx_word' id='word_1_177' title='bbox 252 2737 389 2806; x_wconf 91' lang='lat' dir='ltr'><strong>quin</strong></span> <span class='ocrx_word' id='word_1_178' title='bbox 417 2747 489 2789; x_wconf 75' lang='lat' dir='ltr'><strong>ex</strong></span> <span class='ocrx_word' id='word_1_179' title='bbox 512 2731 721 2807; x_wconf 71' lang='lat' dir='ltr'><strong>integro</strong></span> <span class='ocrx_word' id='word_1_180' title='bbox 747 2729 811 2783; x_wconf 90' lang='lat' dir='ltr'><strong>ad</strong></span> <span class='ocrx_word' id='word_1_181' title='bbox 838 2726 1127 2799; x_wconf 71' lang='lat' dir='ltr'><strong>praedictos</strong></span> <span class='ocrx_word' id='word_1_182' title='bbox 1156 2729 1372 2777; x_wconf 78' lang='lat' dir='ltr'><strong>sanctos</strong></span> <span class='ocrx_word' id='word_1_183' title='bbox 1416 2716 1842 2780; x_wconf 88' lang='lat' dir='ltr'><strong>contraderent,</strong></span> 
     </span>
    </p>
   </div>
   <div class='ocr_carea' id='block_1_28' title="bbox 257 2810 1842 2883">
    <p class='ocr_par' dir='ltr' id='par_1_28' title="bbox 257 2810 1842 2883">
     <span class='ocr_line' id='line_1_30' title="bbox 257 2810 1842 2883; baseline -0.012 -2"><span class='ocrx_word' id='word_1_184' title='bbox 257 2827 321 2883; x_wconf 93' lang='lat' dir='ltr'><strong>in</strong></span> <span class='ocrx_word' id='word_1_185' title='bbox 351 2840 571 2880; x_wconf 88' lang='lat' dir='ltr'><strong>manum</strong></span> <span class='ocrx_word' id='word_1_186' title='bbox 610 2820 863 2877; x_wconf 82' lang='lat' dir='ltr'><strong>videlicet</strong></span> <span class='ocrx_word' id='word_1_187' title='bbox 907 2815 1292 2873; x_wconf 83' lang='lat' dir='ltr'><strong>Ambricbonis</strong></span> <span class='ocrx_word' id='word_1_188' title='bbox 1336 2828 1459 2869; x_wconf 83' lang='lat' dir='ltr'><strong>ven.</strong></span> <span class='ocrx_word' id='word_1_189' title='bbox 1492 2826 1580 2882; x_wconf 88' lang='lat' dir='ltr'><strong>ep.</strong></span> <span class='ocrx_word' id='word_1_190' title='bbox 1618 2810 1842 2881; x_wconf 76' lang='lat' dir='ltr'><strong>ejusque</strong></span> 
     </span>
    </p>
   </div>
   <div class='ocr_carea' id='block_1_29' title="bbox 252 2900 1845 2974">
    <p class='ocr_par' dir='ltr' id='par_1_29' title="bbox 252 2900 1845 2974">
     <span class='ocr_line' id='line_1_31' title="bbox 252 2900 1845 2974; baseline -0.014 0"><span class='ocrx_word' id='word_1_191' title='bbox 252 2913 507 2974; x_wconf 79' lang='lat' dir='ltr'><strong>advocati</strong></span> <span class='ocrx_word' id='word_1_192' title='bbox 536 2908 890 2969; x_wconf 78' lang='lat' dir='ltr'><strong>Gundeberti.</strong></span> <span class='ocrx_word' id='word_1_193' title='bbox 923 2907 966 2963; x_wconf 87' lang='lat' dir='ltr'><strong>E</strong></span> <span class='ocrx_word' id='word_1_194' title='bbox 999 2914 1186 2963; x_wconf 90' lang='lat' dir='ltr'><strong>contra</strong></span> <span class='ocrx_word' id='word_1_195' title='bbox 1216 2920 1346 2959; x_wconf 91' lang='lat' dir='ltr'><strong>vero</strong></span> <span class='ocrx_word' id='word_1_196' title='bbox 1379 2902 1521 2957; x_wconf 91' lang='lat' dir='ltr'><strong>idem</strong></span> <span class='ocrx_word' id='word_1_197' title='bbox 1548 2900 1845 2954; x_wconf 81' lang='lat' dir='ltr'><strong>advocatus</strong></span> 
     </span>
    </p>
   </div>
   <div class='ocr_carea' id='block_1_30' title="bbox 238 2991 1841 3070">
    <p class='ocr_par' dir='ltr' id='par_1_30' title="bbox 238 2991 1841 3070">
     <span class='ocr_line' id='line_1_32' title="bbox 238 2991 1841 3070; baseline -0.015 -1"><span class='ocrx_word' id='word_1_198' title='bbox 238 3003 909 3068; x_wconf 59' lang='lat' dir='ltr'><strong>rouseutientc&#39;Domino</strong></span> <span class='ocrx_word' id='word_1_199' title='bbox 954 3017 1053 3057; x_wconf 86' lang='lat' dir='ltr'><strong>suo</strong></span> <span class='ocrx_word' id='word_1_200' title='bbox 1097 3016 1185 3070; x_wconf 87' lang='lat' dir='ltr'><strong>ep.</strong></span> <span class='ocrx_word' id='word_1_201' title='bbox 1234 2996 1454 3053; x_wconf 78' lang='lat' dir='ltr'><strong>tradidit</strong></span> <span class='ocrx_word' id='word_1_202' title='bbox 1497 2995 1563 3049; x_wconf 90' lang='lat' dir='ltr'><strong>de</strong></span> <span class='ocrx_word' id='word_1_203' title='bbox 1594 2992 1755 3048; x_wconf 85' lang='lat' dir='ltr'><strong>rebus</strong></span> <span class='ocrx_word' id='word_1_204' title='bbox 1782 2991 1841 3046; x_wconf 83' lang='lat' dir='ltr'><strong>S.</strong></span> 
     </span>
    </p>
   </div>
   <div class='ocr_carea' id='block_1_31' title="bbox 254 3082 1846 3173">
    <p class='ocr_par' dir='ltr' id='par_1_31' title="bbox 254 3082 1846 3173">
     <span class='ocr_line' id='line_1_33' title="bbox 254 3082 1846 3173; baseline -0.017 -12"><span class='ocrx_word' id='word_1_205' title='bbox 254 3098 648 3161; x_wconf 78' lang='lat' dir='ltr'><strong>Emmerammi</strong></span> <span class='ocrx_word' id='word_1_206' title='bbox 688 3098 757 3153; x_wconf 86' lang='lat' dir='ltr'><strong>ad</strong></span> <span class='ocrx_word' id='word_1_207' title='bbox 798 3092 1141 3173; x_wconf 78' lang='lat' dir='ltr'><strong>Punniubart</strong></span> <span class='ocrx_word' id='word_1_208' title='bbox 1181 3086 1425 3161; x_wconf 78' lang='lat' dir='ltr'><strong>praefatis</strong></span> <span class='ocrx_word' id='word_1_209' title='bbox 1452 3082 1724 3141; x_wconf 90' lang='lat' dir='ltr'><strong>nobilibus</strong></span> <span class='ocrx_word' id='word_1_210' title='bbox 1755 3098 1846 3137; x_wconf 90' lang='lat' dir='ltr'><strong>ca-</strong></span> 
     </span>
    </p>
   </div>
   <div class='ocr_carea' id='block_1_32' title="bbox 236 3176 1844 3259">
    <p class='ocr_par' dir='ltr' id='par_1_32' title="bbox 236 3176 1844 3259">
     <span class='ocr_line' id='line_1_34' title="bbox 236 3176 1844 3259; baseline -0.016 -6"><span class='ocrx_word' id='word_1_211' title='bbox 236 3212 374 3259; x_wconf 65' lang='lat' dir='ltr'><strong>,sam</strong></span> <span class='ocrx_word' id='word_1_212' title='bbox 399 3209 527 3251; x_wconf 90' lang='lat' dir='ltr'><strong>cum</strong></span> <span class='ocrx_word' id='word_1_213' title='bbox 548 3199 704 3248; x_wconf 90' lang='lat' dir='ltr'><strong>curte</strong></span> <span class='ocrx_word' id='word_1_214' title='bbox 721 3231 743 3255; x_wconf 86' lang='lat'><strong>,</strong></span> <span class='ocrx_word' id='word_1_215' title='bbox 763 3197 820 3245; x_wconf 92' lang='lat' dir='ltr'><strong>et</strong></span> <span class='ocrx_word' id='word_1_216' title='bbox 841 3189 1095 3244; x_wconf 85' lang='lat' dir='ltr'><strong>horreum</strong></span> <span class='ocrx_word' id='word_1_217' title='bbox 1118 3224 1139 3249; x_wconf 85' lang='lat'><strong>,</strong></span> <span class='ocrx_word' id='word_1_218' title='bbox 1159 3190 1214 3238; x_wconf 89' lang='lat' dir='ltr'><strong>et</strong></span> <span class='ocrx_word' id='word_1_219' title='bbox 1238 3180 1434 3237; x_wconf 87' lang='lat' dir='ltr'><strong>bobam</strong></span> <span class='ocrx_word' id='word_1_220' title='bbox 1462 3194 1514 3246; x_wconf 86' lang='grc' dir='ltr'>ι,</span> <span class='ocrx_word' id='word_1_221' title='bbox 1543 3184 1598 3232; x_wconf 94' lang='lat' dir='ltr'><strong>et</strong></span> <span class='ocrx_word' id='word_1_222' title='bbox 1625 3176 1844 3244; x_wconf 89' lang='lat' dir='ltr'><strong>insuper</strong></span> 
     </span>
    </p>
   </div>
   <div class='ocr_carea' id='block_1_33' title="bbox 240 3276 1841 3356">
    <p class='ocr_par' dir='ltr' id='par_1_33' title="bbox 240 3276 1841 3356">
     <span class='ocr_line' id='line_1_35' title="bbox 240 3276 1841 3356; baseline -0.015 -11"><span class='ocrx_word' id='word_1_223' title='bbox 240 3289 431 3356; x_wconf 75' lang='lat' dir='ltr'><strong>eidem</strong></span> <span class='ocrx_word' id='word_1_224' title='bbox 463 3284 814 3340; x_wconf 85' lang='lat' dir='ltr'><strong>Trubmanno</strong></span> <span class='ocrx_word' id='word_1_225' title='bbox 848 3279 1008 3334; x_wconf 90' lang='lat' dir='ltr'><strong>unius</strong></span> <span class='ocrx_word' id='word_1_226' title='bbox 1052 3290 1194 3331; x_wconf 68' lang='lat' dir='ltr'><strong>arcte</strong></span> <span class='ocrx_word' id='word_1_227' title='bbox 1232 3281 1440 3345; x_wconf 89' lang='lat' dir='ltr'><strong>partem</strong></span> <span class='ocrx_word' id='word_1_228' title='bbox 1487 3286 1542 3335; x_wconf 84' lang='grc' dir='ltr'>ι,</span> <span class='ocrx_word' id='word_1_229' title='bbox 1584 3276 1639 3324; x_wconf 91' lang='lat' dir='ltr'><strong>et</strong></span> <span class='ocrx_word' id='word_1_230' title='bbox 1681 3278 1841 3324; x_wconf 62' lang='lat' dir='ltr'><strong>terra‘.</strong></span> 
     </span>
    </p>
   </div>
   <div class='ocr_carea' id='block_1_34' title="bbox 253 3360 1838 3447">
    <p class='ocr_par' dir='ltr' id='par_1_34' title="bbox 253 3360 1838 3447">
     <span class='ocr_line' id='line_1_36' title="bbox 253 3360 1838 3447; baseline -0.016 -12"><span class='ocrx_word' id='word_1_231' title='bbox 253 3377 480 3436; x_wconf 89' lang='lat' dir='ltr'><strong>arabilis</strong></span> <span class='ocrx_word' id='word_1_232' title='bbox 503 3374 618 3447; x_wconf 75' lang='lat' dir='ltr'><strong>jug.</strong></span> <span class='ocrx_word' id='word_1_233' title='bbox 652 3388 744 3435; x_wconf 83' lang='lat' dir='ltr'><strong>ut,</strong></span> <span class='ocrx_word' id='word_1_234' title='bbox 776 3380 828 3426; x_wconf 89' lang='lat' dir='ltr'><strong>et</strong></span> <span class='ocrx_word' id='word_1_235' title='bbox 859 3369 925 3425; x_wconf 89' lang='lat' dir='ltr'><strong>de</strong></span> <span class='ocrx_word' id='word_1_236' title='bbox 954 3366 1125 3439; x_wconf 87' lang='lat' dir='ltr'><strong>pratis</strong></span> <span class='ocrx_word' id='word_1_237' title='bbox 1150 3362 1362 3420; x_wconf 87' lang='lat' dir='ltr'><strong>carrad.</strong></span> <span class='ocrx_word' id='word_1_238' title='bbox 1392 3376 1409 3415; x_wconf 89' lang='grc' dir='ltr'><strong>ι</strong></span> <span class='ocrx_word' id='word_1_239' title='bbox 1441 3360 1495 3416; x_wconf 91' lang='lat' dir='ltr'><strong>in</strong></span> <span class='ocrx_word' id='word_1_240' title='bbox 1525 3366 1838 3447; x_wconf 71' lang='lat' dir='ltr'><strong>perpetuam</strong></span> 
     </span>
    </p>
   </div>
   <div class='ocr_carea' id='block_1_35' title="bbox 252 3444 1842 3543">
    <p class='ocr_par' dir='ltr' id='par_1_35' title="bbox 252 3444 1842 3543">
     <span class='ocr_line' id='line_1_37' title="bbox 252 3444 1842 3543; baseline -0.019 -17"><span class='ocrx_word' id='word_1_241' title='bbox 252 3444 677 3543; x_wconf 76' lang='lat' dir='ltr'><strong>possessionem.</strong></span> <span class='ocrx_word' id='word_1_242' title='bbox 710 3462 778 3518; x_wconf 81' lang='lat' dir='ltr'><strong>Et</strong></span> <span class='ocrx_word' id='word_1_243' title='bbox 802 3452 892 3515; x_wconf 86' lang='lat' dir='ltr'><strong>isti</strong></span> <span class='ocrx_word' id='word_1_244' title='bbox 920 3466 1048 3515; x_wconf 91' lang='lat' dir='ltr'><strong>sunt</strong></span> <span class='ocrx_word' id='word_1_245' title='bbox 1074 3464 1239 3511; x_wconf 88' lang='lat' dir='ltr'><strong>testes</strong></span> <span class='ocrx_word' id='word_1_246' title='bbox 1265 3471 1278 3508; x_wconf 88' lang='lat'>:</span> <span class='ocrx_word' id='word_1_247' title='bbox 1308 3451 1456 3515; x_wconf 83' lang='lat' dir='ltr'><strong>Avo,</strong></span> <span class='ocrx_word' id='word_1_248' title='bbox 1483 3448 1705 3543; x_wconf 60' lang='lat' dir='ltr'><strong>Sampo,</strong></span> 
     </span>
    </p>
   </div>
   <div class='ocr_carea' id='block_1_36' title="bbox 258 3534 1837 3618">
    <p class='ocr_par' dir='ltr' id='par_1_36' title="bbox 258 3534 1837 3618">
     <span class='ocr_line' id='line_1_38' title="bbox 258 3534 1837 3618; baseline -0.015 -6"><span class='ocrx_word' id='word_1_249' title='bbox 258 3534 548 3618; x_wconf 66' lang='lat' dir='ltr'><strong>rincbart,</strong></span> <span class='ocrx_word' id='word_1_250' title='bbox 603 3548 866 3607; x_wconf 76' lang='lat' dir='ltr'><strong>Macbelm</strong></span> <span class='ocrx_word' id='word_1_251' title='bbox 895 3587 917 3613; x_wconf 94' lang='lat'><strong>,</strong></span> <span class='ocrx_word' id='word_1_252' title='bbox 965 3543 1197 3601; x_wconf 79' lang='lat' dir='ltr'><strong>Askarili</strong></span> <span class='ocrx_word' id='word_1_253' title='bbox 1224 3584 1239 3609; x_wconf 90' lang='lat'><strong>,</strong></span> <span class='ocrx_word' id='word_1_254' title='bbox 1286 3539 1506 3605; x_wconf 83' lang='lat' dir='ltr'><strong>Folrat,</strong></span> <span class='ocrx_word' id='word_1_255' title='bbox 1534 3534 1792 3608; x_wconf 75' lang='grc' dir='ltr'><strong>’Βίριιοιά</strong></span> <span class='ocrx_word' id='word_1_256' title='bbox 1821 3575 1837 3602; x_wconf 86' lang='grc'><em>,</em></span> 
     </span>
    </p>
   </div>
   <div class='ocr_carea' id='block_1_37' title="bbox 254 3639 945 3720">
    <p class='ocr_par' dir='ltr' id='par_1_37' title="bbox 254 3639 945 3720">
     <span class='ocr_line' id='line_1_39' title="bbox 254 3639 945 3720; baseline -0.017 -20"><span class='ocrx_word' id='word_1_257' title='bbox 254 3643 478 3720; x_wconf 80' lang='lat' dir='ltr'><strong>Adalrib</strong></span> <span class='ocrx_word' id='word_1_258' title='bbox 502 3683 516 3708; x_wconf 95' lang='lat'><strong>,</strong></span> <span class='ocrx_word' id='word_1_259' title='bbox 544 3639 779 3696; x_wconf 85' lang='lat' dir='ltr'><strong>Waltrih</strong></span> <span class='ocrx_word' id='word_1_260' title='bbox 802 3678 817 3704; x_wconf 94' lang='lat'><strong>,</strong></span> <span class='ocrx_word' id='word_1_261' title='bbox 839 3647 945 3693; x_wconf 92' lang='lat' dir='ltr'><strong>etc.</strong></span> 
     </span>
    </p>
   </div>
   <div class='ocr_carea' id='block_1_38' title="bbox 389 3762 1715 3835">
    <p class='ocr_par' dir='ltr' id='par_1_38' title="bbox 389 3762 1715 3835">
     <span class='ocr_line' id='line_1_40' title="bbox 389 3762 1715 3835; baseline -0.014 0"><span class='ocrx_word' id='word_1_262' title='bbox 389 3778 520 3835; x_wconf 71' lang='lat' dir='ltr'><strong>Cn.</strong></span> <span class='ocrx_word' id='word_1_263' title='bbox 551 3775 641 3833; x_wconf 82' lang='lat' dir='ltr'><strong>IV.</strong></span> <span class='ocrx_word' id='word_1_264' title='bbox 668 3805 738 3816; x_wconf 92' lang='lat'><strong>—</strong></span> <span class='ocrx_word' id='word_1_265' title='bbox 765 3770 1118 3829; x_wconf 80' lang='lat' dir='ltr'><strong>Commutatio</strong></span> <span class='ocrx_word' id='word_1_266' title='bbox 1148 3769 1286 3822; x_wconf 79' lang='lat' dir='ltr'><strong>inter</strong></span> <span class='ocrx_word' id='word_1_267' title='bbox 1313 3762 1715 3819; x_wconf 81' lang='lat' dir='ltr'><strong>Ambrichonem</strong></span> 
     </span>
    </p>
   </div>
   <div class='ocr_carea' id='block_1_39' title="bbox 671 3838 1420 3916">
    <p class='ocr_par' dir='ltr' id='par_1_39' title="bbox 671 3838 1420 3916">
     <span class='ocr_line' id='line_1_41' title="bbox 671 3838 1420 3916; baseline -0.015 -16"><span class='ocrx_word' id='word_1_268' title='bbox 671 3846 968 3916; x_wconf 74' lang='lat' dir='ltr'><strong>episcopum</strong></span> <span class='ocrx_word' id='word_1_269' title='bbox 994 3852 1040 3896; x_wconf 86' lang='lat' dir='ltr'><strong>et</strong></span> <span class='ocrx_word' id='word_1_270' title='bbox 1071 3838 1420 3893; x_wconf 79' lang='lat' dir='ltr'><strong>Liutbertum.</strong></span> 
     </span>
    </p>
   </div>
   <div class='ocr_carea' id='block_1_40' title="bbox 330 3962 1871 4037">
    <p class='ocr_par' dir='ltr' id='par_1_40' title="bbox 330 3962 1871 4037">
     <span class='ocr_line' id='line_1_42' title="bbox 330 3962 1871 4037; baseline -0.012 0"><span class='ocrx_word' id='word_1_271' title='bbox 330 3979 531 4037; x_wconf 77' lang='lat' dir='ltr'><strong>Notum</strong></span> <span class='ocrx_word' id='word_1_272' title='bbox 554 3976 627 4034; x_wconf 91' lang='lat' dir='ltr'><strong>sit</strong></span> <span class='ocrx_word' id='word_1_273' title='bbox 652 3973 905 4035; x_wconf 85' lang='lat' dir='ltr'><strong>omnibus</strong></span> <span class='ocrx_word' id='word_1_274' title='bbox 931 3979 1134 4028; x_wconf 71' lang='lat' dir='ltr'><strong>sancta:</strong></span> <span class='ocrx_word' id='word_1_275' title='bbox 1158 3968 1251 4024; x_wconf 89' lang='lat' dir='ltr'><strong>Dei</strong></span> <span class='ocrx_word' id='word_1_276' title='bbox 1295 3965 1550 4022; x_wconf 73' lang='lat' dir='ltr'><strong>Ecclesia:</strong></span> <span class='ocrx_word' id='word_1_277' title='bbox 1594 3962 1871 4019; x_wconf 61' lang='lat' dir='ltr'><strong>ﬁdelibus.</strong></span> 
     </span>
    </p>
   </div>
   <div class='ocr_carea' id='block_1_41' title="bbox 256 4053 1844 4143">
    <p class='ocr_par' dir='ltr' id='par_1_41' title="bbox 256 4053 1844 4143">
     <span class='ocr_line' id='line_1_43' title="bbox 256 4053 1844 4143; baseline -0.013 -15"><span class='ocrx_word' id='word_1_278' title='bbox 256 4072 385 4143; x_wconf 85' lang='lat' dir='ltr'><strong>quia</strong></span> <span class='ocrx_word' id='word_1_279' title='bbox 430 4069 626 4126; x_wconf 91' lang='lat' dir='ltr'><strong>nobilis</strong></span> <span class='ocrx_word' id='word_1_280' title='bbox 660 4066 879 4139; x_wconf 91' lang='lat' dir='ltr'><strong>quidam</strong></span> <span class='ocrx_word' id='word_1_281' title='bbox 924 4061 1143 4118; x_wconf 86' lang='lat' dir='ltr'><strong>nomine</strong></span> <span class='ocrx_word' id='word_1_282' title='bbox 1170 4057 1487 4130; x_wconf 78' lang='lat' dir='ltr'><strong>Liutperltt,</strong></span> <span class='ocrx_word' id='word_1_283' title='bbox 1523 4054 1747 4112; x_wconf 88' lang='lat' dir='ltr'><strong>tradidit</strong></span> <span class='ocrx_word' id='word_1_284' title='bbox 1775 4053 1844 4109; x_wconf 88' lang='lat' dir='ltr'><strong>ad</strong></span> 
     </span>
    </p>
   </div>
   <div class='ocr_carea' id='block_1_42' title="bbox 259 4145 1847 4223">
    <p class='ocr_par' dir='ltr' id='par_1_42' title="bbox 259 4145 1847 4223">
     <span class='ocr_line' id='line_1_44' title="bbox 259 4145 1847 4223; baseline -0.013 -3"><span class='ocrx_word' id='word_1_285' title='bbox 259 4165 322 4220; x_wconf 82' lang='lat' dir='ltr'><strong>S.</strong></span> <span class='ocrx_word' id='word_1_286' title='bbox 366 4163 825 4219; x_wconf 80' lang='lat' dir='ltr'><strong>Emmerammum</strong></span> <span class='ocrx_word' id='word_1_287' title='bbox 867 4155 935 4212; x_wconf 90' lang='lat' dir='ltr'><strong>de</strong></span> <span class='ocrx_word' id='word_1_288' title='bbox 973 4153 1106 4210; x_wconf 83' lang='lat' dir='ltr'><strong>silva</strong></span> <span class='ocrx_word' id='word_1_289' title='bbox 1138 4151 1257 4223; x_wconf 84' lang='lat' dir='ltr'><strong>jug.</strong></span> <span class='ocrx_word' id='word_1_290' title='bbox 1300 4165 1406 4205; x_wconf 69' lang='grc' dir='ltr'><strong>ιιι</strong></span> <span class='ocrx_word' id='word_1_291' title='bbox 1449 4149 1504 4203; x_wconf 90' lang='lat' dir='ltr'><strong>in</strong></span> <span class='ocrx_word' id='word_1_292' title='bbox 1548 4147 1667 4203; x_wconf 92' lang='lat' dir='ltr'><strong>loco</strong></span> <span class='ocrx_word' id='word_1_293' title='bbox 1691 4145 1847 4200; x_wconf 87' lang='lat' dir='ltr'><strong>Tuci-</strong></span> 
     </span>
    </p>
   </div>
   <div class='ocr_carea' id='block_1_43' title="bbox 254 4240 1842 4328">
    <p class='ocr_par' dir='ltr' id='par_1_43' title="bbox 254 4240 1842 4328">
     <span class='ocr_line' id='line_1_45' title="bbox 254 4240 1842 4328; baseline -0.013 -16"><span class='ocrx_word' id='word_1_294' title='bbox 254 4257 402 4328; x_wconf 66' lang='lat' dir='ltr'><strong>linga</strong></span> <span class='ocrx_word' id='word_1_295' title='bbox 432 4261 742 4325; x_wconf 79' lang='lat' dir='ltr'><strong>nuncupata</strong></span> <span class='ocrx_word' id='word_1_296' title='bbox 768 4251 822 4307; x_wconf 91' lang='lat' dir='ltr'><strong>in</strong></span> <span class='ocrx_word' id='word_1_297' title='bbox 855 4263 1071 4304; x_wconf 87' lang='lat' dir='ltr'><strong>manum</strong></span> <span class='ocrx_word' id='word_1_298' title='bbox 1111 4243 1358 4300; x_wconf 81' lang='lat' dir='ltr'><strong>videlicet</strong></span> <span class='ocrx_word' id='word_1_299' title='bbox 1397 4240 1673 4297; x_wconf 78' lang='lat' dir='ltr'><strong>Ambrich.</strong></span> <span class='ocrx_word' id='word_1_300' title='bbox 1722 4252 1842 4293; x_wconf 87' lang='lat' dir='ltr'><strong>ven.</strong></span> 
     </span>
    </p>
   </div>
   <div class='ocr_carea' id='block_1_44' title="bbox 254 4327 1846 4416">
    <p class='ocr_par' dir='ltr' id='par_1_44' title="bbox 254 4327 1846 4416">
     <span class='ocr_line' id='line_1_46' title="bbox 254 4327 1846 4416; baseline -0.013 -15"><span class='ocrx_word' id='word_1_301' title='bbox 254 4327 595 4416; x_wconf 15' lang='lat' dir='ltr'><strong>ep.iejusque</strong></span> <span class='ocrx_word' id='word_1_302' title='bbox 614 4339 861 4397; x_wconf 81' lang='lat' dir='ltr'><strong>advocati</strong></span> <span class='ocrx_word' id='word_1_303' title='bbox 884 4334 1202 4393; x_wconf 87' lang='lat' dir='ltr'><strong>Gundberti.</strong></span> <span class='ocrx_word' id='word_1_304' title='bbox 1230 4331 1273 4388; x_wconf 84' lang='lat' dir='ltr'><strong>E</strong></span> <span class='ocrx_word' id='word_1_305' title='bbox 1294 4333 1484 4388; x_wconf 76' lang='lat' dir='ltr'><strong>centra</strong></span> <span class='ocrx_word' id='word_1_306' title='bbox 1511 4344 1639 4385; x_wconf 84' lang='lat' dir='ltr'><strong>vere</strong></span> <span class='ocrx_word' id='word_1_307' title='bbox 1661 4327 1846 4384; x_wconf 87' lang='lat' dir='ltr'><strong>Gund-</strong></span> 
     </span>
    </p>
   </div>
   <div class='ocr_carea' id='block_1_45' title="bbox 254 4418 1845 4508">
    <p class='ocr_par' dir='ltr' id='par_1_45' title="bbox 254 4418 1845 4508">
     <span class='ocr_line' id='line_1_47' title="bbox 254 4418 1845 4508; baseline -0.011 -17"><span class='ocrx_word' id='word_1_308' title='bbox 254 4437 481 4501; x_wconf 89' lang='lat' dir='ltr'><strong>bcrtus,</strong></span> <span class='ocrx_word' id='word_1_309' title='bbox 508 4431 880 4508; x_wconf 80' lang='lat' dir='ltr'><strong>consentiente</strong></span> <span class='ocrx_word' id='word_1_310' title='bbox 905 4426 1130 4483; x_wconf 89' lang='lat' dir='ltr'><strong>Domino</strong></span> <span class='ocrx_word' id='word_1_311' title='bbox 1152 4439 1251 4480; x_wconf 90' lang='lat' dir='ltr'><strong>suo</strong></span> <span class='ocrx_word' id='word_1_312' title='bbox 1279 4438 1391 4493; x_wconf 89' lang='lat' dir='ltr'><strong>ep.,</strong></span> <span class='ocrx_word' id='word_1_313' title='bbox 1420 4420 1641 4476; x_wconf 84' lang='lat' dir='ltr'><strong>tradidit</strong></span> <span class='ocrx_word' id='word_1_314' title='bbox 1670 4418 1845 4475; x_wconf 87' lang='lat' dir='ltr'><strong>eidem</strong></span> 
     </span>
    </p>
   </div>
   <div class='ocr_carea' id='block_1_46' title="bbox 256 4511 1844 4598">
    <p class='ocr_par' dir='ltr' id='par_1_46' title="bbox 256 4511 1844 4598">
     <span class='ocr_line' id='line_1_48' title="bbox 256 4511 1844 4598; baseline -0.013 -14"><span class='ocrx_word' id='word_1_315' title='bbox 256 4527 541 4598; x_wconf 72' lang='lat' dir='ltr'><strong>Liutperto</strong></span> <span class='ocrx_word' id='word_1_316' title='bbox 570 4525 627 4580; x_wconf 89' lang='lat' dir='ltr'><strong>in</strong></span> <span class='ocrx_word' id='word_1_317' title='bbox 654 4523 845 4579; x_wconf 86' lang='lat' dir='ltr'><strong>eodem</strong></span> <span class='ocrx_word' id='word_1_318' title='bbox 871 4520 990 4577; x_wconf 92' lang='lat' dir='ltr'><strong>loco</strong></span> <span class='ocrx_word' id='word_1_319' title='bbox 1011 4518 1080 4574; x_wconf 84' lang='lat' dir='ltr'><strong>de</strong></span> <span class='ocrx_word' id='word_1_320' title='bbox 1106 4516 1242 4571; x_wconf 71' lang='lat' dir='ltr'><strong>silva</strong></span> <span class='ocrx_word' id='word_1_321' title='bbox 1258 4513 1375 4584; x_wconf 81' lang='lat' dir='ltr'><strong>jug.</strong></span> <span class='ocrx_word' id='word_1_322' title='bbox 1405 4529 1442 4598; x_wconf 70' lang='lat' dir='ltr'><strong>t.</strong></span> <span class='ocrx_word' id='word_1_323' title='bbox 1465 4513 1517 4568; x_wconf 91' lang='lat' dir='ltr'><strong>in</strong></span> <span class='ocrx_word' id='word_1_324' title='bbox 1565 4511 1844 4584; x_wconf 87' lang='lat' dir='ltr'><strong>proprium</strong></span> 
     </span>
    </p>
   </div>
   <div class='ocr_carea' id='block_1_47' title="bbox 258 4582 1928 4690">
    <p class='ocr_par' dir='ltr' id='par_1_47' title="bbox 258 4582 1928 4690">
     <span class='ocr_line' id='line_1_49' title="bbox 258 4582 1928 4690; baseline -0.011 -16"><span class='ocrx_word' id='word_1_325' title='bbox 258 4582 652 4690; x_wconf 60' lang='lat' dir='ltr'><strong>perpetualiter</strong></span> <span class='ocrx_word' id='word_1_326' title='bbox 677 4612 1006 4670; x_wconf 80' lang='lat' dir='ltr'><strong>habendum.</strong></span> <span class='ocrx_word' id='word_1_327' title='bbox 1036 4610 1103 4665; x_wconf 85' lang='lat' dir='ltr'><strong>Et</strong></span> <span class='ocrx_word' id='word_1_328' title='bbox 1134 4608 1222 4664; x_wconf 82' lang='lat' dir='ltr'><strong>isti</strong></span> <span class='ocrx_word' id='word_1_329' title='bbox 1258 4582 1394 4662; x_wconf 73' lang='lat' dir='ltr'><strong>sunt</strong></span> <span class='ocrx_word' id='word_1_330' title='bbox 1435 4582 1601 4666; x_wconf 77' lang='lat' dir='ltr'><strong>testes</strong></span> <span class='ocrx_word' id='word_1_331' title='bbox 1647 4602 1846 4657; x_wconf 88' lang='lat' dir='ltr'><strong>Durin-</strong></span> <span class='ocrx_word' id='word_1_332' title='bbox 1881 4582 1928 4641; x_wconf 80' lang='grc' dir='ltr'><strong>Ῑ)</strong></span> 
     </span>
    </p>
   </div>
   <div class='ocr_carea' id='block_1_48' title="bbox 255 4692 1873 4778">
    <p class='ocr_par' dir='ltr' id='par_1_48' title="bbox 255 4692 1873 4778">
     <span class='ocr_line' id='line_1_50' title="bbox 255 4692 1873 4778; baseline -0.011 -13"><span class='ocrx_word' id='word_1_333' title='bbox 255 4710 448 4777; x_wconf 85' lang='lat' dir='ltr'><strong>cbrat,</strong></span> <span class='ocrx_word' id='word_1_334' title='bbox 478 4706 749 4778; x_wconf 81' lang='lat' dir='ltr'><strong>Eparbart</strong></span> <span class='ocrx_word' id='word_1_335' title='bbox 770 4745 789 4775; x_wconf 24' lang='grc' dir='ltr'><strong>,ο</strong></span> <span class='ocrx_word' id='word_1_336' title='bbox 825 4702 1085 4767; x_wconf 83' lang='lat' dir='ltr'><strong>Gammo,</strong></span> <span class='ocrx_word' id='word_1_337' title='bbox 1112 4697 1393 4763; x_wconf 82' lang='lat' dir='ltr'><strong>Piribtilo,</strong></span> <span class='ocrx_word' id='word_1_338' title='bbox 1424 4695 1636 4760; x_wconf 76' lang='lat' dir='ltr'><strong>Rawlt,</strong></span> <span class='ocrx_word' id='word_1_339' title='bbox 1658 4750 1661 4753; x_wconf 82' lang='grc'><strong>,</strong></span> <span class='ocrx_word' id='word_1_340' title='bbox 1681 4692 1873 4759; x_wconf 85' lang='lat' dir='ltr'><strong>Pald,-</strong></span> 
     </span>
    </p>
   </div>
   <div class='ocr_carea' id='block_1_49' title="bbox 257 4803 584 4872">
    <p class='ocr_par' dir='ltr' id='par_1_49' title="bbox 257 4803 584 4872">
     <span class='ocr_line' id='line_1_51' title="bbox 257 4803 584 4872; baseline -0.018 -12"><span class='ocrx_word' id='word_1_341' title='bbox 257 4803 584 4872; x_wconf 87' lang='lat' dir='ltr'><strong>Lantepero.</strong></span> 
     </span>
    </p>
   </div>
   <div class='ocr_carea' id='block_1_50' title="bbox 254 4918 1848 5048">
    <p class='ocr_par' dir='ltr' id='par_1_50' title="bbox 254 4918 1848 5048">
     <span class='ocr_line' id='line_1_52' title="bbox 254 4918 1848 5048; baseline -0.014 -56"><span class='ocrx_word' id='word_1_342' title='bbox 254 4934 394 4992; x_wconf 64' lang='lat' dir='ltr'><strong>Car.</strong></span> <span class='ocrx_word' id='word_1_343' title='bbox 432 4931 500 4988; x_wconf 73' lang='grc' dir='ltr'><strong>ν.</strong></span> <span class='ocrx_word' id='word_1_344' title='bbox 531 4958 601 4972; x_wconf 90' lang='grc'><strong><em>-</em></strong></span> <span class='ocrx_word' id='word_1_345' title='bbox 630 4925 1154 5048; x_wconf 68' lang='lat' dir='ltr'><strong>CommutatioFiuter</strong></span> <span class='ocrx_word' id='word_1_346' title='bbox 1186 4919 1432 4977; x_wconf 80' lang='lat' dir='ltr'><strong>Ambrich</strong></span> <span class='ocrx_word' id='word_1_347' title='bbox 1472 4918 1771 4989; x_wconf 75' lang='lat' dir='ltr'><strong>episcopum</strong></span> <span class='ocrx_word' id='word_1_348' title='bbox 1799 4924 1848 4969; x_wconf 82' lang='lat' dir='ltr'><strong>et</strong></span> 
     </span>
     <span class='ocr_line' id='line_1_53' title="bbox 1020 5010 1139 5048; baseline -0.008 0"><span class='ocrx_word' id='word_1_349' title='bbox 1020 5010 1139 5048; x_wconf 82' lang='lat' dir='ltr'><strong>rm.</strong></span> 
     </span>
    </p>
   </div>
   <div class='ocr_carea' id='block_1_51' title="bbox 1020 5010 1139 5049">
    <p class='ocr_par' dir='ltr' id='par_1_51' title="bbox 1020 5010 1139 5049">
     <span class='ocr_line' id='line_1_54' title="bbox 1020 5010 1139 5049; baseline 0 -2"><span class='ocrx_word' id='word_1_350' title='bbox 1020 5010 1139 5049; x_wconf 68' lang='lat' dir='ltr'><strong>nec.</strong></span> 
     </span>
    </p>
   </div>
   <div class='ocr_carea' id='block_1_52' title="bbox 330 5122 1845 5211">
    <p class='ocr_par' dir='ltr' id='par_1_52' title="bbox 330 5122 1845 5211">
     <span class='ocr_line' id='line_1_55' title="bbox 330 5122 1845 5211; baseline -0.013 -15"><span class='ocrx_word' id='word_1_351' title='bbox 330 5137 680 5211; x_wconf 84' lang='lat' dir='ltr'><strong>Comperiant</strong></span> <span class='ocrx_word' id='word_1_352' title='bbox 701 5147 894 5190; x_wconf 86' lang='lat' dir='ltr'><strong>omnes</strong></span> <span class='ocrx_word' id='word_1_353' title='bbox 939 5129 1125 5187; x_wconf 81' lang='lat' dir='ltr'><strong>ﬁdeles</strong></span> <span class='ocrx_word' id='word_1_354' title='bbox 1151 5128 1278 5199; x_wconf 88' lang='lat' dir='ltr'><strong>quia</strong></span> <span class='ocrx_word' id='word_1_355' title='bbox 1307 5125 1463 5181; x_wconf 82' lang='lat' dir='ltr'><strong>Fries</strong></span> <span class='ocrx_word' id='word_1_356' title='bbox 1498 5122 1716 5193; x_wconf 88' lang='lat' dir='ltr'><strong>quidam</strong></span> <span class='ocrx_word' id='word_1_357' title='bbox 1744 5135 1845 5177; x_wconf 78' lang='grc' dir='ltr'><strong>1ιο-</strong></span> 
     </span>
    </p>
   </div>
   <div class='ocr_carea' id='block_1_53' title="bbox 252 5213 1844 5291">
    <p class='ocr_par' dir='ltr' id='par_1_53' title="bbox 252 5213 1844 5291">
     <span class='ocr_line' id='line_1_56' title="bbox 252 5213 1844 5291; baseline -0.014 -1"><span class='ocrx_word' id='word_1_358' title='bbox 252 5232 389 5291; x_wconf 79' lang='lat' dir='ltr'><strong>bilis</strong></span> <span class='ocrx_word' id='word_1_359' title='bbox 413 5229 638 5287; x_wconf 85' lang='lat' dir='ltr'><strong>tradidit</strong></span> <span class='ocrx_word' id='word_1_360' title='bbox 673 5226 741 5283; x_wconf 89' lang='lat' dir='ltr'><strong>ad</strong></span> <span class='ocrx_word' id='word_1_361' title='bbox 784 5224 846 5282; x_wconf 85' lang='lat' dir='ltr'><strong>S.</strong></span> <span class='ocrx_word' id='word_1_362' title='bbox 874 5223 1333 5279; x_wconf 84' lang='lat' dir='ltr'><strong>Emmerammnm</strong></span> <span class='ocrx_word' id='word_1_363' title='bbox 1371 5218 1438 5275; x_wconf 90' lang='lat' dir='ltr'><strong>ad</strong></span> <span class='ocrx_word' id='word_1_364' title='bbox 1481 5213 1844 5285; x_wconf 82' lang='lat' dir='ltr'><strong>Geiluuaspab</strong></span> 
     </span>
    </p>
   </div>
   <div class='ocr_carea' id='block_1_54' title="bbox 258 5308 1843 5399">
    <p class='ocr_par' dir='ltr' id='par_1_54' title="bbox 258 5308 1843 5399">
     <span class='ocr_line' id='line_1_57' title="bbox 258 5308 1843 5399; baseline -0.014 -17"><span class='ocrx_word' id='word_1_365' title='bbox 258 5333 543 5399; x_wconf 76' lang='lat' dir='ltr'><strong>pratorum</strong></span> <span class='ocrx_word' id='word_1_366' title='bbox 582 5319 698 5393; x_wconf 78' lang='lat' dir='ltr'><strong>jug.</strong></span> <span class='ocrx_word' id='word_1_367' title='bbox 741 5332 803 5372; x_wconf 90' lang='grc' dir='ltr'><strong>ιιι</strong></span> <span class='ocrx_word' id='word_1_368' title='bbox 836 5316 891 5371; x_wconf 89' lang='lat' dir='ltr'><strong>in</strong></span> <span class='ocrx_word' id='word_1_369' title='bbox 926 5326 1148 5370; x_wconf 80' lang='lat' dir='ltr'><strong>manum</strong></span> <span class='ocrx_word' id='word_1_370' title='bbox 1189 5308 1567 5366; x_wconf 78' lang='lat' dir='ltr'><strong>Ambricbouis</strong></span> <span class='ocrx_word' id='word_1_371' title='bbox 1602 5321 1726 5365; x_wconf 83' lang='lat' dir='ltr'><strong>ven.</strong></span> <span class='ocrx_word' id='word_1_372' title='bbox 1757 5320 1843 5375; x_wconf 89' lang='lat' dir='ltr'><strong>ep.</strong></span> 
     </span>
    </p>
   </div>
   <div class='ocr_carea' id='block_1_55' title="bbox 252 5396 1844 5486">
    <p class='ocr_par' dir='ltr' id='par_1_55' title="bbox 252 5396 1844 5486">
     <span class='ocr_line' id='line_1_58' title="bbox 252 5396 1844 5486; baseline -0.013 -16"><span class='ocrx_word' id='word_1_373' title='bbox 252 5396 489 5486; x_wconf 57' lang='lat' dir='ltr'><strong>ejusque</strong></span> <span class='ocrx_word' id='word_1_374' title='bbox 531 5407 778 5466; x_wconf 85' lang='lat' dir='ltr'><strong>advocati</strong></span> <span class='ocrx_word' id='word_1_375' title='bbox 826 5401 1146 5476; x_wconf 84' lang='lat' dir='ltr'><strong>Eparbardi.</strong></span> <span class='ocrx_word' id='word_1_376' title='bbox 1187 5400 1233 5456; x_wconf 81' lang='grc' dir='ltr'><strong>Ε</strong></span> <span class='ocrx_word' id='word_1_377' title='bbox 1278 5410 1470 5455; x_wconf 89' lang='lat' dir='ltr'><strong>contra</strong></span> <span class='ocrx_word' id='word_1_378' title='bbox 1520 5412 1650 5455; x_wconf 88' lang='lat' dir='ltr'><strong>vero</strong></span> <span class='ocrx_word' id='word_1_379' title='bbox 1702 5396 1844 5451; x_wconf 85' lang='lat' dir='ltr'><strong>idem</strong></span> 
     </span>
    </p>
   </div>
   <div class='ocr_carea' id='block_1_56' title="bbox 262 5487 1849 5578">
    <p class='ocr_par' dir='ltr' id='par_1_56' title="bbox 262 5487 1849 5578">
     <span class='ocr_line' id='line_1_59' title="bbox 262 5487 1849 5578; baseline -0.012 -17"><span class='ocrx_word' id='word_1_380' title='bbox 262 5501 611 5578; x_wconf 79' lang='lat' dir='ltr'><strong>Eparbardus</strong></span> <span class='ocrx_word' id='word_1_381' title='bbox 630 5513 754 5555; x_wconf 92' lang='lat' dir='ltr'><strong>cum</strong></span> <span class='ocrx_word' id='word_1_382' title='bbox 797 5494 1010 5552; x_wconf 86' lang='lat' dir='ltr'><strong>licentia</strong></span> <span class='ocrx_word' id='word_1_383' title='bbox 1038 5490 1278 5562; x_wconf 85' lang='lat' dir='ltr'><strong>episcopi</strong></span> <span class='ocrx_word' id='word_1_384' title='bbox 1323 5489 1547 5546; x_wconf 83' lang='lat' dir='ltr'><strong>tradidit</strong></span> <span class='ocrx_word' id='word_1_385' title='bbox 1587 5487 1849 5559; x_wconf 62' lang='lat' dir='ltr'><strong>pradicto</strong></span> 
     </span>
    </p>
   </div>
   <div class='ocr_carea' id='block_1_57' title="bbox 254 5577 1847 5661">
    <p class='ocr_par' dir='ltr' id='par_1_57' title="bbox 254 5577 1847 5661">
     <span class='ocr_line' id='line_1_60' title="bbox 254 5577 1847 5661; baseline -0.012 -11"><span class='ocrx_word' id='word_1_386' title='bbox 254 5591 433 5650; x_wconf 77' lang='lat' dir='ltr'><strong>nobili</strong></span> <span class='ocrx_word' id='word_1_387' title='bbox 482 5598 761 5661; x_wconf 84' lang='lat' dir='ltr'><strong>pratorum</strong></span> <span class='ocrx_word' id='word_1_388' title='bbox 804 5584 916 5657; x_wconf 73' lang='lat' dir='ltr'><strong>ing.</strong></span> <span class='ocrx_word' id='word_1_389' title='bbox 973 5599 1013 5641; x_wconf 89' lang='grc' dir='ltr'><strong>ιι</strong></span> <span class='ocrx_word' id='word_1_390' title='bbox 1062 5583 1129 5639; x_wconf 90' lang='lat' dir='ltr'><strong>ad</strong></span> <span class='ocrx_word' id='word_1_391' title='bbox 1173 5578 1431 5651; x_wconf 73' lang='lat' dir='ltr'><strong>Guttiuga</strong></span> <span class='ocrx_word' id='word_1_392' title='bbox 1462 5578 1518 5640; x_wconf 88' lang='lat' dir='ltr'><strong>in</strong></span> <span class='ocrx_word' id='word_1_393' title='bbox 1571 5577 1847 5648; x_wconf 90' lang='lat' dir='ltr'><strong>proprium</strong></span> 
     </span>
    </p>
   </div>
   <div class='ocr_carea' id='block_1_58' title="bbox 262 5666 1846 5740">
    <p class='ocr_par' dir='ltr' id='par_1_58' title="bbox 262 5666 1846 5740">
     <span class='ocr_line' id='line_1_61' title="bbox 262 5666 1846 5740; baseline -0.011 0"><span class='ocrx_word' id='word_1_394' title='bbox 262 5681 593 5740; x_wconf 78' lang='lat' dir='ltr'><strong>habendum.</strong></span> <span class='ocrx_word' id='word_1_395' title='bbox 656 5676 724 5732; x_wconf 82' lang='lat' dir='ltr'><strong>Et</strong></span> <span class='ocrx_word' id='word_1_396' title='bbox 772 5677 863 5732; x_wconf 86' lang='lat' dir='ltr'><strong>isti</strong></span> <span class='ocrx_word' id='word_1_397' title='bbox 915 5683 1040 5731; x_wconf 88' lang='lat' dir='ltr'><strong>sunt</strong></span> <span class='ocrx_word' id='word_1_398' title='bbox 1086 5680 1254 5731; x_wconf 79' lang='lat' dir='ltr'><strong>testes</strong></span> <span class='ocrx_word' id='word_1_399' title='bbox 1300 5687 1316 5726; x_wconf 90' lang='lat'><strong>:</strong></span> <span class='ocrx_word' id='word_1_400' title='bbox 1368 5666 1596 5737; x_wconf 74' lang='lat' dir='ltr'><strong>Betti-ib,</strong></span> <span class='ocrx_word' id='word_1_401' title='bbox 1650 5667 1846 5736; x_wconf 74' lang='lat' dir='ltr'><strong>ltatolt,</strong></span> 
     </span>
    </p>
   </div>
   <div class='ocr_carea' id='block_1_59' title="bbox 254 5768 841 5839">
    <p class='ocr_par' dir='ltr' id='par_1_59' title="bbox 254 5768 841 5839">
     <span class='ocr_line' id='line_1_62' title="bbox 254 5768 841 5839; baseline -0.015 -8"><span class='ocrx_word' id='word_1_402' title='bbox 254 5771 532 5837; x_wconf 57' lang='lat' dir='ltr'><strong>Adalhuu,</strong></span> <span class='ocrx_word' id='word_1_403' title='bbox 550 5768 841 5839; x_wconf 77' lang='lat' dir='ltr'><strong>Hiltipero.</strong></span> 
     </span>
    </p>
   </div>
   <div class='ocr_carea' id='block_1_60' title="bbox 2019 662 3529 739">
    <p class='ocr_par' dir='ltr' id='par_1_60' title="bbox 2019 662 3529 739">
     <span class='ocr_line' id='line_1_63' title="bbox 2019 662 3529 739; baseline 0.002 -19"><span class='ocrx_word' id='word_1_404' title='bbox 2019 664 2241 720; x_wconf 81' lang='lat' dir='ltr'><strong>Cunctis</strong></span> <span class='ocrx_word' id='word_1_405' title='bbox 2284 663 2507 735; x_wconf 84' lang='lat' dir='ltr'><strong>pateﬁat</strong></span> <span class='ocrx_word' id='word_1_406' title='bbox 2552 662 2798 720; x_wconf 87' lang='lat' dir='ltr'><strong>ﬁdelibus</strong></span> <span class='ocrx_word' id='word_1_407' title='bbox 2846 664 2972 739; x_wconf 82' lang='lat' dir='ltr'><strong>quia</strong></span> <span class='ocrx_word' id='word_1_408' title='bbox 3018 664 3211 720; x_wconf 84' lang='lat' dir='ltr'><strong>nobilis</strong></span> <span class='ocrx_word' id='word_1_409' title='bbox 3270 666 3529 736; x_wconf 89' lang='lat' dir='ltr'><strong>quidam,</strong></span> 
     </span>
    </p>
   </div>
   <div class='ocr_carea' id='block_1_61' title="bbox 1951 751 3531 825">
    <p class='ocr_par' dir='ltr' id='par_1_61' title="bbox 1951 751 3531 825">
     <span class='ocr_line' id='line_1_64' title="bbox 1951 751 3531 825; baseline 0.005 -19"><span class='ocrx_word' id='word_1_410' title='bbox 1951 753 2169 808; x_wconf 88' lang='lat' dir='ltr'><strong>nomine</strong></span> <span class='ocrx_word' id='word_1_411' title='bbox 2202 751 2537 825; x_wconf 82' lang='lat' dir='ltr'><strong>Vuoll‘perht,</strong></span> <span class='ocrx_word' id='word_1_412' title='bbox 2587 754 2807 809; x_wconf 89' lang='lat' dir='ltr'><strong>tradidit</strong></span> <span class='ocrx_word' id='word_1_413' title='bbox 2849 753 2917 810; x_wconf 81' lang='lat' dir='ltr'><strong>ad</strong></span> <span class='ocrx_word' id='word_1_414' title='bbox 2961 752 3021 809; x_wconf 90' lang='lat' dir='ltr'><strong>S.</strong></span> <span class='ocrx_word' id='word_1_415' title='bbox 3073 754 3531 814; x_wconf 76' lang='lat' dir='ltr'><strong>Emmerauunum</strong></span> 
     </span>
    </p>
   </div>
   <div class='ocr_carea' id='block_1_62' title="bbox 1949 842 3537 915">
    <p class='ocr_par' dir='ltr' id='par_1_62' title="bbox 1949 842 3537 915">
     <span class='ocr_line' id='line_1_65' title="bbox 1949 842 3537 915; baseline 0.004 -18"><span class='ocrx_word' id='word_1_416' title='bbox 1949 859 2105 897; x_wconf 87' lang='lat' dir='ltr'><strong>suum</strong></span> <span class='ocrx_word' id='word_1_417' title='bbox 2128 844 2404 915; x_wconf 88' lang='lat' dir='ltr'><strong>proprimn</strong></span> <span class='ocrx_word' id='word_1_418' title='bbox 2436 859 2651 900; x_wconf 88' lang='lat' dir='ltr'><strong>servum</strong></span> <span class='ocrx_word' id='word_1_419' title='bbox 2681 842 3025 899; x_wconf 75' lang='lat' dir='ltr'><strong>Antbelmum</strong></span> <span class='ocrx_word' id='word_1_420' title='bbox 3048 854 3106 899; x_wconf 86' lang='lat' dir='ltr'><strong>et</strong></span> <span class='ocrx_word' id='word_1_421' title='bbox 3133 855 3291 900; x_wconf 74' lang='lat' dir='ltr'><strong>terra:</strong></span> <span class='ocrx_word' id='word_1_422' title='bbox 3314 847 3537 905; x_wconf 81' lang='lat' dir='ltr'><strong>arabilis</strong></span> 
     </span>
    </p>
   </div>
   <div class='ocr_carea' id='block_1_63' title="bbox 1942 938 3538 1011">
    <p class='ocr_par' dir='ltr' id='par_1_63' title="bbox 1942 938 3538 1011">
     <span class='ocr_line' id='line_1_66' title="bbox 1942 938 3538 1011; baseline 0.004 -20"><span class='ocrx_word' id='word_1_423' title='bbox 1942 938 2133 1010; x_wconf 72' lang='lat' dir='ltr'><strong>jugera</strong></span> <span class='ocrx_word' id='word_1_424' title='bbox 2166 955 2199 994; x_wconf 75' lang='grc' dir='ltr'><strong>ι</strong></span> <span class='ocrx_word' id='word_1_425' title='bbox 2247 938 2312 993; x_wconf 86' lang='lat' dir='ltr'><strong>ad</strong></span> <span class='ocrx_word' id='word_1_426' title='bbox 2355 938 2631 1011; x_wconf 76' lang='lat' dir='ltr'><strong>Snudinga</strong></span> <span class='ocrx_word' id='word_1_427' title='bbox 2663 939 2716 995; x_wconf 92' lang='lat' dir='ltr'><strong>in</strong></span> <span class='ocrx_word' id='word_1_428' title='bbox 2760 955 2979 996; x_wconf 86' lang='lat' dir='ltr'><strong>manum</strong></span> <span class='ocrx_word' id='word_1_429' title='bbox 3028 941 3278 998; x_wconf 83' lang='lat' dir='ltr'><strong>videlicet</strong></span> <span class='ocrx_word' id='word_1_430' title='bbox 3321 943 3538 998; x_wconf 72' lang='lat' dir='ltr'><strong>Amini-</strong></span> 
     </span>
    </p>
   </div>
   <div class='ocr_carea' id='block_1_64' title="bbox 1949 1032 3537 1105">
    <p class='ocr_par' dir='ltr' id='par_1_64' title="bbox 1949 1032 3537 1105">
     <span class='ocr_line' id='line_1_67' title="bbox 1949 1032 3537 1105; baseline 0.004 -18"><span class='ocrx_word' id='word_1_431' title='bbox 1949 1033 2139 1089; x_wconf 88' lang='lat' dir='ltr'><strong>cbonis</strong></span> <span class='ocrx_word' id='word_1_432' title='bbox 2163 1049 2283 1089; x_wconf 86' lang='lat' dir='ltr'><strong>ven.</strong></span> <span class='ocrx_word' id='word_1_433' title='bbox 2310 1049 2398 1105; x_wconf 90' lang='lat' dir='ltr'><strong>ep.</strong></span> <span class='ocrx_word' id='word_1_434' title='bbox 2420 1032 2645 1104; x_wconf 88' lang='lat' dir='ltr'><strong>ejusque</strong></span> <span class='ocrx_word' id='word_1_435' title='bbox 2668 1032 2918 1089; x_wconf 85' lang='lat' dir='ltr'><strong>advocati</strong></span> <span class='ocrx_word' id='word_1_436' title='bbox 2948 1032 3243 1090; x_wconf 76' lang='lat' dir='ltr'><strong>Adaiberti.</strong></span> <span class='ocrx_word' id='word_1_437' title='bbox 3279 1035 3321 1090; x_wconf 85' lang='lat' dir='ltr'><strong>E</strong></span> <span class='ocrx_word' id='word_1_438' title='bbox 3342 1044 3537 1094; x_wconf 82' lang='lat' dir='ltr'><strong>contra</strong></span> 
     </span>
    </p>
   </div>
   <div class='ocr_carea' id='block_1_65' title="bbox 1947 1122 3537 1194">
    <p class='ocr_par' dir='ltr' id='par_1_65' title="bbox 1947 1122 3537 1194">
     <span class='ocr_line' id='line_1_68' title="bbox 1947 1122 3537 1194; baseline 0.003 -18"><span class='ocrx_word' id='word_1_439' title='bbox 1947 1139 2079 1177; x_wconf 84' lang='lat' dir='ltr'><strong>vero</strong></span> <span class='ocrx_word' id='word_1_440' title='bbox 2105 1123 2245 1177; x_wconf 90' lang='lat' dir='ltr'><strong>idem</strong></span> <span class='ocrx_word' id='word_1_441' title='bbox 2270 1122 2618 1188; x_wconf 86' lang='lat' dir='ltr'><strong>Adalbertus,</strong></span> <span class='ocrx_word' id='word_1_442' title='bbox 2646 1122 3019 1179; x_wconf 85' lang='lat' dir='ltr'><strong>consentiente</strong></span> <span class='ocrx_word' id='word_1_443' title='bbox 3045 1124 3267 1179; x_wconf 83' lang='lat' dir='ltr'><strong>domino</strong></span> <span class='ocrx_word' id='word_1_444' title='bbox 3301 1141 3400 1181; x_wconf 87' lang='lat' dir='ltr'><strong>suo</strong></span> <span class='ocrx_word' id='word_1_445' title='bbox 3425 1125 3537 1194; x_wconf 85' lang='lat' dir='ltr'><strong>epi-</strong></span> 
     </span>
    </p>
   </div>
   <div class='ocr_carea' id='block_1_66' title="bbox 1947 1212 3569 1287">
    <p class='ocr_par' dir='ltr' id='par_1_66' title="bbox 1947 1212 3569 1287">
     <span class='ocr_line' id='line_1_69' title="bbox 1947 1212 3569 1287; baseline 0.002 -18"><span class='ocrx_word' id='word_1_446' title='bbox 1947 1229 2137 1282; x_wconf 85' lang='lat' dir='ltr'><strong>se0po,</strong></span> <span class='ocrx_word' id='word_1_447' title='bbox 2177 1212 2402 1281; x_wconf 85' lang='lat' dir='ltr'><strong>tradidit</strong></span> <span class='ocrx_word' id='word_1_448' title='bbox 2432 1214 2499 1270; x_wconf 89' lang='lat' dir='ltr'><strong>de</strong></span> <span class='ocrx_word' id='word_1_449' title='bbox 2547 1214 2711 1270; x_wconf 88' lang='lat' dir='ltr'><strong>rebus</strong></span> <span class='ocrx_word' id='word_1_450' title='bbox 2748 1213 2808 1269; x_wconf 86' lang='lat' dir='ltr'><strong>S.</strong></span> <span class='ocrx_word' id='word_1_451' title='bbox 2855 1213 3569 1287; x_wconf 30' lang='lat' dir='ltr'><strong>Emmerammllpraedietm</strong></span> 
     </span>
    </p>
   </div>
   <div class='ocr_carea' id='block_1_67' title="bbox 1948 1304 3569 1377">
    <p class='ocr_par' dir='ltr' id='par_1_67' title="bbox 1948 1304 3569 1377">
     <span class='ocr_line' id='line_1_70' title="bbox 1948 1304 3569 1377; baseline 0.003 -17"><span class='ocrx_word' id='word_1_452' title='bbox 1948 1304 2113 1361; x_wconf 90' lang='lat' dir='ltr'><strong>nobili</strong></span> <span class='ocrx_word' id='word_1_453' title='bbox 2146 1304 2447 1361; x_wconf 83' lang='lat' dir='ltr'><strong>Wolfberto</strong></span> <span class='ocrx_word' id='word_1_454' title='bbox 2471 1306 2668 1362; x_wconf 86' lang='lat' dir='ltr'><strong>ibidem</strong></span> <span class='ocrx_word' id='word_1_455' title='bbox 2699 1307 2766 1361; x_wconf 90' lang='lat' dir='ltr'><strong>ad</strong></span> <span class='ocrx_word' id='word_1_456' title='bbox 2790 1306 3067 1377; x_wconf 75' lang='lat' dir='ltr'><strong>Snudinga</strong></span> <span class='ocrx_word' id='word_1_457' title='bbox 3098 1322 3261 1362; x_wconf 90' lang='lat' dir='ltr'><strong>unum</strong></span> <span class='ocrx_word' id='word_1_458' title='bbox 3292 1322 3534 1374; x_wconf 88' lang='lat' dir='ltr'><strong>servum,</strong></span> <span class='ocrx_word' id='word_1_459' title='bbox 3560 1356 3569 1365; x_wconf 90' lang='lat'><strong>.</strong></span> 
     </span>
    </p>
   </div>
   <div class='ocr_carea' id='block_1_68' title="bbox 1946 1394 3536 1470">
    <p class='ocr_par' dir='ltr' id='par_1_68' title="bbox 1946 1394 3536 1470">
     <span class='ocr_line' id='line_1_71' title="bbox 1946 1394 3536 1470; baseline 0.003 -18"><span class='ocrx_word' id='word_1_460' title='bbox 1946 1397 2167 1452; x_wconf 84' lang='lat' dir='ltr'><strong>nomine</strong></span> <span class='ocrx_word' id='word_1_461' title='bbox 2208 1394 2576 1463; x_wconf 86' lang='lat' dir='ltr'><strong>Gebaradum,</strong></span> <span class='ocrx_word' id='word_1_462' title='bbox 2625 1406 2679 1453; x_wconf 92' lang='lat' dir='ltr'><strong>et</strong></span> <span class='ocrx_word' id='word_1_463' title='bbox 2709 1405 2866 1453; x_wconf 76' lang='lat' dir='ltr'><strong>terrae</strong></span> <span class='ocrx_word' id='word_1_464' title='bbox 2898 1397 3121 1454; x_wconf 84' lang='lat' dir='ltr'><strong>arabilis</strong></span> <span class='ocrx_word' id='word_1_465' title='bbox 3153 1395 3343 1470; x_wconf 78' lang='lat' dir='ltr'><strong>jugera</strong></span> <span class='ocrx_word' id='word_1_466' title='bbox 3380 1414 3436 1455; x_wconf 75' lang='grc' dir='ltr'>ι.</span> <span class='ocrx_word' id='word_1_467' title='bbox 3465 1398 3536 1457; x_wconf 79' lang='lat' dir='ltr'><strong>Et</strong></span> 
     </span>
    </p>
   </div>
   <div class='ocr_carea' id='block_1_69' title="bbox 1946 1490 3567 1562">
    <p class='ocr_par' dir='ltr' id='par_1_69' title="bbox 1946 1490 3567 1562">
     <span class='ocr_line' id='line_1_72' title="bbox 1946 1490 3567 1562; baseline 0.002 -18"><span class='ocrx_word' id='word_1_468' title='bbox 1946 1491 2033 1545; x_wconf 89' lang='lat' dir='ltr'><strong>isti</strong></span> <span class='ocrx_word' id='word_1_469' title='bbox 2060 1500 2185 1546; x_wconf 88' lang='lat' dir='ltr'><strong>sunt</strong></span> <span class='ocrx_word' id='word_1_470' title='bbox 2214 1499 2379 1548; x_wconf 88' lang='lat' dir='ltr'><strong>testes</strong></span> <span class='ocrx_word' id='word_1_471' title='bbox 2408 1509 2423 1546; x_wconf 88' lang='lat'><strong>:</strong></span> <span class='ocrx_word' id='word_1_472' title='bbox 2460 1490 2746 1558; x_wconf 85' lang='lat' dir='ltr'><strong>Pernbart,</strong></span> <span class='ocrx_word' id='word_1_473' title='bbox 2777 1491 3058 1562; x_wconf 80' lang='lat' dir='ltr'><strong>Antarpot,</strong></span> <span class='ocrx_word' id='word_1_474' title='bbox 3094 1492 3230 1558; x_wconf 80' lang='lat' dir='ltr'><strong>Avo,</strong></span> <span class='ocrx_word' id='word_1_475' title='bbox 3275 1490 3567 1558; x_wconf 19' lang='lat' dir='ltr'><strong>“errant..-</strong></span> 
     </span>
    </p>
   </div>
   <div class='ocr_carea' id='block_1_70' title="bbox 1944 1579 2673 1653">
    <p class='ocr_par' dir='ltr' id='par_1_70' title="bbox 1944 1579 2673 1653">
     <span class='ocr_line' id='line_1_73' title="bbox 1944 1579 2673 1653; baseline 0.001 -17"><span class='ocrx_word' id='word_1_476' title='bbox 1944 1579 2245 1652; x_wconf 81' lang='lat' dir='ltr'><strong>Guudpert,</strong></span> <span class='ocrx_word' id='word_1_477' title='bbox 2278 1581 2673 1653; x_wconf 78' lang='lat' dir='ltr'><strong>Errhanperltt.</strong></span> 
     </span>
    </p>
   </div>
   <div class='ocr_carea' id='block_1_71' title="bbox 1946 1686 3531 1785">
    <p class='ocr_par' dir='ltr' id='par_1_71' title="bbox 1946 1686 3531 1785">
     <span class='ocr_line' id='line_1_74' title="bbox 1946 1686 3531 1785; baseline -0.001 -16"><span class='ocrx_word' id='word_1_478' title='bbox 1946 1712 2076 1769; x_wconf 73' lang='lat' dir='ltr'><strong>CAP.</strong></span> <span class='ocrx_word' id='word_1_479' title='bbox 2124 1711 2230 1768; x_wconf 80' lang='lat' dir='ltr'><strong>Vll.</strong></span> <span class='ocrx_word' id='word_1_480' title='bbox 2261 1744 2333 1753; x_wconf 89' lang='lat'><strong>—-</strong></span> <span class='ocrx_word' id='word_1_481' title='bbox 2362 1710 2762 1785; x_wconf 75' lang='lat' dir='ltr'><strong>Complacitntio</strong></span> <span class='ocrx_word' id='word_1_482' title='bbox 2806 1686 3375 1785; x_wconf 20' lang='lat' dir='ltr'><strong>intcr‘dmbricltonem</strong></span> <span class='ocrx_word' id='word_1_483' title='bbox 3418 1714 3531 1785; x_wconf 81' lang='lat' dir='ltr'><strong>epi-</strong></span> 
     </span>
    </p>
   </div>
   <div class='ocr_carea' id='block_1_72' title="bbox 2299 1782 3181 1854">
    <p class='ocr_par' dir='ltr' id='par_1_72' title="bbox 2299 1782 3181 1854">
     <span class='ocr_line' id='line_1_75' title="bbox 2299 1782 3181 1854; baseline -0.003 -14"><span class='ocrx_word' id='word_1_484' title='bbox 2299 1782 2512 1854; x_wconf 72' lang='lat' dir='ltr'><strong>scopth</strong></span> <span class='ocrx_word' id='word_1_485' title='bbox 2543 1794 2590 1838; x_wconf 84' lang='lat' dir='ltr'><strong>et</strong></span> <span class='ocrx_word' id='word_1_486' title='bbox 2620 1782 2892 1839; x_wconf 79' lang='lat' dir='ltr'><strong>Hittonem</strong></span> <span class='ocrx_word' id='word_1_487' title='bbox 2921 1784 3181 1837; x_wconf 82' lang='lat' dir='ltr'><strong>abbatem.</strong></span> 
     </span>
    </p>
   </div>
   <div class='ocr_carea' id='block_1_73' title="bbox 2020 1915 3569 1989">
    <p class='ocr_par' dir='ltr' id='par_1_73' title="bbox 2020 1915 3569 1989">
     <span class='ocr_line' id='line_1_76' title="bbox 2020 1915 3569 1989; baseline -0.001 -18"><span class='ocrx_word' id='word_1_488' title='bbox 2020 1916 2125 1974; x_wconf 86' lang='lat' dir='ltr'><strong>Per</strong></span> <span class='ocrx_word' id='word_1_489' title='bbox 2175 1917 2438 1974; x_wconf 90' lang='lat' dir='ltr'><strong>cartulam</strong></span> <span class='ocrx_word' id='word_1_490' title='bbox 2468 1933 2589 1989; x_wconf 79' lang='lat' dir='ltr'><strong>qua:</strong></span> <span class='ocrx_word' id='word_1_491' title='bbox 2631 1915 2881 1971; x_wconf 85' lang='lat' dir='ltr'><strong>videlicet</strong></span> <span class='ocrx_word' id='word_1_492' title='bbox 2928 1924 3114 1986; x_wconf 87' lang='lat' dir='ltr'><strong>aperte</strong></span> <span class='ocrx_word' id='word_1_493' title='bbox 3159 1932 3224 1972; x_wconf 89' lang='lat' dir='ltr'><strong>ac</strong></span> <span class='ocrx_word' id='word_1_494' title='bbox 3266 1917 3569 1972; x_wconf 66' lang='lat' dir='ltr'><strong>veraciter</strong></span> 
     </span>
    </p>
   </div>
   <div class='ocr_carea' id='block_1_74' title="bbox 1946 2008 3577 2079">
    <p class='ocr_par' dir='ltr' id='par_1_74' title="bbox 1946 2008 3577 2079">
     <span class='ocr_line' id='line_1_77' title="bbox 1946 2008 3577 2079; baseline -0.001 -14"><span class='ocrx_word' id='word_1_495' title='bbox 1946 2010 2327 2066; x_wconf 87' lang='lat' dir='ltr'><strong>nounullormn</strong></span> <span class='ocrx_word' id='word_1_496' title='bbox 2358 2010 2628 2066; x_wconf 87' lang='lat' dir='ltr'><strong>inseratur</strong></span> <span class='ocrx_word' id='word_1_497' title='bbox 2652 2008 2874 2064; x_wconf 88' lang='lat' dir='ltr'><strong>auribus</strong></span> <span class='ocrx_word' id='word_1_498' title='bbox 2901 2008 3137 2064; x_wconf 86' lang='lat' dir='ltr'><strong>ﬁdelium</strong></span> <span class='ocrx_word' id='word_1_499' title='bbox 3163 2008 3397 2079; x_wconf 85' lang='lat' dir='ltr'><strong>qualiter</strong></span> <span class='ocrx_word' id='word_1_500' title='bbox 3418 2008 3535 2063; x_wconf 73' lang='lat' dir='ltr'><strong>lure</strong></span> <span class='ocrx_word' id='word_1_501' title='bbox 3566 2036 3577 2043; x_wconf 92' lang='lat'><strong>-</strong></span> 
     </span>
    </p>
   </div>
   <div class='ocr_carea' id='block_1_75' title="bbox 1947 2096 3537 2170">
    <p class='ocr_par' dir='ltr' id='par_1_75' title="bbox 1947 2096 3537 2170">
     <span class='ocr_line' id='line_1_78' title="bbox 1947 2096 3537 2170; baseline -0.004 -13"><span class='ocrx_word' id='word_1_502' title='bbox 1947 2099 2347 2170; x_wconf 84' lang='lat' dir='ltr'><strong>complacitatio</strong></span> <span class='ocrx_word' id='word_1_503' title='bbox 2397 2108 2616 2170; x_wconf 87' lang='lat' dir='ltr'><strong>peracta</strong></span> <span class='ocrx_word' id='word_1_504' title='bbox 2670 2098 2760 2152; x_wconf 82' lang='lat' dir='ltr'><strong>sit.</strong></span> <span class='ocrx_word' id='word_1_505' title='bbox 2814 2096 3061 2152; x_wconf 83' lang='lat' dir='ltr'><strong>&#39;l‘radidit</strong></span> <span class='ocrx_word' id='word_1_506' title='bbox 3105 2111 3339 2167; x_wconf 77' lang='lat' dir='ltr'><strong>nutuque</strong></span> <span class='ocrx_word' id='word_1_507' title='bbox 3387 2096 3537 2151; x_wconf 84' lang='lat' dir='ltr'><strong>Hillo</strong></span> 
     </span>
    </p>
   </div>
   <div class='ocr_carea' id='block_1_76' title="bbox 1947 2178 3577 2259">
    <p class='ocr_par' dir='ltr' id='par_1_76' title="bbox 1947 2178 3577 2259">
     <span class='ocr_line' id='line_1_79' title="bbox 1947 2178 3577 2259; baseline -0.002 -13"><span class='ocrx_word' id='word_1_508' title='bbox 1947 2188 2286 2246; x_wconf 82' lang='lat' dir='ltr'><strong>honorabilis</strong></span> <span class='ocrx_word' id='word_1_509' title='bbox 2333 2189 2502 2245; x_wconf 85' lang='lat' dir='ltr'><strong>abbas</strong></span> <span class='ocrx_word' id='word_1_510' title='bbox 2549 2188 2617 2244; x_wconf 87' lang='lat' dir='ltr'><strong>ad</strong></span> <span class='ocrx_word' id='word_1_511' title='bbox 2671 2178 2731 2244; x_wconf 85' lang='lat' dir='ltr'><strong>S.</strong></span> <span class='ocrx_word' id='word_1_512' title='bbox 2763 2187 2984 2243; x_wconf 76' lang='lat' dir='ltr'><strong>Petrum</strong></span> <span class='ocrx_word' id='word_1_513' title='bbox 3029 2198 3387 2259; x_wconf 84' lang='lat' dir='ltr'><strong>sanctumque</strong></span> <span class='ocrx_word' id='word_1_514' title='bbox 3437 2187 3577 2243; x_wconf 76' lang='lat' dir='ltr'><strong>Dci.</strong></span> 
     </span>
    </p>
   </div>
   <div class='ocr_carea' id='block_1_77' title="bbox 1949 2258 3531 2352">
    <p class='ocr_par' dir='ltr' id='par_1_77' title="bbox 1949 2258 3531 2352">
     <span class='ocr_line' id='line_1_80' title="bbox 1949 2258 3531 2352; baseline -0.002 -18"><span class='ocrx_word' id='word_1_515' title='bbox 1949 2288 2244 2352; x_wconf 86' lang='lat' dir='ltr'><strong>martyrem</strong></span> <span class='ocrx_word' id='word_1_516' title='bbox 2273 2268 2734 2333; x_wconf 76' lang='lat' dir='ltr'><strong>Emmeraminum</strong></span> <span class='ocrx_word' id='word_1_517' title='bbox 2765 2276 3114 2347; x_wconf 85' lang='lat' dir='ltr'><strong>proprietatis</strong></span> <span class='ocrx_word' id='word_1_518' title='bbox 3136 2258 3245 2332; x_wconf 59' lang='lat' dir='ltr'><strong>sua?</strong></span> <span class='ocrx_word' id='word_1_519' title='bbox 3269 2258 3437 2333; x_wconf 79' lang='lat' dir='ltr'><strong>bebas</strong></span> <span class='ocrx_word' id='word_1_520' title='bbox 3457 2290 3531 2341; x_wconf 78' lang='lat' dir='ltr'><strong>vr,</strong></span> 
     </span>
    </p>
   </div>
   <div class='ocr_carea' id='block_1_78' title="bbox 1946 2352 3577 2439">
    <p class='ocr_par' dir='ltr' id='par_1_78' title="bbox 1946 2352 3577 2439">
     <span class='ocr_line' id='line_1_81' title="bbox 1946 2352 3577 2439; baseline -0.003 -12"><span class='ocrx_word' id='word_1_521' title='bbox 1946 2386 2072 2427; x_wconf 90' lang='lat' dir='ltr'><strong>cum</strong></span> <span class='ocrx_word' id='word_1_522' title='bbox 2100 2359 2446 2425; x_wconf 51' lang='lat' dir='ltr'><strong>aediﬁciis&#39;et</strong></span> <span class='ocrx_word' id='word_1_523' title='bbox 2487 2352 2778 2438; x_wconf 78' lang='lat' dir='ltr'><strong>mancipiis</strong></span> <span class='ocrx_word' id='word_1_524' title='bbox 2807 2382 2899 2434; x_wconf 82' lang='lat' dir='ltr'><strong>xv,</strong></span> <span class='ocrx_word' id='word_1_525' title='bbox 2940 2364 3236 2438; x_wconf 79' lang='lat' dir='ltr'><strong>Meginberi</strong></span> <span class='ocrx_word' id='word_1_526' title='bbox 3278 2365 3533 2439; x_wconf 79' lang='lat' dir='ltr'><strong>Adalger,</strong></span> <span class='ocrx_word' id='word_1_527' title='bbox 3568 2416 3577 2422; x_wconf 91' lang='lat'><strong>.</strong></span> 
     </span>
    </p>
   </div>
   <div class='ocr_carea' id='block_1_79' title="bbox 1947 2457 3535 2536">
    <p class='ocr_par' dir='ltr' id='par_1_79' title="bbox 1947 2457 3535 2536">
     <span class='ocr_line' id='line_1_82' title="bbox 1947 2457 3535 2536; baseline -0.003 -19"><span class='ocrx_word' id='word_1_528' title='bbox 1947 2461 2091 2527; x_wconf 76' lang='lat' dir='ltr'><strong>Milo,</strong></span> <span class='ocrx_word' id='word_1_529' title='bbox 2124 2459 2448 2532; x_wconf 75' lang='lat' dir='ltr'><strong>Meginlteri,</strong></span> <span class='ocrx_word' id='word_1_530' title='bbox 2483 2458 3099 2531; x_wconf 19' lang='lat' dir='ltr'><strong>WilrlihclmrLiupuni,</strong></span> <span class='ocrx_word' id='word_1_531' title='bbox 3130 2457 3377 2536; x_wconf 61' lang='lat' dir='ltr'><strong>Liupkis,</strong></span> <span class='ocrx_word' id='word_1_532' title='bbox 3405 2459 3535 2513; x_wconf 77' lang='lat' dir='ltr'><strong>Rat-</strong></span> 
     </span>
    </p>
   </div>
   <div class='ocr_carea' id='block_1_80' title="bbox 1946 2550 3537 2623">
    <p class='ocr_par' dir='ltr' id='par_1_80' title="bbox 1946 2550 3537 2623">
     <span class='ocr_line' id='line_1_83' title="bbox 1946 2550 3537 2623; baseline -0.003 -14"><span class='ocrx_word' id='word_1_533' title='bbox 1946 2552 2051 2619; x_wconf 68' lang='lat' dir='ltr'><strong>liis,</strong></span> <span class='ocrx_word' id='word_1_534' title='bbox 2080 2551 2371 2619; x_wconf 77' lang='lat' dir='ltr'><strong>Wolfberi,</strong></span> <span class='ocrx_word' id='word_1_535' title='bbox 2400 2551 2670 2623; x_wconf 87' lang='lat' dir='ltr'><strong>Hiltipirc,</strong></span> <span class='ocrx_word' id='word_1_536' title='bbox 2694 2552 2986 2622; x_wconf 88' lang='lat' dir='ltr'><strong>Deotpurc,</strong></span> <span class='ocrx_word' id='word_1_537' title='bbox 3013 2551 3348 2618; x_wconf 79' lang='lat' dir='ltr'><strong>Adalswind,</strong></span> <span class='ocrx_word' id='word_1_538' title='bbox 3376 2550 3537 2623; x_wconf 86' lang='lat' dir='ltr'><strong>Liup-</strong></span> 
     </span>
    </p>
   </div>
   <div class='ocr_carea' id='block_1_81' title="bbox 1945 2640 3534 2717">
    <p class='ocr_par' dir='ltr' id='par_1_81' title="bbox 1945 2640 3534 2717">
     <span class='ocr_line' id='line_1_84' title="bbox 1945 2640 3534 2717; baseline 0 -18"><span class='ocrx_word' id='word_1_539' title='bbox 1945 2644 2085 2699; x_wconf 90' lang='lat' dir='ltr'><strong>drud</strong></span> <span class='ocrx_word' id='word_1_540' title='bbox 2109 2658 2232 2698; x_wconf 91' lang='lat' dir='ltr'><strong>cum</strong></span> <span class='ocrx_word' id='word_1_541' title='bbox 2256 2644 2467 2699; x_wconf 89' lang='lat' dir='ltr'><strong>duobus</strong></span> <span class='ocrx_word' id='word_1_542' title='bbox 2495 2642 2620 2698; x_wconf 87' lang='lat' dir='ltr'><strong>ﬁliis</strong></span> <span class='ocrx_word' id='word_1_543' title='bbox 2647 2643 2700 2698; x_wconf 91' lang='lat' dir='ltr'><strong>iu</strong></span> <span class='ocrx_word' id='word_1_544' title='bbox 2730 2642 2850 2698; x_wconf 90' lang='lat' dir='ltr'><strong>loco</strong></span> <span class='ocrx_word' id='word_1_545' title='bbox 2872 2640 3112 2714; x_wconf 83' lang='lat' dir='ltr'><strong>Sulzpab</strong></span> <span class='ocrx_word' id='word_1_546' title='bbox 3141 2651 3454 2717; x_wconf 78' lang='lat' dir='ltr'><strong>nuncupata</strong></span> <span class='ocrx_word' id='word_1_547' title='bbox 3477 2644 3534 2699; x_wconf 88' lang='lat' dir='ltr'><strong>in</strong></span> 
     </span>
    </p>
   </div>
   <div class='ocr_carea' id='block_1_82' title="bbox 1945 2733 3536 2805">
    <p class='ocr_par' dir='ltr' id='par_1_82' title="bbox 1945 2733 3536 2805">
     <span class='ocr_line' id='line_1_85' title="bbox 1945 2733 3536 2805; baseline 0.001 -16"><span class='ocrx_word' id='word_1_548' title='bbox 1945 2748 2166 2790; x_wconf 87' lang='lat' dir='ltr'><strong>manum</strong></span> <span class='ocrx_word' id='word_1_549' title='bbox 2199 2733 2582 2789; x_wconf 82' lang='lat' dir='ltr'><strong>Ambriebonis</strong></span> <span class='ocrx_word' id='word_1_550' title='bbox 2623 2749 2745 2790; x_wconf 81' lang='lat' dir='ltr'><strong>ven.</strong></span> <span class='ocrx_word' id='word_1_551' title='bbox 2777 2749 2865 2805; x_wconf 89' lang='lat' dir='ltr'><strong>ep.</strong></span> <span class='ocrx_word' id='word_1_552' title='bbox 2902 2745 2957 2790; x_wconf 91' lang='lat' dir='ltr'><strong>et</strong></span> <span class='ocrx_word' id='word_1_553' title='bbox 2985 2736 3373 2791; x_wconf 88' lang='lat' dir='ltr'><strong>advocatorum</strong></span> <span class='ocrx_word' id='word_1_554' title='bbox 3414 2751 3536 2792; x_wconf 61' lang='lat' dir='ltr'><strong>suo.</strong></span> 
     </span>
    </p>
   </div>
   <div class='ocr_carea' id='block_1_83' title="bbox 1946 2822 3536 2894">
    <p class='ocr_par' dir='ltr' id='par_1_83' title="bbox 1946 2822 3536 2894">
     <span class='ocr_line' id='line_1_86' title="bbox 1946 2822 3536 2894; baseline 0.001 -15"><span class='ocrx_word' id='word_1_555' title='bbox 1946 2840 2064 2879; x_wconf 88' lang='lat' dir='ltr'><strong>rum</strong></span> <span class='ocrx_word' id='word_1_556' title='bbox 2121 2822 2421 2879; x_wconf 85' lang='lat' dir='ltr'><strong>Gundberti</strong></span> <span class='ocrx_word' id='word_1_557' title='bbox 2470 2833 2634 2894; x_wconf 86' lang='lat' dir='ltr'><strong>atque</strong></span> <span class='ocrx_word' id='word_1_558' title='bbox 2699 2823 2987 2879; x_wconf 89' lang='lat' dir='ltr'><strong>llerrandi.</strong></span> <span class='ocrx_word' id='word_1_559' title='bbox 3039 2823 3082 2881; x_wconf 87' lang='lat' dir='ltr'>E</span> <span class='ocrx_word' id='word_1_560' title='bbox 3137 2832 3326 2880; x_wconf 89' lang='lat' dir='ltr'><strong>contra</strong></span> <span class='ocrx_word' id='word_1_561' title='bbox 3390 2824 3536 2881; x_wconf 84' lang='lat' dir='ltr'><strong>idem</strong></span> 
     </span>
    </p>
   </div>
   <div class='ocr_carea' id='block_1_84' title="bbox 1945 2913 3570 2985">
    <p class='ocr_par' dir='ltr' id='par_1_84' title="bbox 1945 2913 3570 2985">
     <span class='ocr_line' id='line_1_87' title="bbox 1945 2913 3570 2985; baseline 0 -15"><span class='ocrx_word' id='word_1_562' title='bbox 1945 2913 2289 2970; x_wconf 87' lang='lat' dir='ltr'><strong>Cnndbertus</strong></span> <span class='ocrx_word' id='word_1_563' title='bbox 2336 2922 2499 2985; x_wconf 89' lang='lat' dir='ltr'><strong>atque</strong></span> <span class='ocrx_word' id='word_1_564' title='bbox 2551 2914 2865 2971; x_wconf 82' lang='lat' dir='ltr'><strong>Herrandus</strong></span> <span class='ocrx_word' id='word_1_565' title='bbox 2894 2930 3017 2971; x_wconf 91' lang='lat' dir='ltr'><strong>cum</strong></span> <span class='ocrx_word' id='word_1_566' title='bbox 3074 2914 3292 2972; x_wconf 88' lang='lat' dir='ltr'><strong>licentia</strong></span> <span class='ocrx_word' id='word_1_567' title='bbox 3328 2915 3570 2973; x_wconf 86' lang='lat' dir='ltr'><strong>domini.</strong></span> 
     </span>
    </p>
   </div>
   <div class='ocr_carea' id='block_1_85' title="bbox 1946 3005 3538 3077">
    <p class='ocr_par' dir='ltr' id='par_1_85' title="bbox 1946 3005 3538 3077">
     <span class='ocr_line' id='line_1_88' title="bbox 1946 3005 3538 3077; baseline 0.001 -16"><span class='ocrx_word' id='word_1_568' title='bbox 1946 3006 2028 3062; x_wconf 90' lang='lat' dir='ltr'><strong>sui</strong></span> <span class='ocrx_word' id='word_1_569' title='bbox 2059 3021 2146 3077; x_wconf 92' lang='lat' dir='ltr'><strong>ep.</strong></span> <span class='ocrx_word' id='word_1_570' title='bbox 2179 3015 2385 3061; x_wconf 91' lang='lat' dir='ltr'><strong>etcum</strong></span> <span class='ocrx_word' id='word_1_571' title='bbox 2434 3022 2702 3063; x_wconf 87' lang='lat' dir='ltr'><strong>consensu</strong></span> <span class='ocrx_word' id='word_1_572' title='bbox 2749 3008 2915 3062; x_wconf 84' lang='lat' dir='ltr'><strong>totius</strong></span> <span class='ocrx_word' id='word_1_573' title='bbox 2940 3005 3157 3062; x_wconf 74' lang='lat' dir='ltr'><strong>fattiilize</strong></span> <span class='ocrx_word' id='word_1_574' title='bbox 3198 3007 3538 3063; x_wconf 83' lang='lat' dir='ltr'><strong>tradiderunt</strong></span> 
     </span>
    </p>
   </div>
   <div class='ocr_carea' id='block_1_86' title="bbox 1946 3096 3537 3170">
    <p class='ocr_par' dir='ltr' id='par_1_86' title="bbox 1946 3096 3537 3170">
     <span class='ocr_line' id='line_1_89' title="bbox 1946 3096 3537 3170; baseline 0.003 -19"><span class='ocrx_word' id='word_1_575' title='bbox 1946 3097 2209 3169; x_wconf 57' lang='lat' dir='ltr'><strong>praedicto</strong></span> <span class='ocrx_word' id='word_1_576' title='bbox 2235 3096 2438 3153; x_wconf 79' lang='lat' dir='ltr'><strong>Hittoni</strong></span> <span class='ocrx_word' id='word_1_577' title='bbox 2467 3097 2533 3154; x_wconf 90' lang='lat' dir='ltr'><strong>de</strong></span> <span class='ocrx_word' id='word_1_578' title='bbox 2560 3098 2721 3154; x_wconf 88' lang='lat' dir='ltr'><strong>rebus</strong></span> <span class='ocrx_word' id='word_1_579' title='bbox 2758 3108 3070 3155; x_wconf 88' lang='lat' dir='ltr'><strong>sanctorum</strong></span> <span class='ocrx_word' id='word_1_580' title='bbox 3097 3098 3187 3170; x_wconf 91' lang='lat' dir='ltr'><strong>qui</strong></span> <span class='ocrx_word' id='word_1_581' title='bbox 3216 3113 3380 3170; x_wconf 90' lang='lat' dir='ltr'><strong>supra</strong></span> <span class='ocrx_word' id='word_1_582' title='bbox 3406 3097 3537 3156; x_wconf 92' lang='lat' dir='ltr'><strong>dicti</strong></span> 
     </span>
    </p>
   </div>
   <div class='ocr_carea' id='block_1_87' title="bbox 1946 3186 3532 3262">
    <p class='ocr_par' dir='ltr' id='par_1_87' title="bbox 1946 3186 3532 3262">
     <span class='ocr_line' id='line_1_90' title="bbox 1946 3186 3532 3262; baseline 0.002 -19"><span class='ocrx_word' id='word_1_583' title='bbox 1946 3198 2093 3254; x_wconf 82' lang='lat' dir='ltr'><strong>sunt,</strong></span> <span class='ocrx_word' id='word_1_584' title='bbox 2123 3189 2222 3242; x_wconf 89' lang='lat' dir='ltr'><strong>tria</strong></span> <span class='ocrx_word' id='word_1_585' title='bbox 2254 3186 2369 3244; x_wconf 87' lang='lat' dir='ltr'><strong>loca</strong></span> <span class='ocrx_word' id='word_1_586' title='bbox 2395 3205 2516 3245; x_wconf 90' lang='lat' dir='ltr'><strong>cum</strong></span> <span class='ocrx_word' id='word_1_587' title='bbox 2543 3190 2793 3246; x_wconf 85' lang='lat' dir='ltr'><strong>omnibus</strong></span> <span class='ocrx_word' id='word_1_588' title='bbox 2814 3188 3145 3262; x_wconf 82' lang='lat' dir='ltr'><strong>appendiciis</strong></span> <span class='ocrx_word' id='word_1_589' title='bbox 3172 3191 3301 3253; x_wconf 86' lang='lat' dir='ltr'><strong>suis,</strong></span> <span class='ocrx_word' id='word_1_590' title='bbox 3329 3190 3380 3247; x_wconf 90' lang='lat' dir='ltr'><strong>id</strong></span> <span class='ocrx_word' id='word_1_591' title='bbox 3407 3196 3489 3247; x_wconf 85' lang='lat' dir='ltr'><strong>est</strong></span> <span class='ocrx_word' id='word_1_592' title='bbox 3517 3210 3532 3246; x_wconf 89' lang='lat'><strong>:</strong></span> 
     </span>
    </p>
   </div>
   <div class='ocr_carea' id='block_1_88' title="bbox 1944 3282 3571 3363">
    <p class='ocr_par' dir='ltr' id='par_1_88' title="bbox 1944 3282 3571 3363">
     <span class='ocr_line' id='line_1_91' title="bbox 1944 3282 3571 3363; baseline 0.001 -23"><span class='ocrx_word' id='word_1_593' title='bbox 1944 3284 2383 3363; x_wconf 68' lang='lat' dir='ltr'><strong>Cbuningesl‘eld,</strong></span> <span class='ocrx_word' id='word_1_594' title='bbox 2425 3295 2484 3340; x_wconf 87' lang='lat' dir='ltr'><strong>et</strong></span> <span class='ocrx_word' id='word_1_595' title='bbox 2511 3282 2690 3340; x_wconf 83' lang='lat' dir='ltr'><strong>Vuaso</strong></span> <span class='ocrx_word' id='word_1_596' title='bbox 2718 3296 2775 3340; x_wconf 91' lang='lat' dir='ltr'><strong>et</strong></span> <span class='ocrx_word' id='word_1_597' title='bbox 2822 3283 3109 3355; x_wconf 86' lang='lat' dir='ltr'><strong>Purcpah;</strong></span> <span class='ocrx_word' id='word_1_598' title='bbox 3159 3293 3428 3355; x_wconf 82' lang='lat' dir='ltr'><strong>quatenus</strong></span> <span class='ocrx_word' id='word_1_599' title='bbox 3470 3300 3571 3341; x_wconf 86' lang='lat' dir='ltr'><strong>ca-</strong></span> 
     </span>
    </p>
   </div>
   <div class='ocr_carea' id='block_1_89' title="bbox 1944 3366 3532 3445">
    <p class='ocr_par' dir='ltr' id='par_1_89' title="bbox 1944 3366 3532 3445">
     <span class='ocr_line' id='line_1_92' title="bbox 1944 3366 3532 3445; baseline -0.001 -16"><span class='ocrx_word' id='word_1_600' title='bbox 1944 3389 2116 3445; x_wconf 90' lang='lat' dir='ltr'><strong>usquc</strong></span> <span class='ocrx_word' id='word_1_601' title='bbox 2145 3374 2198 3429; x_wconf 91' lang='lat' dir='ltr'><strong>in</strong></span> <span class='ocrx_word' id='word_1_602' title='bbox 2229 3366 2391 3429; x_wconf 87' lang='lat' dir='ltr'><strong>ﬁnem</strong></span> <span class='ocrx_word' id='word_1_603' title='bbox 2416 3390 2573 3431; x_wconf 89' lang='lat' dir='ltr'><strong>suum</strong></span> <span class='ocrx_word' id='word_1_604' title='bbox 2601 3374 2829 3429; x_wconf 88' lang='lat' dir='ltr'><strong>ﬁrmiter</strong></span> <span class='ocrx_word' id='word_1_605' title='bbox 2854 3383 3031 3429; x_wconf 87' lang='lat' dir='ltr'><strong>teneat</strong></span> <span class='ocrx_word' id='word_1_606' title='bbox 3049 3383 3213 3445; x_wconf 85' lang='lat' dir='ltr'><strong>atque</strong></span> <span class='ocrx_word' id='word_1_607' title='bbox 3236 3373 3532 3444; x_wconf 81' lang='lat' dir='ltr'><strong>possideat,</strong></span> 
     </span>
    </p>
   </div>
   <div class='ocr_carea' id='block_1_90' title="bbox 1944 3466 3537 3538">
    <p class='ocr_par' dir='ltr' id='par_1_90' title="bbox 1944 3466 3537 3538">
     <span class='ocr_line' id='line_1_93' title="bbox 1944 3466 3537 3538; baseline -0.001 -17"><span class='ocrx_word' id='word_1_608' title='bbox 1944 3481 2009 3522; x_wconf 88' lang='lat' dir='ltr'><strong>ac</strong></span> <span class='ocrx_word' id='word_1_609' title='bbox 2036 3475 2222 3538; x_wconf 82' lang='lat' dir='ltr'><strong>postea</strong></span> <span class='ocrx_word' id='word_1_610' title='bbox 2258 3476 2451 3523; x_wconf 87' lang='lat' dir='ltr'><strong>cuncta</strong></span> <span class='ocrx_word' id='word_1_611' title='bbox 2477 3466 2546 3522; x_wconf 89' lang='lat' dir='ltr'><strong>ad</strong></span> <span class='ocrx_word' id='word_1_612' title='bbox 2575 3466 2864 3537; x_wconf 70' lang='lat' dir='ltr'><strong>praedictos</strong></span> <span class='ocrx_word' id='word_1_613' title='bbox 2892 3476 3112 3521; x_wconf 86' lang='lat' dir='ltr'><strong>sanctos</strong></span> <span class='ocrx_word' id='word_1_614' title='bbox 3138 3466 3456 3537; x_wconf 83' lang='lat' dir='ltr'><strong>redigantur</strong></span> <span class='ocrx_word' id='word_1_615' title='bbox 3479 3476 3537 3520; x_wconf 80' lang='lat' dir='ltr'><strong>et</strong></span> 
     </span>
    </p>
   </div>
   <div class='ocr_carea' id='block_1_91' title="bbox 1944 3556 3534 3635">
    <p class='ocr_par' dir='ltr' id='par_1_91' title="bbox 1944 3556 3534 3635">
     <span class='ocr_line' id='line_1_94' title="bbox 1944 3556 3534 3635; baseline 0 -23"><span class='ocrx_word' id='word_1_616' title='bbox 1944 3558 2326 3613; x_wconf 87' lang='lat' dir='ltr'><strong>revestiantur.</strong></span> <span class='ocrx_word' id='word_1_617' title='bbox 2364 3558 2433 3613; x_wconf 85' lang='lat' dir='ltr'><strong>Et</strong></span> <span class='ocrx_word' id='word_1_618' title='bbox 2468 3558 2559 3614; x_wconf 88' lang='lat' dir='ltr'><strong>isti</strong></span> <span class='ocrx_word' id='word_1_619' title='bbox 2601 3566 2728 3635; x_wconf 70' lang='lat' dir='ltr'><strong>supt</strong></span> <span class='ocrx_word' id='word_1_620' title='bbox 2770 3567 2934 3612; x_wconf 67' lang='lat' dir='ltr'><strong>testes</strong></span> <span class='ocrx_word' id='word_1_621' title='bbox 2974 3557 3216 3627; x_wconf 80' lang='lat' dir='ltr'><strong>ejusdem</strong></span> <span class='ocrx_word' id='word_1_622' title='bbox 3257 3556 3487 3612; x_wconf 84' lang='lat' dir='ltr'><strong>rationis</strong></span> <span class='ocrx_word' id='word_1_623' title='bbox 3519 3573 3534 3611; x_wconf 89' lang='lat'><strong>:</strong></span> 
     </span>
    </p>
   </div>
   <div class='ocr_carea' id='block_1_92' title="bbox 1944 3649 3573 3723">
    <p class='ocr_par' dir='ltr' id='par_1_92' title="bbox 1944 3649 3573 3723">
     <span class='ocr_line' id='line_1_95' title="bbox 1944 3649 3573 3723; baseline 0.002 -16"><span class='ocrx_word' id='word_1_624' title='bbox 1944 3650 2077 3721; x_wconf 79' lang='lat' dir='ltr'><strong>Ogo,</strong></span> <span class='ocrx_word' id='word_1_625' title='bbox 2104 3649 2324 3722; x_wconf 89' lang='lat' dir='ltr'><strong>Strupo,</strong></span> <span class='ocrx_word' id='word_1_626' title='bbox 2351 3650 2623 3723; x_wconf 84' lang='lat' dir='ltr'><strong>Erlapold,</strong></span> <span class='ocrx_word' id='word_1_627' title='bbox 2647 3650 2871 3717; x_wconf 70' lang='lat' dir='ltr'><strong>(ibadal,</strong></span> <span class='ocrx_word' id='word_1_628' title='bbox 2907 3651 3223 3722; x_wconf 73' lang='lat' dir='ltr'><strong>liartperlu,</strong></span> <span class='ocrx_word' id='word_1_629' title='bbox 3251 3649 3535 3721; x_wconf 86' lang='lat' dir='ltr'><strong>lliltipero,</strong></span> <span class='ocrx_word' id='word_1_630' title='bbox 3558 3704 3573 3711; x_wconf 80' lang='lat'><strong>-</strong></span> 
     </span>
    </p>
   </div>
   <div class='ocr_carea' id='block_1_93' title="bbox 1944 3741 2311 3823">
    <p class='ocr_par' dir='ltr' id='par_1_93' title="bbox 1944 3741 2311 3823">
     <span class='ocr_line' id='line_1_96' title="bbox 1944 3741 2311 3823; baseline -0.005 -26"><span class='ocrx_word' id='word_1_631' title='bbox 1944 3741 2168 3814; x_wconf 74' lang='lat' dir='ltr'><strong>Bigber,</strong></span> <span class='ocrx_word' id='word_1_632' title='bbox 2201 3750 2311 3823; x_wconf 75' lang='lat' dir='ltr'><strong>etc.</strong></span> 
     </span>
    </p>
   </div>
   <div class='ocr_carea' id='block_1_94' title="bbox 1939 3894 3560 3968">
    <p class='ocr_par' dir='ltr' id='par_1_94' title="bbox 1939 3894 3560 3968">
     <span class='ocr_line' id='line_1_97' title="bbox 1939 3894 3560 3968; baseline -0.004 -12"><span class='ocrx_word' id='word_1_633' title='bbox 1939 3897 2073 3956; x_wconf 75' lang='lat' dir='ltr'><strong>CAP.</strong></span> <span class='ocrx_word' id='word_1_634' title='bbox 2134 3894 2265 3952; x_wconf 80' lang='lat' dir='ltr'><strong>Vlli.</strong></span> <span class='ocrx_word' id='word_1_635' title='bbox 2292 3894 2744 3968; x_wconf 81' lang='lat' dir='ltr'><strong>——Commutatio</strong></span> <span class='ocrx_word' id='word_1_636' title='bbox 2806 3898 2947 3950; x_wconf 74' lang='lat' dir='ltr'><strong>inter</strong></span> <span class='ocrx_word' id='word_1_637' title='bbox 2994 3897 3292 3968; x_wconf 71' lang='lat' dir='ltr'><strong>episcopum</strong></span> <span class='ocrx_word' id='word_1_638' title='bbox 3330 3895 3560 3951; x_wconf 71' lang='lat' dir='ltr'><strong>Amori--</strong></span> 
     </span>
    </p>
   </div>
   <div class='ocr_carea' id='block_1_95' title="bbox 2462 3966 2997 4039">
    <p class='ocr_par' dir='ltr' id='par_1_95' title="bbox 2462 3966 2997 4039">
     <span class='ocr_line' id='line_1_98' title="bbox 2462 3966 2997 4039; baseline 0 -17"><span class='ocrx_word' id='word_1_639' title='bbox 2462 3966 2680 4022; x_wconf 74' lang='lat' dir='ltr'><strong>chonent</strong></span> <span class='ocrx_word' id='word_1_640' title='bbox 2717 3977 2765 4022; x_wconf 80' lang='lat' dir='ltr'><strong>et</strong></span> <span class='ocrx_word' id='word_1_641' title='bbox 2798 3982 2997 4039; x_wconf 70' lang='lat' dir='ltr'><strong>regem.</strong></span> 
     </span>
    </p>
   </div>
   <div class='ocr_carea' id='block_1_96' title="bbox 2017 4101 3531 4175">
    <p class='ocr_par' dir='ltr' id='par_1_96' title="bbox 2017 4101 3531 4175">
     <span class='ocr_line' id='line_1_99' title="bbox 2017 4101 3531 4175; baseline -0.003 -14"><span class='ocrx_word' id='word_1_642' title='bbox 2017 4106 2121 4162; x_wconf 89' lang='lat' dir='ltr'><strong>Ista</strong></span> <span class='ocrx_word' id='word_1_643' title='bbox 2154 4104 2422 4175; x_wconf 87' lang='lat' dir='ltr'><strong>mancipia</strong></span> <span class='ocrx_word' id='word_1_644' title='bbox 2458 4111 2586 4159; x_wconf 89' lang='lat' dir='ltr'><strong>sunt</strong></span> <span class='ocrx_word' id='word_1_645' title='bbox 2614 4102 2667 4157; x_wconf 91' lang='lat' dir='ltr'><strong>in</strong></span> <span class='ocrx_word' id='word_1_646' title='bbox 2706 4111 2973 4173; x_wconf 87' lang='lat' dir='ltr'><strong>potestate</strong></span> <span class='ocrx_word' id='word_1_647' title='bbox 3001 4101 3381 4157; x_wconf 80' lang='lat' dir='ltr'><strong>Ambricbouis</strong></span> <span class='ocrx_word' id='word_1_648' title='bbox 3415 4103 3531 4173; x_wconf 84' lang='lat' dir='ltr'><strong>epi-</strong></span> 
     </span>
    </p>
   </div>
   <div class='ocr_carea' id='block_1_97' title="bbox 1948 4190 3538 4268">
    <p class='ocr_par' dir='ltr' id='par_1_97' title="bbox 1948 4190 3538 4268">
     <span class='ocr_line' id='line_1_100' title="bbox 1948 4190 3538 4268; baseline -0.003 -16"><span class='ocrx_word' id='word_1_649' title='bbox 1948 4197 2139 4268; x_wconf 89' lang='lat' dir='ltr'><strong>scopi:</strong></span> <span class='ocrx_word' id='word_1_650' title='bbox 2176 4195 2400 4261; x_wconf 79' lang='lat' dir='ltr'><strong>Etttltilt,</strong></span> <span class='ocrx_word' id='word_1_651' title='bbox 2447 4195 2618 4266; x_wconf 80' lang='lat' dir='ltr'><strong>Appa,</strong></span> <span class='ocrx_word' id='word_1_652' title='bbox 2669 4192 2909 4260; x_wconf 79' lang='lat' dir='ltr'><strong>Riltltolf,</strong></span> <span class='ocrx_word' id='word_1_653' title='bbox 2964 4191 3122 4256; x_wconf 83' lang='lat' dir='ltr'><strong>Rato,</strong></span> <span class='ocrx_word' id='word_1_654' title='bbox 3180 4190 3438 4264; x_wconf 74' lang='lat' dir='ltr'><strong>Engilltilt</strong></span> <span class='ocrx_word' id='word_1_655' title='bbox 3482 4199 3538 4248; x_wconf 89' lang='lat' dir='ltr'><strong>et</strong></span> 
     </span>
    </p>
   </div>
   <div class='ocr_carea' id='block_1_98' title="bbox 1948 4282 3534 4360">
    <p class='ocr_par' dir='ltr' id='par_1_98' title="bbox 1948 4282 3534 4360">
     <span class='ocr_line' id='line_1_101' title="bbox 1948 4282 3534 4360; baseline -0.005 -14"><span class='ocrx_word' id='word_1_656' title='bbox 1948 4291 2057 4346; x_wconf 84' lang='lat' dir='ltr'><strong>ﬁlia</strong></span> <span class='ocrx_word' id='word_1_657' title='bbox 2089 4289 2209 4360; x_wconf 87' lang='lat' dir='ltr'><strong>ejus</strong></span> <span class='ocrx_word' id='word_1_658' title='bbox 2248 4288 2493 4354; x_wconf 82' lang='lat' dir='ltr'><strong>Ribltilt,</strong></span> <span class='ocrx_word' id='word_1_659' title='bbox 2542 4298 2597 4342; x_wconf 89' lang='lat' dir='ltr'><strong>et</strong></span> <span class='ocrx_word' id='word_1_660' title='bbox 2629 4286 2870 4351; x_wconf 82' lang='lat' dir='ltr'><strong>Rilunot,</strong></span> <span class='ocrx_word' id='word_1_661' title='bbox 2907 4284 3210 4356; x_wconf 78' lang='lat' dir='ltr'><strong>Eugilmar,</strong></span> <span class='ocrx_word' id='word_1_662' title='bbox 3260 4282 3534 4339; x_wconf 89' lang='lat' dir='ltr'><strong>lliltisnot.</strong></span> 
     </span>
    </p>
   </div>
   <div class='ocr_carea' id='block_1_99' title="bbox 1950 4374 3538 4447">
    <p class='ocr_par' dir='ltr' id='par_1_99' title="bbox 1950 4374 3538 4447">
     <span class='ocr_line' id='line_1_102' title="bbox 1950 4374 3538 4447; baseline -0.004 -13"><span class='ocrx_word' id='word_1_663' title='bbox 1950 4380 1991 4434; x_wconf 78' lang='grc' dir='ltr'><strong>Ε</strong></span> <span class='ocrx_word' id='word_1_664' title='bbox 2022 4389 2209 4435; x_wconf 87' lang='lat' dir='ltr'><strong>contra</strong></span> <span class='ocrx_word' id='word_1_665' title='bbox 2240 4395 2369 4433; x_wconf 86' lang='lat' dir='ltr'><strong>vero</strong></span> <span class='ocrx_word' id='word_1_666' title='bbox 2412 4387 2540 4433; x_wconf 79' lang='lat' dir='ltr'><strong>sum</strong></span> <span class='ocrx_word' id='word_1_667' title='bbox 2574 4376 2627 4430; x_wconf 91' lang='lat' dir='ltr'><strong>in</strong></span> <span class='ocrx_word' id='word_1_668' title='bbox 2662 4377 2805 4447; x_wconf 82' lang='lat' dir='ltr'><strong>regis</strong></span> <span class='ocrx_word' id='word_1_669' title='bbox 2834 4383 3103 4446; x_wconf 87' lang='lat' dir='ltr'><strong>potestate</strong></span> <span class='ocrx_word' id='word_1_670' title='bbox 3129 4375 3196 4429; x_wconf 88' lang='lat' dir='ltr'><strong>ad</strong></span> <span class='ocrx_word' id='word_1_671' title='bbox 3227 4374 3538 4446; x_wconf 79' lang='lat' dir='ltr'><strong>Ergollinga</strong></span> 
     </span>
    </p>
   </div>
   <div class='ocr_carea' id='block_1_100' title="bbox 1947 4464 3538 4537">
    <p class='ocr_par' dir='ltr' id='par_1_100' title="bbox 1947 4464 3538 4537">
     <span class='ocr_line' id='line_1_103' title="bbox 1947 4464 3538 4537; baseline -0.004 -10"><span class='ocrx_word' id='word_1_672' title='bbox 1947 4470 2135 4536; x_wconf 84' lang='lat' dir='ltr'><strong>Gerui,</strong></span> <span class='ocrx_word' id='word_1_673' title='bbox 2167 4470 2366 4533; x_wconf 85' lang='lat' dir='ltr'><strong>Dultin,</strong></span> <span class='ocrx_word' id='word_1_674' title='bbox 2396 4467 2727 4531; x_wconf 85' lang='lat' dir='ltr'><strong>Guudhelm,</strong></span> <span class='ocrx_word' id='word_1_675' title='bbox 2757 4466 3066 4537; x_wconf 79' lang='lat' dir='ltr'><strong>Engilpero,</strong></span> <span class='ocrx_word' id='word_1_676' title='bbox 3105 4465 3392 4530; x_wconf 82' lang='lat' dir='ltr'><strong>Macbelm,</strong></span> <span class='ocrx_word' id='word_1_677' title='bbox 3424 4464 3538 4521; x_wconf 81' lang='lat' dir='ltr'><strong>Re-</strong></span> 
     </span>
    </p>
   </div>
   <div class='ocr_carea' id='block_1_101' title="bbox 1952 4558 3537 4637">
    <p class='ocr_par' dir='ltr' id='par_1_101' title="bbox 1952 4558 3537 4637">
     <span class='ocr_line' id='line_1_104' title="bbox 1952 4558 3537 4637; baseline -0.004 -19"><span class='ocrx_word' id='word_1_678' title='bbox 1952 4562 2205 4637; x_wconf 74' lang='lat' dir='ltr'><strong>giudrud,</strong></span> <span class='ocrx_word' id='word_1_679' title='bbox 2242 4562 2405 4626; x_wconf 77' lang='lat' dir='ltr'><strong>Eliso,</strong></span> <span class='ocrx_word' id='word_1_680' title='bbox 2451 4561 2673 4625; x_wconf 79' lang='lat' dir='ltr'><strong>Emltilt,</strong></span> <span class='ocrx_word' id='word_1_681' title='bbox 2723 4559 2910 4625; x_wconf 83' lang='lat' dir='ltr'><strong>Gerni,</strong></span> <span class='ocrx_word' id='word_1_682' title='bbox 2955 4559 3230 4630; x_wconf 65' lang='lat' dir='ltr'><strong>lirmpold,</strong></span> <span class='ocrx_word' id='word_1_683' title='bbox 3278 4558 3537 4623; x_wconf 83' lang='lat' dir='ltr'><strong>Ellinhilt,</strong></span> 
     </span>
    </p>
   </div>
   <div class='ocr_carea' id='block_1_102' title="bbox 1952 4648 3536 4726">
    <p class='ocr_par' dir='ltr' id='par_1_102' title="bbox 1952 4648 3536 4726">
     <span class='ocr_line' id='line_1_105' title="bbox 1952 4648 3536 4726; baseline -0.005 -14"><span class='ocrx_word' id='word_1_684' title='bbox 1952 4654 2182 4726; x_wconf 84' lang='lat' dir='ltr'><strong>Liupila,</strong></span> <span class='ocrx_word' id='word_1_685' title='bbox 2236 4652 2464 4718; x_wconf 71' lang='lat' dir='ltr'><strong>liihltilt,</strong></span> <span class='ocrx_word' id='word_1_686' title='bbox 2516 4650 2770 4717; x_wconf 81' lang='lat' dir='ltr'><strong>Rahbila,</strong></span> <span class='ocrx_word' id='word_1_687' title='bbox 2826 4649 3083 4722; x_wconf 77' lang='lat' dir='ltr'><strong>Regiuolf</strong></span> <span class='ocrx_word' id='word_1_688' title='bbox 3150 4648 3536 4721; x_wconf 81' lang='lat' dir='ltr'><strong>Perebtgunto,</strong></span> 
     </span>
    </p>
   </div>
   <div class='ocr_carea' id='block_1_103' title="bbox 1957 4742 2567 4817">
    <p class='ocr_par' dir='ltr' id='par_1_103' title="bbox 1957 4742 2567 4817">
     <span class='ocr_line' id='line_1_106' title="bbox 1957 4742 2567 4817; baseline -0.013 -14"><span class='ocrx_word' id='word_1_689' title='bbox 1957 4744 2252 4817; x_wconf 75' lang='lat' dir='ltr'><strong>chinbilt,</strong></span> <span class='ocrx_word' id='word_1_690' title='bbox 2282 4742 2567 4799; x_wconf 81' lang='lat' dir='ltr'><strong>Peccbilt..</strong></span> 
     </span>
    </p>
   </div>
   <div class='ocr_carea' id='block_1_104' title="bbox 1954 4895 3540 4966">
    <p class='ocr_par' dir='ltr' id='par_1_104' title="bbox 1954 4895 3540 4966">
     <span class='ocr_line' id='line_1_107' title="bbox 1954 4895 3540 4966; baseline -0.003 -11"><span class='ocrx_word' id='word_1_691' title='bbox 1954 4897 2082 4955; x_wconf 71' lang='lat' dir='ltr'><strong>CAP.</strong></span> <span class='ocrx_word' id='word_1_692' title='bbox 2106 4896 2201 4954; x_wconf 78' lang='lat' dir='ltr'><strong>IX.</strong></span> <span class='ocrx_word' id='word_1_693' title='bbox 2218 4895 2648 4952; x_wconf 82' lang='lat' dir='ltr'><strong>—Commutatio</strong></span> <span class='ocrx_word' id='word_1_694' title='bbox 2674 4897 2810 4951; x_wconf 83' lang='lat' dir='ltr'><strong>inter</strong></span> <span class='ocrx_word' id='word_1_695' title='bbox 2828 4896 3222 4950; x_wconf 71' lang='lat' dir='ltr'><strong>Ambriclzonem</strong></span> <span class='ocrx_word' id='word_1_696' title='bbox 3243 4910 3540 4966; x_wconf 72' lang='lat' dir='ltr'><strong>episcopum</strong></span> 
     </span>
    </p>
   </div>
   <div class='ocr_carea' id='block_1_105' title="bbox 2335 4967 3111 5039">
    <p class='ocr_par' dir='ltr' id='par_1_105' title="bbox 2335 4967 3111 5039">
     <span class='ocr_line' id='line_1_108' title="bbox 2335 4967 3111 5039; baseline -0.005 -16"><span class='ocrx_word' id='word_1_697' title='bbox 2335 5003 2344 5011; x_wconf 87' lang='lat'><em>-</em></span> <span class='ocrx_word' id='word_1_698' title='bbox 2378 4978 2426 5023; x_wconf 82' lang='lat' dir='ltr'><strong>et</strong></span> <span class='ocrx_word' id='word_1_699' title='bbox 2457 4967 2822 5039; x_wconf 73' lang='lat' dir='ltr'><strong>Engilpertum</strong></span> <span class='ocrx_word' id='word_1_700' title='bbox 2848 4967 3111 5020; x_wconf 83' lang='lat' dir='ltr'><strong>comitem.</strong></span> 
     </span>
    </p>
   </div>
   <div class='ocr_carea' id='block_1_106' title="bbox 2022 5120 3539 5193">
    <p class='ocr_par' dir='ltr' id='par_1_106' title="bbox 2022 5120 3539 5193">
     <span class='ocr_line' id='line_1_109' title="bbox 2022 5120 3539 5193; baseline -0.003 -13"><span class='ocrx_word' id='word_1_701' title='bbox 2022 5125 2217 5182; x_wconf 80' lang='lat' dir='ltr'><strong>Notum</strong></span> <span class='ocrx_word' id='word_1_702' title='bbox 2271 5124 2345 5181; x_wconf 91' lang='lat' dir='ltr'><strong>sit</strong></span> <span class='ocrx_word' id='word_1_703' title='bbox 2393 5124 2646 5182; x_wconf 90' lang='lat' dir='ltr'><strong>omnibus</strong></span> <span class='ocrx_word' id='word_1_704' title='bbox 2699 5121 2950 5178; x_wconf 87' lang='lat' dir='ltr'><strong>ﬁdelibus</strong></span> <span class='ocrx_word' id='word_1_705' title='bbox 3001 5120 3133 5191; x_wconf 88' lang='lat' dir='ltr'><strong>quia</strong></span> <span class='ocrx_word' id='word_1_706' title='bbox 3192 5120 3539 5193; x_wconf 82' lang='lat' dir='ltr'><strong>Engilpertua</strong></span> 
     </span>
    </p>
   </div>
   <div class='ocr_carea' id='block_1_107' title="bbox 1950 5212 3534 5285">
    <p class='ocr_par' dir='ltr' id='par_1_107' title="bbox 1950 5212 3534 5285">
     <span class='ocr_line' id='line_1_110' title="bbox 1950 5212 3534 5285; baseline -0.004 -11"><span class='ocrx_word' id='word_1_707' title='bbox 1950 5232 2133 5274; x_wconf 88' lang='lat' dir='ltr'><strong>comes</strong></span> <span class='ocrx_word' id='word_1_708' title='bbox 2160 5217 2380 5273; x_wconf 89' lang='lat' dir='ltr'><strong>tradidit</strong></span> <span class='ocrx_word' id='word_1_709' title='bbox 2407 5216 2474 5273; x_wconf 89' lang='lat' dir='ltr'><strong>ad</strong></span> <span class='ocrx_word' id='word_1_710' title='bbox 2498 5217 2558 5273; x_wconf 88' lang='lat' dir='ltr'><strong>S.</strong></span> <span class='ocrx_word' id='word_1_711' title='bbox 2582 5215 3039 5272; x_wconf 87' lang='lat' dir='ltr'><strong>Emmerammum</strong></span> <span class='ocrx_word' id='word_1_712' title='bbox 3066 5213 3334 5285; x_wconf 89' lang='lat' dir='ltr'><strong>mancipia</strong></span> <span class='ocrx_word' id='word_1_713' title='bbox 3366 5229 3449 5279; x_wconf 85' lang='grc' dir='ltr'>ιιι,</span> <span class='ocrx_word' id='word_1_714' title='bbox 3480 5212 3534 5269; x_wconf 91' lang='lat' dir='ltr'><strong>id</strong></span> 
     </span>
    </p>
   </div>
   <div class='ocr_carea' id='block_1_108' title="bbox 1952 5304 3539 5376">
    <p class='ocr_par' dir='ltr' id='par_1_108' title="bbox 1952 5304 3539 5376">
     <span class='ocr_line' id='line_1_111' title="bbox 1952 5304 3539 5376; baseline -0.004 -11"><span class='ocrx_word' id='word_1_715' title='bbox 1952 5317 2037 5365; x_wconf 87' lang='lat' dir='ltr'><strong>est</strong></span> <span class='ocrx_word' id='word_1_716' title='bbox 2065 5325 2080 5363; x_wconf 89' lang='lat'><strong>:</strong></span> <span class='ocrx_word' id='word_1_717' title='bbox 2111 5308 2326 5367; x_wconf 77' lang='lat' dir='ltr'><strong>Alblind</strong></span> <span class='ocrx_word' id='word_1_718' title='bbox 2349 5317 2404 5363; x_wconf 88' lang='lat' dir='ltr'><strong>et</strong></span> <span class='ocrx_word' id='word_1_719' title='bbox 2429 5307 2522 5363; x_wconf 86' lang='lat' dir='ltr'><strong>ﬁlii</strong></span> <span class='ocrx_word' id='word_1_720' title='bbox 2543 5304 2658 5376; x_wconf 86' lang='lat' dir='ltr'><strong>ejus</strong></span> <span class='ocrx_word' id='word_1_721' title='bbox 2682 5322 2720 5360; x_wconf 90' lang='grc' dir='ltr'><strong>ιι</strong></span> <span class='ocrx_word' id='word_1_722' title='bbox 2748 5306 2803 5361; x_wconf 92' lang='lat' dir='ltr'><strong>in</strong></span> <span class='ocrx_word' id='word_1_723' title='bbox 2826 5320 3046 5359; x_wconf 86' lang='lat' dir='ltr'><strong>manum</strong></span> <span class='ocrx_word' id='word_1_724' title='bbox 3073 5304 3458 5361; x_wconf 78' lang='lat' dir='ltr'><strong>Ambricbonis</strong></span> <span class='ocrx_word' id='word_1_725' title='bbox 3482 5312 3539 5359; x_wconf 90' lang='lat' dir='ltr'><strong>et</strong></span> 
     </span>
    </p>
   </div>
   <div class='ocr_carea' id='block_1_109' title="bbox 1953 5390 3544 5468">
    <p class='ocr_par' dir='ltr' id='par_1_109' title="bbox 1953 5390 3544 5468">
     <span class='ocr_line' id='line_1_112' title="bbox 1953 5390 3544 5468; baseline -0.004 -16"><span class='ocrx_word' id='word_1_726' title='bbox 1953 5398 2201 5454; x_wconf 88' lang='lat' dir='ltr'><strong>advocati</strong></span> <span class='ocrx_word' id='word_1_727' title='bbox 2247 5395 2362 5467; x_wconf 90' lang='lat' dir='ltr'><strong>ejus</strong></span> <span class='ocrx_word' id='word_1_728' title='bbox 2395 5395 2632 5462; x_wconf 89' lang='lat' dir='ltr'><strong>Polonis,</strong></span> <span class='ocrx_word' id='word_1_729' title='bbox 2662 5409 2726 5450; x_wconf 89' lang='lat' dir='ltr'><strong>ea</strong></span> <span class='ocrx_word' id='word_1_730' title='bbox 2765 5393 3014 5449; x_wconf 87' lang='lat' dir='ltr'><strong>videlicet</strong></span> <span class='ocrx_word' id='word_1_731' title='bbox 3065 5393 3319 5449; x_wconf 90' lang='lat' dir='ltr'><strong>ratione:</strong></span> <span class='ocrx_word' id='word_1_732' title='bbox 3356 5400 3416 5449; x_wconf 91' lang='lat' dir='ltr'><strong>ut</strong></span> <span class='ocrx_word' id='word_1_733' title='bbox 3440 5390 3544 5468; x_wconf 47' lang='lat' dir='ltr'><strong>Er!</strong></span> 
     </span>
    </p>
   </div>
   <div class='ocr_carea' id='block_1_110' title="bbox 1952 5481 3533 5557">
    <p class='ocr_par' dir='ltr' id='par_1_110' title="bbox 1952 5481 3533 5557">
     <span class='ocr_line' id='line_1_113' title="bbox 1952 5481 3533 5557; baseline -0.003 -17"><span class='ocrx_word' id='word_1_734' title='bbox 1952 5486 2132 5557; x_wconf 70' lang='lat' dir='ltr'><strong>funem</strong></span> <span class='ocrx_word' id='word_1_735' title='bbox 2150 5502 2364 5544; x_wconf 86' lang='lat' dir='ltr'><strong>servum</strong></span> <span class='ocrx_word' id='word_1_736' title='bbox 2391 5485 2450 5542; x_wconf 88' lang='lat' dir='ltr'><strong>S.</strong></span> <span class='ocrx_word' id='word_1_737' title='bbox 2475 5484 2859 5542; x_wconf 84' lang='lat' dir='ltr'><strong>Eunnerammi</strong></span> <span class='ocrx_word' id='word_1_738' title='bbox 2883 5483 2937 5539; x_wconf 89' lang='lat' dir='ltr'><strong>in</strong></span> <span class='ocrx_word' id='word_1_739' title='bbox 2963 5484 3240 5555; x_wconf 72' lang='lat' dir='ltr'><strong>propritim</strong></span> <span class='ocrx_word' id='word_1_740' title='bbox 3264 5481 3533 5553; x_wconf 82' lang='lat' dir='ltr'><strong>possideat</strong></span> 
     </span>
    </p>
   </div>
   <div class='ocr_carea' id='block_1_111' title="bbox 1952 5570 3541 5650">
    <p class='ocr_par' dir='ltr' id='par_1_111' title="bbox 1952 5570 3541 5650">
     <span class='ocr_line' id='line_1_114' title="bbox 1952 5570 3541 5650; baseline -0.004 -15"><span class='ocrx_word' id='word_1_741' title='bbox 1952 5594 2123 5650; x_wconf 90' lang='lat' dir='ltr'><strong>usque</strong></span> <span class='ocrx_word' id='word_1_742' title='bbox 2167 5579 2234 5634; x_wconf 88' lang='lat' dir='ltr'><strong>ad</strong></span> <span class='ocrx_word' id='word_1_743' title='bbox 2262 5577 2468 5634; x_wconf 90' lang='lat' dir='ltr'><strong>obitum</strong></span> <span class='ocrx_word' id='word_1_744' title='bbox 2518 5570 2673 5634; x_wconf 87' lang='lat' dir='ltr'><strong>suum</strong></span> <span class='ocrx_word' id='word_1_745' title='bbox 2704 5585 2757 5633; x_wconf 89' lang='lat' dir='ltr'><strong>et</strong></span> <span class='ocrx_word' id='word_1_746' title='bbox 2787 5578 2970 5633; x_wconf 82' lang='lat' dir='ltr'><strong>uxoris</strong></span> <span class='ocrx_word' id='word_1_747' title='bbox 3021 5592 3151 5633; x_wconf 70' lang='lat' dir='ltr'><strong>suae.</strong></span> <span class='ocrx_word' id='word_1_748' title='bbox 3190 5576 3257 5631; x_wconf 85' lang='lat' dir='ltr'><strong>Et</strong></span> <span class='ocrx_word' id='word_1_749' title='bbox 3286 5574 3374 5631; x_wconf 89' lang='lat' dir='ltr'><strong>isti</strong></span> <span class='ocrx_word' id='word_1_750' title='bbox 3410 5583 3541 5630; x_wconf 91' lang='lat' dir='ltr'><strong>sunt</strong></span> 
     </span>
    </p>
   </div>
   <div class='ocr_carea' id='block_1_112' title="bbox 1955 5664 3565 5742">
    <p class='ocr_par' dir='ltr' id='par_1_112' title="bbox 1955 5664 3565 5742">
     <span class='ocr_line' id='line_1_115' title="bbox 1955 5664 3565 5742; baseline -0.003 -14"><span class='ocrx_word' id='word_1_751' title='bbox 1955 5680 2123 5728; x_wconf 88' lang='lat' dir='ltr'><strong>testes</strong></span> <span class='ocrx_word' id='word_1_752' title='bbox 2152 5687 2166 5726; x_wconf 92' lang='lat'><strong>:</strong></span> <span class='ocrx_word' id='word_1_753' title='bbox 2200 5670 2564 5742; x_wconf 81' lang='lat' dir='ltr'><strong>Eugilsealcb,</strong></span> <span class='ocrx_word' id='word_1_754' title='bbox 2593 5668 2883 5736; x_wconf 87' lang='lat' dir='ltr'><strong>Pernhart,</strong></span> <span class='ocrx_word' id='word_1_755' title='bbox 2912 5666 3305 5740; x_wconf 83' lang='lat' dir='ltr'><strong>Ercbanpcrht,</strong></span> <span class='ocrx_word' id='word_1_756' title='bbox 3334 5664 3565 5728; x_wconf 73' lang='lat' dir='ltr'><strong>Balolt,-</strong></span> 
     </span>
    </p>
   </div>
   <div class='ocr_carea' id='block_1_113' title="bbox 1955 5756 2957 5831">
    <p class='ocr_par' dir='ltr' id='par_1_113' title="bbox 1955 5756 2957 5831">
     <span class='ocr_line' id='line_1_116' title="bbox 1955 5756 2957 5831; baseline 0.005 -17"><span class='ocrx_word' id='word_1_757' title='bbox 1955 5758 2231 5831; x_wconf 84' lang='lat' dir='ltr'><strong>lleripold,</strong></span> <span class='ocrx_word' id='word_1_758' title='bbox 2261 5770 2365 5816; x_wconf 87' lang='lat' dir='ltr'><strong>etc.</strong></span> <span class='ocrx_word' id='word_1_759' title='bbox 2954 5756 2957 5759; x_wconf 62' lang='grc'>’</span> 
     </span>
    </p>
   </div>
  </div>
