3930 5634
535 335 633 393 951

1469 336 1776 395 ANAMODI
1816 340 2356 402 RATISPONENSIS
2393 346 2803 408 SUBDIACONI
2894 376 2901 381 λ

3699 364 3794 421 952

533 447 660 504 CAP.
696 447 761 503 Χ.
792 474 860 485 -—-
892 444 1875 540 Comlrtulalionin-tﬁ-émgrichonem
1924 450 2118 520 episco-
2145 462 2193 519 Α
2290 456 2485 512 Actum
2514 467 2599 516 est
2628 471 2809 516 autem
2839 476 2982 518 anno
3015 462 3217 520 Amulli
3255 470 3397 540 regis
3448 473 3687 529 secundo
3728 490 3793 531 νιι

1003 532 1125 587 pum
1155 522 1208 569 et
1238 514 1630 588 Regiuliarium.

599 650 906 720 Comperiat
927 648 1170 704 omnium
1198 646 1461 702 industria
1484 646 1720 704 fidelium
1749 648 1892 718 quod
1913 641 2113 721 Regin-

530 742 643 796 heri
701 739 920 796 tradidit
951 737 1044 798 .ad
1110 736 1168 793 S.
1227 737 1684 793 Emmerammum
1743 739 1877 795 duas
1912 750 2114 811 partes

520 831 727 903 jugeris
754 830 912 886 unius
962 829 1018 883 in
1064 843 1284 883 manum
1328 826 1574 898 Adalpoli
1622 827 1690 883 ad
1715 826 2038 902 Cholinpah.
2070 829 2110 884 Ε

525 933 712 979 contra
744 929 874 978 vero
923 920 1066 976 idem
1092 918 1353 989 Adalpold
1381 934 1504 974 cum
1545 918 1759 974 licentia
1792 918 1995 975 domini
2026 921 2109 976 sui

522 1016 1025 1086 Amhrichonissep.
1058 1016 1277 1071 tradidit
1311 1014 1377 1070 de
1408 1014 1673 1071 beneﬁcio
1702 1030 1801 1072 suo
1832 1016 1887 1071 in
1918 1019 2108 1073 eodem

524 1107 953 1179 locoprredicto
1010 1106 1340 1178 Reginhario
1383 1105 1597 1189 tertiam
1649 1115 1854 1175 partem
1904 1104 2109 1178 jugeris

496 1201 696 1255 .nnius.
733 1198 800 1253 Et
845 1197 932 1252 isti
971 1206 1098 1252 sunt
1127 1205 1292 1252 testes
1334 1213 1346 1249 :
1380 1194 1688 1266 Reginhoh,
1715 1194 1929 1263 Albrih,
1975 1196 2106 1252 Rih-

519 1290 664 1359 pold,
694 1289 930 1353 Folcrat,
958 1286 1235 1352 Gcrbelm,
1265 1294 1374 1342 etc.

515 1404 646 1460 CAP.
680 1400 771 1457 XI.
802 1378 870 1440 -έ
898 1397 1250 1455 Cammutatio
1270 1399 1423 1471 jnter
1452 1399 1850 1455 Ambrichonem
1900 1401 2098 1471 episco-

1032 1485 1155 1541 pum
1180 1479 1227 1525 ει
1259 1468 1584 1524 Pataricum.

584 1590 895 1660 Cognoscat
918 1583 1181 1642 industria
1204 1582 1446 1637 omnium
1474 1581 1708 1637 fidelium
1732 1583 1857 1653 quia
1882 1581 2102 1638 Patanih

514 1683 733 1755 quidam
774 1678 968 1736 nobilis
1005 1675 1226 1733 tra’didit
1271 1673 1339 1729 ad
1382 1671 1436 1730 S.
1475 1674 1931 1731 Emmerammum
1964 1689 2103 1730 areae

512 1777 675 1832 unius
704 1776 757 1830 in
790 1772 1073 1829 latitudine
1098 1768 1334 1840 perticas
1354 1782 1415 1835 ιι,
1447 1777 1504 1825 et
1532 1768 1584 1823 in
1616 1766 1948 1839 longitudine
1978 1783 2100 1839 pcr-

2214 543 2575 605 Kalendarum
2598 551 2921 608 Martialium
2947 554 3001 609 in
3022 554 3139 613 loco
3163 559 3256 628 qui
3288 569 3517 616 vocatur
3561 562 3792 620 Mentiu-

2211 638 2317 708 pah
2343 678 2360 704 ,
2416 642 2774 721 presentibus
2829 654 3010 702 autem
3068 650 3348 707 monachis
3413 654 3793 725 canonicisque

2212 742 2375 799 quam
2435 730 2723 802 plurimis,
2779 734 2835 791 id
2876 743 2962 791 est
3007 753 3022 791 :
3078 737 3310 795 Rodolto
3358 742 3538 797 sancti
3599 756 3793 817 marty-

2211 821 2287 881 ris
2338 820 2751 903 ’Emmerammi
2801 828 3193 886 caanobitarum
3271 843 3606 904 praeposxto,
3646 835 3792 892 Deoi-

2209 922 2363 985 perto
2407 918 2631 978 custode
2677 934 2957 982 sacrorum
3007 933 3063 978 et
3100 926 3387 992 monacho,
3444 926 3659 983 Tutone
3687 944 3791 983 mo-

2206 1006 2383 1067 nacho
2431 1016 2488 1064 et
2533 1009 2779 1079 diacono,
2818 1012 3120 1083 Erimperto
3167 1016 3487 1089 presbytero
3535 1028 3593 1074 et
3638 1035 3794 1076 cano-

2208 1096 2453 1154 nicorum
2497 1102 2820 1172 praeposito,
2868 1102 3149 1177 Regiuone
3190 1107 3452 1175 diacono,
3486 1110 3791 1168 Erminoldo

2205 1189 2545 1261 presbytero,
2597 1190 2898 1251 Perideone
2927 1197 3192 1269 presbyt.,
3223 1198 3417 1255 Enolto
3454 1201 3788 1275 presbytero,

2209 1280 2474 1354 Wihgozo
2511 1284 2675 1352 diac.,
2729 1285 3056 1345 Woll'helmo
3099 1289 3264 1356 diac.,
3308 1290 3622 1349 Mahthario
3675 1295 3790 1351 sub-

2206 1372 2434 1430 diacono
2458 1415 2473 1439 ,
2511 1373 2777 1447 Harperto
2798 1378 3062 1445 subdiac.,
3093 1379 3385 1436 Deotmunt
3427 1384 3612 1448 subd.,
3646 1383 3788 1441 Wol-

2204 1464 2336 1523 folto
2374 1466 2534 1535 diam,
2567 1468 2766 1526 Attone
2804 1471 2985 1538 subd.,
3020 1471 3284 1529 Wolfrato
3307 1475 3667 1531 subdiacano.

2203 1582 2332 1637 CAP.
2356 1580 2493 1637 Xlll.
2519 1611 2585 1623 -—
2612 1580 2959 1659 Commutatig
2993 1586 3141 1659 inter,
3158 1586 3571 1643 Ambn'clwneut
3596 1590 3783 1659 episco-

2684 1670 2810 1725 pum
2837 1666 2883 1709 et
2915 1653 3293 1711 Pernvuinum.

2273 1764 2603 1822 Cunctorum
2629 1768 2928 1837 comperiat
2970 1769 3237 1824 industria
3279 1770 3529 1827 fidelium
3560 1788 3783 1843 praesen-

516 1868 656 1923 ricas
702 1883 734 1922 ς
777 1866 832 1920 in
874 1864 993 1919 loco
1023 1829 1265 1931 hie-zinga
1296 1866 1629 1929 nuncupato.
1672 1829 1736 1913 Eg
1749 1869 1934 1914 contra
1972 1829 2099 1916 vero
2130 1829 2175 1889 Β
2204 1855 2337 1910 tium
2368 1854 2575 1911 scilicet
2604 1857 2659 1912 in
2679 1829 2865 1913 sancta
2888 1858 3128 1914 Ecclesia
3148 1870 3205 1915 et
3229 1859 3547 1917 futurorum
3560 1829 3786 1932 qualiter

488 1978 637 2033 pven.
686 1975 776 2030 ep.
821 1955 1116 2013 Ambrieho
1159 1961 1213 2010 et
1246 1952 1539 2008 advocatus
1582 1950 1698 2022 ejus
1726 1949 1829 2007 0to
1871 1951 2102 2006 tradide-

511 2063 639 2110 runt
673 2062 831 2108 terra:
874 2047 1097 2105 arabilis
1125 2047 1176 2101 in
1215 2042 1499 2101 latitudine
1527 2042 1763 2113 perticas
1790 2056 1853 2107 ιι,
1895 2042 1947 2096 in
1980 2042 2095 2095 lon-

508 2144 750 2217 gitudine
779 2159 851 2196 xx
898 2142 952 2195 in
983 2138 1170 2195 eodem
1198 2136 1334 2193 loco.
1370 2134 1438 2190 Et
1483 2133 1570 2190 isti
1609 2141 1735 2189 sunt
1764 2140 1969 2189 testes:
2001 2132 2099 2189 Er-

505 2233 827 2303 chanperht,
874 2228 1145 2294 Waltrih,
1189 2224 1433 2292 Patarih,
1485 2223 1748 2289 Gammo,
1797 2221 2133 2291 Perehtolt,.

508 2325 751 2397 Sigifrid,
792 2324 962 2390 llitto,
1002 2322 1128 2387 Oto,
1181 2318 1443 2384 Adamar,
1483 2314 1655 2383 Hitto,
1699 2313 1901 2381 Chazo,
1947 2314 2097 2371 Liut-

505 2420 634 2485 frid,
665 2429 772 2475 etc.
2059 2412 2063 2416 ’

500 2526 630 2585 Car.
663 2527 775 2583 χιι.
804 2557 873 2568 ——
905 2523 1142 2589 Traditio
1198 2521 1471 2586 Rodlaanl,
1518 2533 1567 2575 et
1607 2535 1757 2590 quas:
1815 2514 2094 2590 cujusdam

570 2599 957 2661 complacitatlo
999 2592 1267 2650 Slomaclu'
1307 2592 1441 2645 inter
1468 2590 1889 2646 -Ambrichonem
1929 2607 2011 2661 ep.
2044 2600 2094 2645 et

589 2670 934 2725 Rodltarium.

567 2776 1056 2853 Cognoscatomnis
1077 2764 1324 2830 Ecclesia:
1339 2773 1430 2829 Dei
1448 2772 1792 2830 beatissimus
1802 2770 1937 2827 ordo
1961 2786 2092 2841 qua-

497 2876 620 2932 liter
644 2874 862 2944 quidam
887 2854 1099 2933 nobilis,
1133 2867 1349 2924 nomine
1377 2864 1635 2931 Rodheri,
1668 2865 1735 2921 de
1759 2873 1959 2920 aeterna
1989 2865 2092 2921 sibi

492 2965 834 3041 prospiciens
889 2959 1321 3018 remuneratione
1386 2957 1746 3028 praesentique
1802 2956 2091 3013 consulens

497 3055 806 3114 necessitati
836 3053 1056 3110 tradidit
1093 3051 1160 3106 ad
1192 3050 1251 3106 S.
1296 3059 1591 3122 martyrem
1631 3049 2090 3105 Emmerammum

499 3148 761 3221 quidquid
793 3148 847 3202 in
880 3144 1002 3199 villa
1045 3141 1359 3212 Samutinga
1388 3149 1696 3210 nuncupata
1741 3138 2089 3210 proprietatis

494 3243 643 3297 visus
663 3249 749 3295 est
780 3238 981 3294 habere
1019 3235 1072 3290 in
1106 3231 1390 3302 mancipiis
1429 3245 1662 3301 quorum
1693 3231 1911 3287 nomina
1956 3241 2084 3287 sunt

497 3338 612 3392 haec
642 3349 657 3389 :
688 3334 835 3399 'l‘iso,
876 3329 1135 3392 Albuvar,
1170 3323 1382 3396 Sigifrit
1416 3333 1474 3380 et
1500 3322 1597 3379 lilii
1633 3322 1774 3393 ejus,
1829 3324 1884 3378 in
1911 3323 2081 3379 aedili-

493 3426 615 3490 ciis,
660 3431 716 3479 et
745 3421 906 3478 terris
946 3416 1106 3475 cultis
1131 3424 1188 3471 et
1226 3412 1467 3480 incultis,
1488 3426 1652 3483 aqua,
1688 3412 1846 3478 silva,
1877 3412 1981 3468 viis
2025 3421 2082 3468 et

495 3514 676 3579 inviis,
702 3509 942 3581 exceptis
973 3508 1144 3563 tribus
1173 3502 1513 3562 solummodo
1547 3501 1837 3573 mancipiis
1865 3516 2079 3573 unoque

495 3604 586 3659 vili
609 3617 830 3659 nemore
855 3598 1068 3654 aliunde
1097 3594 1421 3667 conquisito,
1450 3608 1576 3649 ven.
1603 3607 1689 3664 ep.
1714 3592 2080 3650 Ambrichone

504 3698 645 3752 banc
682 3694 1025 3750 traditionem
1063 3689 1421 3761 suscipiente,
1452 3688 1720 3743 advocato
1740 3684 1857 3756 ejus
1896 3686 2077 3743 Gund-

494 3788 671 3848 berto,
702 3799 767 3840 ea
792 3783 999 3839 scilicet
1043 3782 1248 3836 ratione
1283 3797 1296 3833 :
1330 3787 1389 3834 ut
1411 3793 1458 3834 e.
1484 3787 1675 3834 contra
1704 3787 1831 3833 ‘tres
1858 3792 2075 3834 mansos

492 3877 567 3933 de
587 3878 748 3933 rebus
767 3873 1066 3945 supradicti
1098 3872 1273 3929 sancti
1302 3886 1427 3926 cum
1454 3870 1755 3926 redditibus
1783 3870 2072 3940 acciperet,

497 3977 555 4024 et
598 3983 696 4039 per
746 3965 987 4037 singulos
1032 3978 1225 4030 annos,
1271 3963 1448 4018 donec
1495 3960 1552 4015 in
1598 3960 1698 4015 bac
1751 3957 1926 4031 fragili
1968 3958 2076 4014 vita

490 4061 719 4126 viveret,
769 4058 1151 4115 vestimentum
1201 4055 1454 4110 deorsum
1496 4059 1698 4107 textum
1748 4066 1767 4105 ι
1810 4061 1865 4106 et
1905 4065 2072 4117 cam.,

491 4154 707 4211 cubitus
725 4167 816 4207 xvr
857 4150 1062 4205 habens
1092 4150 1144 4202 in
1171 4145 1531 4217 longitudine,
1573 4143 1830 4198 camisam
1858 4156 2074 4213 quoque

487 4255 545 4302 ct
570 4254 774 4302 cottum
818 4241 1068 4299 similiter
1089 4255 1129 4306 ι,
1160 4239 1227 4294 de
1263 4237 1393 4293 vino
1427 4235 1612 4292 carad.
1646 4251 1688 4303 ι,
1718 4235 1771 4290 id
1794 4245 1897 4301 est,
1939 4235 2073 4290 situ-

489 4345 570 4396 las
594 4354 726 4403 xxx,
754 4335 944 4390 farina:
974 4331 1118 4388 mod.
1144 4347 1198 4396 ι,
1224 4326 1446 4402 pracial.
1475 4343 1535 4382 ιι.
1560 4324 1829 4396 Frisking.
1857 4341 1910 4381 tv
1936 4325 2070 4381 duas

490 4424 856 4503 [verveciuas]
885 4422 1221 4487 berbecinas,
1249 4420 1384 4475 duas
1413 4427 1594 4472 autem
1628 4416 1864 4501 reliquas
1893 4415 2071 4486 porci-

487 4495 606 4584 nas,
636 4495 874 4589 singulas
893 4512 1117 4586 singulis
1135 4510 1464 4582 appretiatas
1487 4495 1771 4573 tremiSsis,
1795 4515 1851 4564 et
1872 4516 1929 4562 ut
1951 4507 2068 4563 hazc
2099 4543 2146 4603 ο

484 4610 666 4667 omnia
693 4607 902 4678 pariter
944 4618 1066 4659 cum
1102 4602 1195 4656 illa
1232 4600 1431 4656 tradita
1469 4598 1784 4678 haereditate
1821 4612 1921 4653 suo
1946 4598 2066 4653 usui

484 4701 777 4760 servienlia
803 4712 1008 4767 suoque
1031 4694 1142 4766 juri
1184 4692 1453 4758 cedentia,
1478 4691 1604 4747 dum
1641 4670 1867 4756 viveret,
1895 4688 2065 4744 lirmi-
2147 4704 2171 4747 ’ς

486 4805 570 4851 ter
606 4792 877 4849 obtineret
916 4786 1340 4858 complacitavit.
1379 4784 1447 4839 Et
1472 4783 1517 4839 si
1560 4783 1642 4838 vel
1688 4782 2065 4852 episcoporum

481 4883 777 4954 quispiam,
805 4878 888 4935 vel
907 4879 1071 4933 etiam
1098 4868 1287 4930 eorum
1318 4873 1662 4928 familiarium
1696 4872 1889 4951 horum
1910 4870 2065 4942 quip-

482 4974 626 5044 piam
649 4970 966 5027 subtrahere
984 4977 1079 5022 aut
1108 4963 1399 5034 infringere
1425 4972 1651 5018 conetur
1678 4970 1733 5016 et
1756 4960 2061 5032 perfecerit,

483 5063 575 5118 ille
630 5061 937 5117 nominatus
988 5058 1225 5114 [todheri
1282 5071 1394 5111 sua:
1445 5053 1791 5124 proprietatis
1837 5051 2062 5107 liberam

483 5150 713 5207 haberet
764 5156 1083 5218 potestatem
1143 5156 1353 5201 vertere
1408 5159 1518 5214 quo
1559 5132 1795 5198 libauit.
1849 5141 1954 5198 Sed
2008 5150 2065 5197 et

485 5237 705 5294 testium
729 5251 942 5307 quoque
985 5235 1180 5292 Norico
1222 5251 1369 5291 more
1406 5249 1502 5306 per
1543 5249 1705 5289 aures
1761 5241 2059 5289 tractorum

486 5327 707 5384 nomina
734 5327 881 5381 cerui
924 5326 1051 5381 licet
1096 5328 1148 5380 in
1197 5327 1444 5397 praesenti
1478 5342 1494 5378 :
1539 5324 1833 5389 lladamar,
1862 5323 2055 5394 Wago,

488 5418 682 5483 Uulaz,
715 5416 846 5480 Avo,
890 5414 1109 5485 Strupo,
1145 5416 1456 5482 Ambricho,
1488 5415 1661 5486 Rupo,
1707 5414 2055 5479 Durinchart,

491 5508 776 5561 Rmrhart.
828 5505 1029 5556 llmlllc-
1065 5504 1255 5560 WPlli.
1301 5507 1522 5560 Strum.
1551 5504 1782 5556 Rilihnd.
1820 5503 2054 5554 Her-irai.

2201 1946 2572 2003 concambium
2601 1962 2839 2017 prmsens
2866 1957 3232 2019 perageretur.
3262 1950 3520 2007 Tradidit
3563 1968 3784 2024 namque

2199 2037 2417 2107 quidam
2451 2038 2650 2099 nobilis
2687 2039 2790 2103 vir,
2840 2040 3060 2096 nomine
3086 2039 3317 2098 Pervum
3335 2081 3353 2108 ,
3381 2043 3457 2098 ad
3482 2041 3547 2098 S.
3574 2041 3783 2098 Petrum

2200 2135 2554 2199 sanctumque
2584 2128 3043 2184 Emmerammum
3082 2130 3137 2185 in
3173 2129 3309 2187 locis
3349 2131 3706 2189 llittincboba
3730 2142 3779 2188 et

2200 2223 2576 2279 Dentinchoba
2620 2223 2945 2294 nuncupatis
2989 2224 3344 2296 proprietatis
3393 2240 3515 2282 sum
3566 2241 3633 2282 ac
3663 2241 3779 2281 con—

2192 2315 2337 2387 jugis
2365 2330 2478 2370 sua:
2513 2314 2655 2370 inter
2685 2324 2886 2370 terram
2914 2314 3193 2382 arabilem,
3220 2323 3276 2371 et
3302 2326 3469 2386 prata
3506 2326 3672 2387 atque
3696 2315 3779 2372 sil-

2197 2422 2316 2460 vam
2333 2404 2524 2475 jugera
2573 2420 2729 2463 cxcrv
2769 2406 2825 2460 in
2873 2392 3089 2461 manum
3118 2406 3370 2463 videlicet
3401 2407 3779 2464 Ambrichonis

2197 2516 2317 2556 ven.
2350 2514 2436 2569 ep.
2470 2498 2692 2569 ejusque
2720 2499 2965 2555 advocati
2993 2498 3313 2556 Gundberti.
3352 2500 3399 2554 Ε
3425 2504 3628 2556 contra
3658 2517 3774 2557 vero

2193 2590 2447 2664 praefatus
2471 2583 2772 2661 epiScopus-
2795 2585 2958 2661 atque
2987 2590 3335 2647 Gundbertus
3362 2607 3494 2647 cum
3519 2607 3774 2648 consensu

2194 2680 2581 2743 monachorum
2624 2687 2679 2734 et
2727 2679 3104 2735 canonicorum
3136 2679 3483 2735 tradiderunt
3520 2680 3593 2737 de
3630 2680 3773 2737 rebus

2193 2771 2574 2843 praedictorum
2617 2780 2926 2825 sanctorum
2983 2769 3158 2826 eidem
3201 2769 3499 2826 Pernwiuo
3556 2781 3616 2826 et
3658 2787 3773 2833 ono-

2185 2864 2298 2935 jugi
2358 2879 2469 2920 sua:
2514 2862 2583 2918 ad
2640 2862 2919 2934 Puningon
2968 2877 3150 2919 casam
3196 2876 3321 2918 cum
3369 2871 3577 2930 cur-te,
3614 2863 3772 2919 eccle-

2191 2955 2325 3010 siam
2355 2968 2569 3024 quoque
2596 2968 2720 3009 cum
2742 2952 2992 3009 omnibus
3018 2951 3352 3023 appendiciis
3379 2953 3521 3019 suis,
3547 2962 3606 3008 et
3627 2963 3771 3008 terra:

2191 3046 2435 3113 arabilis,
2478 3062 2544 3101 ac
2581 3053 2861 3116 pratorum
2914 3054 3077 3114 atque
3112 3043 3262 3100 silvae
3305 3044 3502 3115 jugera
3539 3058 3770 3100 eunti:

2196 3140 2247 3194 in
2297 3139 2573 3209 proprium
2617 3135 3380 3209 perpetualiterbabendum.
3439 3135 3510 3191 Et
3560 3144 3620 3191 ut
3661 3136 3771 3190 haec

2191 3229 2545 3286 counnutatio
2588 3227 2794 3284 firmior
2824 3229 3087 3284 habeatur
3114 3226 3319 3297 placuit
3358 3226 3509 3283 duas
3543 3227 3767 3283 cartalas

2180 3322 2295 3393 pari
2343 3330 2528 3376 tenore
2549 3320 2895 3390 conscriptas
2927 3326 2984 3375 et
3031 3318 3256 3373 auribus
3305 3325 3481 3373 testes
3535 3306 3765 3373 iubere.

2180 3411 2247 3467 Hi
2292 3422 2420 3467 sunt
2462 3409 2855 3479 Erchanperht,
2904 3407 3218 3474 Ambricho,
3274 3403 3529 3479 Sigil‘rid,
3569 3407 3766 3471 Ratolt,

2178 3505 2348 3571 Bitto,
2383 3504 2636 3570 Salacho,
2670 3502 2961 3573 Eparhart,
2987 3510 3095 3557 etc.
3133 3498 3374 3556 Vestitor
3400 3506 3460 3556 et
3485 3499 3771 3557 revestitor

2175 3597 2365 3655 Albrih
2402 3596 2524 3653 fuit.

2176 3728 2306 3784 Car.
2336 3725 2475 3783 XIV.
2501 3757 2571 3766 —
2592 3724 2942 3781 Commutatio
2972 3725 3122 3797 _in'er
3148 3725 3559 3781 Ambricnonem
3576 3725 3766 3797 cpisto-

2306 3806 2311 3813 ‘
2475 3858 2478 3861 Α
2743 3812 2866 3866 pum
2886 3806 2933 3849 et
2957 3794 3197 3850 Otonem.

2244 3909 2348 3966 Oto
2375 3915 2594 3981 quidam
2630 3908 2826 3964 nobilis
2850 3907 3072 3964 tradidit
3099 3909 3166 3963 ad
3202 3905 3262 3963 S.
3303 3907 3762 3964 Emmerammum

2176 3999 2337 4056 talem
2365 3998 2751 4072 proprietatem
2789 3997 3004 4070 qualem
3039 3996 3230 4053 habuit
3266 3997 3338 4051 ad
3372 3995 3667 4066 Swindpab
3706 3998 3761 4050 in

2173 4108 2393 4149 manum
2436 4091 2815 4148 Ambrichonis
2853 4104 2976 4146 ven.
3003 4104 3089 4161 ep.
3113 4099 3169 4145 et
3207 4088 3462 4145 advocati
3503 4087 3616 4158 ejus
3656 4086 3765 4142 Re—

2172 4182 2392 4255 ginhohi
2424 4181 2840 4239 contra-solidos
2877 4197 2966 4236 ex.
3017 4180 3083 4235 Et
3124 4180 3212 4236 isti
3247 4188 3377 4235 sunt
3410 4176 3578 4236 testes
3612 4178 3761 4234 :En-

2171 4275 2446 4347 gilscalch,
2470 4274 2867 4347 Westargowo,
2896 4272 3186 4344 Gerperht,
3217 4271 3393 4341 cho,
3416 4272 3761 4335 Cundachar,

2166 4364 2395 4420 Nidhart
2414 4405 2429 4432 ,
2459 4364 2723 4436 Rihpold,
2752 4364 3098 4436 Eparacbar,
3129 4362 3274 4427 Am,
3308 4362 3487 4429 Pero,
3514 4362 3756 4425 Pet-ideo,

2170 4455 2547 4526 Chuniperht,
2618 4454 2845 4521 Helfrih,
2892 4453 3306 4525 Erchanperht,
3355 4453 3570 4520 Albrih,
3627 4453 3761 4508 Am-

2170 4545 2359 4602 bricho
2382 4585 2396 4613 ,
2429 4543 2660 4601 Racbolf
2677 4584 2692 4612 ,
2719 4543 3009 4600 Willibelm
3034 4583 3049 4610 ,
3080 4542 3303 4608 Rodolf,
3336 4542 3563 4616 Strupu,
3598 4542 3760 4599 Adal-

2170 4639 2352 4710 perht.

2168 4772 2299 4830 CAP.
2327 4771 2444 4828 XV.
2475 4801 2546 4813 —
2573 4768 2922 4826 Commutatio
2957 4768 3091 4823 inter
3124 4765 3533 4821 Ambrichonem
3564 4766 3755 4836 episco-

2652 4857 2776 4911 pum
2803 4850 2849 4894 et
2883 4838 3263 4912 Hardpertum.

2240 4953 2528 5010 Multorum
2571 4951 2866 5022 comperiat
2918 4948 3179 5006 industria
3228 4945 3481 5003 fidelium
3528 4946 3754 5018 qualiter

2170 5044 2547 5115 subsequentis
2589 5041 2985 5113 complacitatio
3024 5039 3327 5096 traditionis
3376 5038 3749 5109 perficereuir.

2170 5136 2414 5193 Tradidit
2436 5149 2670 5203 namque
2690 5134 2908 5203 quidam
2931 5148 3094 5189 manu
3123 5132 3325 5189 missus
3347 5132 3516 5202 liber,
3541 5130 3753 5189 nomine

2168 5227 2510 5292 llartbertus,
2537 5225 2784 5282 videlicet
2806 5226 3166 5285 subdiaconus
3185 5224 3582 5295 pmprietatem
3601 5236 3748 5279 suam

2167 5321 2235 5377 ad
2280 5320 2338 5376 S.
2384 5319 2605 5375 Petrum
2651 5325 3007 5387 sanctumque
3055 5315 3152 5372 Dei
3194 5324 3501 5387 martyrem
3543 5316 3752 5371 Emme-

2168 5425 2433 5466 rammum
2457 5423 2617 5480 quam
2645 5408 2846 5464 habere
2873 5407 3019 5465 visus
3045 5414 3139 5463 est
3156 5406 3224 5461 ad
3249 5405 3612 5473 Folinchova,
3641 5414 3751 5459 ter-

2167 5503 2260 5550 rig_
2290 5502 2478 5552 ιιι-ιιιίε,
2520 5501 2754 5556 nascuis.
2780 5501 2887 5550 viis
2916 5509 2972 5554 et
2997 5498 3177 5556 inviis.
3203 5507 3265 5556 et
3282 5499 3356 5555 ad
3382 5499 3659 5560 Βωιίω
3679 5498 3752 5554 (Β
