3930 5708
971 353 1425 411 TRADITIONES
1461 354 2094 410 EMMEIIAMMENSES.
2137 384 2207 394 —
2244 353 2372 408 LIB.
2415 353 2477 408 II.

3237 351 3344 412 954

90 477 174 534 ep.
199 461 428 535 ejusque
464 464 705 522 advocati
733 466 1051 524 Gundberti.
1083 469 1126 524 Ε
1161 479 1348 528 contra
1374 484 1500 524 vero
1533 469 1672 522 idem
1701 471 1750 528 A
1779 467 2023 522 advocati
2052 467 2384 524 Wicrammi.
2429 467 2471 522 Ε
2521 473 2709 522 contra
2747 480 2877 520 vero
2922 465 3061 520 idem
3110 465 3346 520 Wicram

91 555 388 610 advocatus
413 557 780 613 consentiente
809 558 1026 613 domino
1062 574 1159 614 suo
1183 560 1433 630 episcopo
1457 558 1675 613 tradidit
1779 555 1996 610 tradidit
2018 556 2084 612 de
2108 556 2268 611 rebus
2297 557 2356 611 S.
2397 554 2778 610 Emmeramtni
2802 593 2818 620 ,
2852 553 3221 609 consentiente
3256 555 3350 609 do-

90 643 322 713 przefato
349 643 636 706 Hartberto
675 646 803 702 illud
836 646 1155 703 beneﬁcium
1184 648 1249 702 ad
1273 648 1515 718 Eigilslat
1551 663 1674 702 cum
1777 647 1924 702 mino
1966 663 2065 703 suo
2109 648 2394 718 episcopo,
2445 647 2702 718 praedicto
2746 645 2910 700 nobili
2957 644 3239 700 Lantfrido
3281 646 3352 700 ad

90 736 342 796 omnibus
369 737 699 808 appendiciis
738 740 868 806 suis,
894 755 958 796 ea
985 740 1235 796 videlicet
1272 741 1479 795 ratione
1507 759 1518 793 :
1544 754 1676 809 qua-

1779 739 2145 810 Sunichingon
2193 739 2335 794 inter
2383 747 2583 792 terram
2611 736 2868 791 arabilem
2908 744 2962 790 ct
2991 734 3351 807 pratajugcra

93 835 249 883 tenus
280 827 425 884 idem
448 827 770 884 Hartbertus
797 837 852 885 et
878 845 1017 885 unus
1055 830 1422 901 proximorum
1455 844 1676 884 suorum
1779 843 1976 893 xxxiv;
2012 836 2068 883 et
2107 827 2253 882 silva:
2290 827 2477 898 jugera
2507 842 2578 881 vr.
2611 827 2677 881 Et
2713 822 2804 881 isti
2827 833 2952 880 sunt
2978 834 3140 881 testes
3171 843 3184 879 :
3214 825 3349 896 Ogo,

91 929 213 988 post
245 919 428 990 ipsum
457 935 626 991 usque
655 919 723 975 ad
749 919 954 977 obitum
978 936 1131 976 suum
1158 920 1386 974 ﬁrmiter
1408 919 1678 990 possideat
1774 915 2178 987 Erchanperbt,
2232 917 2458 982 lielfrih,
2491 915 2792 987 Engilpold,
2822 915 3032 981 Folrat,
3061 915 3353 985 Derpheri,

92 1011 219 1065 illud
260 1010 583 1067 beneﬁcium
630 1011 685 1066 in
707 1011 1008 1082 proprium,
1055 1026 1116 1066 ac
1137 1019 1324 1082 postea
1369 1010 1437 1064 ad
1482 1023 1676 1080 supra-

90 1102 329 1174 scriptos
379 1110 594 1160 sanctos
639 1103 924 1172 pertineat.
955 1103 1022 1158 Et
1049 1104 1138 1159 isti
1181 1113 1308 1159 sunt
1332 1113 1530 1159 testes:
1572 1102 1677 1158 Ila—

89 1194 306 1260 damar,
337 1187 578 1261 Plidker,
626 1194 920 1267 Reginpold
943 1234 958 1260 ,
1011 1194 1220 1260 Albrih,
1253 1195 1468 1250 Recclto
1492 1236 1506 1261 ,
1539 1194 1677 1250 Mot-

91 1293 267 1350 munt,
302 1284 602 1356 lsanperht,
635 1282 930 1350 Perehtolt,
959 1293 1014 1340 et
1035 1286 1213 1341 caeteri
1237 1301 1398 1356 quam
1439 1285 1675 1357 plurimi.

90 1374 289 1429 Actum
312 1389 394 1430 esr
412 1376 479 1431 ad
502 1374 861 1448 Weltinpurc,
884 1378 1348 1433 consentientibus
1378 1377 1675 1440 canonicis,

90 1464 380 1534 Ermperto
413 1465 756 1536 presbytero,
796 1465 1105 1523 Gcrmundo
1151 1468 1358 1537 presb.,
1403 1466 1679 1538 Reginone

89 1555 344 1620 diacono,
383 1556 622 1613 Rodoldo
647 1556 960 1629 presbytero
988 1567 1044 1612 et
1073 1559 1356 1624 monacho,
1389 1546 1679 1628 Deotperto

89 1646 416 1718 presbytero
438 1656 493 1703 et
517 1649 800 1716 monacho,
823 1648 1033 1706 'l‘utone
1051 1651 1278 1706 diacono
1303 1659 1360 1706 et
1390 1650 1678 1717 monacho,

88 1749 147 1793 et
174 1739 391 1794 caeteris
417 1741 686 1796 omnibus.

86 1869 219 1923 CAP.
255 1865 394 1922 XVI.
423 1897 494 1907 —
538 1865 891 1942 Commutatio
928 1869 1064 1942 inter
1104 1867 1462 1942 Hiltigardam
1499 1881 1546 1925 et
1588 1869 1681 1926 Ri-

577 1937 810 2008 choifum
831 1940 1207 2010 presbyterum.

157 2048 360 2105 Notum
383 2050 456 2104 sit
479 2050 728 2106 omnibus
767 2050 1014 2132 ﬁdelibus
1037 2053 1163 2123 quia
1192 2053 1496 2126 Witagowo
1516 2055 1684 2111 advo-

89 2153 249 2197 catus
315 2142 628 2211 Ililtigardae
683 2143 901 2197 tradidit
963 2160 1144 2200 aream
1212 2161 1372 2199 unam
1432 2144 1714 2214 Rihholfo.

91 2232 277 2303 presb.
310 2234 378 2287 de
403 2232 582 2288 rebus
623 2232 834 2288 Sancta:
869 2233 1049 2289 Maria:
1078 2233 1352 2290 inferioris
1373 2237 1685 2292 monasterii

91 2327 142 2381 in
180 2327 306 2381 loco
343 2325 436 2396 qui
466 2326 660 2381 dicitur
705 2327 816 2381 Pah
861 2328 1232 2383 consentiente
1273 2329 1488 2389 domina
1533 2328 1688 2383 Ililti-

91 2419 284 2489 garda.
316 2418 358 2473 E
387 2427 577 2474 contra
603 2434 730 2474 vero
761 2419 902 2474 idem
942 2417 1166 2474 Ribbolf
1197 2421 1434 2492 preslvyt.
1467 2419 1688 2491 ejusque

89 2510 390 2565 advocatus
417 2507 738 2578 Sindpertus
761 2524 881 2564 cum
912 2508 1127 2564 licentia
1155 2509 1528 2564 Ambrichonis
1564 2525 1689 2564 ven-

90 2616 178 2670 ep.
212 2599 554 2655 tradiderunt
581 2597 942 2676 Witagowoni
966 2608 1124 2654 terrae
1158 2599 1376 2654 arabilis
1406 2601 1538 2655 duas
1564 2615 1688 2670 par-

92 2702 173 2746 tes
195 2691 251 2745 in
277 2690 472 2745 eodem
495 2689 634 2746 loco.
661 2690 728 2745 Et
747 2691 836 2745 isti
861 2700 985 2746 sunt
1009 2700 1204 2747 testes:
1227 2691 1404 2756 Adolt‘,
1427 2691 1686 2758 Penhart,

90 2783 327 2848 ﬂell‘rib,
359 2781 643 2848 Cundftiid,
674 2782 904 2848 Ardvvit,
932 2783 1244 2853 Sindperht,
1284 2784 1511 2851 Ilunrib,
1558 2783 1687 2842 Gei-
1769 2771 1772 2774 ’

90 2874 204 2940 lolt‘,
246 2873 546 2943 Willipato,
583 2871 888 2942 Ililtiperltt,
921 2873 1201 2938 Ekkihart,
1228 2883 1332 2929 etc.

88 3010 222 3062 (In.
269 3007 433 3062 XVII.
465 3039 535 3049 —
570 3006 918 3080 Commutath
965 3009 1104 3080 inter
1134 3009 1531 3064 Ambricltonem
1583 3009 1690 3080 epi-

514 3095 727 3149 scOpum
758 3088 806 3133 et
837 3077 1280 3150 Engilscalclmm.

1780 992 1999 1076 Strupo,
2033 1005 2344 1077 Sindperht,
2374 1005 2689 1077 Adalperht,
2722 1003 3012 1070 Iladamar,
3041 1003 3200 1070 Tato,
3227 1005 3356 1060 Ger-

1780 1096 1908 1161 liob,
1941 1095 2110 1162 Hitto,
2149 1106 2256 1152 ctc.

1777 1228 1907 1284 CAP.
1933 1226 2052 1282 XX.
2081 1236 2154 1268 '—
2179 1226 2526 1283 Commutatio
2555 1227 2690 1282 inter
2732 1227 3130 1282 Ambricltonem
3165 1227 3360 1297 episco-

2325 1314 2450 1368 pum
2488 1308 2536 1351 et
2566 1297 2808 1351 Atonem.

1851 1412 2102 1468 Patescat
2123 1411 2298 1482 igitur
2319 1410 2571 1466 omnibus
2603 1408 2850 1466 ﬁdelibus
2873 1409 2998 1478 quia
3021 1407 3216 1463 nobilis
3241 1408 3361 1478 qui-

1783 1505 1930 1568 dam,
1960 1501 2176 1556 nomine
2199 1499 2324 1565 Ato,
2350 1500 2570 1554 tradidit
2591 1501 2659 1554 ad
2676 1498 2737 1570 .S.
2760 1498 2976 1555 Petrum
3007 1508 3362 1568 sanctumque

1781 1592 2238 1647 Emmerammum
2291 1591 2358 1646 de
2400 1599 2542 1645 terra
2585 1589 2776 1645 arabili
2811 1589 2998 1661 jugera
3026 1607 3081 1644 χι
3133 1590 3188 1645 in
3242 1589 3362 1645 loco

1783 1685 2104 1756 Samutinga
2150 1692 2458 1754 nuncupato
2499 1683 2552 1737 in
2602 1681 3101 1739 manumvidelicct
3146 1682 3366 1736 Ambri-

1782 1774 1972 1831 cbonis
1995 1789 2118 1829 ven.
2148 1789 2232 1845 ep.
2257 1772 2478 1844 ejusque
2504 1772 2750 1828 advocati
2776 1772 3082 1828 Iiadamari.
3109 1772 3152 1827 Ε
3173 1779 3363 1828 ccntra

1785 1881 1915 1922 vero
1950 1866 2089 1921 idem
2135 1866 2459 1929 advocatus,
2493 1866 2716 1936 jubente
2741 1874 2795 1920 et
2829 1865 3199 1920 consentiente
3227 1880 3363 1922 orre-

1786 1957 1931 2013 dicto
1977 1956 2260 2028 episcopo,
2310 1955 2530 2010 tradidit
2565 1954 2677 2026 jam
2708 1955 2850 2010 dicto
2894 1955 3062 2009 nobili
3097 1954 3255 2009 Atoni
3296 1954 3365 2008 de

1787 2047 1948 2102 rebus
1974 2061 2134 2116 supra
2162 2045 2559 2100 nominatorum
2585 2053 2896 2100 sanctorum
2919 2043 2984 2098 ad
3010 2042 3366 2096 Zeizincbova

1789 2145 1945 2192 terra:
1994 2134 2375 2206 arabilisjug.
2421 2150 2451 2188 ε
2512 2134 2568 2188 in
2621 2134 2897 2204 proprium
2941 2130 3369 2203 jureperpetuo

1786 2227 2188 2298 possidendum.
2222 2211 2288 2280 Et
2309 2235 2367 2280 ut
2396 2227 2509 2280 haec
2537 2225 2888 2281 commutatio
2923 2223 3131 2278 ﬁrmior
3168 2223 3370 2278 habea—

1790 2326 1876 2372 tur
1904 2318 2191 2386 veriusque
2221 2316 2493 2381 credatur,
2529 2314 2732 2385 placuit
2773 2314 2907 2368 duas
2941 2312 3214 2367 chartulas
3252 2311 3370 2382 pari

1791 2417 1976 2464 tenore
2006 2408 2236 2476 scriptas
2267 2405 2542 2470 exhibere,
2585 2415 2638 2460 et
2661 2413 2822 2459 testes
2853 2403 3112 2457 adhibere
3137 2417 3368 2472 quorum

1789 2499 2009 2554 nomina
2033 2508 2197 2553 sunt:
2229 2495 2518 2560 Pernhart,
2550 2494 2779 2564 Strupo,
2807 2493 3210 2564 Ercbanperbty,
3241 2491 3372 2544 {lel-

1788 2587 1915 2653 l'i-ili,
1939 2588 2254 2653 Ambricbo,
2281 2585 2522 2658 Sigitrid,
2547 2584 2714 2652 Ilitto,
2744 2584 2977 2649 Folcrat,
3012 2581 3202 2648 Wetti,
3239 2582 3370 2636 item

1791 2678 2010 2748 Strupo,
2042 2676 2246 2744 Ratolt,
2275 2675 2463 2742 Mezzi,
2491 2682 2596 2730 etc.
2681 2698 2685 2702 -

1789 2783 1918 2865 (ΣΑΡ.
1948 2807 2086 2864 XXI.
2117 2837 2187 2848 —
2215 2806 2565 2862 Commutatio
2587 2805 2723 2874 inter
2749 2803 3146 2870 Ambricltonem
3173 2803 3376 2874 episco-

2376 2891 2501 2948 pum
2529 2885 2577 2931 et
2617 2873 2780 2946 Eigil.

1863 2992 2126 3050 Omnibus
2153 2999 2356 3047 sanctae
2388 2987 2484 3044 Dei
2508 2987 2763 3044 Ecclesia:
2791 2987 3035 3044 ﬁdelibus
3072 2995 3259 3042 notum
3303 2987 3377 3042 sit

1795 3088 1922 3160 quia
1942 3087 2079 3160 Eigil
2106 3087 2326 3157 quidam
2357 3084 2552 3140 nobilis
2577 3083 2797 3139 tradidit
2825 3083 2893 3138 ad
2923 3083 2980 3138 S.
3007 3083 3226 3137 Petrum
3252 3097 3379 3137 san-

162 3189 398 3246 Noverit
419 3190 663 3246 omnium
691 3189 909 3246 solertia
933 3190 1168 3246 ﬁdelium
1195 3191 1320 3260 quia
1347 3190 1544 3246 nobilis
1567 3191 1686 3261 qui-
1713 3175 1758 3238 C
1789 3188 2044 3249 ctumque
2088 3177 2182 3233 Dei
2231 3181 2525 3247 martyrem
2575 3174 3034 3229 Emmerammum
3071 3173 3228 3228 talem
3254 3187 3380 3242 pro-

89 3284 242 3348 dam,
271 3281 498 3339 nomine
517 3281 880 3354 Engilscalch,
909 3282 1136 3338 tradidit.
1151 3282 1217 3336 ad
1241 3282 1298 3336 S.
1327 3280 1546 3338 Petrum
1567 3299 1689 3338 san-

88 3382 360 3444 ctunque
404 3373 499 3428 Dei
528 3381 820 3446 martyrem
860 3373 1314 3430 Emmerammum
1345 3389 1527 3430 casam
1569 3391 1690 3430 cum

89 3475 277 3531 curte,
308 3472 364 3519 et
391 3470 553 3519 terra;
573 3462 791 3519 arabili's
810 3472 971 3534 atque
986 3473 1265 3535 pratorum
1284 3463 1473 3535 jugera
1489 3480 1692 3518 Lxxxm

92 3558 146 3610 in
177 3557 308 3612 loco
337 3555 604 3627 Purringa
641 3564 948 3626 nuncupato
970 3556 1025 3610 in
1048 3571 1264 3610 manum
1291 3555 1536 3610 videlicet
1567 3557 1696 3610 Am-

91 3645 384 3701 bt-ichonis
431 3661 556 3702 ven.
611 3660 696 3716 ep.
737 3655 791 3702 et
831 3645 1075 3700 advocati
1129 3645 1245 3716 ejus
1285 3645 1608 3715 Reginbobi.
1653 3645 1697 3702 E

90 3749 296 3793 contra
326 3752 460 3793 vero
498 3737 797 3795 Ambricho
843 3737 1129 3810 episcopus
1162 3747 1218 3794 et
1244 3739 1537 3792 advocatus
1583 3735 1700 3804 ejus

89 3829 352 3884 Wicram
381 3825 718 3884 tradiderunt
759 3827 825 3882 de
859 3828 1020 3882 rebus
1059 3826 1438 3897 praedictorum
1477 3837 1698 3881 sancto-

91 3936 227 3996 rum
249 3918 431 3975 eidem
457 3917 623 3974 nobili
647 3918 712 3972 ad
743 3917 1140 3974 Talacliircbon
1164 3907 1448 3972 ecclesiam
1468 3927 1522 3972 et
1546 3928 1701 3972 terrae

87 4011 336 4067 arabilis
364 4010 554 4081 jugera
585 4025 714 4064 xxx.
757 4010 821 4064 Et
853 4010 940 4064 isti
979 4019 1106 4065 sunt
1140 4019 1346 4065 testes:
1389 4011 1705 4080 Eugilperbt

86 4117 318 4166 comes,
363 4099 770 4171 Erchanperbt.
806 4099 1042 4154 Ileltnrib
1065 4140 1080 4165 ,
1107 4099 1386 4172 Regiubob
1407 4141 1422 4167 ,
1451 4101 1703 4172 Rihpold,

94 4194 514 4258 Westargowo,
547 4191 774 4258 llelfrib,
800 4191 1046 4259 Racholl‘,
1078 4193 1244 4261 Ilitto,
1269 4193 1531 4276 Egilpold,
1560 4193 1704 4250 Rod-

92 4292 296 4350 ntunt,
336 4283 525 4350 Mezzi,
557 4283 779 4354 Strupo,
805 4292 912 4340 etc.

89 4417 239 4472 CAP.
273 4413 462 4469 XVIII.
484 4445 555 4458 —
579 4415 1114 4493 Comututatio__inter
1151 4418 1555 4474 Ambrichonem
1596 4421 1707 4493 epi-

547 4503 762 4556 scapum
798 4498 844 4541 et
876 4481 1276 4558 Hiltiperonem.

172 4595 392 4650 Notum
419 4593 494 4648 sit
527 4594 652 4663 quia
680 4593 896 4665 quidam
925 4595 1139 4661 nobilis,
1176 4595 1394 4651 nomine
1422 4595 1703 4668 Hiltipero,

93 4684 345 4741 tradidit
377 4683 444 4738 ad
488 4682 546 4738 S.
579 4683 1037 4739 Emmerammum
1063 4701 1251 4756 agrum
1295 4702 1314 4742 ι
1349 4687 1418 4742 ad
1455 4687 1706 4743 Rodran-

1795 3269 2081 3340 prietatem
2125 3266 2340 3338 qualem
2383 3266 2450 3321 ad
2498 3264 2836 3337 Cbaparussa
2876 3265 3064 3320 habuit
3113 3264 3376 3329 aediﬁciis,

1796 3356 2107 3422 territoriis,
2139 3355 2263 3420 viis,
2291 3362 2346 3410 et
2381 3354 2562 3420 inviis,
2593 3353 2728 3408 nihil
2760 3362 2914 3410 extra
2950 3354 3224 3409 dimittens
3249 3353 3378 3422 quin

1792 3464 1858 3504 ex
1905 3449 2117 3519 integro
2163 3446 2292 3502 illuc
2331 3443 2733 3501 transfunderet
2781 3445 2836 3499 in
2875 3459 3093 3524 manum
3132 3443 3384 3499 videlicet

1795 3537 2174 3594 Ambricltonis
2222 3551 2411 3592 vener.
2453 3551 2539 3606 ep.
2567 3535 2792 3606 ejusque
2836 3535 3082 3590 advocati
3120 3533 3379 3590 Adalrici.

1798 3629 1840 3684 E
1867 3636 2056 3682 contra
2081 3641 2213 3681 vero
2241 3626 2385 3681 idem
2403 3625 2730 3692 Adalricus,
2761 3624 3138 3680 consentiente
3164 3624 3384 3680 domino

1797 3732 1896 3773 suo
1932 3731 2047 3787 ep.,
2099 3716 2324 3772 tradidit
2345 3716 2411 3772 de
2440 3715 2604 3772 rebus
2644 3717 3024 3786 praedictorum
3073 3723 3385 3770 sanctorum

1799 3807 1972 3869 eidem
2000 3807 2233 3877 Eigiloni
2256 3806 2311 3862 in
2339 3806 2615 3878 proprium
2643 3805 2947 3861 habendum
2975 3807 3118 3877 quod
3140 3805 3388 3861 Habicho

1790 3899 1867 3975 ad
1897 3898 2127 3963 Feterah
2167 3897 2280 3968 jam
2309 3897 2438 3954 olim
2479 3898 2531 3952 in
2571 3896 2890 3954 beneﬁcium
2923 3898 3135 3952 habuit.
3181 3897 3250 3951 Et
3295 3896 3387 3952 isti

1803 3999 1928 4047 sunt
1958 3998 2160 4045 testes:
2193 3985 2485 4055 Hadamar,
2508 3989 2793 4060 Antarpot,
2820 3989 3076 4056 Otacbar,
3101 3989 3384 4055 Machelm,

1805 4086 2034 4156 Huugis,
2079 4085 2428 4156 Amalperht,
2474 4085 2742 4156 Rihpold,
2792 4086 3088 4156 Rilipcrht,
3141 4085 3388 4152 Ternod,

1793 4178 2038 4249 Strupo,
2057 4178 2405 4249 Reginperht,
2443 4176 2684 4248 Sigifrid,
2718 4177 2908 4247 Adalp.

1807 4310 1938 4366 CAP.
1970 4309 2134 4365 XXII.
2172 4341 2243 4351 —
2287 4308 2639 4364 Commutatio
2681 4309 2816 4364 inter
2859 4307 3256 4363 Ambrichonem
3283 4309 3394 4379 epi-

2267 4394 2481 4450 scopum
2507 4389 2555 4432 at
2586 4379 2929 4449 Sigipertum.

1737 4524 1786 4583 ι)
1881 4510 2077 4567 Notum
2115 4511 2186 4565 sit
2222 4508 2473 4565 omnibus
2501 4508 2749 4563 ﬁdelibus
2783 4507 2912 4576 quia
2947 4505 3248 4578 Sigipertus
3275 4507 3395 4576 qui-

1804 4605 1930 4660 dam
1958 4602 2154 4658 nobilis
2201 4601 2421 4656 tradidit
2448 4601 2517 4655 ad
2557 4600 2614 4655 S.
2647 4598 2864 4654 Petrum
2913 4607 3267 4668 sanctumque
3299 4597 3395 4652 Dei

1809 4704 2102 4766 martyrem
2148 4693 2605 4748 Emmerammum
2654 4689 2911 4760 quidquid
2950 4689 3018 4744 ad
3057 4690 3400 4758 Chaparussa

95 4777 401 4832 tinchova.
449 4773 493 4828 E
537 4783 724 4828 contra
768 4791 897 4831 vero
946 4777 1238 4832 advocatus
1281 4775 1546 4833 Helfricus
1585 4795 1707 4835 cum
1811 4788 2002 4843 habui;
2048 4788 2100 4842 in
2150 4799 2365 4840 manum
2420 4783 2671 4839 videlicet
2718 4781 3100 4838 Ambrichonis
3147 4794 3272 4834 ven.
3312 4794 3400 4848 ep.

92 4881 393 4922 consensu
421 4864 624 4919 domini
664 4865 747 4920 sui
786 4881 872 4936 ep.
915 4865 1294 4922 Ambricbonis
1334 4869 1551 4924 tradidit
1577 4885 1710 4942 prae-
1811 4875 2034 4945 ejusque
2057 4873 2301 4932 advocati
2329 4870 2587 4929 Adalrici.
2621 4870 2661 4925 E
2686 4877 2875 4924 contra
2905 4885 3035 4926 vero
3063 4871 3204 4926 idem
3240 4865 3404 4922 Adal-

95 4959 265 5012 ίίίείο
299 4953 466 5008 "om"
495 4953 546 5007 ί¹¹
582 4955 770 5012 eodem
804 4955 923 5011 Ιοοο
950 4970 1178 5026 θετυηιι
1221 4957 1273 5012 in
1303 4958 1578 5027 Proprium
1611 4961 1708 5016 ha'
1817 4971 1961 5025 ricus
2015 4985 2136 5027 cum
2183 4978 2448 5022 consensu
2500 4960 2734 5036 episcopi
2781 4959 3006 5016 tradidit
3047 4963 3223 5017 eidem
3267 4957 3412 5027 Sigi-

93 5045 387 5102 bendum.
429 5042 498 5097 Et
527 5043 612 5098 isti
635 5054 762 5100 sunt
793 5055 993 5102 testes:
1028 5044 1300 5115 Waltunc,
1325 5047 1461 5114 Avo,
1485 5050 1709 5122 Strupo,
1817 5071 1975 5132 perm
2003 5065 2071 5120 ad
2104 5053 2742 5130 Engilmonaschiricbon
2779 5053 3043 5119 aequalem
3081 5063 3412 5108 mensuram.

95 5133 323 5197 weui:
362 5132 496 5187 item
526 5131 741 5204 διτυιιον
784 5133 1102 5206 Lampe?!"-
1815 5131 2010 5211 Testes
2035 5163 2214 5210 autem
2235 5143 2537 5219 superioris
2553 5139 2998 5203 commutationis
3043 5144 3196 5200 istius
3209 5151 3424 5208 quoque

1820 5251 1993 5303 testes
2031 5253 2176 5304 sunt.

1851 5372 1985 5430 cm.
2039 5348 2338 5433 XXIIL—
2374 5360 2782 5493 Complja‘cigflt'o
2822 5360 3088 5426 Sandrati
3124 5361 3394 5431 archipre-

2502 5458 2530 5493 8
2565 5456 2597 5493 tl
2621 5452 2649 5490 ε
2705 5468 2720 5484 ο

2502 5456 2720 5510 soyten.

1889 5516 2236 5612 venerabilis
2266 5545 2429 5618 igimr
2471 5539 2924 5614 archipresbyter
2975 5547 3276 5605 Sandratus
3323 5545 3437 5590 tra-

1821 5644 1959 5700 didit
1993 5651 2062 5705 ad
2109 5647 2168 5702 S.
2201 5641 2416 5695 Petrum
2447 5646 2818 5701 sanctumque
2848 5633 2945 5690 Dei
2982 5643 3272 5708 martyrem
3309 5626 3436 5680 Em-

92 5271 246 5326 CAP.
281 5265 434 5322 XIX.
459 5296 530 5306 —
548 5266 896 5351 Commutatio
914 5271 1468 5351 interdmbrichonem
1512 5283 1714 5351 episco-

627 5357 749 5409 pum
785 5351 833 5395 et
864 5341 1217 5410 Lantfridum.

167 5450 405 5508 Notum
454 5447 525 5502 sit
542 5453 786 5508 omnibus
824 5460 1021 5508 sancta).
1042 5452 1136 5509 Dei
1165 5454 1420 5512 Ecclesia:
1464 5459 1716 5518 fidelibus

85 5545 233 5616 quia
282 5537 503 5596 nobilis
540 5542 749 5609 quidam
772 5583 789 5610 ,
820 5545 1034 5600 nomine
1076 5543 1356 5610 Lantfrid,
1397 5552 1619 5609 tradidit
1643 5547 1716 5606 ad

252 5643 262 5650 .
430 5631 472 5642 ——
1089 5638 1161 5680 -=-t
1200 5639 1383 5688 tmtmit
1431 5644 1498 5699 ad
1539 5645 1718 5708 Capu-
