3930 5630
500 379 606 442 955

1425 378 1729 434 ΑΝευιυυι
1773 371 2310 438 ltA'l‘tSl‘ONliNSlS
2351 379 2754 438 SL’BDIMZONI
3657 385 3759 441 955

503 508 708 564 hahere
734 519 877 560 \‘lSllS
890 514 993 567 est,
1015 512 1069 556 et
1092 501 1354 568 mancipia
1380 514 1408 551 κ
1434 512 1661 567 quorum
1693 494 1903 548 nomina
1928 502 2078 547 sunt:
2113 533 2117 543 ι

2259 489 2384 543 ΟΜ».
2430 491 2613 547 XXVI.
2643 527 2712 537 —
2739 498 3086 554 Commutatio
3126 502 3259 554 inter
3297 500 3694 554 Ambrichormn

504 599 740 654 Dancrat
765 638 780 659 ,
809 595 1056 666 Purgund
1076 635 1090 658 ,
1116 593 1399 662 Isanpero,
1430 588 1711 650 Guodlind,
1746 588 1928 651 Purat,
1953 584 2085 641 Frc-

507 688 690 754 cltoli,
724 687 958 751 Alazeiz,
988 684 1221 750 Folerat,
1255 683 1465 748 Ratoll‘,
1497 681 1752 753 Egiltnar,
1784 679 1912 735 nihil
1935 687 2105 754 extra

511 783 785 839 dimittens
811 790 1004 852 prmter
1032 796 1215 835 aream
1245 796 1282 845 ι,
1320 792 1372 835 et
1396 779 1510 850 jug.
1535 794 1594 833 ut
1625 774 1753 849 quin
1785 793 1848 832 ex
1883 777 2090 846 integro

489 873 580 928 'ad
621 873 907 943 prmdictos
948 881 1163 928 sanctos
1203 871 1590 936 contraderet,
1639 885 1702 925 ea
1733 869 1982 924 videlicet
2006 884 2091 922 ra-

515 965 661 1019 tione
685 981 698 1018 :
722 973 988 1034 quatenus
1011 963 1138 1017 illud
1168 962 1486 1018 beneficium
1509 963 1574 1017 ad
1596 961 1853 1032 Erininga
1892 961 1943 1014 in
1973 975 2094 1031 pro-

489 1056 690 1128 prium
729 1055 999 1109 contineat
1047 1068 1217 1123 usque
1265 1055 1329 1108 ad
1369 1054 1573 1108 obitum
1621 1068 1795 1108 suum.
1833 1049 1902 1106 Et
1944 1048 2094 1105 Anzo

517 1147 659 1201 titius
700 1146 933 1200 Adalriei
959 1146 1204 1200 eamdem
1235 1145 1615 1214 proprietatem
1648 1143 1806 1197 simul
1834 1157 1956 1197 emn
1983 1142 2094 1210 ipso

514 1237 780 1293 beneﬁcio
805 1237 1076 1306 possideat
1103 1247 1270 1304 usque
1307 1236 1372 1289 ad
1409 1235 1567 1288 linem
1601 1234 1722 1288 vita:
1745 1249 1872 1287 sum.
1905 1231 2096 1286 Postea

515 1345 645 1384 vero
683 1330 872 1386 cuncta
900 1330 966 1384 ad
993 1329 1049 1384 S.
1082 1331 1300 1386 Petrum
1323 1339 1376 1384 et
1403 1330 1460 1384 S.
1490 1329 1944 1383 Emmerammum
1971 1340 2097 1395 per-

514 1424 744 1477 tineant.
777 1423 840 1476 Et
878 1423 963 1478 isti
1002 1432 1127 1478 sunt
1156 1430 1320 1478 testes
1349 1440 1361 1476 :
1394 1420 1668 1490 Cundpold
1701 1434 1902 1483 comes,
1929 1416 2100 1473 Oren-

518 1518 590 1574 dil
619 1534 823 1582 comes,
851 1518 1043 1572 Ascrilt
1067 1517 1391 1587 Adalperltt,
1437 1514 1559 1578 Oto,
1599 1501 1876 1583 Engilpold
1897 1554 1911 1576 ,
1955 1510 2100 1566 Chu-

517 1613 760 1681 niperbt,
813 1611 1183 1682 Engilscalch,
1251 1610 1442 1674 Eicco,
1486 1608 1772 1669 IIerimar,
1836 1603 2106 1668 Adalrib,

521 1701 643 1768 Oto,
673 1713 785 1758 etc.-

590 1819 719 1876 CAP.
746 1817 932 1873 XXIV.
955 1849 1022 1858 —-
1047 1817 1442 1883 Complacitatio
1473 1819 1607 1871 inter
1634 1815 2028 1870 Ambrirhonem

760 1891 1052 1959 episcopum
1083 1900 1129 1943 et
1158 1891 1430 1959 Aspertum
1454 1887 1844 1943 cancellarium.

595 1984 651 2038 In
693 1984 907 2038 nomine
955 1991 1154 2036 sancta:
1202 1991 1256 2037 et
1301 1982 1473 2036 unica:
1517 1979 1816 2036 Trinitatis.
1865 1979 2106 2049 Qualiter

526 2075 862 2144 subsequens
892 2073 1291 2144 complacitatio
1317 2082 1664 2144 perageretur
1693 2071 1982 2126 multorum
2013 2087 2106 2126 c0-

528 2175 750 2237 gnoscat
797 2165 1058 2220 industria
1091 2165 1345 2219 tidelium.
1380 2165 1622 2219 Tradidit
1647 2164 1809 2235 igitur
1847 2165 2111 2234 Aspertus

529 2274 652 2314 ven.
685 2261 976 2324 diaconus,
1020 2259 1374 2314 cancellarius
1404 2258 1652 2314 videlicet
1701 2257 1842 2328 regis
1879 2257 2110 2320 Amulli,
2154 2275 2169 2290 ·

531 2349 646 2420 ipso
677 2364 800 2420 rege
833 2348 1101 2404 licentiam
1134 2352 1482 2414 concedente,
1523 2351 1590 2404 ad
1633 2349 1690 2406 S.
1720 2349 1938 2407 Petrum
1966 2351 2116 2421 prin-

531 2443 705 2512 cipem
735 2441 1098 2513 apostolorum
1118 2483 1130 2506 ,
1161 2451 1516 2512 sanctumque
1544 2441 1637 2497 Dei
1666 2451 1958 2514 martyrem
1990 2443 2116 2497 Em-

485 2549 487 2551 ί
535 2549 890 2587 mer-animum
938 2534 1320 2602 proprietatem
1368 2548 1544 2597 suam,
1577 2532 1629 2586 id
1655 2541 1738 2588 est
1765 2532 1907 2586 illam
1937 2533 2115 2604 capel-

535 2622 640 2678 lam
674 2626 738 2678 ad
772 2624 998 2688 Feldun,
1032 2633 1087 2678 et
1117 2623 1259 2678 illam
1292 2625 1344 2679 in
1378 2625 1494 2678 loco
1523 2624 1613 2695 qui
1649 2625 1844 2678 dicitur
1868 2624 2032 2690 Cella,
2065 2635 2119 2682 et

533 2715 682 2771 illum
715 2715 887 2770 locum
914 2715 1288 2784 GepanteSpab
1311 2755 1325 2780 ,
1371 2725 1424 2770 et
1452 2714 1705 2785 Gisalpah
1729 2755 1742 2779 ,
1769 2724 1823 2770 et
1861 2716 2119 2786 quidquid

539 2807 605 2861 ad
649 2809 837 2862 eadem
889 2806 1005 2862 loca
1051 2806 1340 2876 pertinuit;
1389 2806 1631 2863 adificiis
1659 2810 1876 2878 quippe,
1918 2807 2121 2863 manci-

541 2901 662 2971 p'is,
697 2899 874 2962 terris,
909 2897 1102 2968 pratis,
1135 2897 1304 2960 silvis,
1335 2897 1469 2952 nihil
1499 2907 1650 2953 extra
1678 2899 1955 2953 dimittens
1983 2915 2122 2970 prae-

542 3002 626 3048 ter
653 2992 740 3046 illa
768 2990 1084 3047 beneﬁciola
1112 3005 1230 3060 quae
1251 2989 1354 3046 Oto
1377 2998 1428 3044 et
1449 2989 1768 3061 Gundperht
1798 2991 2120 3054 habuerunt,

481 3087 487 3093 '
543 3086 670 3155 quin
716 3101 784 3139 ex
817 3073 1046 3154 integro
1091 3083 1157 3138 ad
1204 3081 1492 3152 prmdictos
1530 3091 1746 3137 sanctos
1782 3083 2125 3138 contraderet

2601 569 2892 637 episcopum
2923 581 2968 623 et
2999 569 3348 641 Liutqarium.

2257 674 2506 732 Patescat
2549 683 2797 737 onmihus
2841 692 3038 738 sancta:
3085 683 3176 738 Dei
3221 683 3483 738 Ecclesia:
3533 682 3762 737 ﬁdelibus

2191 767 2313 836 quia
2356 767 2579 842 Liutger
2623 773 2839 842 quidam
2873 775 3065 829 nobilis
3103 775 3323 829 tradidit
3359 776 3427 828 ad
3478 773 3536 828 S.
3562 773 3767 827 Emme-

2194 874 2455 915 rammum
2487 864 2552 917 ad
2579 863 2837 929 IIomeres
2860 867 2973 938 jug.
3003 886 3032 921 v
3063 871 3113 924 in
3143 885 3366 923 manum
3399 867 3767 922 Ambricbonis

2194 963 2276 1017 (³1)·
2314 951 2534 1020 ejusque
2567 955 2808 1011 advocati
2838 957 3155 1028 R'eginltohi.
3205 961 3247 1014 E
3279 969 3475 1016 contra
3505 973 3637 1013 vero
3670 957 3767 1011 Ile-

2195 1039 2416 1106 ginboh,
2441 1044 2663 1113 jubente
2690 1049 2906 1104 domino
2936 1067 3032 1105 suo
3057 1053 3332 1122 episcopo,
3363 1052 3587 1106 tradidit
3609 1051 3771 1105 eidem

2197 1132 2471 1204 Liutgario
2501 1139 2565 1192 ad
2597 1139 2937 1198 Zeizincbot‘a
2957 1143 3073 1216 jug.
3106 1162 3135 1199 v
3173 1148 3223 1200 in
3259 1146 3544 1216 proprium
3587 1145 3773 1198 baben-

2197 1221 2344 1278 dum.
2380 1225 2442 1291 Et
2475 1227 2560 1282 isti
2590 1241 2716 1286 sunt
2758 1242 2965 1290 testes:
2997 1236 3248 1301 Askarib,
3279 1224 3604 1299 Amhriclzo,
3637 1232 3774 1292 Pald,

2198 1315 2516 1461 IArimperItt,
2559 1322 2947 1396 Erchanperlit,
2981 1328 3180 1399 Trago,
3215 1329 3330 1390 Ino,
3356 1327 3555 1391 Adalo,
3583 1325 3777 1387 Gunzo,

2247 1408 2486 1461 dalnero.

2247 1408 2486 1480 dalpero.

2274 1519 2400 1574 CAP.
2435 1516 2644 1578 XXVII.
2673 1556 2739 1566 —
2775 1525 3124 1584 Commutatio
3163 1531 3301 1584 inter
3321 1529 3720 1582 Ambriclwnem

2599 1596 2892 1667 episcopum
2936 1609 2983 1654 et
3031 1600 3404 1671 Waltungum.

2274 1703 2574 1774 Cognoscat
2623 1710 2861 1766 omnium
2901 1713 3164 1768 industria
3205 1713 3448 1768 ﬁdelium
3481 1701 3604 1780 quia
3642 1707 3783 1762 Wal-

2208 1806 2334 1854 tunc
2368 1803 2584 1870 quidam
2618 1807 2813 1862 nobilis
2838 1808 3056 1863 tradidit
3083 1809 3148 1863 ad
3185 1809 3246 1864 S.
3277 1807 3505 1863 Petrum
3530 1816 3785 1859 sanctum-

2210 1908 2316 1962 que
2352 1894 2443 1948 Dei
2477 1907 2766 1968 marlyrem
2809 1899 3263 1955 Emmerammum
3295 1909 3467 1955 totam
3499 1897 3784 1967 proprieta-

2212 1992 2318 2038 tem
2367 2001 2518 2040 suam
2569 2004 2731 2057 quam
2790 1991 2978 2046 habuit
3026 1993 3091 2046 ad
3140 1982 3422 2062 Teningon
3478 1991 3531 2043 in
3581 2002 3787 2042 manuni

2209 2074 2590 2132 Amhrichonis
2629 2095 2748 2133 ven.
2788 2095 2872 2150 ep.
2903 2080 3128 2151 ejusque
3173 2081 3421 2137 advocati
3449 2078 3713 2148 Gerperti.
3752 2077 3786 2128 Ε

2213 2174 2400 2219 contra
2425 2167 2563 2222 idem
2587 2168 2880 2246 Gerpertuls
2901 2187 3004 2225 una
3027 2188 3147 2226 cum
3177 2173 3435 2242 episcopo
3466 2169 3788 2224 tradiderunt

2213 2255 2387 2310 eidem
2408 2257 2696 2328 Waltungo
2727 2261 2852 2316 illud
2887 2263 3203 2318 beneficium
3227 2263 3293 2316 ad
3317 2259 3787 2333 Otpercbtincbola

2215 2364 2278 2402 ex
2315 2350 2521 2422 integro
2554 2352 2606 2405 in
2638 2355 2909 2422 proprium
2943 2355 3266 2411 habendum.
3299 2355 3367 2409 Et
3417 2354 3508 2408 isti
3556 2363 3678 2408 sunt
3721 2362 3794 2404 te-

2218 2450 2328 2496 stes
2371 2457 2386 2495 :
2435 2444 2683 2507 Askarih,
2738 2444 2964 2510 Helfrib,
3013 2447 3297 2516 Eparbart,
3352 2446 3534 2513 Rupo,
3587 2443 3787 2510 Strupu.

2222 2534 2580 2606 Erclianpold,
2612 2537 3005 2610 Gundalperbt,
3044 2539 3336 2609 Gozperbt,
3384 2538 3658 2599 Isanbart,
3695 2546 3796 2589 etc-

2291 2645 2419 2702 CAP.
2445 2647 2678 2703 XXVIII.
2708 2678 2774 2686 --
2801 2650 3152 2704 Commutatio
3179 2651 3314 2704 inter
3337 2650 3733 2703 Ambrichoucm

2623 2719 2914 2789 episcopum
2941 2731 2988 2774 et
3017 2719 3421 2789 Peralttgerum.

2293 2808 2539 2866 Patescat
2585 2813 2837 2869 omnibus
2884 2823 3082 2868 sancta:
3130 2813 3218 2868 Dei
3253 2812 3515 2868 Ecclesia:
3569 2809 3800 2864 ﬁdelibus

2225 2901 2350 2970 quia
2372 2901 2667 2974 Perabtger
2696 2905 3136 2974 quidam'nohitis
3167 2904 3389 2959 tradidit
3420 2904 3487 2957 ad
3514 2902 3572 2955 S.
3599 2902 3797 2955 Emme-

2228 3009 2492 3048 rammum
2515 2995 2580 3048 ad
2613 2995 2954 3050 Gundinhart
2985 3012 3165 3051 aream
3193 3013 3232 3060 ι,
3267 3005 3319 3051 et
3348 2995 3417 3048 de
3445 3003 3589 3047 terra
3622 2990 3796 3046 aralsili

2224 3081 2411 3154 jugera
2441 3102 2496 3152 κ,
2520 3096 2573 3140 et
2605 3087 2671 3142 de
2699 3087 2832 3142 silva
2855 3087 3043 3157 jugera
3073 3104 3125 3141 vr
3162 3087 3215 3140 in
3247 3101 3466 3140 manum
3493 3083 3798 3137 Ambricho-

545 3185 708 3245 atque
754 3174 1153 3229 transfunderet
1193 3173 1246 3226 in
1279 3189 1496 3226 manum
1525 3171 1772 3231 videlicet
1800 3171 2200 3264 Ambricbo-c
2230 3177 2314 3230 nis
2362 3177 2528 3247 episc.
2575 3177 2796 3247 ejusque
2850 3179 3094 3234 advocati
3149 3178 3480 3232 Marcltonis.
3534 3175 3574 3230 Ε
3624 3185 3806 3230 contra

544 3268 629 3323 nis
662 3283 781 3323 ven.
824 3282 910 3336 ep.
947 3264 1170 3334 ejusque
1217 3264 1461 3319 advocati
1507 3263 1826 3319 Gundberti.
1861 3263 1901 3316 Ε
1935 3272 2123 3317 contra

496 3406 498 3408 τ
543 3376 674 3416 vero
737 3360 876 3414 idem
934 3357 1276 3423 Gundbertus
1333 3356 1703 3410 consentiente
1759 3354 1977 3408 domino
2029 3369 2128 3407 suo

544 3452 821 3522 episc0po,
868 3449 1088 3504 tradidit
1133 3448 1308 3503 eidem
1354 3447 1617 3517 Asperto,
1645 3461 1766 3500 ven.
1799 3446 2026 3500 diacono
2063 3447 2128 3499 de

546 3544 709 3597 rebus
744 3540 1174 3611 supradictorum
1219 3547 1528 3594 sanctorum
1577 3537 1693 3593 lure
1737 3537 1850 3592 loca
1876 3577 1891 3601 ,
1946 3537 1996 3591 id
2047 3545 2131 3590 est

547 3634 907 3705 Oparinhusa,
969 3630 1302 3696 Niwinhusa,
1362 3629 1588 3694 Lorcin,
1644 3638 1700 3684 et
1759 3628 2014 3698 quidquid
2064 3628 2130 3682 ad

547 3727 735 3780 eadem
788 3726 904 3780 loca
952 3725 1224 3794 pertinere
1264 3723 1439 3778 visum
1483 3729 1603 3786 est,
1649 3737 1711 3776 ea
1755 3722 1862 3776 vid.
1903 3721 2128 3784 ratione,

539 3827 817 3887 quatenus
843 3818 956 3886 ipse
981 3817 1244 3886 Aspertus
1268 3825 1322 3872 et
1348 3830 1485 3870 unus
1515 3815 1882 3884 proximorum
1911 3828 2130 3867 suorum

551 3907 637 3961 cui
672 3905 885 3960 tradere
922 3905 1150 3960 voluerit
1189 3914 1310 3974 post
1353 3921 1413 3960 se
1453 3906 1634 3960 omnia
1679 3913 1804 3958 ante
1854 3903 2131 3957 nominata

551 3996 669 4051 loca
720 3993 947 4050 ﬁrmiter
998 3995 1306 4064 possideant
1358 4010 1527 4064 usque
1578 3994 1646 4049 ad
1697 3995 1900 4048 obitum
1952 4010 2133 4049 suum.

546 4092 749 4158 Postea
769 4106 908 4161 .vero
943 4097 1136 4144 cuncta
1183 4090 1248 4144 ad
1285 4088 1344 4144 S.
1375 4087 1592 4143 Petrum
1627 4096 1981 4158 sanctumque
2012 4088 2136 4142 Em-

555 4198 909 4238 merammum
941 4181 1267 4253 pertineant,
1297 4179 1536 4249 exceptis
1561 4178 1664 4234 illis
1692 4179 1901 4234 duobus
1927 4178 2135 4234 beneﬁ-

553 4275 724 4331 ciolis.
757 4275 948 4329 Actum
982 4281 1161 4328 autem
1189 4281 1273 4328 est
1312 4272 1380 4327 ad
1417 4271 1805 4342 Iieganasburc
1847 4286 1969 4326 cum
2001 4279 2138 4325 atte-

555 4365 788 4420 statione
834 4373 889 4418 et
933 4363 1288 4418 afﬁrmatione
1319 4363 1721 4427 monachorum,-
1755 4362 2137 4416 canonicorum

554 4468 718 4529 atque
747 4459 1026 4513 laicorum.
1071 4457 1137 4511 Et
1166 4455 1251 4512 isti
1281 4465 1406 4510 sunt
1437 4466 1600 4511 testes
1627 4474 1638 4509 :
1672 4454 1923 4519 I-Ierrant,
1955 4453 2139 4509 Gund-

2230 3285 2361 3325 vero
2398 3270 2633 3337 Marcho,
2680 3271 2903 3340 juhente
2933 3273 3148 3328 domino
3183 3288 3282 3326 suo
3310 3271 3568 3340 episcopo
3598 3269 3807 3322 traditur

2231 3361 2402 3416 eidem
2433 3361 2766 3433 Perahtgero
2801 3363 2866 3418 ad
2903 3363 3180 3433 Iledinpab
3207 3377 3390 3417 arcam
3419 3378 3468 3426 ι,
3503 3369 3555 3414 et
3583 3360 3648 3413 de
3677 3371 3800 3411 terra

2232 3453 2421 3508 arahili
2460 3453 2650 3525 jugera
2699 3471 2734 3508 ι
2777 3465 2833 3510 et
2862 3455 2927 3509 de
2972 3455 3103 3510 silva
3143 3453 3333 3525 jugera
3361 3469 3418 3509 η
3454 3453 3509 3505 in
3541 3449 3802 3520 proprium

2232 3542 2557 3597 habendum.
2583 3542 2648 3596 Et
2671 3541 2757 3597 isti
2787 3552 2910 3598 sunt
2939 3553 3106 3599 testes
3131 3558 3146 3597 :
3173 3540 3489 3612 Cotaperht,
3515 3535 3810 3610 Reginhoh.

2235 3632 2362 3687 item
2394 3632 2696 3704 Reginboh,
2725 3633 3002 3700 Salomon,
3025 3633 3341 3699 Ambricho,
3375 3630 3621 3700 Sigifrin,
3653 3627 3807 3681 Asta-

2234 3721 2341 3786 rih,
2373 3721 2659 3777 Kermunt.

2307 3813 2433 3870 CAP.
2467 3813 2659 3868 XXIX.
2691 3845 2759 3854 —
2798 3789 3146 3868 Commutatio
3186 3815 3322 3867 inter
3349 3810 3741 3866 Ambricltonm

2623 3887 2915 3954 episc0pum
2941 3896 2986 3939 et
3022 3884 3356 3938 Auamodum
3385 3894 3434 3935 ι.

2309 3975 2573 4043 Quoniam
2603 3976 3036 4030 inumerahilium
3066 3973 3332 4028 industria
3362 3972 3605 4026 virorum
3640 3982 3804 4023 rerum

2237 4081 2458 4122 suarum
2483 4066 2909 4136 opportunitates
2938 4072 3194 4140 appetere
3221 4073 3274 4117 et
3305 4063 3564 4132 indagare
3586 4058 3805 4118 studuit;

2237 4157 2438 4227 placuit
2484 4157 2646 4212 etiam
2698 4157 2911 4211 cuidam
2969 4155 3268 4208 rubicundo
3320 4152 3556 4214 clerico,
3607 4148 3809 4204 nomine

2237 4248 2537 4313 Auamodo,
2562 4247 2809 4318 religioso
2837 4247 3080 4302 videlicet
3104 4245 3438 4300 subdiacono
3456 4242 3708 4313 quasdam
3732 4253 3809 4291 res

2240 4342 2584 4413 proprietatis
2614 4357 2723 4396 sure
2750 4341 2849 4396 sibi
2879 4340 2944 4394 ad
2973 4337 3314 4396 commodum
3342 4335 3638 4407 perducere
3662 4341 3815 4399 atque

2242 4434 2511 4504 copulare.
2543 4434 2726 4489 Talem
2753 4434 2917 4504 igitur
2941 4431 3327 4502 prOprietatem
3356 4429 3568 4499 qualem
3598 4424 3807 4496 piissimi

553 4516 733 4622 perlit,
771 4550 904 4620 Ogo,
944 4547 1336 4618 Ercbanperht,
1385 4546 1605 4615 Strupo,
1649 4516 1961 4609 Ambricho,
2000 4545 2138 4616 Sigi—
2168 4560 2220 4622 ι)
2245 4524 2388 4622 τέϐίε
2416 4522 2622 4577 ΑΓ¹¹¹¹¹¹Ῐ
2649 4523 2957 4622 μά⁰ξ¹³ίί⁰¹¹θ
3172 4517 3491 4573 Α¹¹³¹⁰⁰ἀ¹¹⁵
3534 4516 3591 4622 ίίξ

553 4641 683 4704 frid,
731 4640 942 4706 Alhrilt,
990 4638 1149 4702 Pald,
1196 4636 1438 4700 Wicker,
1491 4634 1810 4704 Gundpold,
1851 4634 2136 4705 Eparbart,

556 4729 725 4795 Ilitto,
753 4731 987 4792 Folcrat,
1029 4729 1156 4784 item
1187 4729 1409 4799 Strupo,
1440 4727 1631 4792 Wetti,
1661 4725 1978 4794 Lantperbt,
2011 4723 2140 4778 ινα-

486 4851 489 4854 -
557 4823 784 4890 rinheri,
811 4833 916 4878 etc.
1695 4811 1701 4817 ’

663 4935 792 4992 CAR.
843 4935 1010 4991 XXV.
1048 4964 1119 4976 ——
1164 4935 1512 4989 Commutatio
1559 4933 1695 4987 inter
1737 4930 2032 5001 lie/[ricam

1167 5016 1214 5059 el
1243 5004 1539 5058 Pattonem.

630 5098 824 5155 Notum
855 5100 929 5154 sit
961 5099 1087 5169 quia
1121 5097 1256 5154 Pato
1291 5096 1512 5152 tradidit
1556 5096 1624 5152 ad
1671 5093 1730 5152 S.
1762 5094 1978 5150 Petrum
2023 5108 2144 5148 san-

562 5199 815 5258 ctumque
859 5191 1315 5245 Emmerammum
1359 5190 1494 5243 duas
1548 5172 1770 5242 aneillas
1815 5185 2140 5256 :equivocas,

564 5280 780 5334 nomine
829 5280 1112 5346 Wolfhild,
1162 5282 1214 5335 in
1261 5295 1479 5335 manum
1524 5278 1741 5334 I-Ielfrici
1785 5277 2047 5332 advocati.
2103 5275 2145 5328 E

566 5376 754 5420 contra
794 5368 958 5412 Iit-"'4
1187 5373 1216 5380 "
1244 5372 1273 5378 “
1380 5371 1424 5373 "
1551 5369 1561 5371 ’
1744 5369 1755 5378 ³
1806 5369 1818 5376 ⁸
1882 5367 1895 5376 “
2030 5365 2050 5372 ⁸
2095 5366 2105 5372 ’

2245 4619 2450 4674 sionem
2481 4617 2709 4687 accepit,
2744 4616 2796 4670 in
2833 4629 2970 4685 pago
2996 4607 3643 4668 Weslarmannomareba
3684 4620 3806 4659 nun-

2244 4717 2468 4778 cupato,
2499 4705 2652 4776 juxta
2692 4704 2999 4768 Proinlala,
3043 4703 3097 4756 iu
3129 4701 3247 4756 loco
3274 4698 3624 4769 Beitinpuoh,
3655 4696 3706 4748 in
3732 4709 3809 4748 co-

2246 4803 2432 4856 mitatu
2461 4799 2805 4870 Eugildeonis
2829 4793 3060 4860 comitis,
3090 4793 3156 4848 ad
3186 4791 3245 4846 S.
3275 4792 3500 4846 Petrum
3536 4786 3804 4858 principem

2244 4889 2584 4962 apostolum,
2633 4897 2984 4956 sanctumque
3030 4891 3324 4953 martyrem
3376 4878 3807 4933 Emmerammum

2247 5000 2368 5040 cum
2392 4977 2684 5052 mancipiis
2712 4997 2787 5036 vn
2816 4976 3143 5036 contradidit
3167 4983 3332 5043 atque
3363 4969 3608 5040 alligavit
3634 4967 3686 5020 in
3713 4978 3807 5018 ma-

2248 5090 2378 5129 num
2421 5071 2802 5128 Ambricbonis
2841 5085 2962 5124 ven.
3009 5083 3128 5137 ep.,
3179 5073 3234 5118 et
3281 5061 3669 5117 advocatorum
3708 5052 3806 5122 eius

2247 5168 2493 5226 Gerlierti
2541 5174 2596 5219 et
2638 5162 2958 5220 Gundherti.
3009 5159 3051 5213 E
3097 5164 3285 5212 contra
3335 5167 3470 5207 vero
3519 5145 3806 5204 Amhricho.

2249 5277 2369 5317 ven.
2395 5257 2589 5329 praesul
2616 5271 2720 5312 una
2742 5271 2862 5310 cum
2887 5251 3151 5322 impositis
3178 5245 3431 5301 manibus
3455 5243 3805 5329 advocatorum

2502 5347 2746 5370 n..l.-._.:
2787 5363 2796 5372 ,
2848 5345 2985 5366 -Ιῼ,,,
3070 5349 3081 5360 .
3235 5337 3278 5358 Α·
3385 5335 3422 5346 δ·
3533 5334 3550 5346 ι
3657 5327 3778 5354 λεὶ(
