3930 5460
74 379 198 462 aut

771 404 1159 462 EUTROPIUS
1197 407 1436 464 PRESB.
1478 407 1772 465 LONCOB.
1815 407 1902 461 DE
1941 405 2228 462 JURIBUS
2259 405 2435 460 HIPP.
2481 405 2648 461 ROM.

3231 405 3338 462 962

74 488 492 582 conﬁrmarent,
519 517 660 588 quod
703 517 771 570 ita
810 528 862 572 et
900 518 1159 573 fecerunt.
1199 519 1442 574 Tradidit
1491 522 1670 589 itaque
1701 526 1742 584 Α
1774 534 1886 590 ger,
1941 518 2242 588 Gundpald,
2304 519 2538 585 Folcrih,
2595 518 2762 584 llitto,
2810 517 3000 584 Wetti,
3051 520 3353 579 Ambricho

71 612 336 680 praedicta
362 611 519 664 vidua
570 609 778 680 Sigil'rit
816 609 974 664 talem
1022 611 1406 680 proprietatem
1448 612 1658 681 qualem

73 700 140 754 ad
168 701 445 755 Milizreod
475 700 675 754 habere
700 701 813 755 visa
835 709 917 756 est
936 701 1091 756 simul
1114 717 1234 756 cum
1260 702 1516 756 advocato
1541 718 1657 766 suo,

70 793 299 846 nomine
327 791 574 855 Ratoldo,
605 792 669 845 ad
693 791 750 845 S.
779 791 996 846 Petrum
1025 802 1376 862 sanctumque
1403 792 1496 847 Dei
1521 808 1664 868 mar-

72 892 254 952 tyrem
307 883 796 945 Emmerammum;
860 883 961 937 hoc
1009 890 1343 939 estzaream
1399 901 1439 947 ι,
1493 892 1548 938 et
1600 884 1665 939 de

71 982 225 1025 terra
280 972 470 1044 arabili
510 971 699 1043 jugera
747 987 872 1026 xxvi
909 979 963 1026 et
992 980 1268 1041 pratorum
1312 972 1377 1027 ad
1416 973 1666 1028 earradas

67 1079 190 1124 vnn.
228 1062 278 1116 in
321 1078 538 1116 manum
560 1061 1050 1131 .videlicetAsperti
1086 1077 1170 1130 ep.
1197 1072 1251 1116 ct
1278 1063 1520 1117 advocati
1553 1062 1670 1130 ejus

70 1155 364 1209 "errandi.
414 1155 454 1208 E
483 1163 668 1209 contra
708 1169 836 1209 vero
875 1155 1014 1208 idem
1059 1154 1394 1218 Herrandus,
1435 1171 1666 1209 consen-

15 1307 37 1322 η
68 1247 245 1298 tiente
277 1245 495 1298 domino
523 1260 621 1299 suo
650 1260 734 1314 cp.
770 1245 985 1298 tradidit
1022 1244 1089 1299 de
1137 1244 1298 1298 rebus
1341 1244 1398 1298 S.
1451 1233 1667 1299 Emme;

69 1336 266 1388 rammi
302 1334 615 1389 Pezcinmos
637 1335 870 1405 prchatze
899 1334 1069 1388 vidua:
1096 1347 1276 1388 aream
1301 1349 1315 1385 ι
1343 1341 1396 1385 et
1425 1332 1491 1386 de
1519 1342 1661 1386 terra

17 1407 34 1449 7!
65 1425 260 1479 arabili
286 1423 403 1494 jug.
438 1442 542 1478 xxx
576 1426 627 1478 in
656 1433 966 1494 perpetuam
996 1424 1408 1491 possessionem.
1463 1422 1529 1476 Et
1573 1423 1659 1476 isti

66 1527 195 1572 sunt
235 1527 400 1572 testes
422 1517 742 1582 :"Garaheri,
783 1516 1140 1586 Cbuniperht,
1174 1514 1486 1583 Sindpcrht,
1515 1513 1661 1568 Rod-

1767 613 2019 683 Asperht.

1769 724 1898 781 Car.
1940 721 2097 778 XLV.
2155 754 2184 762 -
2207 721 2570 803 Commutatio.
2597 723 2734 803 inter
2768 723 3040 793 Aspertum
3063 724 3358 794 episcopum

2354 803 2399 846 et
2439 791 2761 860 Ratfridum.
2842 791 2848 793 ⁷
3092 791 3097 792 ⁷
3235 791 3246 819 ῖ

1842 883 2062 939 Noverit
2127 891 2443 938 cunctorum
2512 883 2775 938 industria
2840 881 3078 938 ﬁdelium
3127 883 3360 952 qualiter

1771 974 2105 1042 subsequens
2132 979 2345 1041 peracta
2376 979 2459 1026 est
2483 971 2850 1025 commutatio.
2905 971 3148 1026 Tradidit
3177 973 3360 1040 itaque

1765 1067 1982 1138 quidam
2015 1063 2209 1119 nobilis
2243 1064 2343 1125 vir,
2384 1063 2598 1118 nomine
2632 1062 2863 1128 Rath-id,
2893 1064 2959 1118 ad
2983 1073 3228 1132 sanctum
3261 1063 3355 1118 Dei

1766 1160 2060 1226 martyrem
2111 1154 2565 1208 Emmerammum
2619 1153 2671 1207 in
2723 1168 2940 1208 manum
2986 1154 3199 1224 Asperti
3229 1169 3353 1209 ven.

1766 1261 1853 1316 ep.
1903 1255 1956 1300 et
1999 1245 2241 1298 advocati
2289 1242 2404 1309 ejus
2449 1242 2732 1297 Garaharii
2779 1244 2831 1298 in
2870 1243 2990 1299 loco
3039 1245 3354 1314 Samutinga

1770 1341 2073 1400 nuncupato
2111 1346 2293 1385 casam
2334 1346 2454 1384 cum
2502 1341 2671 1396 curte,
2709 1341 2869 1386 terra:
2902 1332 3351 1387 arabilis..........

1767 1421 1962 1474 Desunt
1999 1429 2263 1490 sequentes
2293 1419 2507 1488 pauculi
2543 1437 2716 1474 versus
2740 1461 2755 1485 ,
2795 1421 2858 1474 ob
2898 1421 3081 1489 folium
3110 1421 3352 1476 ultimum

1767 1528 1794 1565 e
1840 1512 2016 1566 codice
2054 1513 2306 1565 excisum.

81 1663 3342 1708 Μ

687 1696 1044 1706 —————————

1349 1832 1520 1874 axso
1567 1806 1792 1874 bonum
1842 1830 2057 1872 occec.

1047 1972 2400 2138 EUTROPIUS
2507 2022 2511 2025 '

1123 2242 1751 2300 LONGOBARDUS
1792 2242 2314 2298 PRESBYTER.

57 2503 185 2601 DE
243 2495 649 2598 sunmus
704 2492 824 2592 AC
881 2473 1460 2622 PBIVILEGIIS
1513 2487 2234 2586 IMPERATOBUM
2286 2490 2386 2586 IN
2445 2489 2844 2594 IMPERIO
2884 2491 3327 2592 ROMANO.

1145 2668 1331 2725 ANNO
1379 2665 1611 2723 DOMINI
1665 2665 1983 2722 CIRCITER
2038 2665 2273 2721 DCCCC.

993 2806 1154 2869 (Apud
1179 2803 1414 2862 Goldast.,
1439 2802 1716 2863 SCI‘i}.lOI'CS
1736 2799 1916 2848 Rerum
1939 2800 2404 2865 Alamanntearnm.)

1524 2921 1842 2941 ..ι-

119 3056 332 3112 Priscis
356 3049 688 3120 temporibus
717 3033 1637 3113 imperialedecusellloruitRomae,
1671 3029 2060 3120 Bstianitatis,
2123 3031 2174 3086 in
2230 3043 2452 3103 accepto
2511 3035 2792 3107 privilegio
2841 3037 2990 3105 Jesu,
3048 3040 3139 3096 ubi
3195 3042 3326 3098 ait:

49 3151 152 3205 sub
191 3147 352 3215 cujus
394 3138 766 3198 dominatione
791 3134 1005 3211 diversa
1035 3129 1405 3185 consistebant
1455 3138 1641 3193 regna,

49 3254 103 3296 et
133 3242 222 3296 cui
282 3243 495 3293 cuncta:
533 3239 720 3302 gentes
766 3225 983 3296 propria
1042 3221 1436 3278 submittebant
1485 3217 1642 3271 colla.

46 3329 352 3386 Constituit
401 3338 534 3393 ergo
564 3318 835 3381 consules,
867 3314 959 3385 qui
989 3311 1303 3384 quotidiano
1345 3323 1442 3362 usu
1492 3305 1644 3377 regni

48 3417 423 3495 gubernacula
479 3410 708 3469 consilio
779 3405 1158 3476 disponebant.
1209 3400 1377 3495 Erant
1413 3409 1646 3495 namque

45 3490 345 3567 distributa
367 3505 541 3562 oﬂicia
573 3517 668 3573 per
696 3506 976 3555 senatores
1001 3501 1057 3548 et
1085 3490 1454 3561 magistratus,
1484 3492 1646 3554 prout

45 3600 348 3668 unicuique
371 3590 730 3649 ministerium
756 3600 926 3658 opere
955 3580 1321 3652 competebat.
1361 3575 1644 3644 lmperiale

41 3705 177 3745 vero
193 3689 366 3744 decus
383 3673 633 3739 laudibus
647 3678 1048 3745 honoribusque
1061 3673 1128 3726 ab
1141 3671 1394 3725 omnibus
1408 3675 1644 3721 tantum-

40 3782 210 3835 modo
271 3775 654 3832 extollebatur.
711 3769 839 3824 Post
881 3767 1172 3821 adventum
1213 3759 1476 3831 unigeniti
1523 3757 1641 3812 Filii

42 3869 174 3932 Dei,’
222 3877 285 3921 et
323 3874 449 3936 post
483 3860 821 3918 ascensionis
865 3855 982 3926 ejus
1033 3853 1283 3926 gloriam,
1335 3849 1642 3904 Romanum

41 3961 341 4032 imperium
370 3955 683 4028 Byzantium
711 3965 769 4007 se
801 3947 1048 4013 contulit,
1069 3957 1192 4015 qua:
1229 3958 1258 3996 a
1285 3937 1642 4032 Constantino

39 4029 245 4124 Magno
297 4036 516 4105 Czesare
560 4038 1055 4110 Constantinopolis
1101 4043 1289 4091 vocata
1341 4040 1443 4088 est.
1508 4029 1640 4097 Quae

35 4147 167 4216 quia
221 4143 478 4199 Romano
527 4135 860 4209 gloriabatur
904 4128 1156 4199 imperio,
1196 4125 1338 4180 dicta
1380 4131 1465 4178 cst
1508 4136 1639 4173 nova

38 4240 263 4301 Roma;
290 4233 369 4288 sic
392 4241 568 4285 tamen
593 4239 651 4283 ut
672 4225 892 4295 antiqua
919 4222 1085 4277 Roma
1109 4217 1342 4289 gloriosa
1369 4225 1637 4284 praepone-

38 4316 198 4384 retur
229 4325 468 4381 caeteris.
502 4319 768 4375 Euntibus
795 4325 974 4377 autem
1005 4309 1261 4383 apostolis
1291 4308 1372 4362 vel
1421 4321 1639 4362 succes-

1747 3119 1828 3173 Tu
1864 3121 2128 3175 vocaberis
2155 3121 2355 3192 Cephas
2375 3141 2394 3189 ;
2434 3134 2491 3179 et
2532 3126 2658 3182 alibi
2687 3141 2704 3182 :
2735 3126 2850 3199 Ego
2901 3131 3094 3200 rogabo
3126 3150 3222 3203 pro
3244 3125 3329 3200 ~te,

1746 3225 1808 3263 ne
1841 3210 2051 3278 deﬁciat
2073 3212 2202 3280 ﬁdes
2231 3223 2343 3267 tua.

1815 3299 1999 3356 Diviso
2033 3312 2210 3357 autem
2244 3303 2489 3359 Romano
2517 3307 2774 3378 imperio,
2806 3326 2873 3366 eo
2899 3314 3042 3380 quod
3071 3311 3329 3384 imperia-

1744 3388 1810 3444 lis
1835 3391 2013 3456 sedes,
2045 3407 2166 3462 qua:
2193 3394 2427 3462 antiquae
2447 3394 2630 3451 Romae
2665 3397 2822 3453 solita
2853 3408 2995 3464 erat,
3019 3400 3299 3456 Constanti
3317 3433 3330 3442 -

1744 3481 1981 3552 nopolim
2029 3491 2172 3538 esset
2219 3485 2471 3550 deducta,
2523 3487 2817 3543 multarum
2869 3479 3326 3564 gentium’po'puli

1742 3579 1928 3627 contra
1960 3573 2160 3629 Urbem
2192 3573 2407 3631 fuerant
2433 3577 2678 3633 rebelles.
2711 3578 2863 3637 Unde
2892 3597 3084 3650 magna
3136 3591 3192 3638 et
3219 3600 3326 3638 non

1741 3678 1912 3732 pauca
1953 3676 2140 3720 contra
2181 3681 2300 3721 eam
2328 3679 2684 3726 surrexerunt
2714 3672 2886 3737 bella,
2934 3681 3068 3728 teste
3105 3673 3323 3730 Orosio.

1744 3755 1894 3833 Tunc
1921 3756 2063 3811 enim
2107 3757 2276 3812 Roma
2309 3774 2407 3828 per
2430 3760 2685 3831 patricios
2731 3763 3160 3832 principabatur.
3192 3764 3325 3819 Erat

1741 3855 1920 3902 autem
1957 3856 2165 3904 tantum
2185 3849 2427 3920 subjecta
2469 3867 2568 3908 suo
2590 3853 2924 3924 imperatori,
2962 3856 3036 3911 ita
3076 3865 3136 3912 ut
3165 3857 3209 3913 si
3235 3858 3327 3912 ali-

1740 3939 1955 4006 quando
1983 3937 2278 4008 imperator
2319 3957 2649 4014 paganorum
2679 3944 2786 3999 ritu
2814 3946 3151 4002 inveniretur
3187 3964 3315 4004 cru-

1739 4026 1898 4092 delis,
1945 4042 2044 4096 per
2072 4045 2198 4086 suos
2225 4030 2452 4103 legatos,
2475 4035 2847 4091 sanctissimos
2881 4036 3138 4107 praesules
3164 4037 3326 4093 alios~

1738 4132 1844 4188 que
1871 4118 2207 4177 Christianos
2221 4139 2316 4192 per
2344 4124 2555 4180 diversa
2573 4126 2830 4196 supplicia
2857 4130 3119 4198 martyrio
3153 4145 3322 4184 coro-

1737 4218 1913 4265 naret.
1947 4209 2236 4268 Crescente
2285 4224 2464 4270 autem
2512 4217 2820 4272 Christiana
2860 4219 3139 4289 religione,
3195 4220 3320 4272 talis

1738 4308 1902 4356 azstus
1925 4301 2045 4357 ﬁdei
2075 4318 2105 4356 a
2126 4305 2370 4372 patribus
2391 4306 2614 4370 exarsit,
2637 4321 2807 4375 usque
2827 4308 2952 4361 dum
2973 4307 3315 4377 Longobardi

37 4372 858 4483 praedicare
907 4372 1261 4475 Evangelium
1286 4441 1303 4467 ,
1343 4398 1638 4454 secundum
1667 4372 1713 4434 (ἶ
1743 4392 2089 4447 suntltaliam
2114 4395 2362 4464 ingressi.
2387 4395 2627 4466 Cumque
2647 4372 3138 4467 appropinquarent
3154 4397 3320 4462 Pado,

35 4514 296 4568 divinum
321 4513 670 4579 prmceptum,
698 4503 752 4557 in
777 4498 1034 4555 mundum
1055 4495 1388 4556 universum,
1412 4489 1638 4543 Romam

35 4606 301 4660 Cmsares
352 4596 790 4659 revertebantur,
843 4592 1054 4647 diversa
1109 4592 1378 4641 tormenta
1435 4579 1640 4635 sanctis

37 4698 374 4756 inferentes,
405 4701 467 4746 ut
523 4690 627 4745 diis
681 4687 794 4742 suis
823 4683 1120 4753 placerent.
1155 4677 1308 4732 Unde
1346 4673 1554 4729 accedit
1582 4678 1641 4725 ut

35 4790 246 4844 beatus
286 4784 498 4846 Petrus,
537 4778 631 4850 qui
680 4769 931 4848 prmlatus
987 4771 1162 4826 fuerat
1197 4764 1412 4823 caeteris
1452 4779 1481 4816 a
1511 4763 1639 4818 Jesu

33 4882 277 4937 Christo
304 4877 530 4932 Domino
563 4880 771 4934 nostro,
799 4867 1024 4922 Romam
1055 4857 1453 4934 praedicationis
1476 4870 1638 4912 causa

35 4974 288 5034 veniret,
310 4981 432 5038 qua!
448 4967 689 5021 omnium
714 4959 953 5032 gentium
977 4952 1376 5025 prtedicabatur
1397 4948 1636 5010 domina;

35 5082 164 5136 qua:
194 5072 449 5123 eatenus,
489 5060 632 5114 sicut
683 5052 868 5109 multis
898 5043 1160 5105 idolorum
1192 5042 1498 5136 simulacris
1523 5049 1640 5098 erat

35 5131 305 5216 seducta,
348 5151 421 5204 ita
475 5145 725 5219 plurimis
776 5136 1246 5212 przedicationibus
1274 5131 1638 5204 apostolorum

37 5250 398 5312 aliorumque
433 5249 738 5311 martyrum
769 5227 1236 5287 exhortationibus
1260 5239 1384 5278 cum
1426 5224 1640 5279 caeteris

35 5351 356 5401 conversa;
388 5335 470 5389 ubi
499 5335 668 5390 etiam
698 5328 893 5381 beatus
915 5320 1108 5376 Petrus
1134 5327 1188 5375 et
1226 5315 1428 5372 Paulus
1447 5316 1642 5373 doctor

1741 4484 2048 4538 nuntiatum
2098 4493 2182 4540 est
2234 4486 2418 4542 Roma:
2466 4485 2814 4557 (praesidebat
2860 4504 2991 4543 vero
3047 4489 3323 4560 Sylverius

1739 4589 1876 4645 papa
1906 4583 2035 4631 tunc
2088 4576 2345 4631 Romana:
2379 4577 2656 4647 Ecclesiae)
2683 4577 2856 4633 Narso
2883 4581 3133 4649 patricio,
3164 4582 3320 4651 cujus

1740 4680 1880 4719 uxor
1907 4667 2204 4720 vocabatur
2228 4667 2542 4736 Polyxiana,
2565 4666 2866 4720 nuntiatum
2895 4677 2979 4722 est
3011 4678 3188 4722 autem
3215 4670 3322 4724 illis

1739 4759 1883 4830 quod
1926 4757 2185 4828 prmfatus
2236 4759 2479 4830 pontifex
2528 4759 2764 4814 misisset
2801 4761 2866 4814 ad
2908 4761 3320 4834 Longobardos,

1742 4849 1981 4906 iuvitans
2031 4865 2126 4906 eos
2172 4851 2423 4915 Romam,
2452 4857 2720 4921 quatenus
2741 4859 2985 4919 potestas
3007 4853 3323 4908 Grmcorum

1741 4942 2050 5000 aboleretur
2099 4951 2152 4998 et
2193 4943 2454 4998 Ecclesia:
2498 4941 2619 5012 jura
2652 4941 2886 4997 elevaret
2922 4945 3022 5000 sub
3057 4947 3328 5017 potestate

1743 5032 2047 5103 pontiﬁcis;
2081 5034 2164 5090 cui
2196 5041 2344 5088 tanta
2394 5044 2518 5092 erat
2565 5032 2888 5098 necessitas,
2927 5044 2990 5089 ut
3019 5033 3154 5092 nihil
3185 5032 3332 5087 aliud

1742 5132 1939 5194 praeter
1987 5127 2356 5184 Ecclesiarum
2415 5139 2476 5201 et
2524 5125 2788 5181 elerorum
2845 5125 3076 5186 haberet
3122 5141 3330 5180 curam.

1741 5216 2100 5282 Quotidianos
2141 5233 2272 5291 ergo
2310 5215 2507 5278 victus
2529 5213 2752 5272 dabatur
2776 5212 2842 5268 de
2881 5218 3088 5285 palatio
3115 5230 3339 5271 consue-

1742 5316 1849 5372 tus,
1877 5317 1936 5364 et
1967 5310 2218 5369 annualia
2251 5309 2406 5363 dona
2438 5325 2545 5383 pro
2567 5304 2959 5364 reSlalll‘alione
2985 5305 3340 5368 ecclesiarum

2073 5402 2414 5432 ,1--ηηη,ινηα
2457 5390 2675 5448 ᾎηηηνῖο
2700 5405 2891 5426 nancta.
2930 5409 2974 5422 «ι
3009 5402 3079 5424 --1
