3930 5650
563 385 675 441 963

1444 409 1448 412 ·
1527 384 1919 440 EIJTROi‘ll'S
1956 384 2364 439 PRESBYTER
2409 387 2942 443 LANCOBARDIES.
3739 389 3818 443 96$

568 499 782 557 etiamsi
812 513 910 569 pro
945 505 1095 552 certo
1136 497 1300 570 sciret
1329 506 1387 550 ut
1433 499 1484 552 in
1516 499 1766 554 exsiliunt
1818 500 2140 555 mitteretur.
2175 504 2219 560 Α
2249 501 2447 556 bantur
2505 505 2777 564 monachi.
2840 504 3073 560 ferentes
3107 503 3413 574 vectigalia,
3473 506 3620 566 vina,
3652 516 3707 561 et
3735 509 3817 563 alia

569 594 880 648 Mittebatur
905 591 1193 660 aliquando
1223 591 1440 660 quidem
1480 593 1697 646 nuntius
1730 607 1758 644 a
1791 591 1962 647 Narso
1983 591 2154 660 patri-

567 688 651 743 cio
678 686 744 740 ad
769 684 1073 755 Sylverium
1103 697 1316 752 papun,
1356 697 1586 750 cmnque
1614 680 2155 751 proﬁcisceretur'ad

570 779 787 833 domum
830 776 990 836 illius,
1039 774 1130 828 ubi
1161 773 1380 840 jacebat
1422 783 1677 842 :egrotus,
1728 774 1863 828 dixit
1911 773 1984 826 illi
2020 786 2156 826 uxor

568 887 663 924 sua
712 887 725 922 :
763 868 982 922 Domine
1012 884 1172 938 papa,
1201 867 1325 937 quid
1356 867 1448 920 tibi
1477 885 1769 936 peccamus,
1799 871 1919 940 quia
1951 868 2156 922 voluisti

567 959 816 1012 inducere
874 956 1247 1026 Langobardos
1302 975 1459 1026 super
1497 959 1628 1012 nos?
1661 958 1756 1012 His
1809 958 1990 1023 dictis,
2031 956 2159 1017 fecit

564 1066 690 1104 cum
739 1049 1121 1118 comprehendi
1185 1059 1240 1104 et
1304 1051 1615 1113 tonsurari,
1677 1059 1989 1119 vestemque
2043 1067 2157 1106 mo-

565 1139 848 1193 nachicam
923 1139 1184 1201 induere,
1263 1155 1472 1194 necnon
1535 1140 1812 1194 sedentem
1879 1122 2058 1193 asino'
2088 1141 2154 1195 ad

568 1229 961 1284 monasterium
1023 1228 1236 1284 Sancta:
1306 1231 1460 1284 Saba:
1531 1232 1846 1298 perducere.
1913 1231 2156 1300 Cumque

565 1335 817 1390 egressus
858 1319 1222 1385 essetforas,
1272 1324 1471 1376 sedens
1525 1338 1687 1390 super
1734 1325 1964 1383 asinum,
2021 1323 2156 1376 dixit

565 1411 785 1480 quidam
814 1413 878 1466 de
898 1413 1202 1466 astantibus
1230 1427 1244 1466 :
1277 1413 1428 1468 lleu.’
1457 1414 1700 1467 dominus
1750 1431 1885 1482 popa
1917 1424 2153 1467 mortuus

568 1513 666 1556 est.

661 1592 925 1645 Prarterea
978 1593 1365 1647 immdantilms
1417 1593 1792 1663 Longobardis
1847 1597 2086 1662 Italiam,
2124 1616 2154 1653 c

567 1683 844 1736 conversis
887 1685 951 1736 ad
1008 1683 1208 1737 Christi
1254 1685 1430 1743 Iidem,
1479 1685 1641 1755 fugati
1687 1696 1815 1741 sunt.
1859 1686 2054 1752 Graeci,
2101 1698 2155 1742 et

567 1775 800 1828 cessavit
832 1776 1115 1845 imperium
1147 1777 1213 1830 ab
1243 1777 1374 1831 urbe
1405 1777 1570 1832 Roma
1599 1793 1769 1846 usque
1796 1777 1858 1830 ad
1887 1776 2145 1834 FrancOs.

563 1864 668 1918 Per
691 1881 842 1934 reges
877 1867 1020 1920 enim
1053 1867 1494 1936 principabanltlr
1545 1868 1900 1938 Langobardi.
1953 1870 2146 1924 Divisis

563 1957 762 2026 quippe
799 1957 960 2010 Italia:
989 1956 1202 2020 ﬁnibus,
1237 1957 1647 2027 Spoletanorum
1673 1959 1778 2012 dux
1808 1959 1990 2012 Roma:
2017 1977 2147 2014 eon-

565 2046 787 2099 stitutus
811 2053 894 2099 est
925 2047 1042 2099 vice
1076 2047 1235 2115 regis,
1285 2045 1377 2100 tali
1411 2058 1568 2116 pacto
1601 2056 1658 2100 ut
1689 2048 1904 2116 quando
1931 2060 2149 2116 aposto-

565 2136 704 2190 licus
731 2137 926 2202 abiret,
959 2136 1246 2191 interesset
1271 2136 1379 2190 dux
1412 2136 1666 2207 prmfatus
1702 2138 1951 2197 electioni
1983 2139 2146 2193 futuri

566 2227 861 2297 pontiﬁcis,
887 2229 1157 2298 accipiens
1180 2228 1408 2297 plurima
1435 2230 1570 2284 dona
1599 2230 1649 2284 in
1676 2239 1885 2301 partem
1920 2232 2144 2302 regiam.

568 2319 626 2375 Si
653 2331 830 2375 autem
863 2321 984 2376 lites
1024 2323 1166 2375 inter
1197 2321 1470 2377 Romanos
1514 2324 1824 2393 surgebant,
1849 2339 1914 2378 ex
1949 2325 2148 2393 prima-

565 2413 710 2467 tibus
743 2415 904 2484 regiis
944 2414 1259 2469 adveniebat
1297 2415 1495 2469 missus
1545 2431 1664 2470 cum
1697 2417 1883 2470 eodem
1911 2417 2046 2472 duce
2080 2417 2146 2471 ad

564 2502 941 2557 deliberandas
969 2518 1161 2559 causas
1191 2513 1246 2559 et.
1291 2505 1604 2575 legaliorum
1624 2505 1848 2574 judicia.
1878 2507 1945 2561 Et
1970 2509 2060 2578 qui
2093 2510 2146 2564 in

564 2594 775 2663 culpam
837 2595 1081 2650 criminis
1143 2597 1530 2660 incurrebant,
1575 2599 1736 2668 regali
1785 2601 2149 2668 puniebantur

563 2695 834 2753 potestate
860 2695 952 2740 aut
999 2687 1049 2740 in
1077 2689 1326 2742 exsilium
1360 2690 1728 2754 mittebantur,
1753 2692 1918 2745 etiam
1962 2693 2148 2747 incon-

565 2777 706 2831 sulto
752 2778 1079 2845 apostolico;
1136 2795 1306 2849 usque
1355 2781 1420 2834 ad
1473 2781 1789 2836 Zachariam
1839 2784 2144 2852 prmsidem,

564 2870 655 2936 qui
688 2870 910 2922 srlnlolc
947 2870 1100 2938 quisi
1130 2887 1226 2940 pro
1254 2872 1616 2927 familiaritate
1639 2875 1869 2944 quadam
1894 2875 2148 2944 przefatns

567 2958 743 3012 estad
795 2959 1044 3012 Carolnm
1104 2976 1281 3030 regem
1323 2963 1675 3028 Francorum,
1709 2981 1773 3018 eo
1813 2966 1954 3034 quod
2005 2967 2145 3020 idem

563 3047 792 3102 Carolus
812 3049 1046 3103 habebat
1073 3049 1232 3104 filiam
1277 3052 1532 3107 Desiderii
1582 3056 1722 3124 regis
1751 3055 1867 3109 Itali
1899 3071 2142 3121 uxorem,

567 3138 920 3208 invitavitque
976 3143 1223 3195 eunulem
1249 3143 1498 3196 Carolum
1533 3146 1583 3198 in
1617 3145 1842 3211 Italiam,
1871 3147 2147 3202 seminans

569 3229 712 3284 inter
743 3245 898 3300 rcges
920 3231 1238 3295 discordias,
1273 3233 1518 3298 laudans,
1543 3246 1598 3290 et
1627 3237 1909 3306 proferens
1937 3239 2010 3294 illi
2043 3242 2147 3295 im-
2175 3229 2216 3256 “·⁴

565 3319 788 3389 perialia
820 3329 1067 3390 sceptra;
1103 3324 1419 3393 accepitque
1462 3325 1619 3379 abeo
1671 3328 2014 3382 securitatem
2046 3344 2152 3397 quo

564 3421 806 3482 tempore
849 3413 1054 3483 ingredi
1109 3416 1328 3470 deberet
1365 3416 1603 3481 Italiam;
1641 3419 2006 3492 jurantesquej
2040 3410 2153 3474 mu-

567 3510 679 3564 tuo,
725 3518 970 3558 reversus
1015 3513 1117 3580 est.
1172 3506 1506 3562 'I'ranscuntc
1550 3518 1727 3563 autem
1774 3525 1838 3564 e0
1875 3526 1973 3580 per
2017 3511 2150 3566 fines

567 3591 717 3660 regni
759 3578 1353 3662 Desideriiascparavit
1403 3596 1470 3649 ab
1522 3611 1587 3652 eo
1612 3578 1889 3667 quosdam
1925 3599 1990 3654 de
2014 3601 2148 3662 suis,

568 3681 703 3732 dans
728 3681 1046 3749 quibusdam
1074 3683 1302 3752 plmima
1328 3686 1486 3749 dona,
1521 3689 1842 3757 quibusdam
1863 3689 2009 3756 jurat
2034 3691 2147 3744 dari

566 3772 785 3826 similia.
853 3774 1164 3843 Accipiente
1228 3788 1405 3832 autem
1463 3779 1657 3835 Carolo
1730 3783 1830 3836 hoc
1905 3799 2148 3853 regnum,

569 3863 845 3933 profectus
881 3877 961 3920 est
989 3866 1238 3930 Romam,
1276 3870 1528 3940 deditque
1588 3872 1657 3926 ibi
1707 3874 1926 3928 donaria
1962 3875 2147 3939 multa,

567 3971 687 4024 qme
727 3972 896 4026 usque
947 3958 1103 4011 hodie
1157 3959 1454 4015 Romanum
1518 3971 1700 4017 tenent
1740 3965 2031 4020 (luminium
2083 3965 2150 4021 de

575 4047 725 4117 regni
785 4047 944 4116 hujus
981 4050 1302 4104 confinibus.
1332 4052 1589 4124 Fecitque
1619 4065 1832 4124 pactum
1873 4073 1994 4112 cum
2038 4061 2149 4114 Ro-

569 4138 746 4192 manis
774 4154 1070 4210 eormnque
1093 4142 1364 4209 pontiﬁce,
1395 4145 1537 4199 etde
1571 4147 1906 4202 ordinatione
1935 4152 2150 4220 pontiﬁ-

568 4229 671 4289 cis,
699 4237 757 4281 nt
789 4228 1096 4284 interesset
1147 4233 1270 4300 quis
1320 4233 1547 4302 legatus,
1601 4245 1743 4289 etut
1787 4241 2149 4295 contentiosas

563 4319 688 4374 lites
722 4321 834 4390 ipse
876 4323 1216 4378 deliberaret.
1245 4325 1659 4382 Constituehant
1690 4339 1868 4383 autem
1898 4332 2148 4387 annualia

562 4413 701 4467 dona
737 4414 786 4467 in
812 4413 991 4484 Papia:
1025 4417 1280 4485 palatium
1309 4420 1671 4488 perducenda,
1703 4422 1818 4476 auri
1851 4422 2018 4478 libras
2047 4426 2144 4479 de-

2260 593 2506 657 donaria,
2530 596 2684 664 juxta
2729 597 2921 650 virium
2962 613 3136 666 posse.
3171 598 3337 668 Igitur
3361 597 3628 652 Romanis
3669 599 3719 652 in
3743 616 3816 656 sna

2259 687 2551 741 securitate
2573 677 2946 758 gloriantibus,
2977 688 3209 742 levatum
3236 697 3320 742 est
3338 703 3434 742 cor
3457 688 3672 742 illorum
3687 691 3816 758 juxta

2265 777 2476 832 illorum
2534 779 3011 844 consuetudinem;
3061 764 3456 847 volucrumque
3506 780 3817 848 imperialem

2259 881 2580 941 potestatem
2629 873 2904 927 vindicare
2954 873 3094 926 sibi:
3129 872 3420 927 resistente
3456 881 3641 926 autem
3666 872 3821 926 Leone

2256 977 2416 1033 papa,
2471 963 2995 1034 comprehenderunt
3055 979 3217 1027 eum,
3272 963 3674 1032 volucrumque
3727 963 3820 1031 ejus

2258 1068 2450 1107 eruere
2501 1053 2706 1108 oculos.
2754 1054 3022 1108 Erueruut
3079 1062 3256 1107 autem
3303 1070 3497 1115 unum,
3536 1062 3592 1106 et
3615 1054 3819 1108 alterum

2258 1157 2362 1195 non
2393 1151 2702 1211 potuerunt,
2741 1143 2864 1212 quia
2894 1143 3138 1198 liberavit
3169 1159 3292 1197 eum
3317 1144 3504 1196 divina
3541 1145 3819 1204 miseratio,

2256 1240 2308 1286 et
2353 1233 2555 1299 ejectus
2603 1243 2686 1288 est
2718 1236 2784 1287 ab
2817 1234 2922 1287 illis
2959 1243 3109 1288 extra
3162 1234 3382 1296 Urbem,
3418 1234 3577 1304 quasi
3625 1235 3821 1302 perditis

2255 1322 2517 1390 ambobus
2550 1322 2859 1376 lmninibus.
2915 1323 3014 1389 Qui
3047 1322 3256 1393 fugiens
3285 1323 3340 1376 in
3375 1321 3697 1383 Franciam,
3721 1338 3822 1392 per-

2255 1409 2400 1462 venit
2432 1411 2496 1462 ad
2526 1410 2800 1464 Carolum.
2837 1411 2983 1465 [inde
3007 1413 3202 1465 accidit
3224 1428 3345 1466 eum
3376 1413 3639 1467 Carolum
3661 1414 3823 1466 venire

2254 1515 2354 1568 pro
2395 1500 2631 1553 vindicza
2674 1501 2974 1568 apostolici,
3022 1502 3491 1571 comprehentlens
3547 1502 3820 1562 Romanos,

2256 1590 2321 1641 de
2355 1589 2643 1656 majoribus
2690 1605 2875 1643 eorum
2914 1590 2964 1642 in
3013 1607 3118 1643 uno
3150 1592 3235 1645 die
3273 1591 3326 1644 in
3375 1606 3575 1661 campo
3621 1591 3818 1645 Later:-

2255 1680 2408 1732 nensi
2438 1681 2562 1733 fecit
2593 1689 2861 1734 trecentos
2882 1681 3156 1735 decollari.

2327 1770 2618 1840 Propterea
2654 1772 2928 1824 inventum
2949 1778 3054 1834 est,
3083 1780 3140 1824 ut
3166 1785 3357 1825 omnes
3397 1769 3638 1838 majores
3663 1769 3822 1822 Roma

2181 1842 2222 1900 Β
2253 1873 2425 1916 essent
2463 1861 2784 1930 imperiales,
2823 1871 2928 1914 tam
2959 1860 3194 1929 ep'scopi
3225 1874 3390 1928 quam
3422 1859 3584 1921 laici;
3608 1865 3665 1911 et
3684 1873 3821 1910 omne

2249 1955 2438 2024 vulgus
2461 1954 2662 2025 pariter
2682 1953 2885 2008 faceret
2905 1967 3026 2007 cum
3051 1953 3134 2006 bis
3157 1952 3469 2004 lidelitatem
3492 1949 3816 2018 imperatori;

2249 2056 2302 2100 et
2325 2056 2377 2100 ut
2404 2062 2530 2100 suus
2563 2045 2757 2098 missus
2779 2044 2923 2098 omni
2957 2053 3196 2114 tempore
3223 2053 3534 2096 moraretur
3559 2040 3738 2094 Roma:
3757 2040 3815 2092 ad

2249 2139 2625 2192 dcliheraudas
2697 2136 2960 2204 litigiosus
3037 2135 3436 2188 contentiones.
3513 2130 3821 2195 ,hlorabatur

2249 2231 2446 2300 quippe
2496 2231 2546 2283 in
2587 2228 2786 2298 palatio
2829 2226 3002 2281 sancti
3030 2225 3206 2289 Petri;
3245 2234 3298 2280 et
3324 2233 3444 2279 erat
3487 2225 3818 2278 constitutum

2246 2331 2450 2391 quanta
2481 2330 2534 2373 et
2589 2318 2766 2388 qualia
2818 2317 3083 2387 stipendia
3129 2317 3195 2369 de
3242 2315 3446 2384 palatio
3486 2316 3542 2368 ei
3587 2315 3820 2367 darentur

2249 2414 2486 2485 quotidie
2511 2413 2652 2482 quod
2690 2421 2870 2464 autem
2919 2409 3183 2478 reliquum
3228 2417 3366 2469 erat,
3397 2407 3464 2458 de
3519 2405 3819 2474 supradictis

2249 2504 2595 2560 monasteriis
2626 2501 2706 2555 vel
2750 2499 3091 2570 patrimoniis
3142 2497 3498 2551 deserebatur
3539 2494 3816 2548 allluenter.

2249 2599 2418 2652 Tanta
2468 2613 2658 2664 nempe
2704 2593 2996 2662 impcrialis
3027 2592 3194 2644 virtus
3225 2590 3298 2643 ibi
3329 2590 3572 2659 vigebat,
3609 2596 3664 2640 ut
3691 2587 3730 2640 si
3772 2587 3813 2638 in

2250 2689 2402 2758 legali
2432 2687 2628 2753 iudicio
2658 2685 2881 2739 minoris
2913 2683 2994 2737 vel
3020 2681 3171 2736 inscii
3201 2695 3367 2736 causa
3396 2689 3813 2750 postponet-amr,

2249 2790 2302 2836 et
2333 2781 2420 2836 ille
2457 2781 2682 2849 alicujus
2708 2776 2934 2832 consilio
2963 2775 3127 2844 pedes
3165 2782 3377 2827 teneret
3407 2772 3574 2842 legati
3608 2773 3811 2829 imo-zea-

2251 2873 2403 2932 toris,
2435 2881 2622 2940 petens
2651 2872 2716 2922 ab
2761 2884 2826 2922 eo
2853 2866 3052 2935 justam
3083 2866 3288 2934 legero;
3328 2874 3383 2917 et
3435 2865 3640 2917 missus
3681 2861 3811 2928 adju-

2252 2971 2402 3016 raret
2431 2961 2702 3031 principes
2743 2959 3109 3012 Romanorum
3141 2957 3358 3009 dicens:
3399 2953 3508 3008 Per
3539 2971 3652 3006 eam
3681 2955 3813 3022 ﬁdem

2247 3072 2405 3126 quam
2436 3055 2655 3108 Domino
2687 3051 2986 3119 imperatori
3031 3049 3254 3109 debetis,
3293 3048 3452 3116 facile
3491 3049 3615 3101 huic
3643 3046 3815 3098 homini

2243 3148 2448 3217 justam
2482 3145 2665 3212 legem,
2700 3156 2856 3195 nemo
2885 3148 3003 3192 erat
3043 3153 3207 3192 ausus
3233 3136 3514 3190 declinare
3557 3150 3722 3204 neque
3759 3133 3813 3184 ad

2254 3239 2533 3293 dexteram
2564 3249 2736 3303 neque
2765 3233 2829 3286 ad
2861 3233 3160 3292 sinistram,
3202 3230 3418 3283 etiamsi
3452 3245 3481 3282 a
3529 3227 3814 3298 propinquis

2252 3326 2524 3396 pontiﬁcis
2567 3331 2716 3380 certa
2769 3332 2912 3376 esset
2956 3318 3170 3388 injuria.
3205 3317 3521 3372 Multotiens
3565 3332 3689 3371 vero
3727 3330 3814 3368 non

2253 3424 2378 3470 ante
2405 3414 2757 3484 apostolicum
2781 3415 2873 3467 sed
2917 3412 2970 3466 in
3008 3409 3246 3478 judiciali
3274 3409 3396 3462 loco
3425 3408 3494 3461 ad
3537 3406 3812 3468 Latentus,

2253 3505 2342 3560 ubi
2373 3505 2588 3574 quidam
2623 3503 2773 3558 locus
2808 3502 3007 3558 dicitur
3032 3501 3096 3554 ad
3136 3500 3342 3568 Lupam
3385 3514 3511 3567 qua:
3551 3508 3717 3552 mater
3740 3511 3815 3550 vo-

2251 3599 2476 3653 cabatur
2496 3597 2883 3660 llomauorum,
2899 3594 2971 3648 ibi
2989 3592 3330 3663 judiciariam
3358 3592 3535 3660 legem
3565 3591 3812 3644 tiuieliaat.

2251 3689 2678 3758 Compositioues
2703 3701 2919 3757 quoque
2947 3701 3068 3755 qua:
3096 3684 3368 3745 solebant,
3402 3703 3432 3736 ει
3478 3678 3815 3735 uialefaetori-

2252 3781 2348 3834 bus
2401 3779 2680 3847 mqualiter
2732 3777 3108 3831 dividebantur
3156 3774 3326 3827 misso
3370 3773 3717 3841 imperatoris
3770 3781 3815 3822 et

2253 3851 2555 3939 apostolici.
2603 3869 2658 3921 Si
2691 3877 2868 3921 autem
2893 3866 3016 3920 talis
3036 3864 3190 3933 culpa
3211 3873 3349 3927 erat,
3380 3875 3442 3916 nt
3465 3879 3555 3917 res
3582 3864 3813 3916 scelerata

2253 3960 2382 4014 ﬁsco
2437 3958 2650 4028 publico
2705 3955 3042 4017 subderetur,
3095 3969 3202 4008 non
3273 3953 3344 4006 ad
3412 3951 3812 4006 ecclesiasticam

2251 4050 2512 4108 transibat
2568 4048 2976 4118 subjectionem,
3025 4045 3126 4100 nisi
3165 4060 3259 4114 per
3305 4045 3627 4098 donativum
3667 4044 3812 4111 impe-

2251 4142 2382 4196 riale
2424 4149 2769 4211 prmeeptum.
2827 4138 2884 4192 Si
2934 4139 3076 4193 enim
3106 4136 3302 4206 aliquis
3332 4137 3477 4189 iram
3532 4137 3815 4189 incurretat

2252 4231 2612 4302 imperatoris,
2650 4230 2934 4299 cpiscopus
2970 4228 3248 4295 autjudex
3291 4227 3596 4290 Rouranus,
3624 4235 3678 4278 et
3717 4224 3816 4276 licio

2252 4335 2362 4378 tmn
2413 4331 2555 4376 eSset
2608 4320 2809 4375 Cmsari
2863 4320 3045 4374 venire
3106 4319 3360 4383 Romam,
3421 4319 3703 4377 veniebat;
3744 4315 3815 4368 sin

2251 4428 2450 4476 autem,
2482 4413 2792 4468 mittebatur
2822 4412 2925 4481 dux
2971 4410 3300 4480 Spoletinus,
3333 4405 3814 4478 comprehendeba-

563 4518 703 4566 cem,
739 4505 945 4574 argenti
975 4517 1211 4571 centum,
1246 4509 1404 4579 pallia
1433 4512 1633 4579 optima
1668 4513 1872 4578 decem,
1905 4517 2145 4586 exceptis

2254 4517 2340 4561 tur
2362 4505 2596 4560 oﬂ'ensor
2615 4514 2670 4558 et
2693 4503 2992 4556 ducebatur
3039 4502 3092 4555 in
3136 4500 3410 4554 exsilium.
3471 4499 3668 4553 Domus
3701 4510 3815 4548 vero

563 4597 786 4663 privatis
831 4596 1004 4653 donis.
1061 4600 1126 4653 Et
1176 4603 1390 4670 quando
1455 4603 1750 4673 imperator
1820 4609 2144 4663 advenicbat

563 4682 812 4749 Romam,
841 4686 924 4738 vel
953 4703 1082 4742 suus
1109 4689 1339 4761 legatus,
1373 4693 1726 4748 mittebantur
1747 4695 1955 4764 judices
1993 4715 2020 4751 a
2045 4714 2140 4767 pa-

563 4774 695 4828 latio
741 4777 967 4844 singulis
1026 4780 1201 4846 anuis,
1254 4783 1343 4850 qui
1389 4800 1484 4853 per
1540 4795 1732 4840 cuncta
1778 4788 2140 4844 Romanorum

562 4867 798 4921 confinia
836 4868 1026 4940 legalia
1087 4871 1431 4928 vindicabant
1497 4877 1712 4944 placita,
1765 4879 2143 4948 compellentes

567 4955 900 5012 habitatores
955 4959 1191 5014 locormu
1243 4963 1455 5018 illorum
1505 4968 1689 5021 venire
1742 4969 1808 5022 ad
1859 4971 2134 5040 placitum,

562 5043 934 5102 indicantibus
975 5064 1162 5105 eorum
1200 5050 1472 5119 iudicibus
1494 5066 1695 5111 rectam
1722 5057 1890 5128 legem
1921 5061 1971 5113 in
2004 5077 2140 5130 prm-

567 5134 742 5187 sentia
793 5135 1147 5206 imperialium
1182 5141 1443 5210 judicum.
1491 5145 1558 5199 Et
1600 5147 1642 5200 si
1699 5148 1920 5205 alterius
1966 5155 2141 5219 gentis

572 5220 983 5280 inveniebantur
1006 5229 1356 5299 habitatores,
1385 5234 1549 5305 regali
1586 5235 1792 5303 judicio
1821 5238 2138 5307 judicaban-

571 5316 675 5358 t-ir.
726 5309 892 5364 Erant
938 5315 1164 5386 denique
1207 5325 1535 5378 monasteria
1590 5326 1640 5378 in
1674 5325 1888 5381 Sabinis
1931 5330 2140 5386 Domini

571 5393 870 5451 Salvatoris
898 5409 952 5454 et
989 5418 1184 5464 sancta-
1238 5412 1329 5467 Dei
1354 5413 1644 5471 Genitricis
1684 5416 1887 5483 Mariae,
1929 5436 2134 5476 necnon

567 5493 625 5527 θί
653 5489 1034 5536 ῃ¹⁰¹¹³ε¹⁰¹¹ί¹¹η¹
1061 5495 1196 5544 Ima“
1225 5500 1446 5556 Andreae
1471 5507 1698 5554 nnosloli
1729 5505 1874 5554 iuxta
1900 5519 2134 5556 nmutem

2249 4598 2390 4652 illius
2419 4595 2731 4667 signabatur
2769 4593 2966 4648 aiiliulo
3015 4593 3180 4662 regis,
3221 4608 3397 4661 usque
3445 4592 3515 4646 ad
3544 4591 3659 4660 ejus
3701 4604 3811 4642 ωηο

2248 4689 2479 4751 sultutn;
2514 4696 2571 4741 ut
2598 4686 2878 4755 siquando
2907 4692 3269 4738 reverteretur
3293 4684 3363 4738 ad
3385 4683 3641 4753 gratiam,
3667 4681 3817 4735 habe-

2251 4788 2331 4833 ret
2356 4778 2568 4849 propria
2597 4776 2775 4841 salva;
2809 4777 2888 4829 sui
2915 4775 3071 4837 alias,
3105 4789 3202 4842 per
3225 4774 3534 4843 impcrialia
3564 4779 3815 4841 pra-cepta

2247 4870 2703 4925 distribuebantur
2734 4868 3012 4922 militibus.
3055 4865 3208 4933 Quod
3251 4865 3398 4920 si-ad
3452 4865 3654 4934 judicis
3685 4871 3816 4932 pote-

2247 4969 2444 5015 statem
2474 4957 2822 5028 rejiciebatnr
2854 4957 3162 5026 quisquam,
3192 4964 3248 5009 et
3271 4956 3508 5010 Caesaris
3533 4955 3818 5009 εάιιεητει

2245 5053 2565 5117 clementiae,
2613 5052 2925 5106 mittebatur
2951 5065 3049 5120 pro
3079 5049 3168 5102 tali
3218 5050 3468 5120 negotio,
3513 5049 3724 5119 legatus
3757 5045 3816 5098 ab

2249 5146 2595 5213 imperatore,
2615 5141 2707 5211 qui
2728 5139 3013 5210 diligenter
3032 5139 3373 5193 exanimaret
3396 5139 3477 5192 rei
3510 5139 3814 5193 veritatem;

2247 5245 2301 5292 et
2334 5235 2378 5288 si
2423 5233 2627 5302 ejectus
2669 5233 2936 5303 propriam
2987 5231 3212 5284 haberet
3251 5229 3500 5300 culpam,
3542 5228 3820 5283 sustineret

2247 5327 2521 5399 injurialn.

2320 5421 2431 5475 Hac
2458 5418 2843 5474 consuetudine
2865 5416 2945 5471 usi
2988 5423 3113 5470 sunt
3151 5413 3384 5470 Romani
3418 5428 3592 5491 usque
3615 5412 3684 5464 ad
3720 5409 3820 5463 Lu-

2244 5511 2490 5560 dovicum
2520 5507 2767 5564 Magnum
2791 5506 2900 5562 (aui
2930 5504 3063 5560 alias
3089 5505 3353 5559 secundus
3382 5506 3620 5569 vocatur)
3655 5504 3821 5568 impe-
