3930 5614
54 320 167 375 9⁸ἴό

1279 321 1370 378 ΠΕ
1408 321 1694 379 JURllll'S
1735 323 1909 378 ΙΜΡΡ.
1947 324 2107 380 ROM.

3212 327 3315 382 966

53 435 209 489 viros
257 433 372 504 ejus
420 433 601 500 Urbis,
661 436 896 491 scientes
932 436 1206 506 antiquam
1256 436 1640 508 imperatorum
1673 438 1720 496 Α
1748 455 1937 510 papam
1984 453 2036 495 et
2090 443 2484 511 imperatorem.
2539 445 2664 499 Erat
2693 444 2888 516 quippe
2920 446 3211 515 imperator
3260 447 3314 501 in

54 526 530 588 consuetudinem,
568 536 622 580 et
647 528 957 582 intimantcs
991 527 1213 593 (L'nsari,
1253 529 1344 598 qui
1387 542 1640 596 suggere-

52 616 191 670 bant
239 618 312 674 illi
365 628 606 688 repetere
653 622 930 690 antiquam
981 623 1365 692 imperatorum
1413 636 1642 676 consue-

53 713 328 768 tudinem.
371 713 434 768 Et
465 715 565 768 nisi
605 718 673 770 ob
719 718 1071 771 reverentiam
1116 719 1392 773 beatorum
1426 724 1640 784 aposto-

53 802 237 856 lorum
267 804 580 866 dimitteret,
609 822 705 876 pro
729 816 878 862 certo
907 807 1132 863 faceret.
1173 807 1270 862 Hic
1300 808 1463 860 etiam
1494 806 1640 874 prin-

50 907 184 960 eeps
222 893 511 948 Beneventi
560 896 694 950 ﬁnes
741 897 1015 965 ingressus
1040 905 1148 962 est,
1185 907 1241 952 et
1291 898 1454 951 totius
1486 896 1642 950 Cala-

50 983 210 1045 brim,
271 981 479 1038 duobus
523 986 714 1039 tnodis.
783 985 922 1046 Uno,
970 990 1112 1056 quod
1169 987 1440 1055 provincia
1497 993 1641 1038 esset

49 1071 242 1136 Itali-.c,
285 1074 470 1128 volens
515 1076 678 1129 totius
730 1077 877 1145 regni
909 1078 1039 1130 lines
1093 1091 1204 1130 sua:
1250 1076 1526 1130 vindicare
1565 1075 1641 1128 tli-

51 1165 220 1227 tioni;
257 1164 451 1228 altero,
497 1181 562 1218 eo
611 1168 752 1235 quod
797 1167 1185 1220 immanissima
1222 1183 1354 1235 gens
1403 1168 1639 1236 Aggarc-

51 1271 270 1318 norum,
303 1256 389 1310 illa
421 1257 534 1326 jam
565 1259 818 1328 tangebat
844 1259 1108 1324 conﬁnia;
1155 1260 1429 1328 capientes
1453 1272 1639 1327 quam-

48 1347 175 1400 dam
219 1349 429 1412 urbem,
459 1364 580 1417 quae
607 1358 829 1404 vocatur
854 1349 1012 1414 Bari;
1055 1366 1216 1419 quam
1246 1350 1552 1404 tnuuieuter
1584 1359 1641 1402 et

49 1443 238 1497 multis
268 1444 617 1515 vectigalibus
651 1445 932 1513 implentes
953 1460 1051 1514 pro
1093 1440 1314 1512 refugiis
1348 1444 1634 1499 habebant.

46 1535 115 1590 Et
147 1536 271 1591 ideo
293 1552 325 1590 a
346 1538 894 1606 comprovincialibus
924 1548 1082 1594 terra:
1123 1539 1268 1594 illius
1293 1538 1525 1608 benigne
1549 1553 1640 1593 su-

40 1636 272 1696 sceptus
300 1637 402 1683 est.

118 1718 387 1773 Praefatus
439 1720 619 1790 itaque
666 1719 849 1775 Cmsar
889 1737 1013 1777 cum
1069 1721 1413 1776 multitudine
1456 1719 1635 1790 populi

1742 536 1942 605 palatio
1989 537 2158 589 sancti
2213 536 2354 589 Petri
2408 538 2652 605 apostoli,
2705 547 2757 592 et
2797 553 2935 608 papa
2973 538 3037 590 ad
3089 537 3319 591 Sauctos

1739 623 2043 692 Apostolus.
2078 624 2318 693 Cumque
2355 641 2542 680 omnes
2588 626 2728 681 illius
2758 627 2981 680 insidias
3009 635 3197 680 contra
3229 642 3314 680 re-

1741 715 1881 786 giam
1909 715 2219 784 dignitatem
2267 732 2366 784 pro
2417 717 2582 771 nihilo
2634 718 2981 781 ducerentur,
3041 717 3318 770 constituit

1742 806 2032 859 monachos
2066 822 2158 858 seu
2187 806 2404 860 Christo
2433 807 2636 861 dicatas
2673 809 2908 877 virgines
2944 825 3010 862 ex
3049 818 3318 863 monaste-

1742 895 1836 948 riis
1865 894 2069 958 Romre,
2103 905 2159 947 ut
2187 897 2338 964 quasi
2371 897 2469 950 sub
2495 897 2714 952 obtentu
2742 898 3017 965 religionis
3043 899 3316 968 quotidia-

1741 1000 1840 1039 nas
1863 985 2197 1039 celebrarent
2226 985 2466 1041 ltelanias
2497 1003 2591 1056 per
2623 989 2905 1043 circuitum
2933 1005 3227 1051 murorum,
3265 997 3320 1042 et

1741 1076 1937 1130 missas
1978 1087 2256 1140 canerent,
2284 1085 2470 1131 contra
2501 1078 2770 1148 principes
2795 1079 2930 1132 male
2953 1079 3320 1153 agentesallis

1741 1167 1960 1231 auditis,
2010 1167 2252 1234 pritrarii
2299 1168 2438 1237 regis
2469 1169 2744 1222 humiliter
2785 1169 3104 1223 accedentes
3128 1171 3193 1222 ad
3226 1185 3320 1238 pa-

1740 1273 1886 1326 pam,
1915 1266 2241 1328 rogaverunt
2278 1274 2399 1312 eum
2428 1259 2766 1313 familiariter
2799 1269 2855 1312 ttt
2898 1260 3023 1314 talia
3069 1260 3318 1330 prohibeo

1741 1359 1842 1404 ret.
1880 1351 2092 1404 Etcum
2126 1350 2258 1404 nihil
2300 1351 2367 1403 ab
2404 1352 2725 1420 imperatore
2752 1353 3047 1421 impetrare
3077 1361 3315 1421 possent,

1740 1443 1940 1496 reversi
1999 1447 2126 1494 sunt
2170 1452 2479 1495 maerentes.
2537 1443 2777 1508 Quadam
2838 1459 2969 1499 vero
3031 1444 3135 1505 die,
3197 1459 3318 1497 cum

1739 1531 1955 1601 quidam
1989 1531 2186 1585 milites
2232 1532 2441 1601 pmafati
2487 1533 2745 1601 principis
2781 1535 2920 1587 irent
2964 1534 3032 1587 ad
3059 1533 3318 1588 Sanctum

1738 1626 1984 1690 Paulum,
2009 1635 2062 1679 et
2090 1635 2510 1688 reverterentur,
2549 1625 2756 1679 accedit
2791 1642 2883 1679 eos
2911 1642 3197 1680 occurrere
3231 1626 3318 1680 la:-

1739 1715 1917 1768 taniis.
1976 1713 2074 1780 Qui
2120 1714 2376 1768 instinctu
2418 1714 2626 1784 antiqui
2675 1714 2846 1769 hostis
2886 1716 2938 1768 in
2986 1716 3118 1768 iram
3175 1716 3320 1770 versi

43 1808 514 1878 proﬁciscebatur,
542 1808 607 1863 ad
630 1811 973 1880 accipiendas
1003 1811 1218 1865 easdem
1239 1818 1444 1882 gentes,
1476 1810 1541 1864 Et
1569 1824 1633 1864 ne
1667 1796 1709 1855 Β
1737 1813 1880 1867 sunt,
1905 1814 1958 1858 et
1982 1820 2076 1873 pro
2108 1803 2362 1857 ﬁdelitate
2384 1806 2464 1858 Slli
2495 1805 2727 1858 senioris
2746 1805 3317 1859 vindictamcxermte-

43 1911 299 1971 gravaret
327 1916 420 1956 eos
448 1901 539 1970 qui
568 1902 862 1972 depraedati
887 1903 954 1955 ab
967 1903 1264 1972 Aggarenis
1293 1911 1469 1965 erant,
1494 1916 1636 1970 qua:-

41 1989 175 2042 sivit
197 1987 448 2043 solatium
465 1988 767 2054 Ravennae;
798 1991 890 2044 sed
907 1991 1156 2058 quzesivit
1175 1987 1335 2045 etiani
1360 1990 1634 2053 solatium,

38 2094 168 2148 qum
197 2079 371 2134 vicina
403 2089 544 2144 erat,
575 2078 835 2145 chetize,
872 2090 1138 2150 quatenus
1167 2080 1340 2135 navali
1371 2081 1637 2150 adjutorio

44 2170 236 2234 fultus,
283 2179 464 2240 posset
505 2171 847 2243 abundanter
889 2170 1032 2226 ferre
1071 2172 1341 2242 Apuliam.
1378 2172 1636 2226 Prteside-

42 2269 135 2315 bat
165 2277 400 2331 namque
425 2271 551 2318 tunc
581 2257 880 2316 Ravennati
913 2263 1168 2318 Ecclesia:
1191 2261 1427 2318 Joannes
1458 2264 1636 2318 archi-

43 2352 351 2420 episcopus,
383 2352 473 2419 qui
515 2352 760 2406 serviens
792 2353 1104 2422 imperatori
1141 2354 1458 2408 familiarior
1492 2363 1632 2409 erat.

46 2441 204 2498 Unde
237 2443 434 2498 invi-lia
467 2446 658 2499 ductus
683 2445 958 2500 Romanus
991 2447 1251 2516 pontifex,
1294 2448 1513 2503 nomine
1544 2447 1636 2502 Ni-

44 2533 253 2597 colaus,
285 2535 491 2588 exarsit
536 2535 589 2588 in
641 2536 776 2589 iram
827 2547 1011 2590 contra
1059 2537 1227 2603 illum,
1265 2554 1464 2593 vocans
1513 2554 1634 2593 eum

43 2625 274 2681 subdole
319 2625 568 2691 Romam,
598 2637 658 2682 ut
692 2629 844 2698 quasi
877 2630 1248 2685 ecclesiastico
1271 2631 1474 2698 judicio
1516 2645 1637 2700 pos-

42 2730 126 2775 set
177 2721 325 2773 hunc
373 2720 757 2785 condemnare,
810 2731 864 2776 et
897 2722 1122 2777 alterum
1172 2723 1484 2792 subrogare.
1542 2725 1636 2778 His

44 2810 244 2879 quippe
275 2809 495 2875 auditis,
537 2811 973 2881 archiepiscopus
1004 2810 1244 2880 confugit
1281 2814 1347 2866 ad
1393 2813 1635 2883 reginam

44 2899 476 2969 Engelbergam;
521 2916 640 2969 qua:
675 2916 801 2955 suos
843 2901 1048 2970 legatos
1075 2903 1271 2956 direxit
1316 2904 1632 2973 apostolico,

46 3006 246 3060 rogans
300 3001 358 3044 ut
407 2990 656 3046 redderet
705 2993 936 3061 gratiam
991 2995 1421 3064 archiepiscopo.
1484 2996 1637 3064 Quod

45 3096 164 3133 cum
200 3081 500 3150 impetrare
538 3083 804 3151 nequiret,
837 3098 936 3138 suo
961 3085 1178 3139 domino
1203 3085 1476 3141 humiliter
1510 3088 1636 3142 inti-

1740 1906 1866 1950 ruut
1910 1905 2097 1949 contra
2143 1895 2282 1959 illos,
2315 1895 2677 1964 percutientes
2708 1905 2762 1951 et
2791 1896 3058 1950 cazdentcs
3087 1897 3323 1966 graviter

1738 2005 1860 2044 cum
1893 1988 2125 2042 fustibus
2147 2003 2282 2056 quas
2307 1987 2555 2042 manibus
2575 1987 2908 2041 deferebant.
2939 1986 3037 2053 Qui
3059 1988 3322 2057 fugientes

1737 2080 2080 2150 projecerunt
2096 2093 2286 2132 cruces
2300 2087 2353 2132 et
2369 2078 2553 2132 icouas
2569 2093 2703 2147 quas
2718 2077 3028 2148 portabant,
3045 2078 3185 2132 sicut
3206 2092 3323 2131 mos

1737 2181 1820 2227 est
1841 2171 2184 2231 Graecorum;
2218 2185 2248 2224 e
2279 2170 2473 2239 quibus
2500 2169 2768 2225 nonnulla}
2798 2158 3148 2234 conculcatze,
3182 2185 3315 2224 non-

1737 2263 1895 2317 nulla:
1916 2262 2169 2330 disrupta:
2198 2270 2339 2314 sunt.
2374 2259 2522 2315 Umle
2553 2269 2608 2314 ct
2645 2260 2938 2329 imperator
2961 2261 3196 2327 graviter
3239 2269 3324 2314 est

1736 2364 2010 2422 permotus
2050 2353 2102 2405 in
2138 2352 2292 2414 iram,
2324 2361 2494 2419 ctpro
2519 2367 2624 2419 qua
2643 2366 2806 2404 causa
2852 2351 3177 2421 apostolicus
3216 2351 3321 2404 mi-

1739 2445 1843 2498 tior
1868 2443 2091 2498 elfectus
2115 2451 2215 2496 est.
2241 2441 2524 2495 Profectus
2552 2449 2636 2495 est
2662 2441 2890 2510 denique
2915 2441 3054 2495 idem
3083 2438 3324 2510 pontifex

1737 2535 1803 2588 ad
1844 2533 2098 2588 Sanctum
2132 2531 2372 2596 Petrum,
2403 2546 2598 2600 rogans
2640 2533 3024 2601 imperatorem
3084 2546 3180 2601 pro
3209 2531 3325 2585 suis

1738 2626 1864 2680 talia
1894 2624 2266 2695 patrantibns;
2299 2630 2352 2678 et
2373 2623 2458 2675 vix
2485 2623 2728 2679 obtinere
2771 2622 2958 2676 valuit.
2997 2620 3117 2676 1am
3143 2622 3326 2692 itaque

1738 2717 1880 2772 inter
1905 2732 1962 2770 se
1991 2715 2286 2769 familiares
2313 2714 2489 2769 ell'ccti
2520 2723 2676 2780 sunt;
2709 2723 2884 2770 tamen
2915 2715 3061 2785 regia
3093 2715 3324 2783 dignitas

1737 2821 1952 2874 semper
1977 2803 2080 2858 fuit
2107 2804 2291 2858 Romte
2317 2803 2534 2871 suisque
2561 2804 2829 2867 conﬁniis,
2862 2820 3031 2872 usque
3061 2807 3127 2858 ad
3165 2804 3324 2857 finem

1737 2895 1944 2950 dierum
1986 2894 2354 2964 imperatoris,
2389 2893 2526 2947 sicut
2553 2909 2716 2962 supra
2748 2895 3086 2963 prmlibatum
3118 2901 3218 2947 est.
3248 2892 3326 2946 Eo

1737 3002 1866 3041 vero
1899 2985 2224 3055 inﬁrmante,
2260 2991 2314 3037 et
2344 2985 2410 3036 ad
2441 2993 2740 3037 extremum
2770 2983 3323 3054 propinquante,quia

1739 3094 1844 3132 non
1897 3078 2130 3132 habebat
2185 3075 2374 3141 lilium,
2402 3076 2572 3130 voluit
2608 3077 2708 3131 sibi
2739 3077 3029 3131 sm-cedere
3070 3075 3323 3130 Carolum

43 3174 214 3226 mavit
254 3183 314 3226 ut
341 3175 565 3241 gratiam
618 3175 928 3232 inter-ferret
973 3193 1084 3233 suae
1136 3179 1376 3235 tuitionis
1422 3181 1636 3237 archie-

1743 3169 1993 3240 Magnum
2012 3168 2122 3237 (qui
2160 3166 2297 3220 alias
2320 3165 2738 3220 Carolomannus
2764 3167 3038 3238 seribitur)
3067 3166 3132 3220 ad
3161 3165 3329 3220 susci-

44 3266 294 3334 piscopo,
331 3277 521 3322 vetans
575 3269 928 3337 apostolicum
964 3271 1014 3326 ei
1065 3272 1266 3327 nullam
1312 3273 1634 3343 inquietudi-

45 3373 163 3411 nem
193 3357 401 3412 facere.
443 3359 510 3412 Et
541 3360 688 3428 quia,
737 3361 982 3417 inaudito
1008 3363 1276 3433 principe,
1307 3363 1637 3434 apostolicus

40 3449 637 3505 excommunicatioues
664 3451 715 3504 in
741 3466 862 3506 eum
887 3453 1129 3520 protulit,
1148 3455 1328 3524 gravis
1351 3457 1632 3511 inimicitia

45 3538 184 3592 inter
212 3553 314 3591 eos
338 3538 475 3592 facta
505 3548 608 3595 est.
629 3540 863 3596 Erectus
888 3550 973 3595 est
1000 3543 1232 3613 denique
1259 3545 1439 3616 regius
1463 3546 1637 3600 honor

42 3637 235 3680 contra
272 3628 624 3695 apostolicam
652 3631 994 3701 dignitatem,
1022 3633 1284 3702 objiciens
1327 3637 1376 3690 ei
1413 3638 1634 3707 antiqua

41 3717 270 3773 Patrum
303 3728 502 3774 statuta
535 3739 546 3774 :
588 3721 709 3776 Non
738 3723 894 3778 licere
927 3726 1148 3794 prtelalo
1185 3745 1638 3786 excommumcnre

41 3810 347 3876 episcopum
418 3810 714 3865 inconsulto
772 3814 1013 3882 synodali
1060 3818 1314 3881 concilio;
1367 3830 1420 3877 et
1463 3823 1632 3890 quia:

48 3897 306 3968 Synodtu
344 3916 444 3953 non
472 3919 504 3954 a
539 3919 696 3973 papa,
732 3905 824 3958 sed
855 3905 919 3959 ab
951 3907 1262 3976 imperatore
1283 3912 1458 3964 vocari
1486 3912 1638 3965 debe-

45 4003 140 4045 rel.
176 3991 440 4045 Plurima:
476 4009 709 4062 namque
736 3995 1090 4065 irrogationes
1113 4013 1210 4066 pro
1241 3999 1329 4053 tali
1354 4002 1638 4058 occasione

46 4078 213 4132 illatze
247 4089 378 4133 sunt
403 4079 648 4137 Romano
671 4083 931 4153 pontifici.
959 4084 1088 4140 Nam
1129 4086 1406 4158 Pentapoli
1437 4091 1638 4145 beneﬁ-

45 4169 219 4224 ciales
245 4171 468 4225 ordines
490 4173 605 4226 suis
635 4173 929 4238 distribuit,
964 4178 1284 4247 praecipiens
1323 4180 1522 4234 nullam
1550 4181 1639 4235 ad-

44 4261 504 4318 ministrationem
527 4263 834 4332 impendere
857 4265 1060 4332 Romte,
1078 4269 1320 4338 exceptis
1346 4270 1638 4341 suffragiis,

47 4349 231 4401 navali
267 4349 660 4418 dcportalione.
695 4351 845 4408 Fecit
869 4355 1034 4409 etiam
1078 4371 1343 4428 occupare
1387 4361 1638 4414 nonmtlla

47 4438 389 4507 patrimonia
443 4440 496 4494 in
539 4442 849 4512 Campania:
891 4446 1134 4514 partibus
1178 4448 1326 4517 regio
1358 4450 1637 4502 usuisuo-

46 4547 286 4602 rumque
319 4532 576 4588 ﬁdelium.
612 4535 687 4590 De
725 4538 996 4606 pr:edictis
1035 4553 1248 4608 quoque
1289 4543 1635 4597 monasteriis

46 4626 369 4692 quotidiana
414 4629 766 4697 exigebantur
803 4633 1020 4687 servitia
1060 4635 1110 4688 in
1162 4635 1311 4689 disco
1356 4636 1496 4704 regis
1541 4651 1639 4705 per

48 4717 300 4771 diversos
349 4729 658 4788 apparatus.
724 4721 1020 4778 Constituit
1093 4725 1325 4794 denique
1391 4728 1636 4781 consulta

49 4804 430 4871 Romanorum
484 4809 786 4880 principum
831 4812 884 4865 iu
940 4814 1073 4869 urbe
1133 4815 1299 4869 Roma
1350 4816 1638 4872 Arseuium

48 4899 347 4967 quemdam
387 4902 720 4974 episcopum,
764 4907 1052 4961 sanctitate
1079 4916 1133 4963 et
1161 4910 1380 4963 scientia
1420 4910 1646 4966 adorna-

49 4998 191 5052 tum,
227 4998 287 5043 et
316 4993 726 5059 apocrisiarium
763 4991 919 5050 Sedis
969 4997 1244 5063 Romanae,
1271 5000 1524 5071 deditque
1566 5003 1637 5058 illi

48 5083 363 5154 adimerem
389 5081 644 5142 Joannem
672 5086 962 5141 diaconum
993 5099 1048 5143 et
1075 5092 1635 5158 archicaneellarium,

49 5186 325 5241 suumque
350 5179 720 5240 secretarium,
745 5177 834 5243 qui
865 5189 1048 5245 postea
1075 5183 1332 5238 Reatinus
1356 5186 1644 5258 episcopus

53 5259 291 5317 eﬂ'ectus
320 5271 416 5326 est,
444 5269 576 5324 unde
593 5266 721 5335 jam
749 5264 951 5321 electus
978 5281 1114 5326 erat.

123 5353 393 5421 Tempore
435 5357 588 5428 igitur
637 5371 887 5425 congruo
924 5359 1219 5431 imperator
1255 5367 1501 5424 veniebat
1537 5369 1645 5424 Rc-

50 5459 226 5508 mam,
253 5452 308 5498 et
343 5450 742 5520 suscipiebatur
789 5447 855 5501 ab
899 5453 1148 5511 omnibus
1195 5465 1304 5510 tam
1351 5461 1646 5532 majoribus

47 5550 221 5603 quam
276 5537 549 5600 minoribus
606 5538 951 5607 honoriﬁce;
1000 5549 1357 5614 veniebatque
1408 5568 1531 5607 cum
1580 5567 1646 5607 eo

1666 4491 1716 4550 D

1735 3261 1928 3332 pieuda
1975 3260 2270 3330 imperialia
2316 3267 2549 3328 sceptra.
2599 3257 2731 3313 Cum
2782 3259 2898 3313 bare
2939 3258 3009 3310 ita
3041 3265 3324 3327 geruntur,

1737 3350 1966 3405 Romani
1992 3350 2274 3420 pontilices
2303 3365 2518 3419 semper
2543 3364 2639 3418 per
2667 3359 2915 3404 oratores
2948 3348 3158 3403 litteras
3201 3348 3327 3402 mit-

1738 3444 1924 3498 tcbant
1951 3441 2289 3496 invitatorias
2334 3439 2401 3494 ad
2442 3439 2694 3494 Carolqu
2741 3455 2922 3512 regem
2961 3440 3320 3504 Francorum,

1738 3536 2030 3590 invitantes
2070 3550 2192 3588 eum
2229 3532 2392 3586 clam.
2439 3533 2502 3588 Et
2523 3533 2648 3603 quia
2671 3542 2790 3590 erat
2832 3535 2884 3587 in
2931 3533 3126 3587 litteris
3166 3533 3325 3602 quasi

1736 3625 2107 3696 philosophus,
2134 3627 2394 3698 rogabant
2421 3627 2567 3680 illutn
2591 3624 2937 3696 supervenire
2957 3623 3118 3678 beato
3139 3623 3322 3687 Petro,

1737 3727 1794 3772 et
1819 3719 1884 3772 de
1906 3717 2182 3772 servitutis
2202 3718 2331 3788 jugo
2355 3719 2420 3772 ad
2446 3717 2713 3787 pmpriam
2740 3716 3038 3770 libertatem
3069 3715 3325 3769 reducere

1738 3826 1890 3864 suam
1923 3809 2244 3875 Ecclesiatn,
2278 3821 2335 3864 ut
2367 3811 2518 3880 quasi
2564 3824 2662 3881 per
2704 3808 2808 3864 vim
2853 3808 2922 3863 ab
2958 3807 3138 3878 aliquo
3180 3815 3328 3862 esset

1737 3917 2014 3973 oppressa.
2888 3909 2896 3913 “

1809 3995 2028 4051 Talibus
2061 3995 2291 4050 evolutis
2333 3996 2845 4061 machinationibus,
2883 3995 3111 4050 moritur
3137 3992 3322 4048 Ludo-

1737 4089 1910 4144 vicus.
1939 4089 2166 4144 Mittitur
2190 4089 2375 4143 statim
2406 4089 2606 4142 citatus
2633 4105 2660 4140 a
2689 4087 2898 4142 Joanne
2930 4085 3019 4154 qui
3048 4095 3158 4137 tum
3182 4099 3322 4152 prte-

1739 4189 1856 4234 erat
1891 4195 1920 4233 a
1952 4195 2088 4249 papa
2126 4180 2331 4250 legatus
2359 4179 2426 4232 ad
2469 4179 2716 4233 eumdem
2757 4176 3030 4237 Carolum,
3078 4173 3168 4243 qui
3198 4172 3316 4226 nul-

1741 4268 1821 4322 las
1846 4269 2110 4322 veniendo
2138 4267 2342 4322 faciens
2383 4280 2588 4328 moras,
2639 4266 2918 4335 ingressus
2949 4262 3180 4324 Italiam,
3227 4276 3322 4329 pe-

1742 4362 1824 4416 tiit
1847 4360 2093 4413 Romam.
2128 4359 2359 4412 Mittitur
2387 4357 2624 4426 denique
2665 4356 2803 4409 alius
2831 4355 3028 4409 missus
3056 4354 3123 4407 ab
3150 4367 3320 4406 uxore

1743 4453 2080 4522 imperatoris
2107 4451 2459 4521 Engclberga,
2495 4449 2580 4504 vel
2629 4464 2658 4501 a
2708 4447 2819 4501 suis
2869 4446 3190 4515 primatibus
3243 4443 3310 4495 ad

1741 4545 1993 4601 Carolum
2026 4542 2301 4613 Magnum,-
2343 4541 2632 4596 ostendens
2675 4537 2724 4593 ei
2768 4545 2892 4591 vota
2938 4534 3197 4590 defuncti.
3254 4532 3322 4586 Et

1743 4639 1870 4708 quia
1900 4636 2110 4707 longius
2137 4642 2276 4697 erat,
2303 4631 2471 4685 noluit
2495 4644 2602 4686 tam
2635 4629 2742 4683 cito
2765 4628 2953 4682 venire
2976 4636 3032 4680 ut
3063 4624 3323 4695 impedire

1745 4736 1926 4800 posset
1953 4728 2053 4781 iter
2081 4723 2260 4780 Caroli
2284 4721 2455 4777 Calvi.
2485 4722 2587 4790 Qui
2620 4720 2843 4774 veniens
2871 4718 3125 4782 Romam,
3160 4731 3322 4770 reno-

1748 4817 1894 4873 vavit
1933 4827 2148 4888 pactmn
2179 4829 2299 4869 cum
2341 4813 2619 4877 Romanis,
2660 4810 2965 4882 perdonans
3015 4812 3160 4865 illius
3199 4806 3323 4874 jura

1753 4911 1899 4981 regni
1947 4920 2003 4966 et
2038 4906 2457 4964 consuetudines
2481 4908 2644 4970 illius,
2677 4902 2919 4959 tribuens
2950 4903 3056 4958 illis
3081 4905 3328 4967 sumptus

1745 5003 1811 5058 de
1861 5001 2032 5056 tribus
2081 4996 2408 5068 supradictis
2470 4993 2836 5056 monasteriis,
2882 4992 2933 5046 id
2980 5003 3062 5048 est
3117 4987 3330 5046 Domini

1747 5091 2070 5155 Salvatoris,
2113 5098 2168 5144 et
2213 5091 2385 5143 beatae
2430 5089 2618 5145 Maria:
2653 5095 2868 5149 semper
2890 5082 3127 5155 Virginis
3151 5081 3204 5134 iu
3233 5075 3335 5130 Sa-

1745 5184 1908 5248 binis,
1934 5193 2096 5253 atque
2134 5179 2316 5236 Sancti
2345 5178 2588 5239 Audi-ca:
2617 5174 2770 5242 juxta
2798 5184 3034 5232 montem
3075 5175 3336 5231 Soractis,

1748 5283 1800 5331 et
1853 5273 1921 5329 de
1975 5273 2186 5328 caeteris
2237 5265 2664 5342 quamplurimis
2733 5268 3074 5322 monasteriis
3137 5256 3341 5320 ﬁscalia

1749 5366 2092 5438 patrimonia.
2145 5361 2355 5418 Patrias
2414 5377 2607 5424 autem
2650 5354 2886 5414 Samnite
2932 5370 2988 5416 et
3038 5352 3300 5416 Calabria:
3329 5388 3345 5413 ,

1751 5457 1911 5512 simul
1944 5471 2066 5512 cum
2097 5455 2348 5510 omnibus
2404 5450 2729 5514 civitatibus
2767 5448 3058 5508 Beneventi
3104 5453 3183 5506 eis
3221 5456 3349 5497 con—

1751 5549 1901 5614 tulit;
1945 5550 2163 5614 insuper
2207 5546 2274 5601 ad
2304 5544 2648 5606 dedecorem
2671 5541 2827 5610 regni
2870 5553 3040 5599 totum
3093 5542 3350 5597 ducatum
