4012 6300
555 351 662 409 967

1369 346 1712 404 SUPPLEM.
1757 347 1845 401 AD
1876 344 2166 402 SCRIPTA
2207 344 2477 403 PONTIF.
2518 342 2685 402 ROM.
2727 343 2899 401 ειπερ.
2941 343 3035 400 IX.

559 468 726 533 sium,
755 472 1021 537 quatenus
1063 471 1122 519 ut
1160 481 1230 530 IS,
1252 464 1344 535 qui
1389 472 1617 534 praeerat
1658 463 1806 534 regia
1850 462 1969 517 vice
1994 470 2138 527 ante,
2171 467 2218 526 Α
2245 463 2314 519 de
2339 479 2507 535 regno
2539 465 2888 534 egrederetur
2921 463 3126 520 italico.
3158 463 3424 540 Egressus
3453 477 3699 535 namque
3712 468 3833 518 vix.

558 557 821 618 Romanis
873 555 1146 612 videretur
1183 562 1306 626 post
1352 569 1472 610 esse
1507 551 1819 622 subjectus.
1890 551 2138 608 Removit

559 650 728 704 etiam
784 649 852 703 ab
899 647 980 704 eis
1019 646 1199 718 regias
1253 645 1582 718 legationes,
1626 643 2000 700 assiduitatem
2053 642 2139 698 vel

560 739 905 811 praesentiam
931 735 1559 816 apostolicze‘electionis.
1577 734 1717 803 Quid
1733 734 1920 806 plura?
1936 732 2139 790 Cuncta

561 831 670 886 illis
695 830 919 886 contulit
957 844 1078 900 qua:
1103 827 1426 894 voluerunt;
1469 825 1920 898 quemadmodum
1945 824 2143 880 dantur

563 921 674 986 illa,
725 936 845 990 qua:
897 935 996 976 nec
1037 929 1188 976 recte
1245 919 1622 990 acquiruntur,
1688 931 1789 972 nec
1827 929 2144 987 possessura

563 1020 872 1080 sperantur.
919 1009 1128 1082 Fugato
1151 1010 1337 1081 itaque
1383 1010 1489 1065 isto
1516 1008 1713 1065 Carolo
1741 1023 1853 1078 pra:
1891 1017 2036 1063 metu
2072 1005 2148 1060 al-

564 1104 736 1158 terius
783 1103 992 1170 Caroli,
1033 1103 1125 1173 qui
1153 1103 1426 1168 veniebat,
1470 1100 1798 1165 inllrmatur,
1850 1106 2144 1167 antequam

2243 553 2529 611 defunctus
2555 564 2656 609 est.
2680 555 2762 610 Ab
2796 555 2886 609 illo
2909 562 3089 610 autem
3118 555 3204 610 die
3229 555 3579 611 honoriﬁcias
3599 569 3838 611 consue-

2247 646 2465 702 tudines
2489 645 2654 716 regia:
2694 645 2973 716 dignitatis
3003 659 3163 701 nemo
3209 645 3627 716 imperatorum,
3673 659 3836 700 nemo

2243 751 2433 808 regum
2462 734 2750 807 acquisivit
2775 736 2950 806 :quia
2971 746 3066 792 aut
3090 737 3265 792 virtus
3293 735 3489 801 defuit,
3515 745 3616 792 aut
3654 737 3836 791 scien-

2248 828 2345 894 tia,
2389 843 2489 898 pro
2543 827 2728 883 multis
2777 827 2928 898 regni
2989 829 3431 886 contentionibus
3481 837 3542 884 et
3598 828 3842 883 assiduis

2246 919 2622 976 divisionibus.
2691 918 2844 976 Unde
2911 919 3081 975 multa
3135 920 3361 991 praelia.
3417 920 3724 976 delationes
3785 927 3842 972 et

2247 1010 2451 1082 rapinae
2475 1009 2695 1066 luerunt
2715 1010 2766 1065 in
2796 1024 2983 1080 regno.
3119 1051 3124 1056 .
3639 1001 3646 1006 ’

570 1270 3836 1328 m

1420 1453 2956 1632 SUPPLEMENTUM

564 1894 1905 2063 EPISTOLAS
1988 1761 2316 2058 Eii
2399 1763 3841 2059 DlPLOMATA

915 2190 2134 2337 PONTIFICUM

2258 2190 3491 2322 ROMANO‘BUM

1190 2434 1346 2509 Q'Ul
1402 2432 1894 2496 CURRENTE
1947 2427 2323 2492 SECULO
2379 2431 2628 2492 ΝΟΝΟ
2683 2429 3210 2492 FLORUERE.

2151 2673 2248 2796 Ι.

1827 2898 2172 3012 LEO
2283 2898 2554 3012 ΠΙ.

573 3346 916 3389 νιιιγιιεοιυιι
934 3345 1120 3389 LEONIS
1145 3345 1203 3387 Ill
1232 3345 1333 3386 PRO
1349 3343 1682 3385 MONASTBBIO
1696 3341 2151 3385 SAN-DIONISIANO.

1183 3461 1365 3531 (Anno
1391 3458 1539 3530 798.)

744 3567 1043 3663 [Doublet.,
1105 3589 1246 3644 mu.
1286 3588 1351 3644 de
1405 3586 1682 3654 St-Denis,
1739 3587 1996 3660 ρ.1452.]

654 3724 766 3779 Leo
803 3725 1144 3795 cpiscopus,
1179 3738 1370 3779 servus
1421 3723 1862 3789 servornmeei,
1902 3723 2159 3788 Fulrado,

579 3813 775 3868 dilecto
821 3814 950 3879 Deo,
991 3815 1310 3884 presbytero
1353 3822 1409 3868 et
1455 3813 1634 3868 abbati
1668 3813 1992 3868 venerabilis
2044 3829 2160 3869 mo-

580 3901 808 3956 nasterii
851 3903 1022 3956 sancti
1053 3903 1253 3958 Christi
1296 3903 1548 3973 martyris
1576 3903 1838 3973 Dionysii,
1874 3911 1931 3959 et
1955 3905 2166 3960 cunctis

581 3989 819 4058 posteris
843 3990 909 4044 ad
945 4000 1289 4060 perpetuum.

571 4111 575 4115 Α
654 4079 919 4146 Quoniam
955 4082 1201 4152 expetisti
1229 4100 1258 4137 a
1305 4083 1446 4138 Sede
1488 4083 1782 4155 apostolica
1828 4086 2164 4159 privilegium

584 4171 836 4227 renovari
877 4174 1019 4242 quod
1061 4174 1322 4230 hactenus
1346 4182 1658 4234 antecessor
1678 4185 1864 4232 noster
1914 4179 2066 4234 bona:
2113 4188 2168 4235 et

583 4270 786 4317 sanctae
810 4263 1101 4328 memoriae,
1156 4263 1462 4333 Stephanus
1501 4279 1638 4336 papa
1669 4281 1736 4320 ex
1767 4269 2110 4324 monasteriis
2136 4284 2167 4324 a

585 4361 640 4406 re
666 4354 992 4408 constructis
1012 4353 1377 4421 conﬁrmavit,
1411 4355 1506 4411 tibi
1542 4365 1597 4411 et
1620 4357 1873 4414 omnibus
1893 4373 2169 4416 successo-

585 4444 734 4498 ribus
758 4445 862 4498 tuis
883 4445 1188 4511 abbatibus,
1234 4447 1428 4502 iterum
1459 4463 1720 4504 rcnovare
1763 4459 1818 4506 et
1844 4453 2169 4508 conﬁrmare

2087 3184 2091 3188 Α
2182 3201 2226 3260 Β
2256 3198 2425 3270 regis,
2449 3199 2532 3253 vel
2558 3208 2671 3266 tua,
2701 3199 2975 3256 licentiam
3006 3202 3204 3259 habeat
3229 3202 3428 3260 missas
3451 3206 3736 3264 celebrare
3753 3213 3850 3267 nisi

2257 3304 2355 3360 per
2377 3299 2612 3346 vestram
2641 3293 3109 3358 convocationcm,
3137 3295 3228 3350 sed
3277 3296 3563 3366 proprium
3596 3299 3852 3355 habertes

2255 3380 2590 3450 episcopum,
2639 3381 2848 3438 tabulas
2893 3391 2951 3436 et
2992 3383 3229 3438 chrisma
3269 3390 3732 3452 consecrandum,
3769 3375 3852 3441 vel

2257 3463 2481 3530 cancros
2524 3485 2710 3528 sacros
2754 3472 2994 3538 ordines,
3039 3473 3179 3528 sicut
3223 3474 3276 3529 in
3329 3475 3622 3548 privilegio
3652 3478 3853 3537 domini

2258 3560 2517 3632 Stephani
2575 3577 2725 3632 papa:
2772 3563 2984 3633 plenius
3007 3565 3335 3630 continetur,
3391 3568 3782 3621 auctoritatem
3801 3577 3858 3620 et

2259 3651 2532 3714 licentiam
2567 3652 2619 3707 in
2647 3654 2902 3708 omnibus
2931 3654 3301 3719 attribuimus,
3325 3664 3381 3711 et
3407 3657 3514 3710 hoc
3541 3657 3688 3712 beati
3717 3655 3857 3712 Petri

2261 3741 2626 3810 apostolorum
2688 3742 2947 3813 principis
3002 3746 3324 3800 auctoritate
3386 3745 3684 3803 inicientes
3729 3763 3860 3817 pro-

2265 3838 2550 3896 testamur,
2586 3839 2646 3884 ut
2691 3846 2880 3887 omnes
2918 3847 3110 3888 causas
3153 3833 3238 3889 vel
3262 3835 3622 3891 necessitates
3649 3846 3772 3891 tuas
3796 3851 3859 3890 ac

2265 3923 2580 4002 monasterii
2605 3924 2679 3978 tui
2707 3925 3035 3982 sanctissimi
3067 3927 3303 3999 Dionysii
3339 3929 3603 4000 martyris
3625 3939 3682 3986 et
3713 3941 3862 3984 caste-

2265 4031 2448 4070 rorum
2501 4017 2950 4074 monasteriorum
2996 4018 3070 4072 illi
3127 4020 3490 4085 subditorum,
3551 4022 3620 4077 ad
3663 4020 3860 4077 Sedem

2266 4107 2612 4178 apostolicam
2646 4107 2920 4164 licentiam
2955 4110 3178 4186 habeas,
3210 4118 3266 4166 et
3289 4127 3482 4168 omnes
3511 4127 3866 4169 successores

2269 4198 2343 4253 tui
2373 4198 2596 4254 abbates
2643 4199 2996 4261 reclamandi.
3041 4207 3099 4255 et
3126 4215 3213 4256 res
3237 4216 3302 4256 ac
3329 4202 3556 4271 praedia,
3595 4204 3718 4259 sive
3759 4218 3868 4259 mo-

2270 4289 2506 4342 nasteria
2547 4303 2577 4341 a
2621 4299 2674 4343 te
2695 4297 3009 4344 constructa
3045 4298 3101 4346 et
3141 4291 3411 4358 ordinata,
3445 4292 3590 4349 sicut
3613 4295 3670 4348 in
3703 4303 3868 4349 testa-

2270 4387 2452 4433 mento
2503 4387 2593 4434 tuo
2631 4380 2821 4443 habes,
2874 4379 2941 4434 ad
2989 4382 3378 4435 monasterium
3431 4383 3608 4437 sancti
3659 4383 3865 4438 Christi

2271 4469 2528 4538 martyris
2563 4466 2826 4538 Dionysii,
2863 4476 2919 4522 et
2965 4469 3354 4524 monachorum
3406 4484 3633 4524 suorum
3669 4472 3866 4525 tradita

585 4549 682 4632 Pet“
728 4543 973 4632 9951mm
1021 4539 1404 4632 auctoritatem
1426 4541 1484 4632 in
1519 4551 1678 4602 antea
1728 4543 2072 4606 deberemUS.
2117 4553 2174 4600 et
2199 4549 2243 4608 C
2274 4567 2330 4613 et
2353 4558 2670 4614 confirmata
2693 4558 2748 4611 in
2777 4556 3018 4612 futurum
3047 4568 3416 4628 perseverent,
3440 4567 3748 4618 statuentes
3771 4576 3867 4632 per

587 4626 688 4681 sub
710 4627 914 4682 ditione
952 4637 1155 4684 sanctae
1202 4631 1346 4686 sedis
1392 4631 1648 4687 Ecclesiae
1679 4634 1932 4688 Romana:
1956 4649 2171 4705 semper

585 4727 842 4787 perpetua
911 4721 1318 4777 conservatione
1371 4723 1666 4778 subsistere
1735 4734 1790 4779 ct
1850 4740 2171 4795 permanere

588 4811 914 4866 omnimodis
940 4811 1189 4876 debeant,
1219 4828 1284 4868 eo
1324 4813 1574 4870 videlicet
1603 4815 1792 4870 ordine
1826 4824 1884 4870 ut
1910 4817 2169 4886 quidquid

589 4913 656 4952 ex
691 4897 982 4956 donatione
1011 4901 1445 4959 excellentissimi
1470 4904 1562 4959 lilii
1593 4906 1736 4978 regis
1767 4907 1937 4961 nostri
1966 4907 2168 4973 Caroli,

589 4990 676 5046 vel
703 4991 930 5048 aliorum
960 5008 1171 5063 regum,
1195 5010 1260 5049 ac
1288 4997 1548 5052 bonorum
1572 4997 1848 5052 hominum
1879 5005 1936 5054 et
1977 5013 2172 5070 paren-

591 5092 704 5138 tum
735 5093 968 5149 tuorum,
994 5094 1050 5139 et
1069 5101 1136 5140 ex
1169 5095 1256 5140 tua
1297 5089 1624 5158 proprietate
1653 5098 1709 5144 et
1735 5092 2172 5148 commutationi-

589 5174 692 5228 bus
720 5174 918 5229 habere
957 5185 1011 5230 et
1059 5175 1321 5232 dominari
1368 5179 1526 5234 modo
1563 5180 1784 5248 videris,
1815 5182 1899 5238 vel
1930 5185 1982 5239 in
2012 5173 2168 5241 antea

593 5267 874 5338 acquirere
905 5276 959 5322 tu
985 5277 1040 5322 et
1071 5284 1412 5327 successores
1437 5272 1510 5326 tui
1551 5275 1813 5344 potueris,
1847 5283 1954 5330 tam
1980 5277 2033 5332 in
2063 5293 2171 5333 mo-

594 5358 850 5413 nasteriis
893 5359 1222 5416 :edilicandis
1268 5378 1429 5432 quam
1458 5371 1512 5418 et
1539 5363 1703 5430 villis,
1743 5366 1858 5421 sive
1887 5369 2171 5440 mancipiis

595 5449 649 5512 in
681 5447 1088 5516 quibuscunque
1114 5451 1288 5520 pagis,
1320 5452 1452 5508 locis
1479 5463 1534 5510 et
1572 5457 1718 5526 agris
1744 5458 2072 5525 constitutis,
2100 5461 2172 5515 ita

531 5527 534 5530 ’
596 5537 833 5594 stabilita
857 5548 912 5592 et
949 5549 1061 5593 rata
1093 5540 1146 5594 in
1194 5552 1511 5611 perpetuum
1551 5556 1828 5614 maneant,
1866 5551 1997 5604 etin
2037 5566 2173 5620 pra:-

597 5629 757 5684 dietis
778 5631 1120 5686 monasteriis
1159 5632 1334 5686 nullus
1363 5634 1738 5704 episcoporum
1784 5638 1866 5692 vel
1898 5642 2170 5706 sacerdos,

599 5721 798 5790 absque
823 5723 1094 5778 voluntate
1136 5724 1746 5792 prmeellenlissimi'ﬁlii
1782 5732 1948 5784 nostri
1994 5731 2168 5787 Caroli

2275 4649 2417 4704 hanc
2468 4649 2664 4704 seriem
2721 4649 3112 4718 scripturarum
3153 4658 3316 4719 atque
3369 4651 3766 4707 interdicentes
3811 4661 3868 4706 ut

2275 4738 2540 4808 quisquis,
2570 4738 2653 4793 vel
2701 4737 3070 4811 cujuscunque
3105 4740 3384 4810 dignitatis
3429 4756 3666 4810 persona
3702 4759 3734 4797 a
3760 4759 3868 4797 ma-

2275 4844 2381 4900 gno
2408 4831 2573 4900 gradu
2603 4846 2776 4900 usque
2805 4833 2871 4886 ad
2903 4833 3184 4888 minimum
3218 4833 3400 4898 fuerit.
3437 4836 3531 4904 qui
3559 4837 3665 4892 hoc
3703 4837 3870 4907 privi-

2273 4920 2472 4993 legium
2495 4921 2798 4992 irrumpere
2838 4925 3146 4989 tentaverit,
3175 4925 3259 4979 vel
3295 4925 3486 4980 fecerit
3511 4926 3616 4982 sub
3643 4929 3872 4982 anatbe-

2275 5013 2434 5068 matis
2456 5013 2690 5078 vinculo,
2747 5015 2890 5070 beati
2919 5015 3066 5070 Petri
3116 5017 3476 5088 apostolorum
3506 5018 3779 5088 Principis
3805 5035 3868 5073 ac

2277 5115 2460 5159 nostra
2492 5105 2832 5169 auctoritate,
2859 5120 2982 5162 esse
3005 5107 3282 5178 alligatum
3317 5109 3643 5165 universalis
3693 5110 3872 5166 Eccle-

2277 5193 2357 5248 sia
2385 5195 2541 5259 sciat,
2576 5195 2676 5250 nisi
2707 5195 2868 5265 digna
2900 5194 3273 5251 satisfactione
3296 5209 3482 5252 coram
3508 5197 3622 5253 Deo
3649 5207 3705 5253 et
3736 5213 3870 5253 san-

2278 5296 2486 5342 etorum
2513 5301 2734 5343 suorum
2765 5287 3144 5355 ptenitentiam
3165 5289 3354 5358 egerit.
3390 5289 3536 5345 Bene
3563 5289 3762 5344 valete.

2291 5427 2296 5432 .
2351 5375 2483 5430 Data
2533 5391 2585 5430 vt
2637 5374 2755 5430 Kal.
2806 5374 2951 5430 Junii
3008 5391 3150 5431 anno
3197 5377 3251 5430 in
3302 5379 3673 5433 sacratissima
3721 5379 3870 5433 beati

2277 5461 2422 5519 Petri
2455 5465 2582 5520 sede
2623 5481 2708 5530 tu,
2761 5479 2856 5520 seu
2905 5465 3109 5521 domno
3149 5465 3366 5532 Carolo,
3407 5467 3872 5523 excellentissimo

2277 5569 2402 5624 rege
2430 5555 2758 5612 Francorum
2798 5565 2853 5612 et
2894 5557 3370 5628 Longobardorum
3426 5567 3591 5630 atque
3641 5562 3873 5631 patricio

2277 5645 2662 5713 Romanorum,
2695 5664 2724 5703 a
2763 5665 2872 5720 quo
2910 5659 3065 5720 capta
3100 5650 3199 5705 fuit
3233 5651 3404 5716 Italia,
3435 5665 3577 5706 anno
3613 5653 3874 5707 vicesimo

2275 5738 2484 5805 quinto,
2514 5739 2805 5794 indictione
2833 5750 3004 5795 sexta.
