3930 5614
111 329 209 386 969
869 383 872 386 .
1603 331 1682 390 LE

1789 331 1856 388 1f.
3254 336 3358 391 970

864 450 927 505 ll.
1037 412 1040 414 Ὺ
1710 452 1764 513 Α
1789 444 1929 501 narii
1955 442 2014 501 S.
2039 443 2107 501 Β.
2132 443 2224 512 Ε..
2265 444 2322 502 in
2369 458 2552 501 mense
2599 443 2813 512 Martio,
2859 443 3048 502 indict.
3089 411 3362 502 “aliene

1785 537 1978 592 valete.

173 598 434 641 εριετοωι
481 601 668 643 Leoms
698 603 760 642 tn
797 601 864 641 an
903 600 1260 643 ronruuuun
1300 598 1612 642 GRADENSBH
2544 631 2555 644 .
3322 631 3355 644 ..

686 672 1082 716 mmmam“.
1856 631 2048 686 Datum
2108 630 2177 684 12
2243 629 2362 686 Kal.
2427 631 2602 702 April.
2657 629 2757 702 per
2808 647 3028 687 manum
3081 631 3362 690 Eustachii

1783 723 2084 779 Primicerii
2124 732 2324 779 sanctae
2365 723 2521 780 Sedis
2550 725 2894 796 Apostolicm,
2926 725 3230 796 imperante
3256 741 3360 782 no-

738 813 892 869 Anno
919 813 1066 887 805.)
1783 821 1899 869 stro
1947 813 2168 869 domino
2213 813 2407 872 Carolo
2451 815 2696 886 piissimo
2751 816 2993 885 Augusto
3037 830 3068 870 a
3115 815 3228 872 Deo
3271 831 3363 872 eo-

175 945 353 1019 {Apud
389 947 620 1021 Ughelli,
648 946 809 1003 Italia
842 965 1018 1015 sacra,
1046 955 1180 1004 tom.
1212 949 1277 1017 γ,
1310 964 1433 1020 pag.
1465 945 1610 1020 194.]

170 1081 281 1136 Leo
312 1083 621 1155 episcopus,
661 1097 851 1140 servus
891 1098 1168 1139 servorum
1200 1082 1318 1150 Dei,
1349 1081 1685 1138 reverendis-

103 1173 237 1229 simo
263 1185 318 1230 ct
347 1177 694 1232 sanctissimo
716 1175 978 1232 confratri
1002 1176 1332 1234 Fonruuuo
1355 1174 1682 1246 patriarchae

103 1264 392 1323 Gradcnsis
419 1267 689 1324 Ecclesia).

170 1358 307 1413 Vita:
341 1370 446 1414 tute
482 1360 854 1415 tantununodo
892 1359 1131 1416 ofﬁcium
1179 1359 1478 1416 sacerdotis
1528 1373 1685 1414 assu-

101 1463 267 1513 mere,
298 1449 346 1504 si
379 1450 625 1506 interiori
674 1451 950 1521 vigilantia
991 1452 1408 1522 perpendamus,
1454 1449 1573 1522 plus
1600 1457 1684 1506 est

99 1542 276 1597 oneris
320 1557 494 1621 quam.
532 1543 784 1610 honoris;
840 1544 1038 1616 quippe
1087 1544 1179 1616 qui
1225 1543 1443 1615 propria
1489 1556 1684 1598 curare

97 1650 219 1689 non.
240 1633 450 1690 sufﬁcit
497 1634 602 1692 nisi
648 1645 704 1691 et
743 1636 1034 1692 salubriter
1064 1640 1292 1710 gesserit
1322 1638 1516 1694 aliena.
1545 1635 1682 1692 Nam

95 1726 161 1779 ad
184 1726 288 1781 hoc
306 1726 601 1796 pastoralis
623 1728 903 1799 regiminis
926 1744 1112 1784 curam
1140 1729 1448 1802 aggreditur
1470 1739 1528 1785 ut
1548 1730 1682 1785 alio-

1782 912 1974 960 ronato
2009 917 2206 974 magno
2252 912 2308 959 et
2351 905 2579 976 paciﬁco
2623 905 2955 978 imperatore
2993 918 3136 961 anno
3176 905 3360 973 tertio,

1782 996 1894 1053 ind.
1923 997 2012 1053 11.
3382 1016 3385 1022 ’

2537 1093 2624 1149 Ill.

1780 1262 2038 1306 EPISTOLA
2071 1263 2255 1305 LEONIS
2292 1264 2353 1304 111
2394 1264 2462 1304 ΑΒ
2501 1264 2630 1304 ALII
2674 1263 3028 1306 SABIONENSEI
3069 1261 3360 1304 EPISCOPUI

1851 1337 1921 1377 ΕΤ
1949 1336 2018 1376 ΔΙ)
2047 1337 2198 1378 Λιιυε
2243 1334 2538 1378 ΡΒΟΥΙΝΟΙΕ
2581 1336 2944 1378 ιωοηιοιιυω
2989 1333 3288 1377 EPISCOPOS.

2441 1438 2618 1511 (Anno
2646 1439 2726 1511 8.)

1853 1570 2115 1648 [liansizii
2139 1566 2421 1628 Germania
2457 1589 2633 1641 sacra,
2666 1581 2798 1630 tom.
2839 1573 2903 1641 li,
2939 1588 3065 1646 pag.
3097 1572 3250 1648 109.]

1856 1737 2228 1794 Dilectissimis
2277 1738 2432 1794 nobis
2477 1738 2618 1794 Αωι
2681 1737 2934 1798 Ecclesia:
2988 1739 3360 1808 Sabionensis,

95 1834 212 1873 rum
242 1820 298 1874 in
329 1835 390 1876 se
420 1819 836 1877 sollicitudinem
865 1822 955 1892 pia
979 1823 1290 1892 provisione
1313 1823 1598 1894 suscipiat,
1626 1830 1682 1879 et
1708 1827 1756 1890 Β
1783 1829 1876 1900 qui
1913 1844 2056 1885 nunc
2081 1828 2439 1896 Brixinensis,
2478 1843 2575 1886 seu
2603 1828 2816 1887 Arrom
2861 1829 3118 1886 Ecclesiae
3153 1830 3360 1886 Frisin—

92 1909 145 1963 in
175 1925 368 1965 eorum
395 1925 516 1968 sese
543 1912 788 1968 custodia
813 1913 1098 1984 vigilanter
1126 1915 1394 1985 disponat,
1437 1924 1495 1969 ut
1521 1914 1679 1986 lupus

91 1999 362 2056 insidians
410 2003 824 2073 possibilitatem
866 2004 921 2059 in
955 2019 1021 2060 eo
1053 1993 1388 2076 irrumpeiidi
1426 2020 1534 2060 non
1578 2005 1680 2059 ha-

91 2090 234 2157 beat,
261 2106 370 2146 nec
397 2091 675 2148 laesionem
693 2092 887 2149 ovibus
906 2093 1123 2149 inferat.
1146 2094 1237 2150 Sic
1257 2094 1351 2164 qui
1376 2095 1681 2150 animarum

90 2199 276 2238 curam
293 2185 657 2255 suscepimus,
675 2185 948 2242 assiduam
977 2187 1236 2243 debemus
1258 2186 1680 2243 sollicitudinem

88 2291 275 2346 gerere
296 2276 567 2333 utcallido
588 2279 811 2350 antiquo
831 2281 1051 2348 humani
1068 2281 1280 2351 generis
1305 2281 1527 2340 inimico
1561 2280 1678 2336 adi-

89 2375 200 2421 tum
233 2369 635 2438 praaclndamus
681 2380 735 2427 et
785 2372 914 2427 totis
940 2381 1132 2428 contra
1179 2370 1299 2442 ejus
1329 2372 1681 2428 voracitatem

88 2458 294 2516 viribus
318 2461 671 2529 obsistamus,
695 2472 976 2520 neanostra
1017 2463 1154 2520 forte
1199 2465 1421 2529 desidia,
1471 2463 1680 2529 rabida,

89 2556 228 2624 quod
259 2556 446 2625 absit,
487 2573 811 2631 quemquam
860 2561 1015 2617 fauce
1057 2561 1335 2634 deglutiat,
1369 2571 1423 2616 ct
1467 2561 1582 2631 ejus
1611 2561 1681 2618 ad

88 2656 330 2702 nostram
371 2664 484 2705 non
531 2650 803 2706 immerito
853 2653 1150 2724 applicetur
1176 2670 1392 2726 poenam
1428 2655 1679 2724 perditio,

92 2742 182 2810 qui
234 2743 561 2800 commissos
596 2745 826 2801 sollicita
861 2747 1130 2802 custodire
1160 2759 1213 2802 et
1245 2749 1440 2818 quibus
1469 2748 1680 2804 cautela

86 2833 433 2904 negligimus.
450 2834 814 2894 Exhibeamus
837 2853 964 2910 ergo
981 2839 1122 2909 quod
1153 2838 1681 2909 dicimus,etquibus

84 2923 254 2977 divini
293 2925 700 2995 dispensatione
745 2927 956 2983 consilii
1003 2943 1237 2998 praeesse
1282 2929 1527 2998 contigit,
1551 2943 1682 2998 pro-

92 3015 252 3074 desse
281 3028 548 3090 quantum
575 3035 862 3091 possumus
889 3021 1226 3088 festinemus,
1257 3030 1314 3076 ut
1339 3022 1470 3077 dum
1501 3022 1681 3078 credi~

81 3119 172 3164 tor
199 3110 481 3191 rationem,
520 3112 801 3169 nobiscum
830 3115 1106 3184 positurus
1135 3114 1433 3180 advenerit,
1472 3115 1680 3169 lucrum

1785 1920 1886 1989 gite
1913 1935 1977 1974 ac
2014 1919 2174 1975 simul
2209 1919 2463 1975 Ecclesia:
2512 1919 2854 1992 lieginensis,
2901 1936 3001 1977 nec
3038 1936 3146 1977 non
3189 1921 3362 1978 War.-

1786 2025 1948 2066 rmco
1973 2009 2232 2066 Ecclesize
2279 2009 2619 2067 Pataviensis
2673 2021 2728 2067 et
2778 2010 3056 2070 Siunsa'ro
3103 2013 3362 2070 Ecclesiae

1785 2099 2283 2172 Niwenburgensis,
2329 2101 2620 2172 provincia":
2648 2100 3025 2174 Bajoariorum
3068 2105 3359 2176 episcopis,

1783 2190 1897 2250 Leo
1920 2232 1935 2259 ,
1967 2207 2155 2248 servus
2183 2207 2463 2248 servorum
2496 2193 2612 2250 Dei.

1856 2288 2168 2345 Dilectionis
2194 2296 2391 2344 vestra:
2427 2303 2563 2358 quas
2589 2287 2746 2344 nobis
2783 2288 3066 2360 petitorias
3103 2288 3364 2346 emisistis

1785 2382 2034 2454 syllabas,
2081 2381 2269 2437 libenti
2296 2381 2630 2452 suscepimus
2667 2382 2868 2447 animo,
2900 2382 2952 2436 in
2989 2381 3184 2452 quibus
3223 2380 3364 2438 fere-

1784 2475 1965 2541 batur,
1992 2482 2051 2529 ut
2081 2475 2133 2528 in
2173 2473 2451 2544 provincia
2479 2481 2655 2528 vestra
2683 2473 3051 2544 Bajoariorum
3095 2473 3364 2543 archiepi-

1785 2580 2006 2635 scopum
2052 2565 2450 2629 ordinaremus,
2492 2579 2600 2634 quo
2641 2565 2916 2636 provincia
2963 2565 3079 2636 ipsa
3131 2565 3363 2621 mirifice

1785 2673 1817 2712 a
1849 2656 1957 2712 ﬁlio
1990 2664 2176 2712 nostro
2208 2655 2442 2728 ,domino
2485 2653 2700 2722 Carolo,
2731 2655 3186 2712 excellentissimo
3234 2671 3363 2727 rege

1784 2746 2122 2804 Francorum
2152 2756 2206 2803 et
2229 2747 2710 2819 Longobardorum
2750 2756 2806 2804 et
2831 2748 3060 2818 patricio
3086 2747 3362 2804 Romano-

1786 2858 1927 2908 rum,
1956 2842 2168 2912 penitus
2190 2856 2256 2896 ex
2301 2841 2448 2896 omni
2489 2850 2663 2911 parte,
2693 2841 2853 2897 sicut
2881 2841 3083 2908 decuit,
3108 2842 3358 2897 ordinata

1787 2940 1890 2989 est.
1930 2932 2134 2987 Idcirco
2164 2931 2435 2996 convenit,
2464 2946 2564 2986 nos
2596 2930 2744 3002 ipsos
2767 2947 2960 3003 nempe
2987 2932 3362 2992 ecclesiastico

1787 3022 2156 3078 moderamine
2199 3022 2254 3076 in
2299 3021 2679 3081 sacrogordine
2728 3021 2959 3077 ﬁdeliter
3001 3032 3163 3093 atque
3205 3023 3366 3093 spiri-

1790 3114 2006 3169 tualiter
2051 3113 2345 3170 secundum
2373 3127 2656 3168 censuram
2700 3114 3042 3179 canonicam,
3075 3114 3246 3184 ipsam
3275 3130 3366 3168 or-

79 3218 183 3258 nos
207 3190 687 3276 fecissefeperiat,
719 3217 775 3263 et
807 3223 928 3274 sua,
956 3209 1098 3265 sicut
1122 3209 1390 3280 promisit,
1423 3223 1674 3264 remune-
1707 3190 1752 3254 (ἶ
1785 3206 1972 3261 dinare
2035 3205 2406 3276 Bajoariorum
2479 3205 2832 3275 provinciam.
2914 3205 2981 3260 Et
3047 3207 3175 3276 quia
3252 3205 3366 3262 Dco

80 3294 304 3349 ratione
359 3293 613 3351 lzetiﬁcet.
669 3295 785 3352 Hoc
835 3298 1048 3367 itaque,
1109 3298 1282 3355 frater
1335 3300 1674 3365 charissime,

77 3386 396 3455 considera,
418 3397 472 3444 et
495 3388 671 3445 locum
691 3405 849 3461 quem
873 3392 1099 3462 adeptus
1117 3407 1176 3447 es
1197 3408 1305 3448 non
1330 3394 1396 3448 ad
1417 3393 1677 3462 requiem,

77 3478 179 3533 sed
209 3478 284 3533 ad
316 3478 558 3535 laborem
607 3488 659 3537 te
694 3483 995 3552 suscepisse
1025 3497 1307 3554 cognosce.
1337 3484 1682 3539 Adhortatio-

76 3569 169 3623 nis
227 3584 333 3640 ope
375 3569 610 3628 ﬁdelium
648 3573 810 3628 corda
852 3574 1165 3640 corrobora,
1198 3574 1489 3630 infidelium
1531 3591 1679 3643 vero,

75 3673 308 3713 summo
364 3675 527 3730 opere
576 3676 850 3719 converte.
901 3663 1056 3732 Quod
1102 3675 1162 3719 ut
1203 3663 1417 3720 facilius
1465 3666 1680 3735 assequi

76 3749 379 3816 merearis,
397 3750 835 3821 praedicationem
861 3763 1005 3809 tuam
1030 3755 1139 3810 vita
1165 3756 1538 3823 commendet;
1566 3757 1683 3826 ipsa

76 3843 166 3897 eis
194 3842 507 3910 instructio,
529 3845 645 3915 ipsa
672 3847 930 3920 magistra
957 3850 1057 3915 sit;
1086 3849 1153 3903 ad
1175 3849 1500 3904 desiderium
1527 3859 1685 3912 aiter-

79 3951 173 3989 na:
203 3934 336 3988 vita:
361 3935 590 3992 docente
613 3938 887 4009 suspirent
919 3947 1010 3995 tuo
1043 3941 1288 3996 viventes
1318 3942 1586 4012 exemplo,
1625 3951 1682 3998 et

78 4026 432 4096 perveniant,
464 4029 780 4099 temporalia
802 4031 1120 4102 despiciant,
1145 4042 1202 4088 et
1224 4049 1344 4104 qua:
1371 4035 1684 4090 transitoria

79 4126 216 4172 sunt
251 4128 697 4188 contemnentes,
735 4123 804 4177 ad
837 4138 898 4178 ea
925 4139 1044 4193 quae
1073 4140 1283 4196 semper
1317 4127 1533 4192 durant,
1563 4135 1682 4197 qua:

78 4209 243 4264 nullo
272 4209 378 4265 fine
426 4211 770 4280 clauduntur,
827 4215 1109 4272 desideriis
1162 4219 1433 4274 anhelent.
1491 4219 1548 4274 ln
1599 4220 1684 4276 his

75 4302 259 4372 igitur
290 4304 527 4359 studium
558 4305 773 4370 adhibe,
807 4307 859 4361 in
892 4308 993 4363 hac
1020 4316 1129 4364 tota
1158 4311 1354 4366 mentis
1384 4312 1683 4368 intentione

79 4395 347 4464 persiste,
399 4405 668 4467 quatenus
697 4398 823 4453 dum
853 4408 938 4453 tua
967 4403 1350 4472 praedicatione
1371 4412 1532 4474 atque
1557 4404 1680 4458 imi-

78 4486 303 4540 tatione
335 4487 450 4542 haec
479 4487 680 4543 fuerint
727 4493 1022 4558 consecuti,
1071 4500 1220 4547 tanto
1262 4492 1463 4562 majora
1503 4510 1534 4548 a
1569 4495 1680 4550 Deo

1783 3297 2023 3368 auSpice,
2047 3297 2376 3366 reperientes
2399 3297 2574 3350 virum
2606 3296 2919 3363 almiﬁcum,
2947 3305 3002 3352 et
3034 3297 3088 3352 in
3119 3297 3364 3368 Scriptu-

1783 3389 1861 3444 ris
1904 3388 2102 3443 divinis
2137 3387 2635 3458 peritissimum,.et
2673 3387 2726 3440 in
2767 3387 3020 3442 omnibus
3046 3387 3363 3443 misericor-

1783 3477 2088 3542 dissimam,
2118 3475 2490 3547 spiritualibus
2520 3476 2762 3530 moribus
2784 3477 3213 3546 comprobatum,
3254 3492 3360 3532 una

1783 3583 1906 3624 cum
1959 3582 2223 3623 consensu
2285 3576 2341 3622 et
2393 3565 2670 3623 voluntate
2719 3568 2962 3638 praadicti
3025 3567 3120 3623 ﬁlii
3189 3570 3361 3624 nostri

1784 3661 1985 3717 domini
2006 3659 2204 3726 Caroli,
2237 3659 2722 3730 prmcellentissimi
2756 3660 2915 3733 regis,
2957 3661 3109 3716 vobis
3148 3661 3366 3717 ordina-

1783 3753 1980 3819 vimus,
2025 3752 2322 3806 secundum
2373 3750 2681 3806 sanctiones
2735 3745 2958 3807 Patrum
3007 3752 3368 3824 archiepisco-

1783 3859 1933 3914 pum,
2000 3842 2249 3898 videlicet
2293 3840 2590 3910 Arnonem,
2645 3841 2900 3900 Ecclesia:
2958 3842 3365 3912 Juvavensium,

1785 3951 1905 4006 qua:
1928 3944 1984 3991 et
2003 3934 2222 3990 Petrina
2251 3943 2616 4006 nuncupatur,
2646 3951 2767 4007 qua:
2793 3936 2849 3990 in
2875 3936 3081 3991 honore
3108 3936 3168 3991 Β.
3193 3937 3362 4003 Petri,

1783 4027 2041 4100 principis
2064 4027 2449 4098 apostolorum,
2495 4029 2875 4085 venerabiliter
2899 4040 2982 4086 est
3012 4042 3358 4097 consecrata;

1786 4122 1968 4191 ibique
2013 4120 2302 4190 requiescit
2345 4134 2542 4191 corpus
2581 4121 2722 4176 sacri
2762 4122 3034 4193 pontificis
3080 4101 3365 4194 Riidperti,

1785 4227 1893 4267 una
1949 4228 2072 4268 cum
2132 4212 2532 4268 venerabilibus
2582 4213 2694 4268 suis
2778 4213 3093 4280 sodalibus,
3159 4217 3370 4272 scilicet

1785 4304 2069 4360 Chunaldo
2127 4312 2183 4358 et
2245 4303 2524 4369 Gisilano,
2591 4318 2824 4374 quorum
2872 4319 3098 4374 corpora
3158 4307 3360 4364 ibidem

1785 4413 1816 4451 a
1871 4395 2118 4451 ﬁdelibus
2187 4396 2563 4457 honorantur;
2613 4396 2704 4465 qui
2759 4397 2957 4451 dudum
3021 4406 3200 4452 noster
3265 4399 3366 4455 fuit

1786 4489 2158 4559 coepiscopus,
2193 4501 2337 4542 nunc
2380 4495 2562 4542 autem
2591 4485 2758 4566 frater
2794 4496 2850 4541 et
2887 4489 3240 4559 coepiscopus
3270 4506 3366 4545 no-

76 4584 286 4634 nostro
336 4578 588 4650 recipias,
643 4592 846 4652 quanto
897 4598 1137 4656 congrua
1191 4558 1555 4642 sollicitudine
1599 4558 1918 4645 lu-Dster,
1968 4588 2149 4636 vester
2173 4587 2354 4634 autem
2383 4563 2856 4648 archiepiscopus;
2906 4589 2962 4635 et
3005 4581 3369 4637 venerabilem

76 4673 315 4727 crandis
363 4673 443 4727 eis
483 4673 767 4731 animabus
815 4675 982 4732 ofﬁcii
1038 4679 1114 4733 tui
1163 4693 1416 4734 exercere
1460 4695 1682 4750 operam

76 4766 321 4820 minime
351 4766 627 4823 destitisti.
667 4767 898 4823 Pallium
931 4781 1193 4840 prmterea
1218 4772 1373 4842 juxta
1403 4773 1684 4844 antiquam

76 4859 546 4916 consuetudinem
583 4860 910 4917 fraternitati
941 4871 1044 4917 tute
1074 4864 1343 4931 dedimus,
1372 4880 1478 4934 quo
1505 4865 1580 4920 ita
1607 4865 1687 4920 uti

76 4951 438 5016 memineris,
479 4951 638 5006 sicuti
686 4952 1115 5021 przedecessores
1140 4955 1310 5010 nostri
1343 4955 1447 5009 tuis
1475 4955 1686 5025 praede-

75 5041 408 5096 cessoribus
430 5055 775 5106 concessere,
798 5042 1204 5113 privilegiorum
1232 5061 1451 5102 suorum
1479 5047 1689 5103 scilicet

75 5131 416 5204 integritate
469 5141 704 5188 servata.
743 5131 932 5187 Fidem
971 5145 1152 5192 autem
1199 5136 1530 5194 fraternitati
1588 5149 1690 5193 tua:

75 5224 348 5291 quamvis
385 5222 442 5276 in
471 5222 700 5292 epistola
756 5231 848 5276 tua
890 5238 1052 5292 quam
1100 5229 1368 5296 direxisti,
1419 5231 1693 5288 subtiliter

73 5315 380 5370 debuisses
433 5328 734 5384 exponere,
786 5324 1159 5376 verumtamen
1204 5320 1451 5374 laetamur
1484 5322 1541 5378 in
1584 5322 1692 5376 Do-

71 5410 259 5474 mino,
308 5407 444 5476 quia
481 5423 598 5463 eam
648 5414 862 5461 rectam
906 5421 1028 5465 esse
1075 5421 1129 5468 et
1177 5413 1403 5470 solemni
1442 5413 1690 5485 synodali

69 5500 440 5555 confessione
465 5498 778 5556 didicimus.
805 5495 1036 5558 Oramus
1062 5515 1239 5562 autem
1265 5506 1687 5575 omnipotentem

68 5592 142 5614 Π..
155 5592 383 5614 ---2---.ινιι
418 5597 469 5614 nl
495 5605 581 5614 η...-

617 5599 673 5614 .-ι
717 5597 1010 5614 ΜιιηῆΙὶΛη,

1787 4675 1969 4729 sedem
2034 4670 2150 4740 ejus
2221 4671 2690 4742 metropolitanam
2751 4670 3036 4742 habentes,
3089 4675 3156 4730 ad
3208 4691 3369 4745 quam

1789 4777 1980 4823 sancto
2029 4766 2258 4833 Arnoni,
2305 4766 2715 4839 archiepiscopo
2766 4776 2972 4835 vestro,
3021 4783 3178 4824 usum
3227 4768 3374 4838 pallii

1788 4860 2110 4926 tribuentes,
2137 4860 2383 4916 dedimus
2413 4859 2475 4918 in
2501 4857 2770 4917 mandatis
2793 4869 2874 4926 ut,
2891 4863 3189 4918 secundum
3217 4875 3380 4915 cano-

1793 4954 1946 5010 nicas
2011 4953 2423 5020 institutiones,
2505 4945 2785 5013 omnibus
2823 4952 3081 5037 Ecclesiis
3133 4951 3383 5020 superius

1794 5046 2088 5102 nominatis
2154 5049 2207 5102 in
2258 5044 2604 5111 dioecesibus
2668 5041 2741 5096 illi
2798 5044 3076 5114 subjectis,
3133 5043 3389 5098 canonice

1795 5135 1974 5192 valeat
1997 5135 2387 5194 adminiculum
2427 5132 2724 5213 impartiri,
2756 5135 2910 5213 ut_in
2940 5139 3121 5194 futuro
3150 5133 3396 5188 examine

1798 5237 1925 5283 ante
1981 5229 2218 5286 tribunal
2273 5209 2851 5299 Clirisu—liberalitei‘
2903 5231 3080 5288 valeat
3153 5225 3398 5280 audire:

1799 5318 1972 5390 Euge,
2021 5337 2165 5376 serve
2209 5323 2338 5376 bane
2373 5335 2438 5377 et
2484 5317 2680 5406 ﬁdelis,
2725 5315 2845 5384 quia
2875 5337 3030 5392 super
3058 5332 3228 5394 pauca
3259 5315 3406 5383 {nisti

1795 5410 1992 5478 ﬁdelis,
2017 5428 2177 5482 supra
2213 5408 2385 5466 multa
2426 5430 2500 5480 τε
2531 5406 2874 5474 constituant;
2915 5413 3054 5470 intra
3079 5416 3132 5469 in
3163 5407 3412 5479 gaudium

1793 5500 2011 5555 Domini
2038 5504 2137 5557 tui.
2177 5503 2323 5558 Ben“
2349 5511 2571 5558 νειιριρ
2642 5498 2784 5536 ⁸““¹“
2812 5503 2965 5534 ""‘""
3231 5495 3237 5497 λ
