4012 6300
573 431 672 506 an

1315 540 1405 597 IV.

687 647 700 662 '
777 659 1033 703 BPIS'I‘OLA
1067 659 1254 702 monre
1289 659 1354 700 ιιι
1390 657 1459 699 AD
1493 657 1664 700 omnes
1697 654 1939 698 FIDBLES.

599 765 610 772 ο
685 779 690 784 .
939 799 944 802 _
1180 740 1357 812 (Anno
1391 739 1542 810 816.)

566 835 742 911 [Apud
768 833 1111 906 Coquelines,
1139 831 1312 976 A1332
1336 829 1469 960 εἶέῖ
1495 829 1668 978 {5pm.
1699 837 1747 884 et
1776 825 1920 898 Dipl.
1946 833 2076 888 tom,
2103 823 2147 892 Ι,

561 1031 805 1088 Divinam
835 1031 1222 1099 humanamque
1241 1025 1524 1099 vindictam
1551 1023 1797 1099 adversus
1836 1027 2146 1099 usurpantes

633 1103 767 1156 bona
793 1111 841 1156 et
858 1102 989 1173 jura
1019 1089 1334 1160 monasterii
1355 1095 1525 1152 sancti
1561 1092 1721 1148 Pauli
1755 1093 1819 1147 de
1853 1089 1990 1146 Urbe
2017 1105 2145 1144 con-

629 1183 868 1228 testatur.

561 1272 600 1334 ,ἔ
630 1267 744 1322 Leo
787 1267 1096 1337 episcopus,
1147 1277 1338 1320 servus
1391 1276 1672 1320 servorum
1720 1259 1840 1326 Dei,
1891 1256 2145 1330 omnibus

559 1359 884 1418 Christianis
919 1358 1164 1414 notitiam
1189 1355 1620 1412 contestationis.

628 1452 947 1521 Quicunque
971 1451 1105 1506 dona
1132 1448 1216 1503 vel
1243 1447 1544 1510 oblationes
1571 1440 1926 1498 sacratissimi
1956 1438 2142 1494 altaris

558 1545 775 1616 gloriosi
820 1543 970 1598 Pauli
1016 1540 1244 1611 apostoli
1288 1539 1560 1608 totiusque
1586 1535 1768 1605 templi
1799 1533 1915 1602 ejus
1942 1532 2009 1586 ab
2039 1546 2138 1586 usu

555 1648 610 1692 et
659 1638 892 1692 utilitate
938 1635 1026 1692 hic
1065 1631 1308 1690 Demino
1357 1631 1706 1688 servientium
1762 1627 1948 1681 tollere
2003 1637 2140 1693 pra:-

553 1730 870 1801 sttmpserit,
917 1736 1012 1783 aut
1051 1727 1143 1800 qui
1191 1736 1458 1782 rectorem
1489 1737 1585 1794 per
1613 1719 1898 1791 pecuniam
1929 1715 2014 1770 vel
2045 1714 2139 1769 ali-

551 1823 695 1893 quod
742 1821 939 1875 mahnn
987 1819 1260 1894 ingenium
1307 1817 1361 1871 in
1406 1815 1509 1871 hoc
1555 1813 1674 1869 loco
1705 1820 1892 1866 contra
1935 1815 2137 1863 statuta

1087 428 1382 512 APPEND.
1421 433 1516 492 AD
1558 431 1733 492 SEC.
1776 433 1870 492 ΙΙ.
1911 462 1982 478 -ι
2017 432 2356 491 SUPPLEM.
2393 433 2488 494 AD
2520 427 2812 490 SCRIPTA
2841 423 3114 484 PONTIF.
3145 421 3316 483 ROM.

2144 535 2224 597 Ἀ
2323 535 2452 600 Leo,
2486 553 2675 592 servus
2704 551 2982 592 servorum
3023 535 3143 603 Dei,
3183 535 3556 595 dilectissimi:
3583 531 3852 597 fratribus

3741 422 3852 480 ’νη

2255 629 2525 685 universis
2551 630 2819 702 episcopis
2848 631 2903 686 in
2943 630 3132 688 Gallia
3171 632 3419 704 partibus
3454 637 3847 693 commoranti-

2251 721 2372 778 bus.

2251 855 2256 862 -
2323 814 2538 873 Utilitas
2560 817 2942 874 ecclesiasticae
2964 817 3248 884 doctrinae,
3271 817 3396 874 licet
3421 817 3692 875 ﬁuctuoso
3719 835 3824 890 pro

2249 909 2510 990 cellarum
2540 911 2757 966 turbine
2779 909 3022 974 feriatur,
3068 919 3252 965 tamen
3276 920 3496 966 strenua
3524 911 3850 982 pontiﬁcum

2247 1003 2490 1069 solertia,
2530 995 2769 1075 optabile
2803 1003 2994 1060 salutis
3021 1003 3252 1074 percipit
3279 1003 3579 1058 remedium
3602 1043 3618 1068 ,
3659 1004 3852 1073 sicque

2245 1095 2397 1166 pacis
2417 1096 2654 1150 nutritur
2669 1096 3061 1152 incrementum
3083 1104 3138 1151 et
3150 1095 3380 1167 justitia:
3399 1095 3568 1151 decus
3583 1079 3847 1150 ﬂorescit.

2243 1185 2400 1240 Anno
2427 1194 2582 1242 sexto
2609 1186 2836 1258 piissimi
2867 1173 3214 1258 imperatoris
3239 1185 3455 1251 Caroli,
3482 1201 3606 1241 cum
3653 1187 3852 1240 unani-

2243 1278 2405 1333 miter
2426 1267 2828 1334 sacrosanctum
2851 1279 3138 1335 concilium
3161 1277 3475 1350 pontificum
3499 1288 3756 1349 ageretur
3780 1292 3850 1331 ex

2243 1369 2472 1440 imperio
2517 1373 2694 1444 magni
2732 1372 3020 1428 orthodoxi
3068 1372 3411 1443 imperatoris
3444 1369 3659 1435 Caroli,
3702 1370 3852 1425 inter

2240 1461 2427 1534 aliqua
2463 1464 2710 1520 canonici
2739 1462 3016 1533 profectus
3051 1464 3334 1519 commode
3363 1461 3632 1534 spirituali
3667 1464 3850 1534 aptis-

2239 1562 2378 1618 sima
2419 1559 2588 1623 lucro,
2635 1556 2861 1628 contigit
2907 1565 2968 1609 ut
3005 1555 3301 1612 Gulfardus
3346 1556 3632 1629 religiosus
3673 1557 3850 1612 abbas

2239 1653 2556 1712 monasterii
2581 1651 2768 1707 Sancti
2805 1648 3057 1715 Martini,
3089 1649 3143 1704 in
3170 1665 3279 1720 quo
3307 1650 3691 1706 venerabiliter
3713 1668 3848 1706 cor-

2238 1763 2338 1818 pus
2379 1745 2494 1816 ejus
2529 1744 2760 1816 quiescit
2797 1745 3106 1811 humatutu,
3143 1741 3370 1814 supplici
3405 1759 3537 1800 voce
3583 1723 3848 1812 precatus

2238 1845 2320 1892 est
2348 1837 2424 1892 uti
2469 1821 2809 1907 privilegium
2850 1850 2992 1890 nunc
3027 1850 3258 1906 praeesse
3299 1851 3357 1891 se
3405 1833 3693 1906 perhibetis
3749 1850 3850 1888 sa:-

550 1913 774 1970 Patrum
828 1924 1180 1986 nostrumque
1231 1917 1555 1980 praeceptum
1601 1901 1970 1966 ordinaverit,
2021 1901 2134 1954 sive

2238 1931 2473 1986 vissimis
2501 1930 2748 2002 luporum
2777 1917 3070 1984 dilanialttr
3096 1929 3366 1985 morsibus
3391 1947 3405 1996 ;
3441 1946 3540 1985 nec
3570 1928 3846 1983 ﬁuctuoso

551 2003 641 2072 qui
687 2002 1054 2056 lnereditatem
1111 1999 1271 2068 hujus
1323 1999 1425 2053 loci
1477 1991 1846 2059 destruendo,
1903 1993 2136 2046 vendere

549 2093 631 2170 vel
661 2108 979 2166 comparare
1015 2106 1181 2146 ausus
1220 2090 1403 2153 fuerit,
1431 2083 1815 2156 omnipotentis
1849 2082 1940 2138 Dei
1971 2079 2136 2135 male-

549 2173 840 2238 dictionem
898 2183 950 2237 in
1001 2196 1226 2251 corpore
1275 2195 1372 2234 suo
1421 2179 1642 2246 suisque
1695 2177 1857 2230 rebus
1904 2173 2131 2238 habeat;

547 2278 688 2347 quod
725 2276 908 2334 lauare
939 2273 1360 2348 pnesumpsetit
1389 2281 1712 2337 evacuetur;
1759 2269 1999 2334 infamis,
2048 2283 2134 2323 sa-

546 2369 780 2440 crilegus
821 2370 890 2424 ab
931 2367 1181 2422 omnibus
1239 2366 1541 2430 habeatur;
1600 2361 1965 2418 testimonium
2019 2357 2134 2428 ejus

545 2459 604 2518 in
635 2457 1006 2532 nullogplacito
1045 2441 1365 2527 recipiatur;
1413 2453 1672 2528 quidquid
1717 2451 2016 2525 possederit
2067 2450 2134 2506 ad

545 2550 935 2620 rempublicam
988 2545 1368 2605 transferatur.
1422 2547 1509 2612 Et,
1561 2547 1607 2600 si
1659 2559 1763 2600 non
1815 2543 2130 2614 resipuerit,

543 2642 870 2696 auctoritate
910 2641 1171 2698 caelorum
1221 2641 1532 2711 Principum
1563 2637 1617 2694 in
1664 2636 1880 2694 inferno
1911 2639 2136 2692 dannte-

545 2745 652 2792 tur.
681 2735 823 2802 Fiat,
863 2736 976 2803 ﬁat,
1004 2737 1116 2792 ﬁat.

1309 2830 1372 2884 V.

611 2945 868 2987 EK'ISTOLA
919 2944 1106 2987 LEONIS
1143 2945 1204 2984 Ill
1243 2947 1311 2985 AD
1361 2944 1680 2987 WOLFBBIUI

1108 3015 1583 3057 ARCHIEI‘ISCOI‘UH.

1172 3094 1354 3166 (Anno
1383 3073 1499 3165 ἑο.)

687 3184 867 3258 [Apud
900 3185 1089 3253 Bosco,
1123 3183 1275 3241 F10".
1309 3184 1556 3240 Biblioth.
1586 3201 1718 3256 reg.,
1750 3201 1806 3256 p.
1837 3181 1990 3257 9.7.]

1730 2945 2060 2986 VIENNENSEM

553 3339 560 3343 _
614 3277 720 3333 Leo
755 3279 1058 3350 episcopus,
1108 3291 1298 3334 servus
1355 3291 1634 3332 servorum
1681 3276 1799 3343 Dei,
1853 3275 2130 3336 νοω-ωηο
2159 3277 2208 3346 C

539 3368 836 3434 Viennensi
887 3371 1323 3442 archiepiscopo,
1375 3379 1430 3425 et
1473 3369 1688 3426 cunctis
1730 3370 2001 3443 episcopis
2031 3387 2128 3442 per

544 3459 904 3517 Viennensem
931 3461 1268 3531 provinciam
1301 3461 1630 3517 constitutis.

611 3553 836 3608 Petente
867 3552 1068 3626 inclyto
1105 3568 1170 3608 ac
1202 3553 1595 3622 triumphatore
1626 3549 1738 3607 ﬁlio
1769 3550 1984 3618 Carolo,
2015 3552 2129 3608 Au-

539 3655 696 3718 gusto
715 3654 769 3700 et
791 3645 1096 3718 iustissimo
1120 3646 1468 3716 imperatore,
1489 3660 1643 3699 more
1664 3644 2127 3715 pratdecessorum

537 3749 868 3804 nostrorum,
896 3738 1190 3793 Galliarum
1213 3738 1482 3808 episc0pis
1511 3753 1605 3793 sua
1623 3738 1746 3810 jura
1771 3738 2123 3806 ﬁrmavimus,

537 3844 638 3906 pro
677 3845 786 3900 quo
814 3831 978 3885 etiam
1026 3832 1401 3901 presbyterum
1436 3840 1587 3886 tuum
1617 3831 1684 3886 ad
1714 3846 1814 3886 nos
1859 3831 2126 3900 direxisti,

538 3929 599 3976 ut
633 3921 724 3975 tibi
768 3921 989 3992 antiqua
1017 3921 1296 3994 privilegia
1328 3922 1726 3977 roboraremus.
1761 3919 1916 3978 Scias
1947 3932 2128 3978 autem

538 4013 649 4069 Nos
673 4013 740 4068 ab
763 4028 952 4068 eorum
995 4012 1424 4068 institutionibus
1469 4012 1611 4068 nolle
1663 4013 1899 4080 deviare,
1929 4024 1983 4069 et
2009 4027 2130 4084 qua:

537 4102 612 4159 illi
654 4103 910 4160 Ecclesia;
950 4113 1052 4159 tum
1087 4103 1463 4170 contulerunt,
1506 4119 1604 4159 nos
1635 4104 1770 4160 velle
1808 4106 2128 4163 inconcussa

538 4211 777 4270 servare.
829 4194 893 4250 Et
937 4195 1065 4250 licet
1115 4193 1447 4274 Tarentasiae
1494 4195 1804 4266 episcopus,
1863 4198 2130 4269 aliquibus

539 4287 750 4359 oppidis
776 4287 1026 4347 videatur
1053 4288 1358 4359 episcOpus,
1399 4297 1577 4343 tamen
1608 4287 1882 4358 provincia
1912 4290 2127 4361 Alpium

539 4375 868 4444 Graiarum,
916 4377 1105 4433 ditioni
1159 4373 1478 4432 Viennensis
1535 4375 1790 4433 Ecclesiae
1836 4379 2126 4447 submissa,
2189 4421 2197 4430 .

539 4467 697 4522 sicuti
739 4485 767 4522 a
807 4463 1298 4538 pmtlecessoribus
1341 4468 1542 4523 nostris
1597 4469 1974 4526 conﬁrmatum
2020 4479 2126 4538 est,
2178 4527 2185 4535 ,

537 4558 796 4612 manebit.
841 4558 952 4614 Nec
993 4557 1152 4613 debet
1181 4557 1466 4628 episc0pus
1499 4559 1818 4629 supradicta:
1837 4561 2128 4631 provinciae

540 4650 860 4705 humilitatis
891 4649 1034 4704 viam
1066 4648 1118 4702 in
1157 4649 1463 4704 subditione

537 4756 661 4795 cum
713 4747 922 4793 constet
970 4753 1092 4793 eum
1135 4739 1305 4809 gratia
1355 4740 1598 4799 muneris
1628 4741 1898 4810 aliquibus
1936 4742 2128 4812 prmla-

541 4841 656 4894 tum
684 4827 970 4885 excellere.
1005 4828 1216 4895 Quanta
1253 4839 1430 4884 autem
1473 4833 1538 4887 ab
1570 4831 1750 4903 impiis
1773 4835 1913 4905 passi
1943 4851 2128 4890 smnus

541 4936 594 4981 te
639 4925 892 4996 ignorare
942 4937 1046 4977 non
1089 4921 1420 4976 dubitamus.
1469 4921 1621 4978 Unde
1663 4934 1883 4997 propter
1908 4925 2126 4982 beatum

537 5016 784 5082 Petrum,
828 5025 884 5069 tu
929 5013 1112 5086 tuique
1143 5013 1296 5069 nobis
1341 5013 1602 5081 faveatis,
1654 5031 1720 5072 ne
1767 5017 2124 5089 malignorum

539 5107 797 5178 iniquitas
846 5107 1023 5164 valeat
1071 5121 1345 5178 rogamus,
1397 5114 1452 5162 et
1497 5105 1791 5178 apostolica
1824 5109 2127 5166 reverentia

540 5217 842 5258 monemus.

610 5296 746 5351 Data
797 5293 864 5349 55
915 5293 1116 5350 mensis
1160 5291 1321 5361 Julii,
1374 5293 1676 5365 imperante
1723 5293 1968 5366 piissimo
2018 5296 2128 5353 {tu-

538 5395 698 5460 gusto
725 5383 919 5442 Carolo
948 5400 1142 5457 magno
1168 5385 1516 5456 imperatore,
1550 5401 1580 5441 a
1612 5385 1723 5442 Deo
1752 5397 2031 5443 coronato.

1288 5528 1377 5584 Vl.

663 5636 899 5680 ι>11ιιωιΑ
937 5635 1125 5679 ιεοκις.
1161 5638 1220 5678 Ill
1261 5637 1366 5680 ΡΙιο
1401 5639 1650 5682 εοειεεη
1686 5641 1737 5683 So
1777 5643 2002 5686 HARTINI

1173 5710 1491 5751 TUBONENSI.

1045 5843 1050 5846 -
1153 5805 1335 5875 (Anno
1357 5803 1480 5860 803.

542 5891 720 5966 [Apud
747 5894 1058 5964 Mousmier,
1089 5898 1150 5952 de
1170 5897 1329 5952 Statu
1355 5896 1414 5950 S.
1434 5897 1595 5953 Mart.
1620 5899 1838 5971 Turon.,
1865 5921 1916 5978 p.
1945 5907 2129 5982 1567.]

2241 2023 2544 2095 improvide
2581 2022 2934 2093 nanfragetur
2964 2022 3324 2094 procellarum
3367 2023 3608 2088 turbine,
3652 2034 3845 2092 pale-

2239 2116 2338 2178 rali
2369 2125 2585 2171 tueatur
2622 2130 2898 2178 mucrone,
2933 2123 2991 2170 et
3017 2125 3352 2170 sustentetur
3373 2113 3564 2170 baculo
3587 2115 3845 2169 subleve—

2241 2219 2438 2279 turquc
2465 2208 2743 2277 juvamine
2790 2208 2842 2262 ei
2875 2209 3177 2264 concedere
3205 2209 3541 2264 deberemus.
3599 2207 3842 2278 Prospe-

2237 2310 2326 2356 cto
2358 2301 2522 2372 igitur
2549 2299 2749 2370 regalis
2780 2299 3161 2356 muniﬁcentia:
3182 2300 3380 2365 edicto,
3407 2298 3674 2369 simulque
3693 2299 3838 2352 votis

2236 2401 2292 2450 ct
2313 2392 2564 2462 precibus
2586 2391 2822 2447 ﬁdelium
2849 2392 3154 2456 annuendo,
3181 2391 3443 2462 hujusque
3480 2403 3680 2449 sancta:
3713 2409 3839 2463 apo.

2237 2485 2439 2544 stolica:
2453 2486 2607 2542 Sedis
2624 2487 2840 2542 decreto
2856 2484 3132 2541 ﬁrmamus
3151 2501 3248 2556 per
3262 2486 3456 2542 seriem
3472 2488 3766 2559 privilegii,
3786 2498 3840 2542 ut

2239 2578 2381 2636 sicut
2413 2578 2655 2647 ejusdem
2682 2579 2935 2649 praecepti
2962 2579 3133 2636 series
3161 2581 3433 2646 continet,
3480 2581 3838 2654 institutaque

2238 2679 2549 2726 sanctorum
2572 2673 3029 2741 prmdecessorum
3052 2681 3358 2728 nostrorum
3384 2674 3835 2744 apostolicorum,

2239 2760 2492 2816 videlicet
2513 2759 2761 2834 Gregorii
2811 2772 2867 2818 et
2901 2762 3161 2818 Adeodati
3196 2774 3253 2818 et
3278 2763 3506 2820 aliorum
3537 2780 3634 2835 per
3659 2765 3834 2822 Galli-

2238 2872 2432 2914 canam
2455 2855 2702 2912 videlicet
2719 2857 3057 2914 Provinciam
3083 2858 3497 2914 c'onstitntornnt
3526 2861 3833 2915 antistitum

2239 2948 2308 3003 ad
2346 2947 2418 3006 id.
2439 2962 2762 3003 consensum
2791 2941 3146 3019 praebentium
3177 2949 3606 3020 subscriptiones
3645 2953 3837 3007 subter

2240 3057 2484 3098 annean
2516 3043 2868 3114 inspeximus,
2895 3058 3016 3114 qua:
3040 3043 3201 3098 iidem
3230 3042 3427 3099 fratres
3466 3046 3638 3100 nostri
3683 3062 3835 3101 reve-

2240 3135 2550 3191 rendissiuti
2597 3134 2858 3206 pnesules
2893 3135 3144 3191 conferre
3191 3133 3579 3206 providerunt;
3621 3147 3684 3193 et
3730 3137 3834 3193 Nos

2241 3224 2407 3280 simili
2447 3239 2676 3280 censura
2718 3224 2935 3280 ﬁrmare
2971 3225 3339 3288 concedimus,
3384 3227 3684 3296 apostolica
3717 3227 3832 3281 fulti

2238 3316 2581 3384 auctoritate,
2625 3327 2891 3388 quatenus
2937 3317 3112 3372 nullas
3152 3320 3478 3390 gravedines
3517 3337 3551 3376 a
3597 3322 3834 3392 quolibet

2230 3410 2628 3480 episcoporum,
2645 3411 2744 3465 sub
2764 3418 3024 3479 praetextu
3042 3410 3421 3477 discussionis,
3442 3412 3732 3484 religiosus
3745 3416 3834 3468 ab-

2231 3504 2328 3560 bas
2357 3503 2443 3560 vel
2468 3504 2712 3560 canonici
2743 3504 2940 3559 ibidem
2970 3505 3227 3576 degentes
3255 3506 3599 3574 sustincant',
3635 3523 3736 3562 nec
3765 3508 3833 3561 alo

2232 3597 2372 3658 taria
2416 3596 2767 3652 ecclesiarum
2786 3582 3046 3667 'ipsorum
3089 3597 3141 3650 in
3184 3612 3508 3666 quacunque
3559 3599 3830 3668 provincia

2227 3688 2342 3748 sint
2378 3688 2716 3756 constitutae,
2750 3688 2868 3744 sine
2917 3688 3145 3744 consilio
3178 3687 3502 3746 clericorum
3557 3690 3632 3744 ibi
3681 3691 3832 3744 beato

2230 3781 2464 3840 Martino
2493 3783 2682 3838 devote
2718 3781 3115 3846 famulantium,
3144 3780 3303 3837 alicui
3341 3798 3584 3852 unquam
3621 3793 3717 3836 aut
3742 3783 3832 3838 do-

2229 3888 2398 3940 nare,
2430 3883 2522 3929 aut
2551 3874 2785 3930 vendere
2816 3873 2957 3930 ullus
2985 3873 3272 3945 cpiscopus
3305 3873 3586 3928 licentiam
3617 3874 3830 3930 habeat.

2229 3965 2300 4022 Et
2327 3965 2504 4022 nullus
2529 3966 2824 4036 superioris
2852 3974 2946 4021 aut
2973 3963 3248 4021 inferioris
3274 3965 3486 4021 ordinis
3525 3967 3832 4037 reipublic:

2229 4071 2552 4131 procurator
2578 4061 2629 4132 in
2657 4075 2844 4116 eorum
2874 4059 3140 4126 ecclesiis,
3169 4059 3330 4126 villis,
3364 4061 3743 4116 mansionibus
3778 4070 3834 4117 et.

2231 4152 2539 4218 territoriis,
2561 4152 2614 4206 in
2637 4151 3050 4222 quibuscunque
3071 4153 3374 4208 habeantur
3394 4155 3699 4223 provinciis
3719 4155 3834 4211 sive

2229 4246 2403 4318 pagis,
2431 4245 2639 4316 ingredi
2663 4245 2731 4299 ad
2757 4260 2950 4301 causas
2971 4246 3288 4313 audiendas,
3319 4262 3420 4302 nec
3444 4247 3701 4304 homines
3725 4247 3834 4304 illo-

2231 4353 2351 4394 rum
2379 4339 2640 4410 ingcnuos
2663 4337 2748 4393 vel
2773 4354 2957 4394 servos
2975 4338 3300 4411 distringere
3344 4349 3439 4394 aut
3483 4339 3830 4410 ﬁdeiussores

2233 4431 2420 4487 tollere
2447 4440 2756 4504 praesumat,
2793 4447 2893 4488 nec
2923 4431 3188 4488 telonemn
3219 4441 3313 4487 aut
3341 4433 3690 4488 nautaticum
3717 4434 3831 4488 exi-

2234 4531 2327 4596 gat
2353 4541 2368 4590 ;
2401 4533 2454 4579 et
2484 4532 2542 4580 ut
2574 4525 2797 4582 decium
2817 4533 2871 4580 et
2895 4541 3050 4580 nonan
3072 4540 3138 4580 ex
3161 4541 3348 4580 eorum
3378 4527 3638 4586 omnibus
3671 4528 3827 4582 rebus

1500 4617 1722 4722 maioris
1755 4617 2124 4718 coﬁlemnere’
2150 4637 2210 4703 Β
2235 4621 2436 4690 absque
2454 4617 2630 4690 aliqua
2653 4619 2941 4690 praesulum
2963 4620 3378 4690 principumque
3392 4621 3828 4676 contradictione

2234 4710 2486 4780 hospitali
2530 4725 2718 4765 eorum
2759 4709 3018 4768 nobilium
3048 4720 3211 4780 atque
3239 4725 3538 4780 pauperum
3587 4711 3826 4783 integer-

2234 4800 2369 4855 rime
2401 4800 2715 4856 reddantur.
2748 4800 3016 4871 Quidquid
3047 4801 3268 4871 insuper
3293 4803 3544 4858 utilitatis
3576 4804 3822 4868 illorum,

2234 4893 2340 4948 alia
2368 4893 2644 4964 privilegia
2665 4893 3082 4964 apostolicorum
3112 4903 3167 4948 et
3196 4893 3491 4963 prursulum
3531 4908 3826 4965 ιιι-ιιτρῡριει-

2233 5000 2336 5054 que
2379 4985 2614 5040 retinent
2654 4984 3037 5054 imperatorum
3062 4993 3116 5039 et
3147 4997 3358 5052 regum,
3384 4985 3453 5038 ita
3481 4986 3534 5039 in
3559 4986 3824 5055 reliquum

2233 5077 2473 5148 ejusdem
2502 5077 2605 5132 loci
2629 5079 2885 5144 decanus,
2903 5077 3213 5134 sacerdotes
3235 5086 3292 5133 et
3317 5077 3497 5133 clerus
3525 5079 3694 5146 ipsius
3715 5097 3826 5134 n-o-

2234 5173 2457 5228 nasterii
2494 5173 2593 5227 sub
2625 5171 2850 5242 praefato
2881 5172 2971 5227 tali
2995 5171 3120 5240 jure
3143 5186 3243 5242 per
3269 5187 3464 5227 omnes
3498 5173 3604 5227 sibi
3636 5191 3823 5244 regunt

2232 5278 2480 5328 munere,
2514 5263 2851 5334 aliorumque
2878 5263 3078 5320 Christi
3117 5263 3356 5320 ﬁdelium
3404 5266 3658 5319 mercede
3695 5281 3826 5318 con-

2233 5368 2417 5410 cessas
2443 5363 2498 5408 et
2526 5352 2580 5407 in
2613 5352 2879 5423 reliquum
2909 5352 3284 5408 concedendas
3312 5370 3435 5409 cum
3469 5355 3821 5409 universitate

2234 5461 2456 5503 suarum
2493 5445 2888 5517 appendicium,
2921 5455 3182 5516 perpetuo
3219 5447 3536 5516 possideant
3583 5447 3818 5519 integer-

2233 5552 2390 5604 rime,
2421 5538 2497 5592 ita
2524 5547 2580 5593 ut
2611 5553 2770 5609 supra
2799 5537 3154 5609 signavimus,
3176 5536 3376 5593 nullius
3401 5540 3687 5609 potestatis
3717 5542 3817 5594 vim

2235 5633 2530 5703 quidquam
2559 5633 2627 5688 de
2651 5645 2838 5687 eorum
2865 5630 3106 5686 dominio
3130 5630 3211 5684 vel
3241 5631 3588 5701 possessiOne
3613 5647 3814 5703 pnesu-

2236 5736 2351 5781 mat
2372 5726 2586 5781 aufcrre
2609 5726 2675 5797 oin
2713 5740 2820 5794 quo
2844 5723 3341 5778 misericordiarum
3383 5739 3544 5778 snarn
3555 5741 3606 5779 ιιι
3633 5739 3818 5794 regum

2232 5819 2468 5888 dignitas
2498 5817 2760 5873 beneﬁcia
2788 5815 3048 5870 fratribus
3075 5816 3128 5869 in
3151 5814 3342 5870 eodem
3385 5814 3634 5870 emnobio
3677 5813 3818 5869 beati

2238 5910 2450 5968 Martini
2474 5908 3305 5984 morantibuslargiridisnosuit,
3333 5911 3818 5966 reverendissimus
