3930 5642
131 360 243 431 573

1530 358 1943 436 srsrnsnus
1982 379 2072 436 tv.

3308 348 3411 436 sit

135 488 264 544 tero
291 474 581 562 episcopus
612 452 668 547 in
704 490 857 561 cujus
893 491 1149 565 parocbia
1178 503 1532 549 memoratum
1557 505 1721 547 veue-
1755 502 1807 567 λ
1832 493 2092 562 solvendi,
2120 466 2544 551 itﬁo’dicente
2566 511 2583 565 7:
2612 489 2946 567 Quacunque
2981 510 3224 567 ligaveris
3259 468 3417 566 super

133 580 308 637 rabile
331 582 719 638 monasterium
748 583 831 639 vel
857 600 944 640 res
977 587 1094 659 ejus
1122 602 1183 642 ac
1204 585 1568 658 possessiones
1593 601 1727 642 con-

130 670 406 735 uitet-int,
437 670 698 728 facienda!
726 682 932 730 tantum
964 676 1321 732 ordinationis
1349 691 1409 731 ac
1438 675 1733 748 promotio-

128 756 217 816 nis
239 764 588 818 sacerdotum
611 774 774 835 atque
796 766 1108 834 levitarum,
1133 765 1217 823 vel
1242 768 1562 825 conﬁciendi
1587 764 1730 825 cbrl-

129 854 329 911 amatis
373 857 446 912 sit
479 864 685 912 tantum
726 873 981 915 concessa
1025 860 1262 916 licentia.
1313 859 1731 931 Dispositionem'

126 956 315 1006 autem
369 952 693 1007 venerabilis
738 953 840 1010 loci
888 968 1074 1027 gerere
1123 965 1216 1011 aut
1260 955 1731 1011 conversationem

128 1043 527 1098 canonieorum
563 1044 871 1115 exquirere,
896 1047 1148 1119 religioso
1186 1047 1362 1103 abbati
1392 1046 1615 1118 ejusque
1642 1049 1731 1105 de-

126 1138 302 1199 cano,
336 1131 425 1190 vel
458 1136 657 1206 quique
688 1139 1053 1208 probatissimi
1086 1140 1137 1194 in
1169 1141 1355 1194 eodem
1393 1139 1735 1195 monasterio

125 1222 369 1308 nterim;
413 1227 559 1297 quod
595 1227 757 1283 etiam
795 1231 1003 1300 praefati
1043 1232 1299 1302 przesulcs
1333 1246 1569 1288 consona
1599 1246 1729 1287 sen-

126 1317 298 1372 tentia
321 1317 653 1375 deﬁnierunt
673 1321 1041 1389 decernimus;
1072 1339 1246 1396 neque
1272 1339 1369 1395 per
1388 1325 1728 1381 occasionem

122 1409 412 1465 canonica:
438 1410 739 1483 disciplina:
771 1404 999 1470 rimandi
1032 1401 1192 1486 atque
1220 1418 1498 1472 servamla:
1526 1415 1730 1487 quasli-

122 1496 217 1555 bet
243 1500 328 1555 eis
358 1502 651 1573 im’portent
680 1505 923 1574 injurias,
965 1508 1058 1562 sed
1088 1508 1310 1562 liberam
1342 1508 1618 1564 licentiam
1641 1523 1730 1562 sa-

122 1588 359 1646 lubriter
382 1586 583 1648 habere
626 1596 928 1650 statuimus.
971 1596 1071 1665 Qui
1104 1608 1282 1652 autem
1325 1595 1483 1666 hujus
1522 1599 1726 1653 consti-

122 1686 358 1742 tutionis
378 1687 688 1744 institutum
716 1691 1034 1773 irrumpere,
1059 1704 1152 1748 aut
1187 1695 1426 1764 qualibet
1463 1710 1757 1773 praesum-3

119 1774 313 1845 ptione
334 1777 423 1832 vel
451 1781 737 1837 occasione
762 1784 1048 1838 tentaverit
1077 1795 1343 1851 evertere,
1375 1787 1460 1839 vel
1493 1788 1558 1842 de
1584 1786 1725 1843 deci-

1835 598 2048 655 Ierram,
2074 592 2224 644 erunt
2246 587 2408 661 ligata
2436 598 2482 644 et
2506 590 2559 644 in
2589 589 2747 653 catis,
2785 600 2832 644 et
2854 604 3174 663 qumcunque
3200 589 3413 646 solveris

1832 678 1987 753 super
2015 693 2205 738 terram
2226 723 2241 748 ,
2266 690 2417 738 erunt
2459 681 2629 739 soluta
2664 691 2713 739 et
2747 682 2803 739 in
2837 681 2978 738 caelis
3008 670 3224 757 (Μιιιιή.
3262 681 3413 757 xvi);

1831 774 2048 836 virtutis
2072 777 2232 849 hujus
2259 778 2580 839 conﬁdentia
2610 772 2845 833 nitentes
2874 776 2996 833 (εωῐί
3030 770 3233 832 aditum
3263 770 3417 848 eupii
3506 815 3519 828 .

1831 856 2019 930 ditatis
2062 887 2173 929 sua;
2212 869 2416 928 malitia
2440 871 2593 928 obice
2620 869 2919 926 claudimus
2958 868 3059 924 sub
3100 866 3415 923 anathema:

1834 954 1903 1021 tis
1948 962 2180 1029 vinculo,
2210 961 2301 1035 qui
2331 961 2458 1018 huic
2481 947 2890 1035 pernecessario
2914 954 3176 1020 beneﬁcio
3199 958 3252 1016 lu
3282 948 3411 1039 subf

1832 1038 2127 1112 stractione
2150 1053 2467 1111 collatarum
2491 1067 2670 1111 rerum
2698 1062 2753 1109 et
2778 1050 3043 1110 bauerum
3069 1038 3414 1119 consentiens

1830 1134 1925 1202 aut
1950 1151 2266 1217 cooperator
2291 1143 2547 1211 adfuerit,
2590 1145 2715 1211 nisi,
2743 1153 2802 1199 ut
2824 1142 3204 1217 prteml‘simus,
3233 1140 3415 1199 divino

1832 1236 2003 1293 fretus
2025 1235 2249 1303 auxilio,
2272 1230 2628 1292 correctionis
2645 1248 2868 1290 munere
2888 1233 3200 1308 resipuerit,
3228 1228 3415 1287 invasa

1834 1328 2133 1386 restituerit
2160 1343 2224 1384 ac
2246 1326 2489 1400 neglecta
2519 1322 2863 1382 satisfecerit.
2905 1320 3075 1394 Hujus
3109 1322 3291 1380 autem
3320 1320 3416 1379 de;

1834 1418 2094 1479 ﬁnitionis
2134 1435 2199 1478 ac
2236 1420 2541 1492 apostolica:
2577 1416 3046 1493 determinationis
3091 1414 3417 1474 sententiain

1832 1514 2214 1575 inviolabiliter
2251 1527 2283 1569 a
2325 1512 2535 1569 cunctis
2578 1502 2829 1568 ﬁdelibus
2869 1506 3182 1581 quassamus
3228 1508 3419 1565 obsero

1831 1608 2085 1672 vandam,
2111 1621 2295 1677 quam,
2318 1613 2377 1660 ut
2396 1603 2599 1660 certius
2620 1602 2873 1660 credatur
2897 1611 2949 1657 et
2974 1584 3420 1673 irrel‘ragabilitet'

1832 1701 2171 1766 observetur,
2223 1712 2416 1753 manus
2440 1692 2676 1777 propriae
2719 1693 3117 1765 subscriptione
3156 1680 3419 1747 adnotare

1834 1791 2176 1856 curavimus,
2230 1796 2657 1860 perpetuumque
2716 1785 3063 1862 maneudam
3104 1783 3416 1862 statuimus.

120 1867 231 1957 mis
248 1860 447 1923 eorum
469 1873 722 1940 potestati
746 1887 843 1943 per
872 1874 1137 1944 legitimos
1159 1891 1325 1931 annos
1347 1876 1577 1932 subditis
1599 1878 1717 1948 (au-
1864 1882 2163 1955 Scriptum
2179 1859 2277 1952 per
2295 1894 2510 1934 manum
2524 1859 3419 1957 Bonifaciiaeriscomiillomanti

118 1955 294 2052 ferre)
335 1964 614 2033 perpetere
653 1964 1011 2021 damnationis
1051 1968 1325 2022 cumulum
1355 1983 1476 2023 cum
1523 1976 1725 2024 sanctae
1829 1974 2104 2039 Ecclesiae,
2129 1970 2184 2028 in
2209 1985 2394 2028 mense
2421 1969 2615 2042 Aprili,
2645 1968 2939 2025 indictione
2980 1955 3420 2052 septimmjnene

120 2050 258 2124 legis
281 2055 799 2123 praevaricatoribus
826 2072 885 2115 se
913 2061 1122 2115 noverit
1142 2059 1405 2132 perferre,
1433 2059 1536 2116 nisi
1565 2062 1743 2132 digna;

118 2134 510 2205 satisfactione
556 2153 889 2217 correxerit;
937 2154 1080 2223 quod
1113 2153 1401 2208 temeraria
1429 2154 1727 2223 cupiditate

120 2238 348 2307 lggredi
401 2242 722 2325 tentaverit,
761 2252 1030 2315 potestate
1070 2246 1236 2317 igitur
1265 2245 1319 2300 in
1361 2244 1522 2301 beato
1563 2246 1724 2303 Petro

122 2330 497 2401 “apostolorum
535 2336 781 2410 principe
807 2354 1063 2398 concessa
1106 2356 1135 2396 a
1169 2342 1397 2398 Domino
1433 2340 1639 2414 ligandi
1665 2349 1721 2400 et

1838 2068 2038 2124 valete.

1832 2164 1835 2167 ’
1901 2159 2035 2214 Data
2075 2158 2263 2229 quinto
2313 2157 2438 2213 ldus
2479 2150 2708 2227 Aprilis‘,
2759 2166 2901 2208 anno
2949 2135 3237 2207 undecimo
3286 2138 3422 2218 poti-

1828 2251 2069 2307 tiﬁcatus
2096 2246 2298 2305 domini
2337 2246 2536 2303 Leonis
2559 2258 2712 2317 papae
2732 2242 2799 2299 ιιι
2818 2285 2834 2312 ,
2863 2250 3011 2298 anno
3030 2249 3188 2298 sexto
3223 2234 3422 2296 Carolo

1830 2350 2091 2412 regnante
2112 2339 2444 2411 imperatore
2471 2350 2687 2410 magno.
3266 2346 3276 2361 ε

1682 2584 1842 2712 II.

1025 2824 2128 3001 erepsemus
2203 2824 2475 2944 ιν.

1613 3054 1940 3075 ————

231 3165 501 3209 δηριωα
532 3165 588 3208 ιν
618 3159 792 3208 ωιικ
825 3167 928 3209 PRO
962 3168 1300 3213 IONAS'I'ERIO
1332 3168 1605 3214 FAlll-‘ENSI.

743 3263 931 3336 (Anno
968 3266 1118 3338 817.)

128 3373 310 3450 [Apud
335 3374 695 3432 Muratorium
716 3417 731 3445 ,
769 3374 894 3432 Rer.
928 3376 1056 3433 Ital.
1083 3378 1278 3452 Script.
1308 3380 1372 3449 ll,
1403 3399 1464 3449 il,
1492 3400 1543 3455 ι).
1574 3382 1747 3458 366.].

202 3512 530 3570 ὃτι-,ρωπος
546 3514 851 3587 episcopus,
877 3526 1068 3573 servus
1091 3528 1369 3573 servorum
1392 3519 1508 3583 Dei,
1529 3519 1727 3577 dilecto

131 3602 191 3658 in
241 3603 475 3660 Domino
527 3604 640 3661 ﬁlio
688 3604 954 3663 luuoawo
999 3607 1254 3677 religiOso
1307 3609 1623 3682 presbytero
1673 3620 1742 3667 et-

132 3698 427 3763 mou‘aebo,
446 3698 809 3769 atqueabbati
837 3701 1162 3782 venerabilis
1188 3704 1504 3757 monasterii
1524 3713 1729 3762 sancta:

132 3787 231 3844 Dei
255 3790 538 3859 genitricis
557 3790 757 3857 Mariae,
776 3793 920 3863 quod
934 3794 1151 3864 ponitur
1164 3795 1215 3849 in
1229 3793 1501 3865 Pliarpba,
1525 3796 1579 3851 in
1609 3797 1741 3865 loco,

132 3881 229 3951 qui
256 3891 602 3953 nuncupatur
642 3882 962 3953 Acutianus,
990 3885 1211 3957 suisque
1243 3888 1647 3945 successoribus
1671 3889 1728 3944 in

133 3985 481 4045 perpetuum.

209 4064 348 4122 Cum
396 4082 590 4139 magna
634 4069 791 4126 nobis
838 4069 1198 4127 sollicitudine
1242 4071 1408 4128 instat
1451 4089 1582 4129 cura
1629 4089 1729 4144 pro

133 4156 409 4213 universis
436 4158 531 4214 Dei
560 4157 816 4216 Ecelesiis
849 4177 915 4217 ac
938 4161 1095 4219 bonis
1119 4161 1253 4219 locis
1280 4163 1631 4233 vigilandum,
1660 4179 1729 4223 ne

137 4247 382 4318 aliquam
412 4252 753 4307 necessitatis
779 4252 1052 4323 iacturam
1079 4254 1401 4319 sustineant,
1433 4256 1526 4311 sed
1557 4257 1730 4327 magis

135 4339 378 4411 propria:
409 4341 656 4398 utilitatis
682 4343 953 4414 stipendia
993 4352 1420 4414 consequantur,
1452 4345 1572 4401 ideo
1599 4358 1730 4401 con-

133 4429 309 4492 venit.
348 4442 446 4487 nos
473 4433 728 4502 pastorali
769 4442 879 4490 tota
909 4435 1105 4491 mentis
1134 4435 1389 4491 aviditate
1414 4436 1727 4493 eorumdem

1740 3161 1788 3226 ο
1819 3157 2017 3214 ﬁnibus
2056 3164 2118 3211 et
2161 3152 2548 3226 appendicibus
2575 3150 2690 3207 suis
2728 3149 2784 3206 in
2823 3149 3096 3223 integrum
3120 3189 3135 3217 ,
3188 3149 3415 3211 fundum

1823 3244 2182 3308 Calistianum
2227 3246 2285 3301 in
2327 3259 2437 3317 quo
2478 3252 2564 3300 est
2603 3242 2833 3299 ecclesia
2877 3241 3048 3298 sancti
3093 3241 3368 3299 Laurentii
3397 3282 3414 3311 ,

1827 3344 2053 3400 fundum
2083 3340 2469 3411 Pompeianum
2490 3379 2506 3404 ,
2559 3336 2779 3392 fundum
2811 3334 3096 3391 Piniauum
3127 3373 3143 3400 ,
3189 3333 3413 3391 fundum

1827 3435 2198 3493 Cervinariant
2219 3474 2233 3500 ,
2264 3432 2489 3489 fundum
2517 3429 2818 3486 Marianum
2849 3430 2902 3484 in
2932 3443 3041 3500 quo
3067 3436 3152 3484 est
3186 3428 3415 3485 ecclesia

1831 3526 2004 3584 sancti
2056 3521 2412 3587 Paterniaui,
2471 3521 2696 3578 fundum
2740 3520 3136 3587 Arturianum,
3189 3518 3415 3577 fundum

1810 3614 2118 3674 ‘Ordeolum
2142 3654 2157 3682 ,
2211 3613 2434 3670 fundum
2460 3610 2698 3678 Matella,
2733 3610 2824 3667 ubi
2852 3618 2939 3667 est
2971 3608 3199 3666 ecclesia
3240 3611 3419 3667 uncti

1827 3706 2039 3779 Angeli,
2066 3706 2207 3762 sicut
2234 3718 2264 3761 α
2296 3712 2537 3777 tempore
2562 3703 2784 3759 Adriani
2812 3716 2969 3775 papae
3006 3702 3076 3757 ab
3105 3702 3225 3774 ipso
3250 3716 3414 3759 vene-

1830 3796 1986 3853 rabili
2014 3796 2345 3854 monasterio
2375 3808 2690 3867 possessum
2714 3802 2831 3862 est,
2874 3792 3101 3850 fundum
3134 3791 3414 3850 urbanum

1831 3891 1922 3960 qui
1966 3898 2022 3946 et
2058 3887 2390 3945 Vicus-auro
2414 3893 2666 3953 vocatur,
2707 3885 2800 3941 ubi
2842 3894 2925 3941 est
2968 3884 3199 3941 ecclesia
3241 3884 3415 3941 sancti

1833 3979 1965 4049 Viti,
1994 3994 2118 4036 cum
2142 3980 2332 4051 pratis,
2363 3978 2513 4035 silvis
2535 3986 2590 4033 et
2611 3975 3027 4047 aquimolendis,
3056 3974 3139 4031 vel
3165 3976 3418 4031 omnium

1832 4072 1900 4127 ad
1926 4086 2049 4127 eum
2076 4071 2131 4126 in
2159 4070 2423 4141 integrant
2456 4066 2873 4138 pertinentibus,
2892 4079 2964 4123 ex
2986 4064 3153 4121 fundo
3176 4065 3416 4121 Adriano

1806 4163 2023 4221 uncias
2067 4172 2181 4220 tres
2226 4164 2280 4218 in
2329 4177 2438 4233 quo
2480 4171 2564 4217 est
2605 4160 2836 4218 ecclesia
2886 4160 3058 4215 sancti
3104 4158 3414 4226 Valentini,

1806 4253 2055 4310 .fundum
2083 4252 2387 4309 Medianum
2405 4292 2422 4317 ,
2462 4250 2688 4306 {uadum
2716 4248 3115 4313 Casalmontis,
3152 4260 3220 4305 ex
3248 4248 3416 4309 {nam

1830 4344 2160 4400 Arverriano
2191 4343 2405 4398 unciam
2446 4355 2650 4405 unum,
2698 4350 2764 4395 ex
2809 4337 2973 4397 ﬁtndo
3002 4338 3271 4396 Temiano
3315 4354 3415 4397 ul-

1806 4436 1946 4492 -cias
1970 4451 2046 4501 vr,
2076 4433 2338 4509 extundo
2367 4433 2600 4488 Autiano
2628 4432 2820 4489 uncias
2847 4448 2925 4499 ιιι
2958 4433 3049 4490 ubi
3076 4441 3162 4489 est
3184 4431 3414 4505 ecclesia

134 4520 533 4579 venerabilium
570 4523 806 4581 locorum
854 4526 1104 4582 maximat
1148 4524 1458 4582 stabilitatis
1499 4524 1726 4596 integri—
1756 4536 1808 4596 ι)
1832 4525 2006 4582 sancti
2031 4524 2258 4588 Felicis,
2291 4522 2513 4577 fundum
2534 4522 2809 4594 Agellam,
2842 4522 3067 4580 fundum
3093 4522 3415 4581 Cicilianutu

137 4623 312 4670 tatem
344 4628 634 4685 procurare
663 4629 719 4674 et
743 4619 928 4675 sedule
958 4619 1025 4674 ad
1053 4635 1243 4675 eorum
1286 4619 1568 4675 utilitatem
1600 4620 1729 4675 sub-

134 4706 281 4764 sidia
326 4704 437 4763 illic
464 4707 706 4775 referre,
752 4720 812 4765 ut
852 4711 965 4766 Deo
1006 4719 1196 4767 nostro
1230 4710 1584 4780 omnipotenti
1632 4708 1684 4764 id
1710 4750 1726 4775 ,

134 4804 287 4872 quod
328 4816 428 4873 pro
453 4802 571 4872 ejus
595 4801 771 4857 sancti
802 4802 1038 4857 nominis
1064 4802 1291 4867 honore,
1326 4810 1384 4857 et
1415 4803 1481 4858 all
1514 4801 1728 4857 laudem

132 4901 309 4965 atque
349 4893 570 4964 gloriam
598 4894 718 4963 ejus
745 4892 941 4949 divina
972 4895 1268 4965 majestatis
1294 4891 1412 4963 ejus
1437 4892 1729 4951 venerabio

133 4986 289 5042 libus
315 5002 416 5043 nos
439 4996 649 5044 certum
673 4994 762 5042 est
785 4984 1080 5042 contulisse
1108 4986 1260 5052 locis,
1285 4987 1354 5041 sit
1376 4985 1726 5059 acceptabile,

1836 4620 1889 4674 in
1919 4633 2027 4689 quo
2054 4625 2138 4672 est
2165 4616 2387 4673 ecclesia
2416 4615 2588 4671 sancti
2619 4614 2809 4669 Donati
2833 4653 2847 4681 ,
2878 4614 3104 4672 fundum
3133 4614 3390 4671 Paternie

1806 4725 1979 4775 -nem,
2008 4708 2231 4764 fundum
2259 4706 2606 4778 Gigniauum,
2638 4721 2705 4762 ex
2737 4705 2903 4763 fundo
2930 4706 3278 4764 Scandiliauo
3318 4721 3416 4761 uu-

1835 4804 1949 4859 cias
1973 4817 2049 4867 iv,
2074 4798 2298 4855 fundum
2319 4798 2613 4872 Cryptulaa,
2638 4796 2865 4855 fundum
2890 4798 3293 4858 Marcianellum
3322 4814 3419 4870 per

1833 4896 2026 4951 uncias
2067 4908 2140 4958 tv,
2183 4891 2413 4948 fundum
2446 4891 2758 4963 Apicianum
2806 4891 2863 4946 in
2910 4900 3016 4963 quo
3062 4897 3149 4948 est
3192 4888 3419 4946 ecclesia

1836 4988 2011 5045 sancti
2028 4981 2339 5045 Gordinari,
2361 4980 2592 5044 fundum
2611 4978 2978 5047 Scaplianum,
2997 4982 3217 5040 fundum
3239 4978 3419 5041 Testa,

131 5079 411 5149 nobisque
448 5081 514 5136 ab
541 5079 659 5149 ejus
702 5077 1122 5147 locupletissima
1166 5076 1535 5137 misericordia
1566 5080 1727 5151 digna
1829 5078 2060 5138 fundum
2087 5072 2366 5137 Ceritutu,
2408 5075 2635 5138 fundum
2664 5066 2936 5139 Alienum,
2978 5072 3203 5130 fundum
3240 5067 3428 5123 Turris

133 5170 448 5239 hujusmodi
478 5172 552 5243 pii
580 5169 767 5242 operis
809 5168 862 5224 in
909 5169 1135 5227 sidereis
1158 5166 1476 5229 conferatur
1511 5171 1730 5228 arcibus
1832 5171 1928 5228 ubi
1950 5176 2035 5227 est
2052 5165 2287 5223 ecclesia
2304 5173 2518 5233 sancti
2533 5157 2908 5223 Laurentii.“
2926 5162 3089 5221 fundo
3108 5158 3433 5229 l’endigiauo

133 5263 526 5319 remuneratio.
561 5263 758 5334 Igitur,
786 5260 910 5341 quia
937 5259 1147 5328 petistis
1192 5264 1225 5315 a'
1265 5262 1426 5320 nobis
1465 5271 1730 5336 quatenus

1834 5268 2027 5324 uncias
2049 5277 2114 5329 It,
2134 5259 2364 5317 fundum
2391 5256 2795 5344 Caesarianum,
2820 5253 3044 5315 fundum
3058 5254 3437 5344 ventllianum,

137 5370 211 5412 es
267 5366 441 5414 nostra
485 5356 743 5430 largitate
788 5340 1077 5428 nostroque
1120 5358 1262 5414 dono
1306 5364 1734 5419 concederemus
1835 5357 2065 5415 fundum
2098 5351 2406 5410 Fornicata
2483 5364 2604 5420 cum
2643 5341 2866 5412 traiecto
2895 5364 2992 5406 suo
3021 5366 3113 5407 seu
3142 5340 3346 5403 Gttaldo
3386 5340 3443 5394 in

134 5450 344 5502 vestra:
381 5445 723 5522 religiositati
756 5458 824 5501 ac
860 5448 1186 5504 monasterio
1218 5457 1406 5508 vestro
1442 5450 1731 5508 conﬁrma-
1835 5447 2108 5521 integrum
2144 5440 2611 5516 pertinentibus.
2636 5448 2697 5492 εκ
2726 5433 2892 5495 ίιιηάο
2919 5435 3448 5523 (ἶθνιηωιίθίωιῩ-Ψιῖ

135 5538 351 5592 “onem
377 5520 616 5596 omnium
648 5538 936 5603 bonorum.
964 5552 1084 5608 quae
1112 5539 1277 5595 habet
1307 5544 1473 5601 modo
1500 5552 1558 5600 et
1583 5540 1737 5597 babi-
1830 5520 2035 5599 ciasitx
2074 5537 2167 5595 ubi
2207 5540 2294 5591 est
2336 5535 2619 5606 θρριθείο
2646 5527 2810 5570 κου-ε
2839 5529 2988 5574 διηνῖ
3053 5529 3271 5574 fundum
3296 5520 3455 5560 una-
