4012 6300
494 384 602 442 975

1035 382 1324 440 APPEND.
1366 383 1459 440 AD
1492 380 1669 442 SIEC.
1699 385 1790 442 IX.
1824 415 1899 429 —
1941 385 2278 449 SUPPLEM.
2317 392 2411 449 AD
2451 392 2739 452 SCRIPTA
2770 392 3038 452 PONTIF.
3076 392 3242 452 ROM.

3666 398 3778 456 976

495 504 836 562 Fisinianum
862 543 876 566 ,
925 501 1148 556 fundum
1184 500 1511 565 Canianum,
1544 501 1767 556 fundum
1795 499 2074 572 Lurignia-
2103 506 2146 559 Α
2179 511 2276 558 stac
2320 505 2582 561 Anatolius
2602 550 2617 574 ,
2648 524 2714 563 ex
2746 508 2913 564 fundo
2942 509 3231 566 Feclinulae
3245 509 3435 566 uncias
3463 526 3539 575 vt,
3571 511 3662 566 ubi
3689 519 3782 568 est

503 613 630 654 num
655 638 670 662 ,
714 594 936 652 fundum
978 592 1358 649 Balburianum
1385 632 1399 658 ,
1441 608 1509 648 ex
1549 591 1713 648 fundo
1756 590 2082 648 Classicella:

503 691 692 746 uncias
720 705 780 746 ιιι
815 688 905 743 ubi
935 696 1018 744 est
1043 686 1272 742 ecclesia
1301 686 1472 742 sancti
1498 686 1668 752 Petri,
1691 701 1758 741 ex
1783 685 1948 743 fundo
1975 684 2082 741 Fu-

501 780 708 836 liniano
726 780 913 837 uncias
932 794 1004 844 Vt,
1021 793 1088 833 ex
1113 777 1278 834 fundo
1290 777 1516 849 Rigiano
1531 777 1718 836 uncias
1737 793 1813 842 Vt,
1829 793 1894 835 ex
1923 777 2085 834 fundo

502 870 822 928 Pontianolo
847 870 1036 926 uncias
1061 886 1144 934 Vt,
1175 869 1398 925 fundum
1426 868 1788 933 Pertieatulae,
1821 885 1887 925 ex
1920 869 2086 926 fundo

503 964 759 1022 Auriﬁcis
788 965 976 1022 uncias
1002 981 1092 1030 Vt,
1143 964 1364 1022 fundum
1394 964 1727 1023 Pacilianum
1753 1007 1769 1034 ,
1821 979 1890 1022 ex
1919 965 2087 1022 fundo

503 1055 736 1113 Casiano
765 1057 952 1113 uncias
980 1073 1054 1124 vt,
1087 1056 1140 1112 in
1187 1072 1293 1130 quo
1339 1066 1423 1114 est
1468 1057 1698 1115 ecclesia
1744 1066 1945 1115 saneta:
1989 1057 2087 1113 Ju-

507 1163 628 1217 swe,
655 1147 877 1206 fundum
916 1150 1244 1217 Meuianum,
1271 1151 1326 1207 in
1358 1167 1465 1221 quo
1489 1161 1572 1208 est
1613 1152 1844 1209 ecclesia
1890 1159 2093 1208 sanctae

507 1244 783 1316 Eugenize,
808 1259 876 1300 ex
904 1243 1070 1299 fundo
1105 1243 1368 1316 Figniano
1396 1245 1584 1301 uncias
1612 1260 1696 1311 ιιι,
1725 1259 1792 1300 ex
1817 1244 1984 1300 fundo
2007 1242 2095 1299 Ci-

511 1339 767 1396 sternulaa
797 1339 983 1394 uncias
1003 1355 1129 1405 ,th,
1157 1354 1226 1394 ex
1247 1338 1412 1396 fundo
1439 1339 1676 1397 Occiano
1699 1339 1885 1394 uncias
1911 1353 2016 1404 γιι,
2041 1344 2097 1393 ει

508 1434 694 1498 εειιιίε,
737 1431 961 1486 fundum
1001 1429 1282 1497 Olivolam,
1329 1431 1550 1486 fundum
1579 1428 2002 1495 Pontiancllum,
2029 1443 2099 1485 ex

510 1524 680 1581 fundo
707 1525 886 1581 Ursuli
912 1523 1100 1580 uncias
1126 1540 1183 1580 ιι
1207 1533 1262 1580 ει
1287 1523 1568 1596 scrupulos
1592 1538 1673 1590 ιιι,
1696 1523 1826 1578 item
1848 1537 1913 1579 ex
1935 1520 2101 1578 fundo

512 1620 728 1677 Bussuli
757 1621 971 1678 unciam
1000 1634 1182 1684 unam,
1211 1635 1278 1675 ex
1306 1618 1472 1673 fundo
1498 1615 1782 1672 Macerulze
1807 1615 1998 1671 uncias
2020 1629 2099 1680 Vt,

509 1728 580 1771 ex
608 1705 774 1790 fundo
800 1711 1013 1767 Rufiani
1041 1712 1230 1767 uncias
1255 1727 1336 1778 ιιι,
1367 1711 1419 1767 ἱιι
1449 1726 1555 1782 quo
1571 1718 1653 1768 est
1675 1709 1903 1766 ecclesia
1929 1707 2103 1765 sancti

509 1804 813 1874 Stephani,
843 1821 912 1860 ex
940 1802 1106 1859 l‘uudo
1153 1803 1436 1860 Macerula:
1473 1803 1662 1859 uncias
1703 1819 1780 1869 ιγ,
1824 1818 1892 1860 ex
1938 1801 2102 1858 fundo

2181 594 2410 652 ecclesia
2423 609 2622 655 sanctae
2645 599 2916 668 Victoriae,
2935 618 3002 658 ex
3026 602 3189 658 funoo
3214 602 3452 660 Paterno
3482 604 3672 659 uncias
3697 620 3778 668 γι,

2183 689 2275 745 ubi
2307 698 2391 745 est
2440 691 2669 749 ecclesia
2699 696 2872 751 sancti
2907 693 3206 764 Victorini,
3237 711 3305 751 ex
3343 696 3509 752 fundo
3536 694 3790 756 Sallth

2184 782 2376 838 uncias
2409 799 2495 850 ιιι,
2527 785 2618 841 ubi
2647 795 2731 842 est
2761 786 2990 843 ecclesia
3010 788 3184 844 sancti
3221 787 3468 855 Martini;
3500 803 3570 844 ex
3609 787 3790 843 tundo

2185 872 2462 932 Curiliano
2488 878 2674 934 uncias
2701 894 2780 935 ,ιιι
2807 919 2824 945 ,
2855 878 3076 935 fundum
3105 879 3427 945 Forianum,
3479 879 3667 950 inquo
3695 885 3792 934 est

2189 967 2424 1024 ecclesia
2452 970 2624 1026 sancti
2659 970 2902 1027 'l‘olomei
2926 987 2941 1038 ;
2965 985 3035 1028 ex
3057 970 3220 1027 fundo
3241 969 3458 1028 Jusiano
3483 971 3670 1027 uncias
3695 984 3796 1036 ut,

2190 1074 2260 1116 ex
2293 1059 2458 1117 fundo
2485 1061 2732 1117 Aciliano
2768 1063 2944 1119 uncia:
2983 1063 3168 1119 semis.
3205 1063 3311 1120 Seu
3333 1072 3389 1118 et
3429 1064 3792 1120 medietatem

2191 1153 2260 1210 de
2296 1151 2538 1222 Gualdo,
2569 1155 2660 1225 qui
2707 1155 2906 1211 dicitur
2935 1155 3176 1222 Laurus;
3224 1164 3282 1210 et
3325 1156 3666 1211 medietatem
3721 1156 3798 1211 de

2193 1246 2441 1316 portione
2469 1245 2687 1302 Probati
2713 1245 2982 1313 Castaldi;
3013 1263 3081 1303 ex
3119 1247 3282 1303 fundo
3307 1246 3539 1302 Paterno
3563 1248 3796 1302 unciam

2195 1353 2358 1393 unam
2389 1345 2442 1393 et
2464 1339 2663 1406 semis;
2693 1355 2760 1396 ex
2790 1331 2956 1395 fundo
2993 1338 3284 1396 Valeriano
3321 1339 3493 1394 uncia:
3515 1341 3710 1404 semis,
3739 1339 3796 1393 in

2198 1449 2305 1505 quo
2329 1443 2412 1490 est
2445 1435 2674 1490 ecclesia
2722 1436 2896 1492 sancti
2932 1435 3182 1502 Martini;
3223 1451 3291 1492 ex
3327 1435 3490 1491 fundo
3513 1436 3799 1492 Corviano

2199 1526 2390 1582 uncias
2415 1542 2490 1594 Vt,
2522 1527 2611 1582 ubi
2635 1536 2718 1583 est
2743 1527 2970 1584 ecclesia
2995 1529 3171 1585 sancti
3197 1528 3501 1594 Pancratii;
3529 1543 3593 1584 ex
3615 1527 3800 1583 fundo

2200 1616 2439 1691 Bagiano
2482 1627 2679 1674 terram
2720 1620 3026 1676 modiorum
3071 1635 3159 1686 γι,
3203 1635 3272 1675 ex
3310 1618 3476 1676 fundo
3513 1618 3801 1675 Vorriano

2202 1711 2420 1766 unciam
2460 1726 2620 1765 unam
2647 1719 2704 1767 et
2728 1711 2934 1778 semis;
2964 1726 3032 1767 ex
3056 1710 3222 1768 fundo
3253 1711 3541 1783 Lavigiauo
3567 1711 3800 1766 unciam

2204 1803 2368 1856 unam
2415 1811 2470 1857 et
2513 1801 2710 1869 semis;
2761 1817 2831 1858 ex
2866 1802 3030 1858 fundo
3080 1801 3282 1858 Vicarii
3343 1802 3527 1857 uncias
3569 1817 3679 1867 ttt;
3731 1815 3802 1856 ex

508 1895 756 1955 Cassiani
797 1896 1010 1953 unciam
1041 1911 1202 1952 unam
1227 1937 1243 1964 ,
1291 1912 1356 1952 ex
1384 1894 1550 1952 fundo
1580 1895 1861 1968 liapiciani
1885 1895 2101 1950 unciam
2130 1867 2180 1928 Β
2206 1893 2374 1950 fundo
2400 1893 2666 1952 Acutiano
2686 1895 2874 1951 uncias
2895 1911 3014 1961 vttt,
3038 1894 3094 1950 in
3115 1909 3222 1966 quo
3245 1902 3329 1951 est
3363 1894 3591 1950 ecclesia
3613 1893 3800 1949 sancti

509 2005 676 2046 unam
704 1999 760 2046 et
785 1989 973 2056 semis,
995 1999 1064 2046 ex
1090 1988 1256 2046 fundo
1285 1988 1528 2044 Mediana
1552 1988 1738 2044 uncias
1765 2004 1824 2054 ιι,
1850 2003 1914 2044 ex
1933 1986 2101 2042 fundo

512 2077 776 2136 Marciani
823 2081 1010 2136 uncias
1058 2095 1096 2136 ιι
1125 2090 1178 2136 ει
1207 2079 1499 2146 semis,ubi
1537 2087 1621 2134 est
1656 2077 1885 2134 ecclesia
1925 2074 2101 2133 sancti

512 2173 798 2239 Victorini,
830 2189 894 2229 ex
922 2172 1088 2228 fundo
1125 2171 1286 2228 Prata
1311 2172 1496 2227 uncias
1526 2185 1609 2238 ιιι,
1637 2185 1705 2225 ex
1730 2169 1895 2226 fundo
1923 2169 2102 2242 Arga-

513 2269 673 2326 siano
695 2269 884 2324 uncias
912 2283 984 2333 tv,
999 2283 1068 2324 ει
1095 2266 1260 2323 fundo
1283 2264 1582 2322 Catoniano
1605 2264 1796 2321 uncias
1822 2279 1882 2330 ιι,
1916 2263 1971 2318 in
1995 2277 2104 2333 quo

515 2370 603 2417 est
646 2361 876 2416 ecclesia
923 2368 1123 2416 sanch
1164 2358 1403 2426 Sabinae,
1451 2373 1518 2415 ex
1559 2357 1722 2414 l‘uudo
1755 2357 1962 2413 Arsura
2003 2371 2106 2411 un-

515 2452 630 2510 cias
653 2468 726 2517 tv,
771 2467 837 2508 ex
888 2451 1052 2507 fundo
1087 2451 1322 2524 Agellari
1346 2451 1533 2506 uncias
1569 2466 1640 2516 ιι,
1671 2465 1736 2506 ex
1766 2447 1932 2504 fundo
1958 2447 2107 2502 Lati-

515 2544 680 2600 niano
702 2542 890 2600 uncias
920 2558 984 2609 ιι,
1005 2559 1070 2598 ex
1096 2540 1536 2597 funooAltariolo
1559 2540 1746 2596 uncias
1768 2554 1832 2606 ιι,
1852 2554 1918 2596 ex
1941 2535 2106 2593 fundo

516 2635 819 2708 Argasiano
861 2644 974 2690 tres
1000 2643 1182 2705 partes
1220 2633 1286 2690 de
1315 2633 1495 2698 uncia,
1525 2648 1592 2688 ex
1631 2631 1797 2688 fundo
1826 2631 2108 2688 Petiniano

521 2729 710 2785 uncias
734 2745 793 2794 ιι,
823 2745 886 2784 ex
920 2727 1088 2783 fundo
1121 2728 1383 2799 Paptiano
1405 2728 1595 2784 uncias
1621 2742 1694 2792 ιγ,
1725 2742 1789 2782 ex
1815 2726 1979 2782 fundo
2004 2726 2109 2782 Do-

519 2822 745 2878 mitiano
767 2821 954 2876 uncias
977 2837 1047 2885 tv,
1073 2820 1127 2875 in
1154 2837 1259 2892 quo
1280 2830 1363 2879 est
1385 2821 1611 2879 ecclesia
1630 2820 1801 2878 sancti
1828 2819 2109 2891 Stephani,

521 2931 589 2972 ex
619 2915 786 2972 fundo
828 2914 1140 2986 Cispiniano
1178 2915 1366 2971 uncias
1405 2930 1508 2981 ιιι,
1545 2929 1612 2971 ex
1647 2913 1813 2969 fundo
1849 2912 2111 2969 Cisiniani

523 3009 717 3065 uncias
740 3024 814 3073 ιχ,
841 3007 895 3063 in
921 3023 1028 3079 quo
1051 3016 1177 3062 sunt
1201 3005 1444 3062 ecclesize
1463 3016 1664 3063 sancta:
1692 3004 1875 3060 Mariae
1901 3012 1956 3060 et
1983 3018 2112 3059 san-

522 3102 597 3157 cti
625 3099 903 3166 Silvestri,
934 3115 998 3156 ex
1038 3099 1202 3155 fundo
1245 3098 1554 3156 Lacaniano
1582 3098 1794 3154 unciam
1820 3095 2116 3163 unam,ubi

519 3202 608 3273 est
627 3187 859 3250 ceclesia
888 3193 1060 3248 sancti
1087 3191 1256 3257 Petri,
1289 3208 1356 3248 ex
1385 3191 1553 3246 fundo
1586 3191 1820 3262 Begiano
1843 3190 2031 3246 uncias
2053 3205 2114 3254 ιι,

521 3299 593 3341 ει
620 3284 784 3340 fundo
809 3284 1064 3356 Cipriano
1078 3285 1296 3339 unciam
1320 3297 1504 3349 unam,
1528 3283 1615 3339 ubi
1637 3290 1722 3337 est
1745 3281 1972 3337 ecclesia
1995 3295 2114 3336 san-

520 3371 600 3432 eti
638 3375 954 3440 Calistrati,
998 3391 1063 3430 cx
1089 3373 1254 3429 fundo
1299 3372 1541 3444 Belgiani
1583 3373 1802 3428 unciam
1851 3386 2037 3437 unam,
2067 3377 2122 3424 et

521 3467 715 3534 semis,
751 3465 976 3523 fundum
1005 3465 1355 3532 Catilianum,
1387 3465 1610 3520 fundum
1656 3462 1962 3536 Cryptulze,
1995 3461 2120 3517 fun-

526 3561 659 3617 dum
706 3560 1134 3626 Montanianum,
1174 3559 1400 3616 fundum
1447 3557 1735 3614 Betianum
1776 3558 1830 3612 in
1880 3569 1988 3626 quo
2040 3563 2124 3610 est

529 3651 763 3708 ecclesia
818 3651 990 3707 sancti
1037 3651 1314 3717 Abundii,
1345 3666 1411 3707 ex
1455 3649 1620 3705 fundo
1673 3648 1972 3705 Lamniano
2023 3661 2124 3701 un-

529 3742 648 3798 cias
688 3758 750 3797 ιιι
776 3781 792 3807 ,
832 3740 1055 3797 fundum
1088 3741 1382 3797 Turianum
1413 3742 1465 3796 in
1497 3756 1604 3812 quo
1631 3751 1716 3796 est
1739 3739 1968 3796 ecclesia
1997 3752 2126 3793 san-

523 3843 638 3891 ctas
683 3833 888 3901 Maria,
931 3832 1153 3890 fundum
1199 3833 1531 3896 Morianulte,
1567 3831 1788 3886 fundum
1820 3831 2124 3886 Follianum

525 3926 588 3983 in
615 3940 724 3996 quo
744 3934 830 3981 est
860 3923 1089 3980 ecclesia
1133 3924 1306 3980 sancti
1352 3922 1569 3986 Sabini,
1612 3938 1679 3978 ex
1721 3922 1888 3976 fundo
1938 3921 2127 3976 Monu-

529 4019 705 4074 menti
765 4016 897 4089 Cupi
947 4017 1135 4073 uncias
1173 4032 1268 4083 ιιι,
1316 4014 1541 4071 fundum
1595 4014 1998 4081 Tervilianum,
2056 4029 2126 4070 ex

530 4111 704 4169 fundo
729 4110 1046 4167 Pmtoriolo
1084 4109 1272 4166 uncias
1301 4125 1381 4173 ιιι,
1411 4125 1476 4164 ex
1506 4107 1672 4165 fundo
1702 4107 2000 4163 Serviliano
2027 4123 2131 4162 un-

527 4211 651 4267 cias
676 4225 760 4276 ιιι,
791 4209 883 4264 ubi
931 4214 1017 4264 est
1051 4205 1278 4263 ecclesia
1318 4204 1491 4261 sancti
1534 4202 1806 4268 Anthimi,
1855 4217 1922 4256 ex
1964 4200 2128 4255 fundo

529 4299 826 4357 Gabiniani
852 4298 1040 4354 uncias
1080 4312 1156 4363 ιι,
1203 4312 1268 4352 ex
1307 4295 1474 4350 fundo
1516 4294 1804 4349 Lavariani
1831 4293 2040 4347 uncias.
2069 4329 2084 4345 .
2113 4330 2127 4344 .

531 4392 722 4454 semis,
754 4389 847 4446 ubi
875 4398 961 4446 εει
987 4387 1217 4445 ecclesia
1260 4388 1435 4444 sancti
1457 4386 1675 4452 Getulii,
1708 4400 1773 4440 ex
1797 4384 1964 4440 fundo
1994 4383 2130 4438 Leu-

525 4483 765 4556 gianello
793 4483 982 4538 uncias
1004 4497 1056 4537 tv
1077 4523 1092 4547 ,
1124 4480 1349 4536 fundum
1379 4479 1676 4534 Aurianum
1711 4479 1895 4554 inquo
1915 4485 2000 4532 est
2039 4492 2130 4532 ee-

2203 1983 2472 2058 Gregorii.
2507 1986 2752 2042 Fundum
2804 1982 3170 2053 Montianitm,
3213 1987 3269 2042 in
3297 2001 3406 2058 quo
3437 1997 3521 2042 est
3560 1985 3803 2043 ecclesia

2203 2077 2377 2134 sancti
2399 2076 2588 2150 Angeli
2606 2095 2621 2144 ;
2642 2077 2864 2133 fundum
2886 2077 3210 2144 Farianum;
3237 2076 3460 2132 fundum
3478 2075 3802 2141 Paternum,

2139 2241 2141 2244 q
2203 2174 2441 2246 positum
2475 2173 2528 2228 in
2559 2172 2824 2238 Variano,
2867 2180 2924 2228 et
2954 2172 3008 2228 in
3038 2170 3316 2237 Tulliano;
3350 2169 3575 2226 fundum
3601 2167 3808 2225 Iussis-

2205 2279 2336 2321 num
2362 2263 2416 2318 in
2438 2263 2728 2335 integrum.
2749 2263 2826 2319 Ex
2851 2262 3017 2320 fundo
3044 2262 3217 2334 Agelli
3245 2263 3435 2318 uncias
3461 2277 3549 2327 tx;
3575 2260 3804 2315 fundum

2206 2357 2567 2423 Sensianum,
2620 2357 2674 2412 in
2723 2373 2830 2430 quo
2876 2365 2962 2413 est
3006 2356 3236 2413 ecclesia
3282 2354 3456 2411 sancti
3507 2351 3803 2424 Antbymi;

2207 2453 2432 2509 fundum
2471 2451 2733 2518 Privatis;
2771 2451 2996 2506 fundum
3038 2448 3398 2504 Albucianum
3429 2461 3557 2502 cum
3598 2459 3806 2516 appen-

2207 2545 2420 2602 dicibus
2446 2544 2578 2600 suis.
2611 2542 2879 2599 Gualdum
2917 2540 3150 2598 Tancies
3178 2539 3234 2595 in
3267 2539 3542 2610 integrum
3571 2550 3670 2608 per
3688 2535 3806 2590 loca

2209 2639 2512 2712 designata,
2542 2637 2684 2692 sicut
2709 2635 2960 2708 primitus
2982 2635 3050 2689 ab
3089 2633 3205 2705 ipso
3230 2631 3568 2688 monasterio
3591 2643 3806 2702 posses-

2211 2747 2328 2788 sum
2370 2740 2471 2786 est.
2505 2729 2751 2786 Fundum
2797 2727 3160 2784 Findilianum
3195 2725 3386 2781 uncias
3419 2739 3480 2790 tt,
3519 2739 3592 2779 ex
3641 2720 3806 2777 fundo

2211 2825 2455 2882 Passiani
2477 2824 2666 2881 uncias
2687 2839 2762 2889 γι,
2795 2837 2863 2877 ex
2897 2821 3062 2877 fundo
3094 2817 3382 2876 Antariani
3402 2817 3600 2873 uncias
3627 2831 3705 2882 Vt,
3739 2829 3806 2870 ex

2211 2917 2378 2976 fundo
2402 2917 2766 2975 (insae-Surdae
2795 2905 2986 2973 unCias
3023 2931 3084 2980 tt,
3108 2929 3176 2970 ex
3201 2912 3366 2968 fundo
3387 2910 3688 2968 Terviliani
3711 2924 3809 2963 un-

2215 3012 2330 3067 cias
2353 3027 2428 3078 γι,
2459 3025 2526 3066 ex
2549 3009 2716 3065 fundo
2753 3006 3190 3065 Casa-Candida!
3215 3004 3406 3060 uncias
3435 3020 3515 3070 γι,
3552 3017 3621 3058 ex
3646 3000 3808 3056 fundo

2216 3103 2443 3162 Polliani
2485 3103 2672 3159 uncias
2718 3118 2797 3168 γι,
2842 3114 2912 3157 ex
2957 3099 3124 3156 fundo
3173 3097 3361 3168 Baiani
3406 3096 3713 3160 uncias“,
3743 3107 3811 3148 ex

2223 3195 2387 3252 fundo
2432 3194 2710 3251 Betusiani
2740 3193 2930 3249 uncias
2951 3207 3046 3258 Vt,
3085 3199 3155 3247 ex
3184 3188 3350 3246 fundo
3393 3185 3690 3244 Serviliani
3715 3201 3811 3239 un-

2223 3290 2337 3346 cias
2369 3305 2445 3354 ιγ,
2473 3303 2538 3344 ex
2569 3287 2734 3344 fundo
2779 3285 3004 3342 Mussini
3037 3285 3225 3340 uncias
3261 3297 3370 3348 γιι,
3410 3296 3477 3335 ex
3520 3279 3689 3336 fundo
3718 3277 3812 3334 Se-

2222 3379 2371 3435 riola:
2398 3379 2584 3435 uncias
2607 3394 2690 3444 ιιι,
2715 3393 2782 3434 ex
2809 3376 2978 3433 fundo
3001 3374 3228 3430 Mariani
3251 3373 3443 3428 uncias
3456 3387 3536 3437 Vt,
3557 3387 3624 3427 ex
3649 3369 3814 3424 fundo

2223 3471 2508 3528 Serviliani
2543 3469 2942 3541 portiunculam
2971 3484 3165 3535 unam;
3196 3481 3264 3523 ex
3291 3465 3457 3520 fundo
3487 3464 3691 3520 Sisiani
3726 3479 3815 3517 uu-

2223 3564 2337 3620 cias
2355 3579 2454 3630 vn,
2494 3578 2562 3619 ex
2600 3561 2766 3618 fundo
2792 3561 3060 3618 Catiniani
3088 3559 3302 3616 unciam
3332 3573 3521 3622 unam,
3552 3571 3623 3611 ex
3652 3555 3815 3609 fundo

2223 3652 2341 3711 Gaii
2371 3653 2601 3708 mediam
2645 3652 2859 3708 unciam
2881 3693 2897 3718 ,
2919 3665 2989 3707 ex
3033 3649 3201 3706 fundo
3226 3647 3480 3704 Turriani
3517 3647 3710 3702 uncias
3738 3661 3816 3708 ιι,

2222 3760 2293 3802 ex
2329 3744 2496 3800 fundo
2525 3743 2742 3799 Bariani
2769 3743 2958 3822 uncias
3003 3759 3077 3807 Il,
3113 3757 3180 3798 ex
3225 3740 3392 3796 fundo
3424 3739 3682 3795 Salisiani
3721 3754 3820 3791 un-

2225 3843 2389 3906 ciam,
2412 3855 2479 3895 ex
2509 3838 2672 3895 fundo
2713 3838 2931 3894 Bastani
2949 3877 2964 3904 ,
2992 3837 3085 3892 ubi
3119 3844 3202 3892 est
3223 3834 3451 3892 ecclesia
3481 3841 3688 3888 sancta:
3709 3830 3821 3885 Ma-

2227 3933 2346 3989 riae.
2373 3931 2619 3988 Fundum
2645 3930 3071 3996 Corbonianum,
3095 3927 3320 3984 fundum
3343 3925 3702 3989 Luccianum,
3729 3924 3819 3978 ubi

2226 4034 2313 4082 est
2355 4024 2545 4080 domus
2572 4023 2716 4079 culta
2746 4023 2798 4079 in
2843 4023 3134 4094 integrum.
3164 4019 3245 4075 Ex
3289 4017 3454 4074 fundo
3483 4016 3675 4072 Ariani
3723 4030 3822 4068 un-

2229 4118 2343 4176 cias
2384 4133 2447 4183 ιι,
2475 4133 2540 4172 ex
2575 4116 2740 4171 fundo
2779 4113 3077 4184 Septiniani
3101 4111 3315 4167 unciam
3345 4124 3509 4165 unam
3545 4116 3604 4163 et
3631 4108 3820 4162 sentis.

2230 4209 2364 4264 Item
2391 4223 2458 4264 ex
2483 4205 2648 4261 fundo
2672 4203 2972 4275 Septiniani
2998 4202 3188 4258 uncias
3206 4217 3304 4257 γιι.
3326 4199 3473 4254 ιιιιει·
3495 4214 3559 4254 ea
3580 4196 3823 4254 casalem

2231 4299 2571 4369 Pipinianum
2600 4311 2721 4351 cum
2751 4294 2894 4350 casis
2929 4302 2986 4349 et
3007 4292 3203 4356 vineis,
3233 4306 3327 4363 seu
3355 4289 3566 4345 olivetis
3594 4296 3655 4343 et
3682 4286 3827 4342 colo-

2232 4393 2346 4458 nis;
2395 4393 2521 4446 item
2567 4389 2802 4446 casalem
2850 4387 3256 4444 Scandiliauum
3313 4398 3410 4454 per
3459 4381 3655 4437 uncias
3705 4395 3825 4443 Vtu,

2233 4500 2442 4540 necnon
2468 4495 2522 4538 et
2549 4481 2922 4546 casaliculum,
2946 4479 3036 4550 qui
3074 4479 3386 4535 nominatur
3418 4475 3716 4543 Antiquus.
3749 4471 3826 4524 Ex

527 4576 700 4634 clesia
731 4574 902 4631 sancti
945 4573 1220 4628 Laurentii
1239 4613 1254 4637 ,
1294 4587 1362 4627 ex
1390 4571 1552 4626 fundo
1585 4569 1816 4624 Tulliani
1857 4568 2044 4623 uncias
2066 4583 2126 4622 ιιι
2153 4609 2209 4672 D
2234 4576 2412 4632 casale
2437 4574 2671 4629 Amiano
2701 4572 2888 4626 uncias
2915 4587 2995 4635 γι,
3022 4578 3076 4624 et
3104 4568 3360 4623 olivetum
3391 4566 3443 4620 in
3471 4565 3824 4635 Proporaria,

532 4668 629 4724 bi
667 4677 751 4722 est
772 4665 1003 4723 ecclesia
1034 4665 1208 4721 sancti
1236 4663 1527 4728 Valentini,
1559 4677 1624 4717 ex
1651 4661 1816 4716 fundo
1863 4660 2126 4716 Mucciani

527 4755 729 4812 uncias
755 4771 838 4822 ιιι,
873 4755 1098 4810 fundum
1126 4753 1417 4809 Paternum
1440 4753 1492 4808 in
1516 4769 1622 4824 quo
1646 4760 1730 4807 est
1753 4751 1982 4807 ecclesia
2004 4767 2128 4806 san-

528 4850 612 4907 cti
649 4847 943 4912 Valentini,
966 4861 1035 4902 ex
1064 4845 1500 4902 l'undoVassiano
1525 4846 1716 4901 uncias
1735 4862 1810 4911 γι,
1840 4845 1891 4900 in
1918 4861 2025 4915 quo
2047 4853 2132 4900 est

530 4941 768 4998 ecclesia
790 4941 964 4996 sancti
982 4937 1267 5003 Victorini,
1295 4955 1361 4993 ex
1387 4938 1550 4993 fundo
1569 4938 1830 4994 Cassiano
1844 4939 2033 4993 uncias
2054 4954 2126 5002 Vt,

535 5037 595 5093 in
617 5035 725 5106 quo
749 5043 833 5091 est
853 5033 1080 5091 ecclesia
1103 5033 1273 5089 sancti
1298 5031 1518 5103 Cesigii,
1539 5047 1604 5087 ex
1632 5030 1796 5086 fundo
1818 5030 2130 5101 Ot'icignani

535 5127 822 5194 unciasvt,
855 5128 908 5182 in
938 5142 1044 5197 quo
1078 5135 1158 5182 est
1184 5125 1408 5182 ecclesia
1451 5125 1622 5180 sancti
1651 5125 1824 5189 Petri,
1863 5140 1928 5179 ex
1967 5123 2133 5179 fundo

539 5219 827 5290 Silignano
861 5219 1048 5274 uncias
1077 5234 1158 5284 ιιι,
1199 5218 1287 5272 ubi
1320 5227 1402 5272 est
1449 5217 1674 5272 ecclesia
1720 5215 1888 5271 sancti
1920 5215 2131 5286 Angeli,

541 5326 616 5366 ex
636 5309 800 5364 fundo
815 5309 1090 5366 Graniano
1113 5310 1326 5364 unciam
1349 5305 1534 5374 unam,
1560 5307 1782 5362 fundunt
1809 5305 2132 5377 Nignianum

543 5405 602 5459 in
623 5417 731 5473 quo
749 5409 832 5456 est
854 5399 1078 5456 ecclesia
1101 5410 1301 5456 sanctm
1323 5399 1558 5461 llelenm,
1583 5396 1800 5452 fundum
1825 5396 2134 5452 Malliannnt

543 5498 604 5552 in
632 5510 738 5566 quo
759 5501 844 5549 est
869 5491 1095 5548 ecclesia
1121 5492 1294 5547 sancti
1323 5489 1596 5545 Iuvenalis
1617 5530 1631 5554 ,
1662 5506 1726 5543 ex
1765 5488 1929 5543 fundo
1955 5488 2134 5543 Atiani

546 5585 740 5641 uncias
766 5600 847 5652 ιιι,
879 5582 970 5638 tibi
1019 5591 1102 5636 est
1130 5581 1356 5636 ecclesia
1408 5581 1581 5636 sancti
1633 5579 1810 5645 Petri,
1859 5595 1926 5634 ex
1975 5578 2141 5635 fundo

551 5680 703 5736 Robe
728 5678 915 5740 uncias
935 5692 1007 5740 γι,
1032 5692 1096 5730 εγ
1125 5675 1288 5730 fundo
1307 5674 1620 5731 Prretoriolo
1633 5676 1820 5732 uncias
1843 5691 1918 5740 γι,
1949 5674 2037 5729 tibi
2061 5681 2147 5730 est

553 5773 785 5828 ecclesia
829 5773 999 5828 sancti
1049 5770 1386 5836 Sebastiani,
1423 5788 1487 5827 ex
1530 5771 1694 5826 fundo
1730 5770 1920 5826 Usiani
1962 5769 2054 5841 qui
2089 5777 2145 5825 et

563 5861 806 5933 Hilianus
831 5872 1074 5934 vocatur,
1105 5862 1294 5922 uncias
1325 5878 1400 5931 γι,
1435 5864 1486 5918 ἰιι
1517 5878 1624 5940 quo
1649 5871 1731 5920 est
1761 5861 1990 5920 ecclesia
2019 5876 2145 5918 san-

2234 4671 2300 4724 ad
2326 4683 2554 4739 quorum
2577 4666 2727 4721 vices
2747 4663 2982 4734 suscepit
3010 4671 3196 4718 saneta
3218 4669 3401 4716 nostra
3427 4659 3660 4715 ecclesia
3697 4668 3829 4713 tem-

2235 4759 2458 4830 poribus
2478 4756 2658 4812 domni
2705 4754 2930 4810 Adriani
2961 4768 3110 4824 papa
3137 4767 3168 4806 a
3207 4749 3568 4822 suprascripto
3601 4763 3828 4804 venera-

2235 4849 2326 4903 bili
2359 4844 2686 4902 tnonasterio
2713 4853 2804 4899 tuo
2827 4841 3267 4900 commutationis
3299 4841 3535 4904 nomine,
3570 4839 3626 4893 id
3655 4848 3746 4894 est
3779 4840 3827 4892 in

2238 4936 2415 4992 casale
2461 4934 2716 4989 Flaviano
2752 4934 2940 4989 uncias
2990 4949 3030 4987 tt
3079 4942 3137 4988 et
3177 4931 3361 4987 semis.
3415 4929 3544 4985 Item
3589 4930 3828 4984 casalem

2239 5029 2515 5098 Canopum
2556 5028 2609 5082 in
2649 5027 2918 5097 integrum
2957 5040 3079 5081 cum
3129 5024 3304 5089 casis,
3353 5022 3562 5086 vineis,
3618 5022 3830 5077 olivetis

2242 5130 2403 5190 atque
2432 5118 2657 5174 colonis.
2685 5117 2742 5172 ln
2769 5117 2948 5173 casale
2985 5116 3237 5173 Ortisano
3259 5115 3448 5170 uncias
3476 5130 3545 5177 tv,
3573 5115 3628 5168 in
3651 5113 3830 5169 casale

2240 5212 2541 5283 Argasiano
2570 5210 2759 5267 uncias
2787 5225 2872 5276 ιιι,
2901 5209 2953 5264 in
2989 5209 3169 5264 casale
3193 5207 3502 5264 Caesariano
3534 5207 3730 5262 uncias
3759 5221 3829 5268 γι,

2243 5305 2296 5360 in
2327 5303 2510 5358 casale
2554 5300 2878 5357 Fabriciano
2909 5299 3122 5355 unciam
3150 5313 3332 5363 unam,
3368 5298 3420 5352 in
3442 5296 3621 5353 casale
3673 5295 3831 5351 Valeo

2244 5396 2396 5452 riano
2436 5393 2625 5448 uncias
2668 5407 2728 5457 tt,
2776 5391 2830 5446 in
2873 5389 3053 5446 casale
3107 5387 3485 5444 Secundiliano
3525 5387 3723 5442 uncias
3761 5402 3832 5457 γι,

2250 5487 2515 5557 Utrosque
2541 5498 2672 5539 vero
2693 5482 2902 5538 casales
2933 5497 3054 5537 cum
3082 5481 3363 5546 domibus,
3393 5481 3595 5546 vineis,
3619 5480 3834 5536 olivetis

2249 5588 2410 5649 atque
2456 5575 2660 5633 colonis
2710 5583 2958 5639 tantum,
3005 5574 3159 5644 quia
3205 5573 3602 5644 predecessors
3647 5583 3834 5628 nostro

2249 5670 2446 5726 domno
2471 5667 2706 5723 Adriano
2733 5681 2870 5737 papa
2897 5665 3006 5721 dati
3029 5673 3173 5730 sunt,
3195 5680 3409 5736 quoque
3434 5666 3656 5734 recepti.
3684 5664 3836 5718 Nunc

2251 5771 2431 5819 autem
2471 5758 3137 5832 praenominatosJundos,
3175 5758 3260 5813 vel
3302 5758 3490 5814 uncias
3529 5757 3835 5828 suprascri-

2250 5864 2464 5930 ptorum
2520 5853 2847 5924 fundorum,
2905 5868 3001 5911 seu
3058 5851 3335 5922 ecclesias,
3397 5866 3583 5918 casas,
3609 5852 3830 5913 vineas,
