4012 6300
248 281 357 341 977

1606 275 1988 338 PASCHALIS
2023 279 2066 338 l.

3404 283 3507 346 978

242 403 427 467 prata,
459 392 652 461 silvas,
685 391 887 482 salicta
907 434 922 462 ,
952 394 1100 452 rivos
1119 436 1134 462 ,
1165 409 1362 468 aquas,
1412 409 1622 451 necnon
1651 395 1834 466 aquae;
1854 399 1906 462 Α
1931 405 2025 453 aut
2054 413 2118 455 ex
2146 395 2349 455 eisdem
2375 391 2776 456 venerabilibus
2803 395 3084 473 locis'jure
3111 399 3380 469 alienare;
3413 405 3507 460 sed

245 485 454 550 molas,
505 479 700 540 oliveta
743 501 867 540 cum
928 485 1139 553 vineis,
1191 486 1574 558 appendicibus
1624 486 1738 542 suis
1777 493 1834 542 et

243 577 471 642 colonis,
528 587 690 646 atque
739 578 956 634 familiis
1004 579 1070 634 ad
1107 594 1201 635 eos
1247 580 1570 651 generaliter
1611 579 1664 634 in
1696 579 1833 635 inte-

241 683 403 739 grum
433 669 826 739 pertinentibus
855 709 870 735 ,
942 669 1081 725 sicut
1123 685 1154 724 a
1221 671 1678 740 praedecessorum
1733 687 1831 726 no-

239 771 480 815 strorum
509 759 725 814 Patrum
753 775 853 831 per
887 761 1164 833 privilegia
1201 771 1399 818 sancta:
1442 762 1831 819 recordationis

239 849 428 904 domni
458 849 681 904 Adriani
710 850 983 920 quondam
1011 865 1162 922 papa:
1186 851 1362 907 eidem
1392 852 1683 909 venerabili
1714 867 1830 909 mo-

243 940 491 996 nasterio
526 939 847 996 conﬁrmata
873 951 1000 998 sunt
1031 943 1380 1010 auctoritate;
1435 953 1490 1000 et
1537 945 1678 1002 sicut
1719 945 1830 1018 pri-

236 1027 430 1096 mitus,
445 1037 500 1084 et
520 1045 664 1086 nunc
684 1030 752 1086 ab
774 1032 890 1102 ipso
911 1033 1204 1088 venerabili
1227 1035 1556 1091 monasterio
1576 1051 1826 1106 possessa

235 1132 373 1180 sunt
397 1163 412 1190 ,
466 1135 850 1196 permanenter
879 1142 910 1181 a
939 1127 1190 1198 praesenti
1234 1128 1440 1184 decima
1484 1129 1783 1186 indictione
1807 1169 1826 1200 ,

235 1223 350 1270 tua:
406 1215 745 1286 religiositati
800 1217 1013 1288 tuisque
1071 1220 1477 1276 successoribus
1535 1220 1826 1280 abbatibus

233 1303 416 1360 sancti
465 1306 779 1362 monasterii
830 1307 884 1362 in
929 1316 1247 1378 perpetuum
1287 1310 1633 1366 concedimus
1683 1312 1823 1368 deti-

231 1396 495 1451 nendum.
537 1396 650 1452 Sub
674 1412 737 1452 ea
765 1397 1011 1453 videlicet
1039 1399 1246 1455 ratione
1272 1408 1330 1455 ut
1352 1401 1606 1459 omnibus
1627 1402 1822 1460 diebus

231 1481 364 1540 vitae
396 1495 591 1542 vestrae
622 1487 746 1542 dum
798 1487 974 1557 ipsum
1023 1487 1328 1544 constiterit
1365 1491 1674 1548 venerabile
1704 1507 1822 1547 mo-

229 1581 559 1648 nasterium,
589 1581 919 1651 quotidianis
951 1581 1138 1637 diebus
1165 1622 1181 1648 ,
1233 1583 1450 1653 quando
1499 1584 1821 1640 cantilenam

227 1670 497 1740 perﬁcitis
540 1673 593 1726 in
623 1673 822 1728 'eodem
853 1680 1043 1727 sancto
1075 1673 1402 1728 monasterio
1423 1713 1439 1739 ,
1493 1689 1592 1742 pro
1627 1674 1825 1729 remis-

1934 508 2032 549 nec
2063 493 2223 548 ullam
2255 494 2568 550 violentiam
2611 493 2836 564 jactura:
2885 495 3083 551 ibidem
3130 494 3332 552 inferre
3377 513 3510 568 prae-

1931 595 2144 652 sumat;
2195 587 2374 658 potius
2412 595 2590 642 autem
2629 589 2807 643 omnia
2857 589 2973 644 haec
3015 588 3263 659 superius
3299 577 3508 646 annexa

1931 679 2031 735 sub
2061 695 2238 734 annua
2265 687 2464 734 sanctae
2492 687 2690 734 nostra:
2717 679 2970 735 Ecclesiae
2998 679 3354 750 persolvenda
3385 697 3510 751 pen-

1931 770 2114 834 sione,
2162 784 2262 825 nec
2303 784 2412 824 non
2439 777 2494 826 et
2517 778 2733 825 centum
2762 769 2924 841 Kyrie
2950 769 3143 826 elcisan
3176 785 3276 841 pro
3309 772 3509 827 nostris

1931 861 2262 918 facinoribus
2290 861 2736 926 exclamandum,
2769 862 2849 916 sic
2875 877 2973 933 per
2996 857 3156 932 hujus
3185 863 3356 918 nostri
3395 863 3508 933 pri-

1928 953 2107 1024 Vilegii
2139 953 2386 1025 paginam
2433 967 2497 1009 ac
2541 951 2861 1008 auctoritate
2894 953 3097 1008 domini
3145 954 3319 1008 nostri
3358 952 3507 1008 beati

1927 1044 2074 1102 Petri
2099 1045 2358 1118 principis
2389 1044 2750 1115 apostolorum
2775 1045 2874 1101 sub
2893 1042 3016 1114 jure
3038 1052 3094 1100 et
3113 1045 3315 1101 ditione
3339 1045 3508 1117 ipsius

1927 1138 2240 1195 monasterii
2269 1139 2580 1209 perenniter
2605 1139 2969 1209 permanenda
2999 1137 3408 1204 conﬁrmamus,
3442 1139 3510 1194 ad

1925 1231 2138 1287 laudem
2170 1230 2548 1302 Redemptoris
2589 1232 2759 1286 nostri
2801 1229 3014 1286 Domini
3057 1245 3156 1301 pro
3200 1231 3510 1287 substenta-

1926 1323 2073 1380 tione
2107 1323 2517 1389 monacborum,
2550 1322 2658 1378 illic
2687 1320 2802 1391 ejus
2833 1322 3023 1378 matris
3051 1322 3282 1378 dominae
3310 1334 3510 1378 nostra:

1923 1417 2273 1474 servientium
2324 1416 2656 1482 clementiae,
2709 1427 2979 1487 quatenus
3029 1417 3133 1472 hoc
3184 1415 3507 1472 beneﬁcium

1923 1509 2092 1581 ipsius
2128 1509 2224 1564 Dei
2264 1508 2452 1564 famuli
2491 1507 2709 1579 adepti,
2758 1507 2928 1563 nostri
2979 1521 3249 1563 memores
3295 1507 3350 1562 in
3395 1505 3510 1562 suis

1922 1603 2158 1659 existant
2202 1601 2410 1657 crebris
2450 1599 2824 1666 orationibus,
2875 1600 3050 1670 ipsum
3080 1599 3248 1655 Deum
3287 1607 3508 1656 centum

1921 1693 2088 1767 Kyrie
2131 1695 2326 1750 eleison
2370 1694 2668 1750 exorando.
2720 1693 2846 1750 Haec
2879 1708 3008 1749 vero
3052 1693 3233 1749 omnia
3277 1709 3308 1749 a
3350 1693 3508 1750 nobis

227 1763 390 1859 δίοιξθ
437 1771 780 1831 Ρθ⁰⁰³ί⁰τ¹¹π¹
813 1772 1142 1859 νηοδξῖθτυω
1191 1772 1406 1819 cemum
1442 1761 1602 1835 Κειτίθ
1627 1763 1820 1820 είθίεοη
1848 1780 1894 1841 Β
1923 1761 2270 1844 corroborata
2306 1789 2360 1842 in
2392 1796 2714 1859 perpetuum
2761 1785 3086 1841 immntilata
3135 1786 3502 1856 permanenda

226 1857 541 1914 exclamare
591 1858 874 1914 studeatis.
941 1857 1052 1914 Hos
1103 1872 1232 1914 vero
1282 1873 1474 1914 omnes
1528 1859 1819 1929 przedietos

225 1947 452 2015 fundos,
483 1951 567 2008 vel
593 1951 782 2006 uncias
812 1951 1107 2007 existentes
1144 1967 1212 2008 ex
1249 1965 1480 2022 corpore
1504 1952 1818 2023 patrimonii

225 2040 403 2095 nostri
445 2040 761 2098 Sabinensis
803 2041 943 2114 juris
992 2051 1195 2098 sanctae
1239 2042 1519 2110 Romana),
1571 2043 1658 2099 cui
1707 2043 1818 2100 Deo

225 2139 454 2186 auctore
501 2131 866 2199 deservimus,
920 2132 1206 2200 Ecclesiae,
1243 2133 1538 2200 habentes,
1583 2133 1656 2188 ita
1687 2148 1818 2191 sane

224 2233 292 2278 ut
325 2240 353 2278 a
389 2234 439 2281 te
470 2225 683 2296 tuisque
715 2227 1126 2283 successoribus
1154 2226 1442 2283 abbatibus
1483 2227 1659 2284 sancti
1702 2243 1819 2283 mo-

225 2317 458 2372 nasterii
503 2317 728 2389 singulis
763 2319 1065 2390 quibusque
1111 2319 1496 2376 indictionibus
1541 2321 1817 2391 pensionis

223 2407 450 2463 nomine
481 2409 778 2465 rationibus
800 2423 826 2451 ει
860 2411 1244 2467 ecclesiasticis
1273 2429 1306 2467 χ
1339 2411 1456 2466 auri
1504 2413 1659 2468 solidi
1693 2429 1815 2484 per-

223 2497 535 2565 solvantur,
569 2498 880 2556 dillicultate
905 2503 1199 2573 postposita
1227 2503 1392 2566 omni,
1426 2517 1546 2573 quae
1574 2503 1816 2575 indigent

225 2588 577 2658 defensione;
627 2607 721 2648 seu
766 2593 1052 2650 meliorare
1077 2596 1330 2666 praedicta
1361 2595 1477 2651 loca
1505 2595 1814 2652 indifferen-

224 2693 317 2740 ter
342 2701 440 2741 vos
482 2687 600 2742 sine
645 2688 810 2743 dubio
851 2689 1155 2759 psoeuretis
1182 2687 1508 2754 eﬂicaciter;
1562 2689 1815 2761 nullaque

222 2789 493 2850 prazterea
522 2779 588 2835 ad
615 2780 845 2836 dandam
873 2797 1050 2838 annue
1074 2781 1388 2853 pensionem
1420 2798 1450 2837 a
1475 2781 1629 2838 vobis
1660 2797 1812 2838 mora

224 2872 554 2942 proveniat;
607 2872 702 2928 sed
742 2873 1058 2929 actionariis
1099 2881 1298 2929 sanctae
1326 2883 1526 2930 nostrae
1559 2870 1815 2928 Ecclesiae

224 2973 358 3036 apto
416 2973 657 3036 tempore
708 2965 1066 3036 persolvatur.
1148 2966 1462 3021 Slatuentes
1516 2964 1812 3036 apostolica

224 3071 459 3111 censura
513 3057 612 3111 sub
664 3057 1027 3113 anathema‘tis
1076 3056 1494 3123 interdictione,
1545 3064 1602 3110 et
1644 3056 1812 3112 divini

1921 1880 2216 1936 sancimus.
2257 1877 2312 1934 Si
2343 1879 2465 1950 quis
2492 1888 2690 1944 autem,
2724 1878 2866 1949 quod
2897 1894 3004 1935 non
3031 1886 3302 1949 optamus,
3337 1887 3507 1934 teme-

1920 1979 2071 2026 rator
2087 1969 2357 2026 exstiterit
2383 1970 2448 2026 de
2475 1969 2558 2024 his
2580 1985 2698 2040 qua:
2721 1984 2750 2024 a
2774 1968 2930 2025 nobis
2954 1969 3041 2040 pia
3069 1969 3506 2025 consideratione

1919 2064 2237 2122 conﬁrmata
2285 2072 2450 2130 sunt,
2499 2063 2636 2119 sciat
2679 2078 2738 2120 se
2783 2062 2984 2119 domini
3031 2063 3201 2119 nostri
3241 2063 3504 2136 principis

1917 2158 2285 2229 apostolorum
2307 2157 2450 2212 beati
2479 2156 2625 2212 Petri
2651 2157 2977 2214 auctoritate
2998 2156 3357 2212 anatltcmatis
3383 2155 3506 2210 vin-

1916 2251 2038 2308 culo
2069 2250 2383 2306 innodatum
2404 2291 2419 2314 ,
2466 2257 2521 2304 et
2555 2265 2678 2304 cum
2711 2249 2925 2304 diabolo
2959 2257 3016 2304 et
3048 2249 3300 2304 omnibus
3331 2257 3501 2304 teter-

1919 2343 2073 2398 rimis
2102 2341 2311 2414 pompis
2335 2339 2473 2409 ejus,
2495 2348 2654 2412 atque
2678 2356 2800 2395 cum
2827 2338 2963 2395 Juda
2995 2338 3256 2396 traditore
3286 2340 3503 2394 Domini

1875 2471 1881 2480 .
1917 2434 2087 2490 nostri
2120 2431 2245 2489 Jesu
2275 2431 2476 2489 Christi
2526 2433 2578 2486 in
2626 2440 2888 2488 mternum
2920 2429 3343 2502 inexstinguibili
3378 2430 3502 2500 igne

1916 2526 2240 2596 colligatum.
2276 2524 2450 2580 Porro
2476 2524 2566 2593 qui
2595 2532 2780 2579 custos
2809 2531 2863 2578 et
2891 2522 3209 2577 observator
3233 2519 3505 2575 exstiterit

1916 2615 2076 2685 hujus
2103 2623 2300 2670 nostrae
2330 2614 2636 2685 apostolica:
2667 2612 3042 2677 institutionis,
3064 2627 3183 2682 qum
3209 2627 3239 2666 a
3264 2609 3419 2665 nobis
3447 2609 3500 2663 in

1917 2708 2035 2779 ipso
2064 2706 2357 2762 venerabili
2391 2705 2719 2760 monasterio
2748 2719 3004 2760 concessa
3033 2712 3134 2767 est,
3165 2701 3500 2758 benedictio-

1920 2799 2006 2854 nis
2045 2799 2278 2867 gratiam
2307 2795 2582 2865 vitamque
2611 2804 2868 2849 :eternam
2913 2807 2942 2847 a
2986 2791 3498 2848 misericordissima

1915 2889 2025 2945 Deo
2051 2897 2240 2944 nostro
2265 2902 2448 2944 coram
2476 2885 2675 2942 sanctis
2701 2883 2953 2939 omnibus
2979 2891 3268 2938 mereatur.

1987 2981 2258 3052 Scriptum
2301 2995 2398 3050 per
2443 2994 2634 3033 manus
2675 2976 3048 3047 Christophori
3097 2973 3368 3031 scriniarii
3443 2972 3499 3029 in

1916 3091 2102 3132 mense
2134 3072 2411 3138 Januario,
2458 3071 2750 3127 indictione
2779 3068 2865 3125 10.
2909 3068 3059 3124 Bene
3087 3067 3281 3124 valete.

215 3145 410 3216 judicii
442 3148 919 3214 obtestationibus,
959 3147 1092 3203 nulli
1122 3163 1360 3218 unquam
1402 3146 1561 3206 liceat
1592 3155 1807 3203 nostro-
1837 3182 1840 3207 4

1984 3169 2177 3224 Datum
2209 3183 2239 3221 χ
2277 3165 2546 3220 Kalendas
2571 3163 2847 3218 Februarii
2889 3179 2986 3234 per
3013 3178 3207 3218 manus
3227 3161 3496 3218 Theodori

221 3251 349 3293 rum
373 3251 741 3293 successorum
766 3237 1010 3302 Patrum,
1036 3236 1121 3292 vel
1146 3237 1263 3292 alia:
1289 3251 1495 3306 magna:
1518 3251 1808 3307 parvaeque

219 3344 492 3401 personae,
523 3345 588 3384 ex
618 3321 748 3401 ipsis
776 3329 934 3395 locis,
965 3329 1145 3386 fundis
1173 3339 1228 3386 et
1255 3329 1522 3386 casalibus
1542 3371 1556 3396 ,
1606 3345 1727 3400 qua:
1773 3347 1804 3387 a

219 3421 486 3492 praedicto
515 3422 714 3478 domno
741 3422 986 3502 Adriano.
1007 3437 1144 3493 papa
1173 3422 1297 3477 data
1327 3431 1471 3484 sunt,
1503 3431 1559 3476 et
1588 3437 1619 3477 a
1651 3421 1807 3478 nobis

219 3515 546 3571 conﬁrmata
572 3557 587 3582 ,
638 3517 777 3573 sicut
829 3517 1075 3588 superius
1103 3515 1316 3589 legitur,
1360 3517 1413 3571 in
1447 3516 1714 3588 integrum
1749 3516 1806 3572 in

220 3622 330 3663 usu
357 3615 414 3662 et
442 3607 677 3663 utilitate
708 3608 879 3664 sancti
911 3607 1261 3674 monasterii,
1310 3606 1526 3678 penitus
1569 3606 1793 3663 auferre.

295 3734 325 3764 ι
351 3722 437 3778 An
467 3724 646 3794 potius
671 3723 1038 3790 rationalibus,
1071 3730 1164 3778 aut
1183 3719 1510 3787 actionariis,
1541 3727 1603 3775 ut
1626 3717 1768 3776 infra

1915 3259 2332 3318 nomenclatoris
2380 3266 2579 3338 sanctte
2627 3255 2768 3312 sedis
2819 3255 3153 3326 apostolicae,
3197 3255 3498 3326 imperante

1911 3355 2110 3412 domno
2146 3352 2417 3408 Ludovico
2448 3349 2689 3422 piissimo
2710 3349 2949 3420 Augusto
2997 3365 3027 3404 a
3081 3349 3190 3404 Deo
3240 3356 3498 3403 coronato

1913 3462 2110 3519 magno
2128 3445 2356 3518 paciﬁco
2378 3445 2702 3516 imperatore
2728 3457 2872 3497 anno
2887 3440 2940 3508 5,
2962 3449 3017 3497 et
3041 3440 3358 3512 patriciatus
3377 3440 3498 3512 ejus

1913 3555 2056 3597 anno
2083 3538 2138 3606 5,
2168 3536 2462 3594 indictione
2493 3533 2580 3592 10.

235 3893 3489 3930 ww

1733 4067 1956 4196 III.

1261 4315 2272 4434 rnscnnus
2348 4320 2476 4431 ι.
2819 4286 2831 4294 ’

329 4783 612 4826 Ρλεειιλιιε
643 4783 662 4825 ι
707 4784 874 4825 ΒυιιΑ
910 4783 1014 4825 PRO
1050 4781 1387 4824 IOHASTERIO
1423 4778 1697 4822 FABl-‘ENSI.

833 4868 1014 4953 ’(Αιιηο
1049 4881 1197 4954 817.)

222 4993 402 5067 [Apud
441 4993 814 5060 Muratorium,
857 4991 976 5050 Rer.
1010 4992 1137 5048 Ital.
1168 4991 1362 5063 Script.
1391 4991 1455 5056 11,
1480 5006 1542 5056 ll,
1572 5006 1626 5061 p.
1653 4986 1802 5062 517]

293 5085 589 5161 ΡΑέειιΑιις
622 5106 921 5176 episcopus,
951 5119 1140 5159 servus
1167 5119 1444 5159 servorum
1475 5104 1593 5169 Dei,
1613 5103 1807 5158 dilecto

223 5197 277 5252 in
327 5197 542 5252 Christo
577 5198 685 5253 ﬁlio
729 5198 992 5254 lxcoawo
1039 5199 1218 5253 abbati
1252 5197 1564 5252 monasterii
1607 5205 1809 5252 sancta:

223 5286 430 5352 Mariae,
456 5290 599 5357 quod
623 5290 840 5358 ponitur
863 5290 914 5343 in
942 5288 1120 5353 Fat-fa,
1157 5291 1207 5344 in
1240 5289 1358 5346 loco
1381 5290 1470 5360 qui
1499 5290 1808 5345 nominatur

220 5380 541 5446 Acutianus,
566 5380 777 5451 tuisque
803 5381 1208 5436 successoribus
1238 5381 1289 5435 in
1317 5390 1658 5452 perpetuum.

293 5469 428 5524 Cum
479 5485 670 5541 magna
716 5469 1074 5525 sollicitudine
1122 5470 1275 5525 nobis
1319 5471 1485 5526 instat
1530 5485 1659 5526 cura
1708 5487 1807 5542 pro

221 5561 496 5618 universis
525 5561 618 5616 Dei
660 5561 916 5618 Ecclesiis
958 5577 1023 5617 ac
1060 5561 1218 5617 bonis
1248 5562 1379 5617 locis
1417 5563 1689 5633 vigilandi,
1739 5578 1808 5618 ne

224 5651 464 5723 aliquam
494 5655 838 5709 necessitatis
861 5654 1131 5726 jacturam
1155 5655 1488 5720 sustineant,
1517 5657 1610 5711 sed
1637 5657 1806 5727 magis

223 5745 460 5815 propriae
488 5745 736 5806 utilitatis
765 5746 1037 5817 stipendia
1067 5757 1500 5818 consequantur;
1529 5747 1650 5804 ideo
1671 5763 1801 5805 con-

1828 4647 1882 4710 D
1907 4646 2056 4702 venit
2096 4660 2194 4701 nos
2221 4642 2480 4716 pastorali
2511 4653 2620 4700 tota
2659 4643 2854 4701 mentis
2883 4642 3143 4702 aviditate
3177 4647 3491 4704 eorumdem

1907 4739 2297 4797 venerabilium
2325 4739 2562 4794 locorum
2593 4739 2840 4793 maximm
2869 4736 3182 4792 stabilitatis
3209 4739 3491 4810 integrita-

1909 4838 2014 4886 tem
2041 4845 2356 4901 procurare,
2391 4839 2446 4886 et
2487 4828 2670 4884 sedule
2696 4842 2882 4882 eorum
2927 4827 3218 4882 utilitatum
3251 4827 3488 4884 subsidia

1909 4920 2019 4978 illic
2055 4919 2325 4986 conferre,
2377 4928 2434 4974 ut
2483 4921 2592 4974 Deo
2633 4929 2820 4973 nostro
2860 4917 3215 4988 omnipotenti
3253 4918 3305 4972 id
3347 4919 3494 4989 quod

1907 5028 2004 5083 pro
2028 5011 2144 5081 ejus
2172 5011 2341 5066 sancti
2367 5011 2600 5066 nominis
2624 5027 2830 5078 amore,
2860 5019 2916 5066 et
2936 5010 3114 5076 laude,
3137 5020 3299 5082 atque
3320 5013 3490 5082 gloria

1914 5100 2029 5170 ejus
2049 5103 2240 5157 divinm
2263 5099 2582 5170 majestatis.
2603 5100 2720 5170 ejus
2740 5102 3135 5157 venerabilibus
3163 5119 3262 5156 nos
3283 5113 3488 5158 certum

1912 5205 1994 5251 est
2024 5193 2313 5251 contulisse
2343 5192 2494 5259 locis,
2525 5193 2699 5262 sitque
2724 5192 3053 5262 acccptabile
3082 5194 3256 5259 nobis,
3279 5210 3398 5263 qum
3424 5194 3489 5248 ad

1911 5286 2026 5356 ejus
2055 5285 2527 5356 locupletissimam
2552 5284 2976 5342 misericordiam
3003 5284 3160 5354 digna
3185 5284 3488 5354 hujusmodi

1908 5380 1983 5451 pii
2010 5380 2188 5450 operis
2217 5379 2270 5433 in
2297 5378 2522 5434 sidereis
2537 5376 2848 5434 conferatur
2868 5378 3083 5434 arcibus
3105 5380 3488 5434 remuneratio.

1907 5473 2077 5543 Igitur
2101 5473 2226 5543 quia
2249 5472 2463 5542 petistis
2489 5487 2520 5526 a
2548 5471 2702 5527 nobis
2729 5480 2997 5542 quatenus
3025 5487 3092 5529 ex
3117 5481 3300 5529 nostra
3328 5471 3490 5543 largi-

1911 5574 2018 5620 tate
2048 5572 2339 5633 nostroque
2369 5561 2510 5616 dono
2550 5564 2972 5619 concederemus
3004 5572 3199 5618 vestrm
3231 5562 3488 5632 religiosi.

1907 5658 2002 5712 tati
2031 5656 2336 5711 monasterii
2358 5656 2520 5711 vestri
2542 5655 3009 5712 conﬁrmationem
3029 5697 3046 5721 ,
3069 5655 3490 5725 eorumdemque

1906 5748 2172 5804 bonorum
2205 5751 2332 5818 quae
2381 5745 2542 5802 habet
2593 5746 2798 5803 amo'do
2833 5756 2889 5804 et
2935 5747 3246 5806 habiturum
3289 5747 3396 5804 erit
3439 5749 3490 5802 in
