3930 5652
182 293 286 350 981

1566 293 1944 352 PASCHALIS
1982 291 2026 350 ἱ.

3349 283 3453 338 982

180 406 488 485 inVipera,
523 405 716 470 cellam
749 409 921 464 sancti
980 409 1124 464 Petri
1173 410 1226 464 in
1264 407 1493 464 Vairano
1519 449 1534 473 ,
1584 410 1775 464 cellam
1805 419 1853 476 Α
1882 407 2077 463 ibidem
2108 404 2490 474 quoquomodo
2527 404 2727 461 inferre
2755 446 2770 471 ,
2796 419 2918 464 cum
2960 413 3238 476 praelatum
3266 410 3454 474 peren-

178 498 360 553 sancti
405 496 550 572 Petri
596 489 668 550 in'
702 498 945 554 Tontole.
979 500 1108 555 ltem
1139 500 1528 556 monasterium
1561 499 1770 553 Domini

179 589 488 646 Salvatoris
535 589 587 643 in
615 589 800 654 Alil'as,
832 579 1021 645 cellam
1054 592 1226 646 sancti
1272 589 1530 647 Johannis
1582 591 1634 644 in
1683 591 1772 645 Li-

178 683 327 746 sine,
388 681 652 738 etsancti
697 680 923 748 Focati,
976 683 1163 738 cellam
1218 684 1386 740 sancti
1432 684 1654 739 Joannis
1716 692 1772 738 et

177 771 362 825 sancti
410 771 623 825 Martini
668 772 721 826 in
768 772 1033 839 Luceria,
1082 775 1270 831 cellam
1302 777 1472 831 sancti
1507 773 1770 831 Viueentii

176 864 233 916 in
263 863 521 927 Canusia,
552 864 739 918 cellam
771 867 943 920 sancti
975 867 1243 923 Vincentii
1301 869 1353 922 in
1389 869 1580 923 Tranis
1610 911 1624 934 ,
1658 869 1768 924 cel-

157 949 288 1009 lam
322 957 494 1011 sancti
533 956 798 1012 Vincentii
835 960 885 1013 in
917 961 1139 1030 Siponto
1169 1003 1182 1025 ,
1219 962 1407 1016 cellam
1439 964 1609 1017 sancti
1646 965 1771 1020 Vin-

175 1048 340 1101 centii
390 1057 445 1102 et
495 1051 664 1104 sancti
721 1052 907 1122 Angeli
962 1054 1012 1106 in
1074 1054 1322 1120 Telesia,
1378 1055 1565 1109 cellam
1597 1039 1768 1110 sancti

177 1139 456 1194 Vincentii
488 1141 540 1194 in
574 1141 774 1204 Toccu,
811 1143 996 1197 cellam
1045 1146 1217 1198 sancti
1251 1146 1512 1200 Vincentii
1560 1147 1611 1200 in
1667 1147 1772 1200 Ca-

168 1229 288 1301 jati,
318 1229 513 1286 cellam
559 1233 730 1287 sancti
755 1232 1018 1288 Vincentii
1045 1235 1094 1288 in
1136 1235 1338 1300 Cumis,
1380 1236 1566 1290 cellam
1597 1238 1769 1292 sancti

178 1321 452 1376 Vincentii
505 1323 558 1378 in
609 1323 931 1391 Tremojola,
979 1326 1166 1381 cellam
1213 1329 1383 1382 sancti
1413 1329 1681 1384 Vincentii
1711 1331 1765 1385 ir.-

169 1413 337 1466 ﬂnvio
367 1412 695 1478 Thusciano,
727 1416 918 1470 cellam
963 1418 1137 1472 sancti
1191 1419 1459 1472 Vincentii
1505 1420 1556 1472 in
1611 1419 1770 1475 ﬁuvio

171 1501 368 1567 Tersa,
402 1505 596 1560 cellam
637 1508 811 1580 sancti
844 1507 1108 1566 Vincentii
1139 1511 1188 1562 in
1222 1509 1550 1574 Pettoriano,
1581 1511 1769 1564 cellam

171 1592 350 1645 sancti
387 1592 658 1647 V'incentii
700 1603 753 1649 et
797 1598 964 1652 sancti
1014 1599 1200 1667 Angeli
1262 1599 1310 1651 in
1359 1600 1606 1654 lsernias.
1636 1599 1768 1654 Item

171 1673 570 1736 monasterium
595 1685 766 1739 sancti
801 1671 1014 1758 Georgii
1046 1689 1182 1742 inl'ra
1218 1689 1611 1744 Salernitanam
1640 1691 1770 1745 civi-

1872 500 2030 561 niter,
2066 506 2122 551 ut
2151 497 2352 551 dictum
2400 507 2513 562 est,
2545 498 2929 552 monasterimn
2977 496 3130 557 ﬁrma
3162 495 3455 570 stabilitate

1832 612 1834 614 ν
1871 590 2266 645 decreverimus
2322 591 2422 644 sub
2471 589 2844 659 iurisdictione
2893 597 2945 644 et
2986 588 3209 644 tuitione
3251 600 3454 652 sanctae

1871 689 2070 734 nostrae
2110 678 2363 733 Ecclesia:
2408 681 2850 748 permanendum.
2884 663 3457 762 Promulgantesquo-

1871 788 1995 844 que,
2034 783 2086 828 et
2116 773 2217 827 hoc
2251 775 2571 827 auctoritate
2603 774 2743 849 beati
2777 772 3139 844 apostolorum
3173 771 3452 854 principis,

1871 881 2050 919 coram
2103 866 2212 918 Deo
2280 875 2334 918 et
2383 863 2500 933 ejus
2557 863 2778 918 terribili
2829 863 3077 940 examine
3130 860 3308 916 futuro
3359 878 3457 933 per

1873 941 2220 1026 hujus-nostri
2255 957 2530 1026 apostolici
2560 956 2820 1026 privilegii
2851 965 3010 1026 atque
3049 953 3328 1009 constituti
3360 970 3457 1023 pa-

1873 1053 2052 1119 ginam
2087 1091 2101 1114 ,
2156 1052 2424 1104 sancimus
2477 1059 2636 1118 atque
2686 1049 3029 1105 decernimus
3082 1059 3141 1103 ut
3214 1049 3457 1124 diversas

1873 1143 2108 1196 locorum
2142 1145 2523 1212 possessiones,
2555 1160 2674 1214 qua:
2717 1125 2772 1197 a'
2796 1143 3044 1214 regibus,
3095 1142 3178 1198 vel
3207 1141 3456 1206 ducibus,

1871 1235 1958 1288 vel
1997 1235 2321 1298 calstaldeis,
2370 1245 2422 1289 et
2467 1237 2687 1307 reliquis
2717 1236 3040 1306 Christianis
3075 1236 3271 1314 largita
3298 1244 3458 1304 atque

1873 1327 2048 1380 oblata
2083 1337 2239 1391 sunt,
2287 1337 2376 1380 aut
2421 1329 2471 1382 in
2511 1332 2850 1398 postmodum
2899 1331 3009 1404 illic
3060 1344 3314 1390 concessa
3343 1328 3459 1394 fueg—

1871 1409 2005 1480 rint,
2047 1416 2198 1469 ﬁrma
2233 1417 2522 1472 stabilitate
2561 1419 2668 1488 jnri
2703 1421 2869 1488 ipsius
2899 1419 3108 1490 praefati
3141 1418 3458 1501 monasterii

1873 1513 2150 1568 existenda
2202 1524 2361 1583 atque
2410 1514 2460 1567 in
2516 1525 2826 1585 perpetuum
2864 1515 3228 1588 permanenda
3274 1514 3461 1584 statui-

1868 1589 2013 1658 mus.
2043 1605 2149 1658 Nec
2186 1607 2343 1658 liceat
2369 1647 2383 1669 ,
2418 1615 2473 1658 ut
2504 1607 2700 1660 dictum
2731 1617 2828 1672 est,
2869 1625 2936 1662 ex
2958 1607 3072 1675 ejus
3096 1608 3180 1664 vel
3209 1607 3458 1676 erunibus

1875 1695 2112 1764 ejusdem
2162 1697 2470 1750 monasterii
2509 1698 2843 1766 pertinentiis
2885 1699 3133 1768 cuiquam
3187 1697 3460 1772 molestias

173 1784 368 1840 tatem,
411 1777 796 1831 monasterium
847 1780 1016 1833 sancti
1067 1780 1277 1834 Martini
1333 1783 1381 1835 in
1417 1782 1591 1836 Monte
1628 1782 1769 1836 Ellar-
1797 1766 1844 1824 Β
1876 1786 2094 1851 inferre,
2148 1787 2229 1840 vel
2282 1787 2383 1840 sibi
2444 1787 2639 1840 donata
2686 1775 2895 1840 auférrc
2943 1766 3258 1857 aiprzelato,
3299 1786 3456 1855 juxta

171 1867 306 1932 sieo,
340 1871 730 1925 monasterium
754 1883 953 1927 sancta:
979 1873 1248 1929 Columbm
1275 1877 1324 1928 in
1357 1875 1486 1930 Sera
1514 1919 1527 1942 ,
1575 1878 1764 1934 cellam

171 1963 349 2016 sancti
384 1962 578 2018 Donati
607 1965 656 2018 in
696 1963 942 2031 Canuno,
971 1978 1020 2022 et
1045 1970 1213 2022 sancti
1239 1969 1455 2035 .luliani,
1480 1972 1766 2027 ecclesiam

170 2054 352 2107 sancti
379 2053 547 2109 Mauri
583 2056 633 2110 in
663 2057 926 2128 Anglone,
954 2069 1006 2114 et
1053 2061 1223 2115 sancti
1258 2060 1543 2126 Valentini,
1575 2063 1766 2117 cellam

171 2153 382 2198 sanctt‘e
433 2144 622 2201 Crucis
672 2147 727 2201 in
786 2147 962 2202 Monte
1017 2150 1289 2215 Marsico,
1345 2151 1531 2205 cellam
1595 2155 1766 2208 sancti

173 2233 367 2289 Hilarii
424 2237 476 2290 in
531 2237 768 2294 Calinole
804 2281 820 2306 ,
887 2241 1074 2295 cellam
1157 2246 1330 2298 sancti
1398 2244 1658 2300 Vincentii
1715 2247 1767 2300 in

173 2330 403 2396 Suessa,
442 2331 630 2387 cellam
673 2343 871 2389 sancte
903 2333 1124 2406 Agathac
1167 2338 1218 2391 in
1243 2337 1487 2400 Tereino,
1515 2347 1570 2393 et
1598 2339 1769 2394 cccle—

172 2423 312 2476 siam
346 2425 515 2479 sancti
549 2425 789 2497 Gregorii
819 2427 870 2480 in
899 2427 1096 2482 lllatcse
1117 2469 1130 2491 ,
1164 2428 1352 2483 cellam
1382 2430 1550 2483 sancti
1598 2430 1767 2484 Sossii

174 2515 229 2568 in
259 2514 517 2571 Liburias
547 2532 669 2572 cum
719 2517 914 2589 inclyte
946 2520 1170 2594 Cualdo.
1221 2519 1278 2573 In
1317 2521 1401 2574 his
1429 2520 1680 2574 omnibus
1716 2529 1771 2578 et

174 2607 300 2660 aliis
331 2605 436 2661 sibi
475 2605 601 2676 jure
648 2609 1042 2678 pertinentibus
1077 2612 1456 2690 praecipimus,
1499 2613 1769 2666 interdici-

175 2717 300 2755 mus
327 2716 392 2755 ac
440 2710 822 2770 protestantur,
872 2712 928 2756 ut
985 2704 1158 2759 nullus
1207 2704 1442 2774 qualibet
1483 2705 1769 2760 ecettsiene

173 2793 332 2848 dolos
366 2793 451 2848 vel
507 2794 874 2850 immissiones
905 2795 1112 2866 aliquas
1160 2797 1404 2868 ingerere
1455 2804 1767 2866 praesumat.

172 2882 541 2941 Concedimus
594 2887 756 2942 etiam
815 2889 968 2942 vobis
1013 2889 1316 2958 vestrisque
1368 2889 1770 2944 successoribus

174 2976 470 3032 abbatibus
501 2977 604 3032 hac
649 2986 833 3033 nostra
863 2979 1117 3047 prmsenti
1145 2979 1468 3036 auctoritate
1495 2979 1769 3034 licentiam

173 3067 490 3136 apostolica)
554 3069 698 3125 sedis
751 3081 947 3128 nostrae
1006 3071 1301 3142 quamlibet
1341 3072 1767 3128 Christianitatis

171 3157 408 3212 formam
438 3159 799 3230 indigentibus
828 3162 879 3216 in
915 3163 1135 3233 praefato
1165 3163 1452 3218 venerabili
1499 3176 1769 3218 monasm-
1797 3131 1844 3192 Ο

175 3250 259 3304 rio
302 3249 565 3306 invitandi
617 3266 775 3320 quem
808 3254 1086 3308 volueritis
1131 3254 1437 3324 episcopum
1470 3296 1483 3318 ,
1515 3255 1768 3310 similiter

173 3342 242 3393 ad
277 3340 539 3398 ecclesias
573 3345 990 3420 consecrandas,
1035 3344 1112 3400 vel
1149 3346 1516 3401 ordinationes
1547 3345 1768 3402 clerico-

176 3449 325 3496 l‘llttt,
357 3441 451 3487 aut
492 3436 832 3492 sacerdotum
877 3453 972 3506 per
1005 3447 1242 3509 tempora
1285 3437 1579 3510 faciendas.
1612 3439 1769 3496 Chri-

175 3540 297 3579 sma
361 3541 490 3580 vero
534 3534 589 3582 et
637 3527 1105 3583 conﬁrmationem
1158 3545 1188 3583 a
1224 3529 1559 3598 beneplacito
1617 3531 1771 3588 vobis

176 3614 440 3685 episcopo
493 3616 806 3686 acquiratis.
858 3617 1229 3674 Protestamur
1277 3619 1438 3673 etiam
1487 3628 1545 3673 ut
1590 3618 1771 3672 nullus

177 3709 474 3780 cpiscopus
520 3709 712 3770 exinde
748 3712 941 3768 debeat
965 3712 1342 3768 subdiaconem
1373 3715 1438 3768 ad
1465 3728 1616 3766 suam
1643 3727 1772 3782 syn-

178 3800 386 3854 nodum
419 3815 732 3870 provocare,
762 3803 862 3858 nisi
887 3803 1028 3857 illius
1057 3802 1218 3857 fuerit
1246 3804 1464 3872 propria
1499 3802 1770 3869 voluntas,

181 3899 282 3943 aut
318 3891 567 3946 abbatem
589 3891 673 3945 vel
701 3879 1021 3949 monachum
1052 3894 1194 3949 nullo
1222 3895 1378 3949 modo
1415 3894 1660 3964 judicare
1687 3895 1775 3951 vel

181 3981 695 4048 excommunicare,
737 3992 830 4037 aut
855 3998 1070 4039 omnem
1098 3982 1380 4052 cujuslibet
1407 3984 1647 4040 ecclesia:
1678 3999 1772 4040 sa-

183 4073 465 4129 cerdotem
495 4076 545 4129 in
570 4074 794 4147 praefato
814 4076 1104 4132 venerabili
1133 4077 1461 4134 monasterio
1481 4076 1778 4154 quamlibet

185 4163 395 4220 habere
434 4163 710 4232 ditionem,
754 4176 948 4237 praeter
1000 4170 1180 4224 sedem
1239 4172 1587 4242 apostolicam
1616 4213 1630 4239 ,
1669 4174 1779 4238 hac

187 4263 381 4310 nostra
409 4255 730 4310 auctoritate
760 4257 1124 4328 prohibemus,
1152 4261 1228 4316 ita
1259 4271 1316 4318 ut
1350 4261 1454 4320 nisi
1480 4263 1550 4318 ab
1577 4262 1778 4320 abbate

1874 1877 2016 1948 quod
2052 1877 2352 1946 subjectum
2389 1878 2574 1931 iisdem
2623 1878 3022 1932 venerabililms
3067 1880 3196 1934 locis
3245 1888 3458 1948 αροειοτ

1873 1969 1994 2022 licis
2033 1968 2291 2022 institutis
2323 1979 2482 2035 atque
2514 1969 2802 2038 privilegiis
2837 1970 3094 2034 constitit,
3126 1971 3459 2030 inconcussa;

1874 2067 2244 2130 permaneant.
2284 2059 2345 2110 Et
2371 2057 2525 2111 liceat
2553 2059 2773 2112 eosdem
2800 2061 3095 2114 monachos
3117 2062 3180 2114 de
3204 2077 3298 2115 sua
3330 2077 3460 2118 eone

1875 2149 2189 2219 grcgatione
2220 2164 2433 2217 semper
2464 2150 2710 2203 abbatem
2743 2149 2972 2220 eligere;
3017 2160 3072 2204 et
3098 2152 3254 2204 liccat
3285 2153 3458 2220 ipsum

1875 2240 2127 2293 abbatem
2157 2257 2282 2294 suos
2317 2241 2406 2308 qui
2442 2223 2908 2310 fuerintjudicare
2932 2244 3248 2306 monachos,
3275 2253 3325 2296 ct
3355 2258 3459 2318 non

1876 2331 2045 2383 solum
2097 2331 2248 2384 virile
2298 2331 2682 2385 monasterium
2717 2373 2731 2396 ,
2785 2333 2878 2387 sed
2934 2341 2989 2387 et
3046 2333 3305 2386 muliebre
3357 2332 3461 2394 sibi

1877 2421 2197 2489 subjectum.
2233 2421 2288 2475 Si
2338 2421 2457 2490 quis
2496 2434 2673 2476 autem
2725 2424 2890 2492 (quod
2936 2439 3040 2478 non
3068 2422 3336 2493 optamus)
3368 2436 3462 2477 nec

1877 2515 2013 2568 fat-io
2045 2532 2176 2568 ausa
2212 2518 2614 2586 pucsmnpserit
2656 2519 2768 2571 haec
2818 2533 2936 2586 quae
2974 2535 3002 2570 a
3042 2519 3198 2573 nobis
3237 2519 3303 2573 ad
3353 2518 3464 2574 laus

1875 2607 1997 2660 dem
2049 2608 2139 2660 Dei
2193 2625 2288 2678 pro
2341 2609 2633 2663 stabilitate
2665 2611 2776 2680 jam
2817 2611 2943 2688 dicti
2985 2611 3304 2667 venerabilis
3349 2629 3464 2665 ino-

1878 2700 2096 2751 nastcrii
2149 2709 2349 2753 statuta
2399 2710 2550 2764 sunt,
2601 2700 2895 2772 refragare,
2951 2713 3044 2756 aut
3086 2703 3138 2756 in
3190 2719 3462 2774 quoquam

1881 2789 2153 2844 transilire
2233 2792 2678 2860 prmsmnpserit,
2746 2793 2846 2846 nisi
2903 2793 3060 2865 digna
3126 2795 3464 2863 pwttitudine

1874 2883 2246 2936 emcmlavcrit
2279 2923 2294 2946 ,
2346 2884 2704 2940 anathematis
2757 2884 2970 2941 vinculo
3031 2886 3350 2949 innodatus,
3409 2896 3465 2940 et

1875 2992 2000 3031 enm
2032 2975 2266 3040 diabolo,
2315 2986 2370 3030 et
2419 2977 2536 3046 ejus
2585 2978 2957 3043 atrocissimis,
2999 2987 3160 3049 atque
3185 2977 3323 3034 Juda
3355 2988 3465 3034 tra-

1875 3067 2051 3121 ditore
2079 3067 2290 3121 Domini
2338 3068 2506 3122 nostri
2553 3065 2677 3122 Jcsu
2719 3069 2956 3133 Christi,
2985 3079 3188 3125 aeterno
3219 3071 3465 3134 incendio

1873 3159 2305 3212 concremamlns
2346 3159 2656 3226 deputetur.
2700 3160 2772 3212 At
2817 3162 2908 3230 qui
2939 3161 3026 3231 pio
3053 3161 3250 3226 intuitu
3274 3163 3465 3217 obser-

1873 3260 2031 3303 vator
2080 3250 2131 3303 in
2180 3250 2430 3305 omnibus
2487 3252 2802 3316 exstiterit,
2861 3253 3171 3308 custodiens
3216 3264 3464 3318 nostrum

1875 3343 2228 3413 apostolicam
2257 3344 2611 3400 constitutum
2637 3347 2702 3400 ad
2724 3345 2924 3400 cultum
2947 3347 3038 3404 Dei
3063 3347 3466 3422 respicientem,

1875 3435 2268 3508 benedictionis
2321 3436 2550 3506 gratiam
2597 3451 2628 3490 a
2695 3435 3200 3493 misericordissimo
3237 3437 3464 3491 Domino

1876 3524 1986 3580 Deo
2032 3535 2218 3579 nostro
2267 3525 2634 3604 multipliciter
2683 3537 3089 3598 consequatur,
3139 3538 3194 3584 et
3247 3539 3462 3584 :eternte

1877 3617 1998 3670 vita:
2026 3618 2293 3686 particeps
2324 3617 2458 3672 eﬁici
2491 3630 2797 3692 mereatur.
2829 3621 2973 3678 Bene
3001 3623 3193 3678 valete.

1950 3710 2220 3779 Scriptura
2252 3725 2347 3780 per
2379 3728 2566 3768 manus
2616 3713 2934 3770 Theoderici
2965 3717 3231 3776 scriniarii
3263 3728 3473 3774 sanctae.

1877 3801 2138 3858 Romana:
2200 3804 2457 3861 Ecclesiae
2501 3806 2554 3860 in
2615 3823 2799 3864 mense
2851 3809 3032 3876 Julio,
3086 3812 3196 3865 imi.
3254 3813 3360 3877 1‘2,
3411 3815 3476 3868 in:

1878 3900 2248 3970 sacratissima
2329 3901 2444 3956 uade
2529 3903 2672 3958 beati

1879 3999 2074 4068 quarto
2098 3992 2442 4063 pontiﬁcatus
2465 3994 2644 4048 domni
2673 3994 2953 4059 Paschalis
2976 4013 3126 4067 papae
3157 3999 3336 4067 primi.

2763 3905 2910 3960 Petri
2978 3906 3248 3976 apostoli,
3320 3923 3463 3962 anno

2627 4108 2714 4162 IV.

1883 4211 2198 4254 PASCKALISI
2230 4214 2484 4256 EPISTOLA
2508 4218 2574 4255 AD
2598 4215 2769 4255 ΟΜΝΕὸ
2788 4219 3134 4260 εωιιδτιΑΝοε
3163 4221 3228 4259 AD
3265 4223 3471 4261 PARTES

2513 4287 2813 4336 AQUILONIS.

191 4345 510 4399 monasterii
549 4345 708 4400 fuerit
752 4348 1021 4414 invitatus,
1071 4366 1169 4408 nec
1211 4355 1466 4424 misarum
1515 4357 1784 4422 solemnia
1883 4360 2222 4434 Commendat
2277 4363 2507 4416 Ebonem
2553 4365 2992 4434 archiepiscopum
3040 4365 3376 4421 Rhemensem
3420 4380 3467 4422 et

192 4436 392 4491 ibidem
425 4435 697 4492 celebrare
722 4451 1030 4509 praesumat.
1067 4441 1353 4509 Volumus,
1397 4454 1450 4518 et
1485 4447 1780 4518 apostolica

195 4524 530 4594 injungimus
551 4529 869 4586 auctoritate
888 4531 1040 4600 vobis
1061 4535 1360 4604 vestrisque
1375 4517 1792 4594 successoribus.

195 4618 502 4685 abbatibus,
548 4620 638 4690 qui
679 4620 874 4678 ibidem
925 4623 978 4678 in
1018 4635 1256 4702 tempore
1301 4626 1497 4684 fuerint
1524 4630 1780 4696 ordinati,

199 4719 257 4764 ut
301 4711 347 4765 si
377 4711 687 4767 sacerdotes
717 4711 801 4768 vel
848 4713 1030 4770 clerici
1073 4717 1137 4772 de
1185 4734 1504 4788 quacunque
1550 4719 1789 4778 ecclesia

199 4801 450 4856 venerint
475 4801 543 4855 ad
589 4800 938 4858 habitandum
988 4805 1038 4858 in
1087 4809 1502 4878 congregatione
1533 4809 1790 4876 ﬁ‘atrmn,

201 4891 316 4947 sive
344 4891 412 4947 ad
443 4893 818 4948 monachicum
846 4895 1242 4966 suscipiendum
1285 4898 1548 4966 habitum,
1599 4900 1784 4955 statim

204 4985 554 5057 recipiantur.
599 4985 907 5042 Statuentes
950 4991 1239 5060 apostolica
1286 4992 1501 5064 insuper
1531 5007 1780 5057 censura,

206 5075 317 5130 sub‘
347 5077 512 5131 divini
549 5076 737 5150 judicii
769 5079 1142 5147 obtestatione,
1173 5081 1268 5140 sed
1308 5092 1364 5137 et
1406 5083 1594 5140 validis
1623 5092 1785 5151 atque

210 5157 564 5225 atrociOribus
593 5169 952 5224 anathematis
981 5159 1463 5241 interdictionihus,
1503 5185 1562 5231 ut
1607 5173 1787 5229 nullus
1866 5239 1874 5246 _

211 5275 439 5330 unquam
492 5266 826 5332 pratsumat,
858 5259 1167 5332 cujusquam
1215 5263 1488 5333 dignitatis
1529 5263 1788 5338 prieditus

213 5441 382 5495 causis
413 5441 723 5490 inmlmhnrn
790 5443 872 5468 ητα
921 5437 933 5444 -
1067 5445 1074 5447 .

1979 4431 2356 4502 Halitgarium,
2387 4434 2543 4500 [idem
2580 4431 2775 4486 C/trt'SIi
2793 4431 3138 4507 propagatum
3158 4438 3363 4500 missos.

2507 4521 2683 4589 (Anno
2711 4520 2859 4590 8°22.)

1892 4608 2069 4682 [Apud
2116 4610 2509 4698 Lappenherg,
2555 4611 2994 4683 llamburgiscltes
3045 4615 3172 4670 Urit.
3225 4631 3346 4687 pag.
3391 4618 3482 4689 9.].

1964 4722 2259 4777 Pascnaus
2292 4722 2596 4792 episcopus,
2630 4737 2818 4780 servus
2865 4738 3144 4783 servorum
3186 4725 3302 4791 Dei,
3355 4729 3477 4781 uni-

1891 4813 2066 4868 versis
2092 4811 2448 4866 sanctissimis
2469 4811 2745 4878 fratribus,
2768 4815 3126 4889 coepiscopis,
3145 4818 3479 4888 presbyteris

1893 4919 1990 4965 seu
2017 4905 2228 4961 caeteris
2254 4903 2635 4964 ecclesiasticis
2653 4906 2938 4964 ordinibus
2969 4909 3492 4983 gloriosissimisque.

1891 4998 2250 5068 principibus,
2299 4998 2546 5068 ducibus,
2591 5001 2706 5057 sive
2756 5004 3064 5072 magnificis
3093 5000 3384 5060 comitibus
3433 5011 3488 5057 et

1893 5090 2110 5146 cunctis
2139 5088 2464 5146 Christianis
2500 5094 2592 5150 Dei
2625 5090 2889 5147 ﬁdelibus.

1967 5183 2103 5238 Cum
2137 5179 2600 5249 religiosissimum
2628 5192 2842 5238 constet
2861 5201 3056 5248 curam
3084 5203 3150 5245 ac
3187 5179 3504 5237 sollicitudi-

1896 5286 2023 5327 nem
2070 5285 2196 5338 crga
2242 5269 2582 5331 Dotninicum
2609 5285 2826 5343 gregem
2873 5291 3088 5344 gerere,
3120 5283 3288 5347 quem
3329 5269 3510 5325 divina

1896 5361 2300 5404 (“annua-nimia
2379 5366 2720 5408 cuqnnniannc
2801 5367 3226 5414 anhnpnnnﬂnm
3349 5369 3515 5394 annuo
