4012 6300
14 4907 16 5050 i

14 5107 18 5253 ἱ

527 379 633 438 985

1086 383 1378 447 APPEND.
1405 389 1498 447 AD
1529 390 1704 450 SIEC.
1747 393 1838 452 1X.
1878 429 1949 438 —
1986 395 2324 458 SUPPLEM.
2365 397 2458 456 AD
2493 399 2786 460 SCRIPTA
2823 393 3098 460 PONTIF.
3127 397 3300 460 ROM.

3691 396 3796 457 ρει

528 498 622 553 sed
677 514 798 570 quae
851 501 1120 569 deorsum,
1171 505 1333 562 stulta
1393 507 1735 578 instigatione
1779 506 2114 577 perquirunt.
2141 511 2195 571 Α
2219 505 2535 562 adversator
2557 507 2686 576 huic
2714 509 2894 567 divino
2937 511 3104 568 cultui
3145 508 3425 576 institerit,
3466 505 3553 566 vel
3583 510 3638 566 in
3665 527 3794 583 quo-

527 586 634 644 Sed
689 591 816 661 quia
863 592 917 647 in
972 595 1212 665 partibus
1259 597 1540 670 Aquilonis
1608 598 1868 670 quasdam
1916 608 2105 672 gentes

525 681 844 749 consistere,
894 700 1015 754 qua:
1078 689 1306 744 necdum
1356 691 1685 762 agnitionem
1728 691 1826 748 Dei
1880 691 2102 760 habent,

522 785 624 826 nec
645 787 797 828 sacra
827 775 966 830 unda
994 777 1334 850 baptismatis
1362 790 1488 838 sunt
1515 792 1736 850 renatae,
1789 784 1890 840 sub
1913 783 2103 839 umbra

520 861 713 917 mortis
745 863 982 923 existere
1013 876 1067 923 et
1122 871 1294 941 magis
1319 883 1624 950 creaturae
1667 891 1828 946 quam
1854 876 2102 935 Creatori

519 951 712 1022 ignava
735 965 913 1014 mente
925 961 1129 1017 servire
1155 965 1532 1035 cognovimus:
1559 966 1760 1024 idcirco
1779 977 2100 1040 praesentem

517 1046 1026 1104 reverendissimum
1065 1049 1290 1108 fratrem
1333 1070 1397 1110 ac
1437 1057 1810 1130 coepiscopum
1852 1059 2098 1116 uestrum

515 1131 778 1200 Ebonem,
793 1147 994 1194 sancta:
1009 1139 1330 1200 Rhemensis
1342 1145 1595 1202 Ecclesiae
1609 1149 2094 1222 archiepiscOpum,

512 1225 878 1280 necessarium
932 1241 1053 1283 cum
1103 1246 1370 1290 consensu
1403 1234 1638 1292 fidelium
1699 1237 1792 1292 Dei
1843 1239 2096 1299 duximus

511 1309 619 1366 illis
649 1312 700 1367 in
737 1315 983 1383 partibus
1031 1333 1130 1388 pro
1158 1321 1550 1382 illuminatione
1576 1328 1823 1384 veritatis
1863 1330 2100 1402 dirigen-

511 1407 660 1462 dum.
733 1408 1010 1477 Quatenus
1063 1420 1387 1476 auctoritate
1444 1423 1730 1480 beatordm
1790 1427 2096 1499 principum

509 1498 878 1566 apostolorum
945 1503 1092 1561 Petri
1139 1523 1202 1564 ac
1250 1509 1399 1566 Pauli
1451 1523 1634 1570 nostra
1688 1515 1928 1572 fraterna
1969 1498 2096 1574 vice

505 1586 872 1659 informatus,
948 1606 1074 1653 ante
1121 1615 1319 1671 corpus
1375 1613 1430 1658 et
1475 1607 1867 1663 confessionem
1924 1609 2095 1678 ipsius

507 1684 872 1750 apostolorum
903 1690 1168 1762 principis
1217 1695 1621 1766 evangelizandi
1665 1699 1880 1770 publica
1907 1710 2094 1759 aucto-

511 1772 677 1828 ritate
724 1775 949 1832 liberam
1000 1782 1320 1841 tradidimus
1367 1787 1419 1841 in
1467 1789 1716 1848 erunibus
1757 1789 2088 1863 facultatem,
2126 1822 2141 1837 ι

2207 609 2372 666 quam
2394 597 2692 666 praepedire
2723 609 2952 657 conatus
2989 601 3172 668 fuerit,
3224 608 3281 656 et
3313 600 3400 656 his
3427 600 3516 656 vel
3538 617 3793 673 coopera-

2207 686 2414 742 toribus
2437 702 2624 742 eorum
2648 689 2715 744 ad
2739 690 2842 746 hoc
2867 693 3228 764 peragendum
3245 691 3608 748 ministerium
3631 703 3794 752 teme-

2205 785 2356 833 rator
2400 779 2696 846 exstiterit,
2747 797 2815 837 ex
2870 783 3049 839 divina
3093 781 3340 852 jussione
3389 791 3444 838 et
3501 785 3796 855 apostolica

2204 871 2545 937 auctoritate,
2591 871 2950 929 anathematis
2985 873 3200 931 vinculo
3241 873 3500 944 puniatur
3521 885 3579 930 et
3603 891 3800 948 perpe-

2204 966 2297 1016 tua
2322 964 2768 1020 condemnatione
2796 980 2924 1023 reus
2945 965 3208 1023 diabolica
3237 974 3384 1023 sorte
3408 967 3724 1024 damnetur.

2961 1097 3028 1153 ν.

2269 1203 2526 1246 εριετοιλ
2563 1204 2847 1248 ΡΑεοιιΑιιε
2873 1207 2942 1247 Δί)
2979 1207 3295 1250 STEPHANI)!
3325 1207 3722 1253 CADURCENSEDI

2834 1277 3147 1319 ΕΡιεεοΡυιί.

2767 1375 2786 1446 (
2813 1373 2970 1431 Anno
3034 1373 3159 1430 8‘22.
3190 1374 3212 1448 )

2417 1481 2580 1554 [GalL
2613 1481 2807 1539 Christ.
2845 1485 2954 1552 1,1,
2982 1484 3263 1553 lnstrum.,
3302 1501 3425 1558 pag.
3453 1484 3578 1558 43.]

2268 1592 2528 1650 Fiacense
2572 1598 2986 1665 monasterium,
3033 1598 3088 1654 in
3118 1599 3338 1654 dioecesi
3380 1608 3566 1654 vestra
3603 1599 3782 1664 situm,

2199 1689 2343 1756 quod
2371 1699 2746 1745 antecessores
2777 1691 2970 1757 nostri,
3001 1700 3226 1762 propter
3251 1692 3543 1761 quamdam
3578 1693 3780 1748 sancti-

2199 1777 2332 1832 tatis
2360 1777 2757 1846 excellentiam,
2787 1783 2890 1837 sub
2917 1783 3266 1852 dispositione
3285 1783 3370 1838 sui
3396 1784 3783 1841 moderaminis

502 1873 558 1917 ut
591 1866 813 1923 verbum
839 1871 962 1926 vita:
992 1873 1244 1946 viamque
1287 1878 1474 1933 salutis
1505 1881 1704 1953 ubique
1727 1885 2007 1952 provideat
2033 1896 2076 1942 el

2195 1875 2252 1921 et
2271 1867 2599 1924 defensionis
2637 1863 2837 1926 habere
2884 1872 3177 1939 voluerint,
3225 1885 3279 1929 et
3311 1873 3614 1946 privilegiis
3666 1893 3776 1946 spe-

500 1956 625 2013 ﬁdei
663 1976 906 2017 normam
947 1966 1154 2022 cmlesti
1191 1969 1512 2027 educatione
1561 1974 1867 2041 confirmet,
1925 1987 2089 2048 atque

502 2051 809 2116 apostolica:
859 2055 1208 2116 institutionis
1254 2062 1579 2128 doctrinam,
1623 2067 1770 2120 omni
1821 2068 2090 2127 diabolico

499 2154 686 2196 errore
710 2143 953 2214 depulso,
987 2148 1106 2202 viva
1145 2165 1276 2205 voce
1324 2154 1659 2208 corroboret.
1688 2155 1753 2208 Et
1780 2157 1823 2210 si
1855 2156 2088 2216 fortasse

498 2229 698 2286 adhoc
744 2233 984 2290 divinum
1031 2239 1309 2307 pertinens
1350 2241 1584 2296 oliicium
1633 2244 1833 2314 aliquid
1860 2247 2086 2304 dubium

496 2324 800 2385 emerserit,
835 2325 900 2378 ad
931 2336 1177 2383 sanetam
1208 2329 1302 2385 Dei
1329 2331 1650 2387 catholicam
1683 2343 1847 2405 atque
1873 2347 2090 2408 aposto-

496 2407 657 2465 licam
707 2411 1006 2470 Romanam
1057 2419 1353 2476 Ecclesiam
1386 2425 1714 2481 recurrendo
1751 2442 1984 2498 semper,
2017 2445 2085 2486 ex

494 2497 612 2566 ejus
648 2502 862 2558 hauriat
887 2507 1178 2574 purissimo
1204 2509 1355 2567 fonte
1376 2512 1588 2580 latices,
1643 2517 1788 2573 unde
1824 2528 1932 2574 eta
1961 2534 2085 2576 cor-

492 2589 651 2646 dibus
679 2595 1006 2663 mortalium,
1032 2599 1211 2656 divina
1242 2601 1636 2660 interveniente
1663 2608 1858 2678 gratia,
1890 2613 2083 2668 noxios

491 2684 790 2741 emundare
845 2689 1016 2757 possit
1067 2705 1302 2749 errores.
1349 2694 1620 2768 Collegam
1669 2700 1898 2770 denique
1954 2703 2082 2760 huic

491 2767 687 2827 divina:
754 2775 1241 2837 administrationis
1297 2767 1552 2852 legationi
1609 2788 1658 2844 ei
1709 2791 2077 2860 providentes,

490 2861 845 2934 Halitgarium
897 2867 1209 2940 religiosum
1256 2874 1573 2946 adjicientes
1615 2878 1920 2936 ministrum
1950 2897 2080 2938 con-

491 2951 784 3017 stituimus,
810 2964 1078 3024 quatenus
1103 2958 1170 3013 ad
1194 2961 1376 3016 sedem
1407 2965 1753 3032 apostolicam
1774 2976 2078 3038 opportuno

488 3042 664 3096 valeat
688 3050 928 3113 tempore
955 3047 1021 3101 de
1048 3049 1254 3104 credito
1285 3053 1498 3122 negotio
1520 3052 1748 3122 facilius,
1782 3067 2075 3126 praestante

486 3133 740 3199 Domino,
786 3135 1056 3203 intimare,
1084 3147 1138 3194 et
1181 3157 1452 3211 nunquam
1488 3159 1546 3200 se
1573 3147 1626 3200 in
1652 3147 1890 3216 qualibet
1915 3161 2077 3219 parte

2189 1957 2400 2013 cialiter
2442 1959 2889 2028 sublimaverunt,
2919 1978 3062 2018 nunc
3108 1964 3359 2020 novimus
3405 1981 3533 2022 esse
3575 1969 3783 2022 destru-

2195 2055 2367 2113 ctum,
2397 2047 2616 2118 ignique
2645 2065 2674 2103 a
2703 2053 2926 2122 paganis
2947 2063 3372 2121 concrematum,
3401 2067 3459 2112 et
3487 2058 3782 2113 monachos

2189 2140 2390 2208 ubique
2443 2141 2734 2212 dispersos.
2779 2143 2895 2211 Qua
2921 2146 2989 2200 de
3016 2161 3177 2202 causa
3205 2147 3408 2205 doloris
3439 2148 3637 2206 affectu
3674 2161 3779 2207 tam

2189 2234 2549 2291 sanctissima:
2577 2237 2837 2304 ecclesia},
2863 2255 2982 2308 qua:
3023 2256 3052 2295 a
3085 2239 3302 2298 Christo
3330 2243 3579 2300 dedicata
3611 2244 3779 2302 fuisse

2189 2323 2558 2392 cognoscitur,
2609 2327 2750 2381 sicut
2783 2328 3080 2385 decretales
3133 2331 3330 2387 litterae
3359 2332 3616 2404 gloriosae
3669 2351 3778 2391 me-

2188 2414 2376 2468 moria:
2411 2414 2614 2470 domini
2645 2416 2906 2487 Stephani
2927 2421 3150 2476 secundi
3180 2437 3351 2493 papae,
3377 2425 3538 2480 nobis
3573 2435 3779 2482 testan-

2187 2511 2281 2558 tur
2341 2515 2605 2574 ostensre,
2653 2509 2972 2567 desolationi
3043 2515 3464 2584 compatieutes,
3541 2519 3599 2573 in
3659 2520 3776 2588 ejus

2185 2597 2638 2654 restaurationem
2676 2636 2696 2665 ,
2726 2609 2885 2670 prout
2921 2602 3251 2673 possibilitas
3275 2607 3532 2677 requirit,
3568 2609 3771 2664 sollici-

2186 2684 2430 2740 tudinem
2462 2688 2718 2744 adhibere
2763 2693 3089 2749 curavimus.
3129 2693 3299 2763 Hujus
3348 2698 3534 2768 itaque
3572 2700 3774 2770 negotii

2185 2788 2254 2830 ac
2303 2773 2507 2831 laboris
2537 2777 2829 2834 venerabili
2869 2790 3057 2838 nostro
3082 2782 3322 2855 Aymaro
3370 2789 3776 2845 committentes

2183 2864 2551 2934 praecipimus,
2581 2877 2636 2922 et
2661 2883 2760 2938 pro
2780 2885 2998 2927 suorum
3026 2873 3364 2930 absolutione
3394 2888 3772 2947 peccatorum,

2184 2963 2247 3010 ut
2265 2959 2515 3013 eumdem
2537 2959 2711 3016 locum
2728 2961 2795 3017 ad
2815 2963 3052 3032 priorem
3073 2975 3273 3022 statum
3302 2967 3584 3037 reformet,
3610 2981 3774 3044 atque

2185 3051 2482 3107 monachos
2535 3053 2609 3109 ibi
2652 3065 2931 3128 aggreget.
2971 3057 3095 3114 Ideo
3147 3074 3379 3131 namque
3422 3061 3513 3118 ille
3543 3079 3573 3117 a
3617 3067 3774 3121 nobis

2183 3143 2488 3199 monachus
2531 3151 2588 3199 et
2638 3145 2804 3202 abbas
2832 3147 3147 3206 benedictus
3201 3161 3308 3218 est,
3337 3161 3400 3208 ut
3449 3154 3681 3211 clericos
3705 3159 3772 3214 ab

487 3226 617 3280 huic
641 3237 840 3283 nostrae
866 3231 1204 3287 auctoritatis
1235 3234 1536 3291 ministerio
1577 3239 1867 3296 commisso
1900 3243 2071 3311 negli-
2101 3231 2148 3294 C
2184 3233 2302 3304 ipsa
2321 3234 2572 3300 θεοιθδῖθ»
2591 3239 2880 3293 temerario
2893 3253 3043 3304 ausu.
3072 3241 3175 3296 Sibi
3203 3253 3529 3313 usurpatum
3556 3247 3772 3303 δαίεται

486 3332 634 3387 gere.
668 3317 764 3373 Cui
805 3334 992 3375 coram
1023 3322 1268 3380 districto
1287 3323 1469 3394 judice
1497 3327 1620 3382 inde
1665 3329 1929 3386 rationem
1953 3334 2072 3389 red-

483 3409 613 3464 dere
640 3419 696 3466 et
724 3412 790 3467 de
817 3413 1074 3471 destituto
1123 3417 1429 3475 ministerio
1450 3433 1638 3491 pinnas
1664 3423 1906 3496 recipere
1929 3441 2074 3482 sem-

481 3501 758 3569 piternas,
807 3521 912 3560 non
959 3506 1180 3562 dubium
1234 3524 1354 3567 esse
1398 3513 1748 3586 praeﬁgimus.
1801 3515 1907 3573 Pro
1961 3532 2075 3589 quo

479 3607 671 3648 omnes
733 3596 1086 3655 exhortantes
1147 3603 1479 3660 unanimiter
1539 3620 1947 3667 commonemus
1997 3613 2082 3668 ob.

481 3701 718 3742 amorem
776 3693 1160 3761 omnipotentis
1210 3696 1305 3753 Dei
1351 3708 1406 3755 et
1459 3700 1672 3757 Domini
1731 3705 1902 3760 nostri
1942 3703 2073 3761 Jesu

478 3776 680 3832 Christi
715 3787 875 3848 atque
900 3784 1260 3852 apostolorum
1302 3788 1418 3855 ejus
1455 3792 1895 3860 venerationem;
1925 3804 1983 3849 ut
2011 3795 2071 3849 in

477 3869 726 3925 erunibus
750 3875 1159 3932 necessitatibus
1187 3878 1470 3950 legationis
1507 3883 1668 3954 hujus
1700 3887 1827 3941 totis
1860 3887 2078 3944 viribus

476 3959 556 4011 eis
608 3959 850 4014 solatiari
882 3964 1123 4030 certetis,
1177 3975 1232 4021 et
1285 3969 1338 4022 in
1383 3972 1601 4026 nomine
1637 3972 1848 4028 Domini
1893 3977 2073 4034 nostri

475 4047 599 4104 Jesu
631 4050 856 4118 Christi,
885 4053 1024 4110 sicut
1064 4057 1324 4128 scriptum
1368 4071 1470 4129 est,
1501 4064 1740 4134 recipere
1783 4066 2064 4136 debeatis;

477 4141 580 4208 Qui
622 4161 726 4210 eos,
759 4145 949 4215 inquit,
993 4149 1193 4219 recipit,
1217 4167 1296 4204 me
1317 4153 1496 4224 recipit
1525 4154 1737 4226 (Matth.
1767 4174 1822 4222 x,
1854 4159 1944 4231 40)
1969 4177 1986 4226 ;
2014 4169 2071 4214 et

472 4234 562 4302 qui
605 4251 690 4288 vos
715 4237 930 4306 spernit,
977 4255 1057 4293 me
1104 4243 1298 4310 spernit
1347 4242 1497 4312 (Luc.
1524 4247 1714 4319 x,‘16).
1737 4248 1805 4304 Ει
1827 4250 2058 4306 iterum:

475 4325 630 4388 Quod
693 4327 788 4380 uni
845 4345 909 4382 ex
964 4325 1194 4386 minimis
1242 4335 1367 4389 meis
1411 4336 1629 4405 fecistis,
1677 4340 1806 4393 mihi
1863 4341 2062 4411 fecistis

472 4412 688 4482 (Matth.
729 4430 806 4482 ιχ,
832 4416 942 4486 41).
971 4417 1120 4474 Unde
1139 4423 1311 4494 magis
1332 4427 1610 4497 magisque
1631 4444 2058 4500 commonemus,

471 4514 531 4558 ut
556 4507 779 4575 provida
814 4509 1098 4567 devotione
1123 4520 1178 4567 et
1227 4515 1377 4587 largo
1422 4519 1704 4576 charitatis
1738 4521 1928 4578 alTeetu
1959 4542 2058 4596 pu-

470 4610 637 4665 raque
683 4605 862 4652 mente
898 4613 962 4654 ac
998 4600 1209 4656 sincera
1241 4603 1556 4674 intentione,
1607 4623 1831 4680 qumque
1873 4614 2057 4670 itineri

468 4682 595 4740 huic
623 4688 931 4743 necessaria
957 4691 1321 4761 prospiciatis,
1346 4711 1446 4752 nec
1475 4698 1562 4767 pia
1605 4700 1933 4773 benignitate
1957 4721 2056 4775 pro

466 4773 675 4831 viribus
697 4791 1018 4834 succurrere
1044 4795 1152 4835 non
1173 4786 1410 4841 renuatis
1438 4802 1453 4852 ;
1505 4798 1564 4843 ut
1587 4805 1686 4860 pro
1721 4800 1870 4848 certo
1897 4796 2058 4867 hujus

468 4863 684 4932 pietatis
712 4882 876 4937 opere
896 4869 1186 4940 participes
1215 4875 1355 4943 apud
1378 4875 1665 4935 Dominum
1701 4883 1876 4953 dignae
1896 4863 2058 4942 retri-

468 4951 706 5010 hutionis
759 4957 1012 5012 meritum
1067 4961 1400 5032 percipiatis,
1453 4967 1567 5024 sive
1622 4971 1674 5028 in
1729 4951 1932 5029 caelesti
1963 4977 2056 5032 de-

467 5044 763 5114 scriptione
790 5048 1094 5119 hujusmodi
1123 5067 1222 5122 pro
1243 5059 1699 5124 compensationis
1745 5078 1968 5122 munere
1996 5067 2050 5123 in

467 5135 744 5190 consortio
792 5146 1102 5195 sanctorum
1145 5148 1523 5202 connumerari
1564 5150 1803 5208 valeatis.
1835 5154 1891 5210 Si
1927 5159 2052 5228 quis

468 5237 600 5278 vero
629 5223 754 5279 huic
802 5226 898 5280 Dei
932 5227 1108 5286 ofﬁcio
1152 5233 1220 5288 ad
1254 5233 1694 5294 illuminationem
1744 5223 1981 5312 gentium
2018 5263 2049 5302 a

468 5323 658 5371 sancta
701 5318 964 5375 catholica
993 5332 1048 5377 et
1089 5326 1377 5394 apostolica
1407 5328 1644 5387 Ecclesia
1675 5334 1763 5404 pio
1802 5345 2050 5394 consultu

465 5404 836 5464 ecclesiastico
877 5409 1148 5468 destinato
1177 5430 1460 5474 assensum
1508 5421 1591 5476 vel
1622 5424 1880 5480 auxilium
1908 5443 2048 5497 prae-

469 5499 666 5567 buerit,
695 5517 794 5571 per
837 5500 1285 5564 interventionem
1334 5512 1614 5570 beatorum
1657 5519 2043 5588 apostolorum,

469 5601 766 5662 martyrum
801 5609 1017 5665 quoque
1056 5608 1218 5668 atque
1247 5613 1556 5660 sanctorum
1583 5609 1823 5663 omnium
1851 5611 1905 5664 in
1933 5626 2045 5666 ete-

467 5681 692 5739 lestibus
719 5687 928 5754 gaudiis
956 5689 1150 5746 talibus
1172 5708 1270 5762 pro
1296 5697 1501 5752 meritis
1523 5710 1794 5755 mereatur
1823 5703 2039 5758 ascribi.

471 5773 542 5828 At
580 5788 711 5827 vero
763 5776 807 5830 si
838 5779 980 5848 quis,
1034 5784 1175 5850 quod
1232 5800 1342 5839 non
1393 5795 2043 5857 optamus,-coutrarius

2181 3323 2550 3393 dominatum;
2577 3335 2631 3382 et
2651 3329 3061 3396 monachorum,
3084 3333 3540 3401 quemadmodum
3568 3337 3769 3404 fuerat,

2179 3414 2254 3470 ibi
2311 3416 2566 3472 restituat
2615 3434 2631 3473 :
2667 3435 2898 3490 quorum
2933 3430 3127 3478 vestrae
3153 3440 3366 3498 quoque
3413 3427 3770 3488 beatitudinis

2180 3508 2623 3578 sollicitudinem,
2654 3521 2716 3567 ut
2761 3514 2816 3568 in
2841 3516 3052 3574 cunctis
3081 3532 3206 3574 eum
3234 3518 3491 3590 adjuvare
3521 3523 3652 3580 velit
3680 3528 3771 3582 ad-

2178 3615 2484 3670 monemus,
2540 3603 2951 3678 thesaurosque,
2999 3625 3062 3666 ac
3091 3609 3260 3668 libros
3310 3621 3366 3668 et
3393 3625 3615 3672 sanctas
3643 3617 3767 3673 reli.

2178 3693 2356 3764 quias,
2384 3711 2594 3752 necnon
2637 3706 2692 3753 et
2728 3711 2923 3756 cuncta
2951 3717 3071 3773 qua:
3108 3712 3328 3776 propter
3352 3707 3604 3765 timorem
3632 3728 3766 3784 gen-

2175 3787 2352 3842 tilium
2409 3788 2463 3844 in
2523 3789 2924 3862 Capdenacensi
2999 3807 3180 3854 castro
3249 3801 3535 3873 deportata
3600 3803 3767 3861 fuisse

2175 3889 2494 3946 noscuntur,
2527 3883 2679 3939 reddi
2726 3885 2850 3940 sibi-
2872 3889 3074 3961 absque
3111 3891 3378 3950 delatione
3409 3897 3762 3968 mandamus;

2174 3975 2415 4024 castrum
2457 3970 2621 4026 etiam
2680 3977 2930 4032 eumdem
2961 3986 3294 4041 monasterio
3344 3986 3585 4054 restitui,
3627 3991 3769 4047 sicut

2171 4058 2302 4115 olim
2325 4060 2537 4118 Innanti
2567 4063 2895 4132 aClodovaeo
2923 4085 3049 4144 rege
3077 4073 3262 4131 datum
3285 4075 3493 4148 fuerat,
3517 4083 3764 4156 praecipi-

2170 4165 2312 4206 mus.
2363 4151 2637 4226 Filiosque
2686 4167 2901 4216 nostros
2959 4164 3314 4224 eharissimos
3351 4151 3766 4232 Villelmum—et

2169 4241 2478 4300 Girbertum
2525 4249 2746 4316 milites,
2777 4252 2868 4322 qui
2914 4263 3040 4310 sunt
3072 4255 3241 4330 ipsius
3271 4262 3444 4316 castri
3492 4267 3762 4337 seniores,

2168 4334 2538 4404 admonemus,
2568 4348 2628 4394 ut
2655 4340 2838 4398 abbati
2858 4343 3092 4416 Aymaro
3120 4347 3392 4419 adjutores
3420 4354 3472 4409 in
3497 4334 3761 4415 orationi;

2167 4424 2269 4480 bus
2297 4428 2553 4497 existant,
2584 4441 2637 4486 et
2656 4431 2748 4501 jus
2775 4450 2954 4504 suum,
2992 4440 3182 4512 suique
3210 4449 3532 4504 monasterii
3561 4460 3677 4506 tam
3701 4454 3756 4509 in

2166 4529 2226 4570 se
2262 4515 2418 4588 ipsis,
2461 4534 2623 4588 quam
2662 4523 2715 4577 in
2765 4534 2967 4593 castro,
3021 4529 3107 4585 vel
3152 4531 3204 4586 in
3247 4536 3470 4606 proprio
3526 4539 3754 4608 honore,

2165 4621 2326 4675 quem
2366 4623 2434 4663 ex
2478 4611 2649 4668 altare
2693 4612 2943 4672 Fiacensi
2987 4618 3192 4676 habere
3223 4623 3442 4694 debent,
3486 4644 3753 4704 recogno-

2163 4708 2337 4754 scant.
2368 4698 2594 4758 Omnem
2641 4715 2901 4776 prmterea
2945 4710 3227 4782 honorem,
3269 4723 3633 4788 monasteria,
3666 4723 3756 4782 vel

2161 4789 2417 4847 ecclesias
2467 4809 2588 4864 quae
2624 4810 2654 4850 a
2685 4795 2912 4870 Pippino
2953 4817 3079 4876 rege
3106 4806 3195 4860 vel
3219 4807 3340 4865 aliis
3370 4813 3621 4883 regibus,
3657 4833 3753 4877 seu

2159 4881 2317 4938 bonis
2345 4884 2479 4939 viris
2511 4886 2685 4942 eidem
2715 4894 3046 4951 monasterio
3072 4911 3335 4956 concessa
3387 4881 3542 4971 sunt,
3576 4881 3640 4964 et.
3662 4912 3749 4967 illa

2158 4985 2278 5040 quae
2320 4989 2348 5028 a
2394 4976 2651 5045 praedicto
2704 4979 2987 5040 Clodovaeo
3015 4985 3136 5044 loco
3164 4989 3378 5048 lnnanti
3407 4991 3568 5065 prius
3594 5011 3750 5058 erant

2159 5067 2303 5132 data,
2358 5067 2498 5123 sicut
2541 5069 2851 5128 chartarum
2894 5079 3190 5137 auctoritas
3217 5083 3469 5154 afﬁrmat,
3509 5090 3747 5164 Aymaro

2157 5167 2212 5214 et
2241 5163 2652 5219 successoribus
2672 5163 2790 5234 ejus
2817 5165 3141 5238 possidenda
3169 5188 3434 5247 perpetuo
3461 5163 3594 5251 jure
3619 5201 3743 5241 cen-

2155 5266 2358 5308 semus.
2390 5252 2778 5312 Monasterium
2808 5274 2937 5331 ergo
2968 5264 3110 5332 quod
3131 5264 3377 5324 Conchas
3400 5275 3742 5345 nominatur,

2153 5343 2254 5398 sub
2276 5343 2393 5414 ejus
2422 5345 2708 5416 regimine,
2737 5355 2793 5404 et
2822 5349 3035 5410 abbatis
3059 5353 3354 5423 Fiacensis,
3387 5343 3744 5432 quemadmo;

2153 5431 2280 5486 dum
2302 5433 2430 5490 olim
2457 5433 2656 5502 fuerat,
2685 5441 3030 5499 concedimus
3064 5462 3077 5498 :
3109 5453 3182 5512 et,
3212 5455 3272 5502 ut
3291 5431 3418 5504 eum
3441 5453 3498 5507 in
3517 5457 3742 5524 priorali

2153 5517 2432 5592 dignitate,
2461 5526 2584 5594 quia
2607 5527 2941 5588 destructum
2971 5543 3076 5600 est,
3102 5545 3393 5605 restauret,
3423 5517 3742 5604 commone-

2151 5629 2304 5680 mus;
2337 5631 2401 5670 ea
2429 5616 2695 5685 siquidem
2723 5620 2978 5679 libertate
2999 5625 3314 5694 praedictum
3338 5637 3734 5695 monasterium

2152 5706 2434 5772 donamus,
2481 5724 2586 5777 qua
2652 5727 2679 5764 a
2753 5713 2925 5768 beata:
2991 5718 3266 5772 memoria:
3332 5723 3734 5790 praedecessore

2151 5808 2340 5852 nostro
2372 5800 2646 5870 Stephano
2671 5803 2926 5860 donatum
2979 5815 3062 5861 est
3096 5824 3109 5861 :
3142 5807 3396 5867 videlicet
3436 5819 3501 5869 ut
3538 5815 3732 5878 nonius
