4012 6300
225 409 337 489 sits

1669 427 2013 486 EUGENIUS
2049 427 2113 484 Il.

3371 439 3477 500 986

225 540 468 614 episcopi
489 539 573 596 vel
602 539 826 611 alicujus
843 555 1088 614 personas
1120 517 1805 599 excommunicationisub-
1830 552 1878 610 Α
1908 545 2163 599 damnum
2192 515 2455 609 incurrat,
2482 551 2536 602 et
2556 544 2702 602 velut
2727 546 2987 619 profanus
3011 556 3066 606 et
3095 549 3478 627 incorrigibilis

217 633 430 706 jaceat,
472 642 670 705 praeter
696 635 862 690 solius
910 635 1181 707 pontiﬁcis
1217 635 1471 702 Romani,
1502 650 1676 706 neque
1704 635 1804 692 sub

225 725 462 796 alicujus
511 725 756 782 ecclesiae
802 727 1079 783 dominatu
1135 728 1431 799 redigatur,
1485 727 1585 784 nisi
1637 727 1804 784 solius

225 819 490 873 Romana:
545 819 830 886 Ecclesiae;
886 831 942 874 et
1011 828 1070 874 ut
1127 819 1346 875 liberior
1399 819 1470 875 ibi
1527 819 1804 890 sepultura

224 911 518 976 habeatur,
541 917 596 965 et
616 918 809 966 caetera
835 926 953 980 quae
975 911 1028 965 in
1055 912 1276 967 decreto
1294 911 1534 982 ejusdem
1561 921 1804 968 anteces-

225 1002 371 1057 soris
399 1001 594 1066 nostri,
651 1002 704 1056 in
731 1003 918 1056 eadem
943 1002 1168 1058 ecclesia
1200 1004 1392 1074 posita,
1427 1003 1625 1074 scripta
1655 1013 1801 1070 sunt,

227 1086 554 1145 inconcussa
612 1100 913 1146 serventur.
974 1089 1031 1146 Si
1094 1091 1216 1163 quis
1264 1108 1394 1148 vero
1434 1093 1560 1147 huic
1607 1101 1805 1149 nostrae

225 1176 315 1230 vel
354 1176 497 1233 illius
521 1179 854 1235 concessioni
883 1182 1189 1237 contrarius
1217 1182 1506 1248 exstiterit,
1542 1192 1596 1238 et
1623 1182 1806 1238 abbati

221 1265 486 1337 Aymaro,
524 1280 618 1324 aut
651 1270 893 1328 ecclesia:
934 1272 1079 1328 illius
1105 1273 1502 1330 habitatoribus
1546 1275 1806 1330 molestus

223 1354 420 1422 fuerit,
470 1368 527 1414 et
577 1361 853 1432 corrigere
903 1376 962 1417 se
1010 1363 1262 1431 noluerit,
1294 1373 1349 1419 et
1378 1364 1580 1436 proprii
1608 1365 1806 1437 gradus

1906 635 2189 689 anathema
2218 635 2572 704 permanebit.

1977 726 2170 782 Datum
2214 727 2465 784 Laterani
2511 744 2610 798 per
2649 746 2869 787 manum
2922 732 3169 805 Gregorii
3219 734 3277 791 S.
3309 733 3376 790 R.
3409 735 3475 791 Ε.

1906 819 2115 876 diaconi
2162 823 2357 878 notarii
2404 825 2542 879 sacri
2598 825 2822 896 palatii,
2874 829 3160 886 undecimo
3209 830 3481 887 Kalendas

1906 911 2066 978 Maii,
2093 912 2227 968 feria
2273 913 2506 969 secunda
2528 925 2648 986 post
2668 925 2888 974 octavas
2913 919 3154 986 Paschae,
3187 921 3482 977 indictione

1906 1003 1995 1069 15,
2055 1019 2195 1061 anno
2237 1004 2527 1061 Dominicze
2585 1003 2974 1065 incarnationis
3029 1011 3481 1081 octingentesimo

1905 1095 2164 1151 vicesimo
2214 1097 2471 1163 secundo,
2521 1098 2864 1168 pontiﬁcatus
2894 1108 3075 1156 autem
3123 1101 3328 1157 domini
3351 1100 3482 1157 Pas-

1907 1185 2079 1241 chalis
2101 1201 2250 1258 papae
2284 1197 2496 1258 quarto,
2540 1191 2631 1260 qui
2658 1191 2713 1246 in
2761 1205 2989 1248 numero
3015 1191 3332 1263 pontificum
3353 1206 3484 1248 ceu-

1908 1279 2134 1337 tesimus
2173 1281 2420 1339 habetur.

216 1532 3465 1571 MM

1736 1657 1952 1789 IV.

914 1901 1800 2021 EUGENIUS

1934 1907 2446 2023 PAPA
2558 1913 2762 2026 II.

293 2348 658 2418 ῐίιΔῧὶίΕΙΨΙΊἎΙΔ
692 2350 980 2393 νῐιινιιιεοιι
1021 2354 1235 2396 EUGENII
1274 2359 1313 2398 ll
1352 2359 1452 2400 PRO
1488 2359 1738 2401 ECCLESIA

657 2423 698 2465 8.
729 2425 885 2463 PETRI
927 2425 1348 2469 ROTHOIAGENSI.

827 2492 1006 2597 (Αηιῖο
1039 2527 1190 2599 327.)

643 2635 923 2708 {Neustria
943 2638 1053 2706 pia,
1086 2653 1207 2708 pag.
1236 2637 1352 2711 20.]

276 2742 562 2805 'Eucsstus
590 2746 888 2823 cpiscopus,
915 2763 1102 2809 servus
1125 2765 1403 2813 servorum
1426 2753 1541 2825 Dei,
1575 2763 1679 2816 etc.

283 2839 571 2907 Quoniam,
605 2842 984 2901 dilectissimus
1009 2846 1149 2902 ﬁlius
1173 2859 1376 2916 noster,
1407 2849 1508 2906 SS.
1538 2851 1798 2924 Dionysii,

213 2927 481 2992 Medartli.
509 2942 563 2988 et
593 2933 886 3002 Germani,-
909 2937 1306 3006 pro-voluntate
1338 2941 1642 2997 charissimi
1679 2958 1802 2998 nos-

219 3023 312 3087 tri,
362 3022 618 3080 Ludovici
669 3027 1032 3096 imperatoris,
1075 3039 1203 3096 etc.,
1237 3033 1506 3104 suggessit
1534 3043 1801 3104 quatenus

215 3112 462 3168 ecclesiae
485 3113 542 3169 S.
572 3115 738 3183 Petri,
780 3119 865 3173 cui
887 3131 1116 3190 praeerat
1158 3121 1210 3176 in
1257 3123 1502 3194 partibus
1536 3123 1800 3181 Neustriae

217 3219 250 3256 a
289 3203 568 3260 Clothario
597 3209 928 3275 constructa,
956 3211 1048 3265 ubi
1092 3212 1468 3268 sanctissimus
1509 3213 1800 3270 Audoenus

216 3294 514 3364 requiescit
548 3296 600 3349 in
637 3311 885 3368 corpore,
905 3298 1063 3370 hujus
1083 3302 1227 3358 modi
1248 3302 1588 3374 privilegium
1615 3313 1800 3362 aucto—

216 3383 384 3438 ritate
412 3392 595 3439 nostra
624 3385 964 3446 ﬁrmat-emus
992 3408 1006 3444 :
1031 3399 1092 3446 ut
1111 3391 1320 3448 scilicet
1340 3409 1530 3450 omnes
1552 3403 1725 3451 terras
1743 3404 1800 3451 et

211 3475 636 3531 consuetudines
656 3484 944 3544 terrarum,
975 3481 1516 3551 aprazdecessoribus
1547 3486 1792 3556 regibus,

209 3561 515 3631 Clothario,
555 3564 921 3636 Theodorico,
963 3570 1092 3644 item
1133 3572 1438 3640 Clothario,
1474 3575 1792 3648 Dagoberto,
1823 3589 1870 3650 ο

209 3652 508 3720 Clodoveo,
539 3655 668 3711 item
715 3657 1070 3726 Theodorico,
1099 3660 1295 3718 Carolo
1338 3662 1549 3736 Magno,
1583 3680 1647 3721 ac
1677 3665 1789 3722 filio

209 3744 335 3813 ejus
372 3747 650 3816 piissimo,
681 3747 1008 3821 imperatore
1047 3753 1343 3822 Ludovico,
1368 3757 1456 3812 isti
1504 3755 1623 3812 loco
1657 3771 1790 3812 con-

205 3851 423 3903 cessus,
440 3838 825 3909 perpetualiter
837 3841 1282 3899 conﬁrmaremus
1299 3845 1669 3915 possidendas,
1683 3853 1786 3902 etc.

213 3924 347 3982 Haec
402 3925 566 3998 igitur
589 3931 770 3985 omnia
815 3946 939 4002 qua:
973 3932 1229 4004 praedicta
1269 3943 1431 4001 sunt,
1471 3947 1532 3991 ut
1553 3951 1672 4006 qua:
1723 3937 1792 3992 ab

210 4019 653 4077 antecessoribus
675 4023 877 4078 nostris
905 4037 1163 4081 concessa
1189 4036 1334 4094 sunt,
1372 4027 1678 4101 Raynoardi
1707 4027 1793 4099 ip-

208 4111 335 4166 sius
384 4109 534 4166 urbis
585 4111 994 4186 archiepiscopi,
1019 4130 1306 4184 consensu,
1348 4127 1404 4174 et
1454 4119 1795 4189 imperatoris

212 4201 314 4257 tali
345 4203 694 4260 anathemate
726 4206 1136 4277 conﬁrmamus,
1164 4219 1295 4277 etc.,
1325 4211 1459 4268 obiit
1485 4211 1794 4280 Hilduinus,

210 4309 362 4350 anno
390 4293 592 4352 Christi
625 4296 750 4354 842.
972 4370 1015 4426 Π

362 4495 392 4520 ⁸
425 4493 588 4536 RITUS
625 4495 974 4538 PBOBLTIONIS
1009 4498 1108 4538 PER
1145 4499 1323 4549 AQUAI
1360 4500 1633 4554 FRIGIDAI,

535 4567 600 4608 ΑΒ
635 4566 862 4609 EUGENIO
897 4569 1030 4609 PAPA
1059 4570 1097 4608 ιι
1131 4571 1457 4612 ΙΝΒΤΙἸὊΤᾸΞ.

637 4663 889 4737 [Mabill.,
927 4664 1043 4720 Vet.
1077 4665 1344 4740 Analect.]

282 4770 423 4831 Cum
468 4773 720 4832 homines
766 4776 848 4831 vis
898 4777 1113 4833 mittere
1161 4778 1230 4833 ad
1281 4777 1678 4846 probationem,
1720 4777 1797 4833 ita

1831 2236 1877 2296 Β
1906 2231 2126 2287 mittere
2173 2231 2225 2285 in
2253 2246 2412 2300 aqua,
2445 2229 2548 2285 duc
2569 2243 2663 2287 eos
2693 2229 2750 2285 in
2789 2230 3040 2298 ecclesia,
3073 2241 3128 2289 et
3156 2247 3337 2291 coram
3360 2247 3476 2292 om-

1903 2321 2063 2377 nibus
2124 2321 2230 2377 illis
2273 2328 2454 2376 cantet
2497 2321 2778 2392 presbyter
2806 2320 3028 2376 missam
3075 2332 3131 2379 et
3172 2323 3336 2380 faciat
3379 2338 3475 2382 eos

1902 2415 1970 2468 ad
2003 2414 2172 2484 ipsam
2207 2414 2426 2468 missam
2457 2411 2670 2468 offerre.
2699 2411 2832 2468 Cum
2855 2422 3034 2469 autem
3055 2416 3122 2472 ad
3144 2418 3478 2474 communio-

1902 2520 2024 2560 nem
2066 2507 2335 2570 venerint,
2380 2514 2665 2574 antequam
2721 2506 3123 2560 communicent
3184 2507 3478 2579 interroget

1903 2611 1997 2651 eos
2034 2597 2287 2654 sacerdos
2320 2609 2440 2648 cum
2479 2593 2872 2663 conjuratione,
2898 2593 2971 2648 ita
3017 2595 3201 2651 dicens
3229 2614 3243 2650 :
3269 2595 3474 2666 Adjuro

1903 2701 2030 2751 vos,
2070 2686 2346 2749 homines,
2376 2699 2472 2755 per
2507 2683 2742 2744 Patrem,
2787 2692 2844 2737 et
2879 2682 3095 2766 Filium,
3119 2694 3172 2740 et
3213 2683 3474 2756 Spiritum

1903 2785 2170 2847 sanctum,
2195 2793 2247 2837 et
2293 2791 2386 2850 per
2415 2787 2644 2834 resrram
2693 2773 3155 2832 Christianitatem
3191 2789 3354 2845 quam
3384 2789 3475 2831 su-

1903 2874 2186 2944 scepistis,
2228 2882 2284 2927 et
2329 2887 2424 2940 per
2471 2871 2802 2940 unigenitum
2851 2867 3048 2923 Filium
3097 2869 3212 2930 Dei,
3275 2877 3330 2922 et
3377 2881 3479 2940 per

1903 2972 2148 3018 sanctam
2197 2960 2536 3024 Trinitatem,
2568 2967 2623 3013 et
2667 2973 2764 3028 per
2811 2966 3054 3013 sanctum
3105 2955 3476 3027 Evangelium,

1903 3063 1958 3108 et
2002 3069 2097 3123 per
2142 3052 2274 3106 istas
2303 3050 2559 3120 reliquias
2602 3064 2722 3119 qua:
2747 3049 2800 3103 in
2846 3048 2950 3102 isla
2985 3056 3112 3102 sunt
3140 3047 3392 3114 ecclesia,
3419 3056 3480 3103 ut

1902 3161 2010 3202 non
2038 3145 2374 3216 prmsumatis
2418 3143 2510 3198 illo
2547 3142 2709 3197 modo
2741 3140 3144 3196 communicare
3170 3143 3360 3208 neque
3386 3155 3479 3195 ac-

1903 3237 2101 3293 cedere
2126 3235 2194 3290 ad
2242 3234 2438 3300 altare,
2467 3235 2510 3288 si
2559 3247 2656 3288 vos
2701 3231 2804 3286 hoc
2848 3228 3074 3296 fecistis,
3117 3238 3210 3284 aut
3250 3246 3478 3285 consen-

1901 3328 2083 3394 sistis,
2117 3334 2210 3381 aut
2251 3326 2402 3381 scitis
2443 3326 2564 3394 quis
2608 3325 2710 3379 hoc
2737 3322 2928 3395 egerit.
2973 3319 3030 3376 Si
3071 3331 3248 3378 autem
3287 3338 3476 3380 omnes

1903 3418 2192 3484 tacuerint,
2223 3425 2278 3472 et
2315 3416 2492 3471 nullus
2535 3415 2638 3471 hoc
2684 3414 2908 3482 dixerit,
2950 3415 3173 3470 accedat
3225 3415 3476 3470 sacerdos

1901 3514 1971 3568 ad
2015 3512 2188 3566 altare
2228 3519 2282 3566 et
2326 3510 2683 3565 communicet
2704 3525 2817 3566 eos.
2858 3510 3053 3567 Postea
3079 3523 3209 3564 vero
3233 3508 3377 3562 dicat
3405 3507 3475 3561 ad

1906 3603 2027 3658 illos
2051 3617 2185 3672 quos
2213 3600 2574 3656 communicat
2607 3618 2618 3654 :
2648 3599 2855 3671 Corpus
2899 3601 2990 3657 hic
3029 3608 3084 3656 et
3119 3599 3336 3669 sanguis
3372 3598 3479 3652 Do-

1896 3692 2032 3747 mini
2081 3691 2251 3746 nostri
2289 3687 2416 3745 Jesu
2443 3689 2643 3745 Christi
2688 3689 2761 3745 sit
2793 3681 2948 3747 vobis
2987 3689 3055 3746 ad
3103 3687 3476 3760 probationem

1896 3785 2076 3841 hodie.
2126 3782 2350 3853 Expleta
2399 3782 2596 3848 missa,
2651 3781 2812 3838 faciat
2857 3797 3053 3854 aquam
3097 3779 3476 3842 benedictam,

1899 3886 1956 3930 et
1988 3874 2219 3944 accipiat
2239 3873 2493 3929 sacerdos
2515 3872 2686 3943 ipsam
2715 3887 2934 3942 aquam,
2963 3871 3170 3942 ibitque
3223 3871 3290 3926 ad
3327 3869 3476 3925 illum

1900 3966 2075 4021 locum
2106 3965 2196 4021 ubi
2226 3965 2474 4021 homines
2513 3963 2902 4034 probabuntur.
2933 3961 3068 4018 Cum
3092 3969 3270 4016 autem
3307 3975 3477 4016 vene-

1900 4059 2012 4113 rint
2036 4058 2104 4113 ad
2132 4057 2305 4126 ipsum
2337 4057 2532 4120 locum,
2557 4057 2646 4110 det
2671 4055 2777 4110 illis
2811 4054 2994 4111 bibere
3023 4053 3089 4110 de
3128 4069 3266 4124 aqua
3311 4053 3479 4108 bene-

1903 4147 2068 4210 dicta,
2120 4145 2308 4201 dicens
2346 4146 2412 4199 ad
2458 4158 2894 4215 unumquemque
2946 4160 2960 4196 :
3011 4141 3138 4198 Hinc
3196 4156 3337 4212 aqua
3386 4140 3482 4196 ﬁat

1905 4235 2002 4291 tibi
2039 4235 2108 4290 ad
2153 4235 2545 4306 probationem.
2583 4233 2773 4290 Postea
2813 4247 2942 4289 vero
2990 4233 3235 4302 conjuret
3284 4247 3480 4302 aquam

1904 4326 1995 4381 ubi
2024 4325 2144 4380 illos
2167 4325 2348 4382 mittit.
2377 4323 2505 4379 Post
2528 4322 2951 4391 conjurationem
2983 4337 3152 4394 aquae,
3173 4330 3334 4378 exuat
3361 4322 3480 4378 illos

1903 4414 2247 4468 vestimentis
2282 4428 2468 4467 eorum
2497 4422 2550 4467 et
2594 4411 2758 4467 faciat
2788 4426 2883 4468 eos
2911 4426 3008 4482 per
3044 4412 3286 4482 singulos
3324 4426 3481 4468 oscu-

1904 4504 2020 4559 lare
2069 4513 2314 4558 sanctum
2369 4503 2716 4573 Evangelium
2774 4512 2830 4558 et
2885 4519 3102 4561 crucem
3143 4505 3369 4562 Christi.
3413 4506 3481 4561 Et

1903 4602 2089 4664 postea
2120 4609 2280 4664 super
2308 4606 2740 4662 unumquemque
2767 4603 3020 4666 aspergat
3043 4596 3110 4650 de
3136 4609 3275 4666 aqua
3312 4596 3480 4652 bene-

1906 4687 2052 4742 dicta
2081 4695 2137 4741 et
2178 4684 2425 4758 projiciat
2467 4686 2708 4756 singulos
2734 4685 2790 4742 in
2829 4701 2988 4758 aqua.
3031 4686 3158 4744 Haec
3187 4687 3365 4744 omnia
3393 4687 3476 4742 fa-

1911 4791 2035 4833 cere
2083 4777 2246 4833 debes
2281 4775 2515 4847 jejunus,
2561 4790 2737 4848 neque
2780 4775 2855 4832 illi
2888 4785 3013 4834 ante
3036 4777 3360 4834 manducent
3385 4777 3479 4848 qui

215 4865 402 4923 facere
447 4865 630 4923 debes.
677 4867 878 4937 Accipe
925 4868 1046 4924 illos
1075 4883 1210 4939 quos
1257 4867 1589 4924 voluntatem
1627 4869 1800 4928 habes
1825 4861 1881 4921 D
1907 4869 2054 4939 ipsos
2077 4868 2298 4924 mittunt
2323 4867 2376 4922 in
2407 4882 2567 4938 aqua.

289 5014 317 5043 ι
361 5001 437 5055 De
465 4999 632 5056 variis
671 4999 1050 5124 Brobationum
1091 5001 1376 5072 generibus
1421 5000 1576 5056 multi
1627 5003 1794 5059 multa

289 5071 507 5124 rinsere.
567 5069 669 5124 Pro
709 5074 940 5124 stionem
987 5087 1140 5124 aqua:
1178 5070 1385 5124 frigida:
1443 5072 1546 5124 huc
1595 5072 1794 5124 idcirco

220 5071 507 5140 scripsere.
567 5069 940 5126 Probationem
987 5069 1140 5140 aquae
1178 5070 1385 5138 frigida:
1443 5072 1546 5126 huc
1595 5072 1798 5128 idcirco

223 5140 401 5195 refero
426 5140 568 5209 quod
592 5141 659 5194 ab
685 5140 923 5212 Eugenio
954 5155 1088 5211 papa
1117 5141 1359 5195 instituta
1389 5152 1721 5212 memor-etur
1741 5145 1796 5198 in

221 5211 558 5279 llemigianis
581 5211 907 5280 membranis
942 5212 1267 5280 pervetustis
1295 5211 1490 5280 seculo
1521 5227 1574 5264 Ix
1605 5227 1797 5268 exara-

213 5283 317 5343 tis,
351 5272 418 5335 ei
443 5272 642 5350 quibus
661 5272 1253 5350 superior'a'desumpsi.
1285 5279 1622 5348 Suﬂragatur
1642 5291 1794 5336 vetus

220 5351 474 5406 collectio
521 5365 784 5404 canonum
835 5351 886 5404 in
950 5351 1274 5406 monasterio
1342 5351 1512 5405 sancti
1566 5351 1795 5406 Mariani

224 5421 368 5489 apud
404 5420 820 5490 Antissidiorum
855 5430 1150 5485 asservata,
1187 5421 1240 5474 in
1273 5437 1377 5490 qua
1410 5421 1581 5474 forma
1603 5422 1794 5488 judicii

205 5505 563 5571 ~per0aquam
593 5489 840 5560 frigidam
866 5490 1122 5571 .refertur
1153 5489 1418 5571 cumihoc
1449 5491 1605 5544 titulo
1633 5505 1648 5544 :
1678 5489 1793 5544 Hoc

196 5619 202 5624 ,
213 5559 685 5630 Ῐαάὶεἱαηιῂαιφιεί
706 5561 1139 5614 nominationem
1178 5560 1316 5613 misit
1337 5561 1558 5613 domnus
1582 5572 1763 5630 aposto
1779 5589 1793 5600 -

223 5627 359 5684 licus
380 5632 434 5683 in
461 5627 750 5684 Frahciam
795 5640 851 5683 ut
896 5647 997 5684 non
1041 5630 1357 5683 violarentur
1405 5645 1554 5682 sacra
1599 5627 1794 5684 altaria

223 5710 550 5763 sanctorum,
579 5701 669 5753 sed
711 5716 801 5768 per
842 5701 974 5753 lianc
1024 5699 1407 5769 adjurationem
1448 5713 1495 5752 et
1527 5699 1794 5768 judicium

191 5786 381 5839 "aqum
411 5770 615 5840 frigidm
636 5771 796 5834 possit
818 5771 1318 5840 patescererveritas.
1350 5769 1482 5822 Tum
1513 5770 1796 5840 subjicitur

219 5837 497 5911 adjuratio
533 5840 584 5894 in
624 5840 738 5896 haec
761 5837 920 5896 verba
956 5857 968 5894 :
998 5839 1198 5909 Adjuro
1225 5851 1272 5894 te
1293 5879 1308 5906 ,
1345 5841 1496 5894 homo
1517 5880 1530 5906 ,
1551 5837 1642 5908 per
1682 5837 1796 5892 Pa-
1830 5907 1852 5916 _-

1909 5009 2062 5064 trem,
2091 5007 2139 5052 ει
2160 4996 2207 5050 F
2211 4995 2380 5062 ilium,
2408 5007 2454 5052 et
2484 4995 2738 5068 Spiritum
2780 5008 3039 5066 sanctum,
3072 5007 3179 5055 etc.
3209 4999 3276 5054 Et
3298 5007 3477 5054 tamen

1905 5069 2235 5141 Ludovicus
2270 5068 2558 5141 Augustus
2595 5069 2649 5122 in
2701 5069 2982 5141 capitulari
3054 5069 3478 5141 Aquisgranensi

1907 5142 2034 5194 anni
2060 5139 2188 5206 828,
2213 5136 2242 5210 §
2264 5137 2323 5210 _7,
2347 5136 2463 5208 cap.
2498 5138 2588 5210 12,
2615 5136 2823 5210 statuit,
2857 5149 2910 5192 ut
2945 5136 3162 5210 examen
3201 5136 3352 5210 aqua:
3378 5140 3479 5209 fri-

1904 5211 2066 5280 gidm,
2093 5207 2234 5278 quod
2252 5207 2502 5280 hactenus
2529 5207 2810 5280 faciebant,
2828 5224 2866 5280 _a
2894 5209 3067 5263 missis
3103 5207 3295 5264 nostris
3321 5207 3476 5280 inter-

1904 5277 2112 5332 dicatur
2136 5295 2198 5331 ne
2226 5277 2442 5332 ulterius
2468 5277 2583 5346 ﬁat.
2615 5277 2766 5343 Quod
2806 5278 3078 5333 decretum
3110 5281 3347 5335 condidit
3373 5279 3479 5334 Lu-

1906 5350 2128 5420 dovicus
2167 5356 2288 5418 post
2325 5347 2547 5420 Eugenii
2593 5346 3054 5420 constitutionem,
3097 5365 3287 5420 nempe
3335 5365 3478 5420 anno

1900 5416 2321 5488 proximo—post
2359 5416 2562 5470 obitum
2610 5416 2834 5488 Eugenil
2882 5433 3033 5487 papa:
3086 5416 3325 5474 secundi.
3361 5419 3479 5474 Non

1903 5487 2084 5544 tamen
2119 5488 2255 5542 ritus
2293 5487 2397 5540 iste
2429 5487 3008 5558 purgationisgecreto
3033 5488 3290 5543 Ludovici
3319 5488 3476 5558 peni-

1901 5568 1990 5612 tus
2043 5559 2283 5613 sublatus
2314 5555 2439 5626 est,
2479 5556 2743 5626 siquidem
2775 5555 3116 5621 Hincmarus.
3149 5555 3478 5613 Rbemorum

1903 5629 2151 5692 antistes,
2180 5633 2247 5682 ab
2285 5625 2913 5698 Hildegari’ohleldorum
2953 5629 3206 5698 episcopo
3228 5643 3295 5682 ea
3320 5629 3385 5682 de
3415 5642 3476 5682 re

1903 5698 2283 5767 interrogatus,
2310 5694 2757 5769 multisjudicium
2783 5713 2936 5769 aquae
2956 5694 3162 5769 frigida}
3191 5711 3476 5769 argumem

1903 5769 1974 5848 tis
2003 5765 2340 5848 approbavit.
2363 5765 2576 5848 hlissam
2603 5768 2662 5848 in
2695 5765 3293 5848 Aprobationis'ailt‘iculo
3331 5766 3474 5848 cele-

1904 5836 2050 5894 brari
2074 5836 2282 5893 solitam
2315 5836 2468 5893 nobis
2493 5836 2710 5894 exhibet
2734 5847 2887 5895 vetus
2916 5838 3083 5896 codex
3117 5836 3406 5896 Uticensis.
3472 5891 3480 5900 .
