4012 6300
569 328 678 386 98Ἱ

636 422 640 426 Δ
1071 435 1378 506 Conjuratio
1410 434 1656 490 hominis.

644 553 849 624 Adjuro
892 560 967 617 te;
1005 548 1167 605 homo
1213 547 1301 613 N.,
1348 562 1446 620 per
1490 546 1885 603 invocationem
1930 546 2146 603 Domini

577 646 751 704 nostri
787 643 913 701 lesu
941 641 1167 707 Christi,
1194 648 1248 697 et
1281 655 1378 712 per
1407 638 1669 710 judicium
1713 654 1865 710 aqua:
1913 638 2142 711 frigidae.

575 737 779 809 Adjuro
811 744 862 792 te
902 749 1002 806 per
1042 733 1280 796 Patrem,
1306 740 1357 785 et
1384 728 1672 796 Filium,et
1719 728 1978 801 Spiritum
2016 746 2171 786 san-.

575 840 747 891 ctum,
773 835 828 882 et
864 836 961 897 per
985 823 1300 878 Trinitatem
1345 821 1779 892 inseparabilem,
1812 831 1868 877 et
1904 836 2001 893 per
2046 822 2150 878 Do-

576 919 778 973 minum
836 925 1080 971 nostrum
1127 911 1308 969 Iesum
1343 912 1662 978 Christum,
1713 920 1770 968 et
1816 928 1912 984 per
1962 928 2149 968 omnes

577 1007 795 1079 angelos
820 1015 874 1062 ct
897 1004 1263 1077 archangelos,
1283 1013 1336 1058 et
1364 1019 1460 1074 per
1488 1005 1628 1060 diem
1656 1005 1916 1059 tremendi
1938 1005 2147 1073 judieii,

578 1105 633 1152 et
674 1111 774 1168 per
822 1104 1055 1167 quatuor
1103 1095 1461 1165 evangelistas
1501 1094 1833 1161 Matthaeum,
1889 1095 2147 1163 Marcum,

574 1188 779 1246 Lucam
816 1199 870 1243 et
903 1186 1188 1252 Joannem,
1217 1196 1295 1241 et.
1326 1202 1422 1255 per
1459 1187 1740 1242 duodecim
1784 1188 2073 1257 apostolos,
2098 1194 2153 1243 et

576 1295 673 1350 per
703 1278 984 1335 duodecim
1022 1278 1333 1348 prophetas,
1363 1286 1417 1332 et
1455 1293 1552 1348 per
1578 1293 1766 1333 omnes
1793 1288 2008 1334 satietas
2034 1278 2149 1344 Dei,

577 1384 632 1431 et
660 1390 757 1445 per
785 1371 1126 1442 Principatus
1172 1380 1227 1427 et
1260 1370 1584 1435 Potestates,
1621 1387 1719 1442 per
1754 1372 2153 1428 Dominationes

580 1477 639 1525 et
666 1465 935 1541 Virtutes,
975 1472 1031 1521 et
1076 1480 1174 1548 per
1210 1465 1476 1543 Thronos,
1505 1465 1798 1522 Cherubim
1842 1476 2003 1541 atque
2057 1464 2155 1522 Se—

582 1559 814 1629 raphim,
841 1565 895 1613 et
938 1571 1036 1628 per
1075 1564 1186 1612 tres
1230 1572 1425 1627 pueros
1464 1557 1670 1621 Sidrac,
1706 1557 1928 1622 Misach,
1965 1566 2018 1612 et
2049 1558 2159 1611 Ab-

580 1649 808 1720 dcnago,
850 1657 906 1704 et
935 1662 1035 1718 per
1068 1657 1284 1703 centum
1325 1648 1682 1720 quadraginta
1731 1658 1963 1718 quatuor
1991 1649 2155 1704 millia

579 1742 669 1813 qui
721 1755 820 1811 pro
873 1740 1076 1797 Christi
1118 1740 1333 1795 nomine
1376 1741 1519 1810 passi
1560 1750 1715 1808 sunt,
1766 1751 1820 1797 et
1867 1757 1960 1813 per
2006 1741 2154 1796 ilium

580 1833 908 1902 baptismum
970 1845 1079 1901 quo
1121 1830 1375 1905 sacerdos
1428 1840 1479 1887 te
1524 1832 1862 1903 regeneravit
1903 1841 1961 1886 ut
1997 1832 2041 1885 si
2089 1831 2156 1887 de

581 1920 685 1976 hoc
732 1919 878 1976 furto
925 1919 1095 1984 scisti,
1129 1928 1222 1973 aut
1256 1919 1459 1986 vidisti,
1510 1931 1603 1974 aut
1654 1921 1928 1992 hajulasti,
1965 1930 2060 1999 aut
2100 1921 2155 1998 in

585 2016 802 2072 domum
842 2027 990 2071 tuam
1028 2017 1302 2086 recepisti,
1357 2026 1451 2071 aut
1496 2015 1841 2070 consentiens
1893 2021 1983 2066 aut
2023 2026 2156 2067 eon-

584 2116 875 2164 sentaneus
903 2108 1095 2163 exinde
1135 2107 1317 2175 fuisti,
1360 2118 1453 2163 aut
1481 2111 1525 2164 si
1574 2109 1738 2163 habes
1765 2122 1860 2163 cor
1886 2107 2157 2161 incrassa-

584 2204 699 2259 tum
722 2196 807 2259 vel
826 2197 1470 2264 induratum,evaneseat
1498 2214 1593 2255 eor
1617 2208 1763 2253 tuum
1780 2206 1835 2252 et
1865 2211 1970 2252 non
1995 2194 2163 2255 susci-

584 2288 701 2357 piat
728 2294 786 2344 te
824 2302 985 2358 aqua.
1026 2301 1202 2358 neque
1246 2289 1413 2367 ullum
1455 2288 1780 2345 maleﬁcium
1824 2296 2012 2345 contra
2058 2286 2163 2345 hoc

512 2380 523 2389 “
580 2379 898 2449 prrsvaleat,
947 2380 1044 2441 sed
1096 2379 1493 2441 manifestatur.
1526 2381 1816 2453 Propterea
1868 2379 2065 2435 obnixe
2111 2386 2164 2447 te

584 2471 956 2543 deprecamur,
984 2471 1213 2531 Domine
1256 2471 1382 2529 Jesu
1407 2472 1640 2539 Christe,
1680 2472 1768 2528 fac
1807 2472 2017 2543 signum
2058 2469 2165 2526 tale

584 2569 668 2626 ut,
692 2561 737 2619 si
766 2560 1049 2632 culpabilis
1073 2569 1158 2623 est
1189 2562 1279 2619 hic
1308 2562 1485 2627 boum,
1516 2562 1823 2619 nullatenus
1872 2562 2166 2633 recipiatur

583 2651 654 2709 ab
680 2662 842 2721 aqua.
888 2649 1003 2709 Hoc
1038 2660 1242 2718 autem,
1283 2651 1513 2709 Domine
1550 2651 1674 2708 Iesu
1703 2651 1941 2717 Christe,
1979 2650 2067 2707 fac
2097 2653 2166 2707 ad

578 2738 801 2799 laudem
844 2751 902 2796 et
938 2734 1167 2813 gloriam
1205 2757 1302 2813 per
1341 2742 1737 2799 invocationem
1790 2742 2023 2799 nominis
2065 2742 2164 2809 tui,

590 2843 649 2887 ut
677 2847 866 2891 omnes
882 2844 1210 2906 cognoscant
1233 2836 1359 2906 quia
1399 2845 1455 2892 tu
1484 2852 1544 2893 es
1569 2836 1832 2893 Dominus
1863 2843 2048 2892 noster
2073 2833 2165 2905 qui

578 2938 712 2985 ,cum
754 2924 915 2981 Patre
948 2933 1004 2982 et
1047 2925 1253 2996 Spiritu
1287 2936 1477 2989 sancto
1503 2928 1638 2984 vivis
1666 2936 1723 2984 et
1764 2941 1980 3001 regnas,
2002 2926 2164 2996 Deus,

590 3014 645 3069 in
672 3015 868 3073 saecula
891 3016 1233 3075 saeculorum.
1257 3017 1451 3077 Amen.

944 3129 1129 3187 Oratio
1155 3133 1223 3186 ad
1243 3150 1433 3204 aquam
1461 3134 1801 3190 benedictum.

669 3238 993 3314 Suppliciter
1040 3251 1111 3311 te,
1162 3244 1383 3304 Domine
1438 3246 1567 3303 Iesu
1592 3246 1849 3315 Christe,
1908 3262 2165 3319 depreca-

592 3348 734 3399 mur,
772 3332 875 3389 tale
902 3334 1316 3406 praesentialiter
1343 3336 1524 3394 facere
1556 3338 1778 3408 dignare
1800 3341 2011 3410 signum
2036 3349 2095 3395 ut
2119 3340 2163 3396 si

591 3424 693 3480 istc
715 3427 855 3496 quod
888 3427 938 3483 ei
975 3424 1249 3496 obiicitur,
1293 3439 1375 3485 est
1430 3431 1483 3486 in
1520 3430 1698 3502 aliquo
1745 3432 2029 3503 culpabilis
2058 3446 2164 3489 non

595 3517 848 3587 suscipiat
877 3532 999 3573 eum
1041 3518 1155 3575 hazc
1186 3534 1347 3589 aqua,
1379 3522 1470 3578 sed
1499 3532 1785 3580 evanescat
1810 3525 1927 3596 ipse
1952 3532 2005 3580 et
2045 3522 2164 3580 nul-

594 3606 805 3663 latenus
848 3609 1007 3665 modo
1062 3611 1203 3666 intro
1258 3613 1498 3683 recipiat.
1544 3614 1657 3670 Hoc
1708 3626 1906 3680 autem,
1940 3616 2185 3672 Domine

592 3697 715 3755 Iesu
738 3697 987 3767 Christe,
1017 3699 1103 3757 fac
1136 3702 1201 3757 ad
1246 3702 1454 3759 laudem
1495 3715 1549 3761 et
1584 3706 1807 3775 gloriam
1847 3708 1913 3762 ad
1944 3704 2163 3762 invoca-

592 3792 795 3846 tionem
847 3791 1082 3848 nominis
1109 3794 1186 3873 tul
1213 3793 1251 3866 1‘-
1275 3803 1333 3848 ut
1375 3806 1562 3851 omnes
1604 3806 1930 3870 cognoscant
1953 3798 2078 3867 quia
2108 3807 2162 3852 tu

593 3900 652 3940 es
679 3885 819 3939 Deus
844 3900 1030 3951 verus,
1066 3892 1123 3943 et
1168 3897 1366 3961 praeter
1394 3896 1445 3943 te
1484 3906 1588 3945 non
1617 3899 1700 3946 est
1728 3891 1884 3958 alius,
1908 3892 1998 3962 qui
2029 3891 2165 3946 vivis

593 3983 647 4031 et
678 3991 869 4048 regnas
901 3977 1027 4034 cum
1066 3979 1178 4037 Deo
1204 3978 1362 4037 Patre
1390 3981 1444 4036 in
1474 3982 1676 4039 unitate
1716 3982 1949 4055 Spiritus
1989 3985 2162 4041 sancti

589 4087 688 4145 per
714 4072 920 4128 inﬁnita
942 4073 1138 4133 secula
1169 4074 1505 4131 saeculorum.
1533 4076 1727 4134 Amen.

661 4161 775 4217 Hoc
795 4172 974 4220 autem
1010 4160 1274 4235 judicium
1301 4165 1508 4222 creavit
1535 4168 1879 4239 omnipotens
1908 4167 2071 4234 Deus,
2111 4177 2165 4224 et

591 4271 778 4311 verum
818 4266 920 4325 est,
949 4265 1005 4313 et
1048 4272 1149 4330 per
1190 4258 1443 4315 domuum
1476 4260 1768 4332 Eugenium
1806 4259 2166 4332 apostolicum

593 4347 867 4402 inventum
903 4357 1008 4415 est,
1039 4342 1099 4404 ut
1131 4364 1320 4407 omnes
1347 4352 1602 4422 episcopi,
1648 4352 1888 4419 abhates,
1916 4352 2163 4418 comites,

594 4457 688 4496 seu
730 4456 916 4499 omnes
965 4438 1261 4499 Christiani
1299 4460 1394 4515 per
1440 4444 1748 4500 universum
1810 4445 1994 4500 orbem
2042 4460 2165 4500 eum

601 4532 887 4593 observare
912 4522 1194 4602 studeant,
1243 4534 1368 4607 quia
1394 4553 1422 4590 a
1448 4534 1629 4591 multis
1653 4536 1936 4607 probatum
1986 4544 2070 4592 est
2114 4545 2168 4592 et

590 4638 775 4677 verum
828 4624 1103 4695 inventum
1138 4635 1241 4682 est.
1282 4626 1404 4681 ideo
1445 4627 1586 4681 enim
1632 4628 1700 4683 ab
1741 4626 1843 4682 il-lis
1894 4628 2167 4684 inventum

590 4728 673 4775 ρει
711 4726 764 4784 et
818 4706 1122 4777 institutum
1165 4728 1225 4774 ut
1262 4719 1388 4774 nulli
1432 4718 1587 4775 liccat
1627 4736 1788 4792 super
1817 4729 2061 4775 sanctum
2090 4721 2171 4774 al—
2236 4728 2243 4736 ‘

598 4818 712 4864 tare
742 4826 960 4865 manum
989 4825 1187 4880 ponere
1233 4826 1405 4882 neque
1444 4827 1606 4883 super
1644 4812 1900 4884 reliquias
1933 4811 2017 4867 vel
2042 4827 2164 4866 sau-

591 4906 800 4953 ctorum
824 4914 1049 4971 corpora
1068 4898 1275 4969 jurare.

1341 5014 1428 5072 111.

586 5136 840 5179 ιιιττιιιι
866 5138 1081 5183 ιυῦεκιι
1118 5140 1156 5182 ll
1185 5143 1239 5183 ιιι
1273 5142 1513 5185 ακΑτιΑιι
1543 5144 1778 5187 οωοιιιι
1811 5141 2158 5188 Αριιιιιειιειε.

1203 5240 1384 5312 (Anno
1405 5239 1556 5314 827.)

766 5343 932 5421 [GalL
961 5346 1152 5403 Christ.
1184 5357 1313 5405 tom.
1340 5348 1457 5417 XII,
1486 5350 1664 5419 instra,
1691 5366 1814 5427 pag.
1839 5350 1989 5427 £25.]

659 5456 799 5529 Quia
847 5459 1106 5517 Dominus
1164 5471 1353 5517 noster
1392 5477 1522 5519 oves
1568 5464 1832 5535 proprias,
1882 5479 2017 5534 quas
2066 5481 2165 5523 suo

588 5559 777 5603 sancto
811 5564 876 5605 ac
915 5550 1437 5623 pretiososanguine
1481 5554 1786 5623 acquisivit,
1819 5555 1976 5610 beato
2005 5555 2166 5611 Petro

584 5642 883 5711 pascendas
929 5641 1219 5709 commisit,
1263 5652 1477 5701 constat
1517 5645 1772 5701 nimirum
1803 5656 2024 5703 cunctos
2074 5647 2166 5703 Dei

588 5730 828 5789 cultores
852 5733 1022 5805 ipsius
1055 5732 1249 5807 subjici
1277 5736 1493 5795 tuitioni
1517 5736 1673 5810 cujus
1699 5752 1799 5797 nos
1833 5738 2031 5813 ubique
2056 5755 2164 5802 non

2008 5914 2034 5927 μ

1106 322 1394 380 APPEND.
1434 323 1527 379 AD
1565 322 1739 380 SEC.
1779 321 1871 378 IX.
1901 351 1971 362 —
1997 319 2331 378 SUPPLEM.
2376 321 2469 379 AD
2505 323 2794 386 SCRIPTA
2826 318 3299 419 ΡΟΝΤΙΕηΒΟΜ.
3722 335 3811 393 988

2181 436 2232 498 Α
2259 431 2547 519 diiﬁdimus
2575 437 2782 509 protegi
2813 438 3131 508 patrocinio.
3179 438 3515 510 Quapropter
3538 441 3673 498 satis
3701 456 3814 499 cono

2247 523 2532 583 venienter
2577 528 2828 587 omnibus
2871 527 3195 589 Christianis
3232 538 3445 600 oportet
3474 533 3543 589 ad
3585 542 3814 593 nam

2249 623 2476 673 matrem
2523 614 2820 677 Ecclesiam
2866 625 2919 675 et
2973 618 3325 687 apostolicam
3368 619 3550 683 sedem
3588 621 3815 692 prath

2247 717 2576 767 concursum
2624 705 2803 769 taliter
2846 715 2909 765 ut
2953 716 3010 771 et
3056 708 3271 767 devotio
3299 710 3597 769 conditoris
3636 725 3817 775 eonte-

2249 793 2462 853 nienter
2505 796 2730 855 sortisse
2768 797 3015 863 videatur
3042 795 3313 867 effectum,
3336 808 3394 855 et
3436 800 3544 870 piae
3584 810 3816 859 conum,

2250 885 2445 943 ctionis
2489 887 2694 945 oraculi
2741 888 2798 945 in
2835 887 3131 960 privilegiis
3154 889 3443 961 largiendis
3471 890 3698 947 minime
3728 891 3813 947 dc‘

2250 990 2477 1050 negetur
2537 979 2817 1035 auxilium.
2879 980 3045 1051 Igitur
3085 981 3212 1052 quia
3264 981 3555 1051 postulavit
3600 997 3633 1037 a
3682 982 3817 1041 nobis

2253 1070 2588 1139 Ludovicus,
2635 1073 2951 1143 pronomine
2996 1072 3148 1142 Pius,
3204 1073 3690 1137 excellentissimus
3736 1089 3817 1135 rex

2252 1162 2611 1230 Francorum,
2632 1175 2901 1237 quatenus
2920 1167 3305 1225 monasterium
3326 1175 3637 1225 sanctorum
3660 1167 3820 1239 Agar

2252 1257 2497 1315 nensium
2534 1257 2587 1314 in
2630 1270 2796 1329 regno
2827 1258 3146 1330 Burgundite
3174 1273 3342 1331 super
3374 1257 3600 1315 ﬂuvium
3624 1257 3819 1317 Rhoda-

2254 1365 2407 1415 num,
2442 1352 2583 1423 quod
2638 1352 2691 1409 in
2740 1352 3000 1420 honomm
3041 1351 3187 1409 δωιί
3240 1351 3473 1409 Iluritii
3502 1360 3565 1409 et
3614 1350 3820 1415 alioru-

2254 1451 2551 1512 martyrum
2603 1440 2979 1513 Sigismundus
3029 1443 3183 1497 honre
3242 1441 3516 1496 memoriae
3580 1455 3671 1495 rex
3712 1452 3823 1494 con-

2255 1533 2519 1589 slruxisse
2550 1533 2901 1603 dignoscitur,
2932 1534 2985 1587 in
3016 1548 3121 1603 quo
3144 1532 3474 1604 Adalongus
3505 1532 3823 1587 Sedunensls

2255 1625 2558 1695 episc0pus,
2587 1624 2686 1678 sub
2708 1623 2922 1679 nomine
2951 1624 3159 1679 abbatis
3180 1624 3567 1680 canonicorum
3598 1623 3818 1695 regulam

2204 1758 2211 1767 .
2259 1728 2447 1785 regere
2474 1713 2707 1780 videtur,
2755 1714 3037 1786 privilegio
3066 1731 3188 1771 cum
3234 1716 3378 1771 sedis
3407 1715 3713 1786 apostolica
3752 1715 3822 1768 iu-

2188 1799 2229 1858 Β
2257 1804 2383 1860 falis
2427 1805 2731 1871 decoretur,
2787 1816 2842 1859 et
2893 1805 2992 1859 sub
3043 1814 3249 1870 sancta,
3294 1805 3405 1872 cui,
3450 1805 3565 1860 Deo
3594 1814 3817 1867 auctore,

2256 1898 2608 1971 praesidemus
2652 1896 2895 1953 Ecclesia
2921 1897 3272 1955 constitutum
3322 1898 3719 1967 prmteritorum
3753 1908 3822 1948 rc-

2259 1991 2336 2062 git
2374 1989 2615 2044 ordinem
2665 1988 2880 2061 gloriosi
2910 1989 3159 2045 videlicet
3202 1990 3342 2060 regis
3393 1987 3741 2060 Sigismundi,
3768 2000 3819 2039 ac

2258 2091 2793 2154 caeterorumregum
2824 2090 2946 2152 post.
2990 2081 3160 2152 ipsius
3213 2088 3411 2135 statuta
3457 2090 3514 2137 et
3544 2079 3818 2150 privilegia,

2261 2173 2458 2228 iterum
2502 2170 2820 2242 praesulatus
2868 2174 3069 2231 honore
3119 2172 3519 2227 consentientes
3553 2169 3817 2226 continue-

2230 2260 2405 2331 ‘mus,
2436 2272 2495 2319 ut
2516 2263 2821 2319 nullatenus
2843 2263 2950 2318 ullo
2984 2258 3242 2334 deinceps
3272 2272 3516 2333 tempore
3545 2263 3818 2330 irrumpat)-

2265 2365 2376 2423 tur,
2424 2358 2518 2413 sed
2566 2357 2706 2411 sicut
2748 2354 2877 2410 ante
2931 2356 3099 2411 nostri
3134 2352 3561 2428 pnede'eesSores
3607 2353 3817 2424 ejusdem

2262 2449 2366 2505 loci
2409 2449 2699 2506 monachos
2748 2449 2823 2503 ita
2878 2464 2977 2504 nos
3031 2449 3321 2505 canonicos
3369 2448 3528 2517 quos,
3581 2445 3817 2518 propulsis

2264 2543 2543 2600 monachis
2590 2541 2819 2598 nefanda
2868 2552 2923 2598 et
2964 2542 3265 2599 miserabili
3300 2542 3458 2598 sorde
3501 2539 3740 2611 pollutis,
3773 2536 3816 2591 in

2265 2637 2453 2693 eodem
2486 2636 2603 2692 loco
2630 2636 3051 2707 gloriosissimus
3082 2651 3175 2691 rex
3211 2635 3579 2699 ordinaverat,
3608 2631 3814 2688 auctori-

2266 2736 2377 2783 tate
2420 2727 2563 2797 sedis
2611 2727 2917 2798 apostolica:
2957 2729 3275 2783 decoremus
3308 2745 3322 2782 :
3359 2735 3414 2783 et
3468 2740 3643 2798 neque
3684 2735 3817 2793 sum

2266 2820 2386 2885 illos
2414 2820 2668 2891 praelatus
2693 2818 2889 2890 aliquis
2927 2818 3045 2877 sine
3081 2830 3266 2874 eorum
3300 2816 3571 2875 communi
3600 2813 3814 2875 consilio,

2265 2913 2353 2969 vel
2381 2913 2645 2970 electione
2665 2914 2928 2978 mittatur,
2955 2928 3133 2984 neque
3158 2930 3224 2969 ex
3255 2913 3635 2969 communibus
3660 2907 3818 2965 Ecclu-

2266 3003 2361 3059 sia:
2416 3002 2576 3058 rebus
2620 3012 2815 3073 praeter
2856 3002 3261 3072 dispositionem
3311 3017 3499 3057 eorum
3548 3000 3812 3071 quidquam

2266 3099 2628 3164 pertractetur
2655 3110 2669 3146 :
2699 3105 2799 3147 nec
2823 3090 3045 3163 alicujus
3075 3091 3277 3163 prmlati
3304 3089 3560 3147 violentia
3593 3104 3816 3161 grassan-

2272 3184 2341 3240 tis
2390 3185 2444 3239 in
2492 3182 2705 3239 illorum
2770 3183 3108 3254 propriorum
3174 3183 3435 3239 bonorum
3490 3182 3816 3253 direptionem

2264 3280 2601 3339 exerceatur,
2636 3273 2731 3328 sed
2769 3275 2951 3331 omnia
2980 3272 3243 3344 privilegii
3287 3273 3613 3331 auctoritate
3658 3286 3815 3327 eorum

2260 3367 2496 3424 decretis
2521 3366 2839 3427 ordinentur
2877 3374 2933 3425 et
2962 3366 3333 3437 subjiciuntur.
3381 3364 3448 3423 Et
3496 3375 3673 3423 morte
3705 3363 3818 3419 anti-

2256 3463 2426 3534 cipati
2452 3460 2636 3519 fratris
2661 3461 2877 3532 propria
2905 3459 2989 3516 vel
3017 3461 3194 3527 debita
3228 3461 3365 3523 bona
3395 3457 3725 3515 confratrum
3744 3464 3819 3509 aut

2262 3564 2546 3628 parentum
2596 3554 2946 3624 dispositione
3013 3553 3306 3617 secundum
3366 3551 3548 3613 adhuc
3617 3548 3817 3607 viventis

2264 3657 2449 3705 votum
2498 3648 2914 3714 distribuantur,
2959 3662 3029 3711 ne
3055 3646 3303 3705 mutui
3345 3645 3617 3716 pravitate
3654 3643 3816 3712 robigo

2258 3741 2650 3797 ecclesiasticae
2690 3740 2979 3809 rapinae:
3022 3740 3127 3799 hoc
3154 3737 3511 3805 recoleut,...,
3560 3735 3815 3807 erugioei.

2265 3831 2351 3887 vel
2386 3847 2572 3887 vocem
2601 3830 2800 3889 histilia:
2830 3830 2937 3888 ulla
2963 3830 3384 3901 perturbationis
3428 3829 3661 3902 caligine
3694 3825 3813 3886 oin-

2264 3931 2380 3978 seet
2435 3923 2535 3978 sub
2597 3922 2958 3981 anathematis
3004 3921 3221 3989 vinculo
3280 3920 3620 3993 conisu-us.
3676 3919 3737 3976 Et
3770 3919 3814 3973 it

2250 4016 2508 4089 partibus
2535 4015 2853 4087 Burgundiaz
2877 4015 3165 4087 quamdam
3194 4023 3424 4080 cortem,
3458 4014 3702 4071 videlicet
3728 4014 3815 4067 Δι-

2264 4121 2390 4163 cum
2434 4110 2672 4174 nomine,
2720 4107 2881 4179 sitam
2924 4109 2979 4163 in
3022 4105 3346 4178 Lingonensi
3393 4105 3667 4161 territorio
3711 4115 3815 4159 coal

2265 4199 2510 4256 ecclesiis
2533 4207 2586 4255 et
2610 4199 2854 4263 decimis,
2870 4199 3043 4265 silvis,
3068 4199 3245 4269 aquis,
3265 4198 3500 4269 pascuis,
3528 4197 3817 4265 cunctisque

2264 4288 2608 4361 pertinentiis
2657 4287 2895 4357 ejusdem
2946 4287 3187 4344 ecclesia:
3238 4286 3501 4345 fratribus
3544 4286 3815 4344 habendam

2267 4379 2628 4435 concedimus.
2691 4378 2957 4433 Praeterea
3008 4376 3117 4449 piis
3175 4378 3459 4435 desideriis
3507 4378 3816 4434 Francorum

2198 4503 2249 4566 ο
2272 4471 2414 4543 regis
2466 4486 2625 4527 aures
2691 4472 3161 4529 accommodantes
3217 4471 3458 4541 eiusdem
3530 4467 3816 4529 monasterii

2273 4563 2672 4635 congregationi
2698 4563 2792 4619 Dei
2824 4565 3093 4620 mandatis
3120 4564 3403 4620 inbmrenti
3433 4565 3681 4635 sedisque
3706 4576 3819 4633 apo-

2272 4654 2475 4709 stolica:
2534 4653 2771 4723 regulam
2816 4655 3057 4711 servanti
3109 4670 3206 4725 per
3260 4655 3420 4727 huius
3462 4652 3815 4726 przeceptionis

2268 4744 2643 4801 auctoritatem
2673 4746 2726 4800 id
2765 4745 2906 4821 quod
2936 4746 3277 4817 exposcimur
3319 4744 3513 4805 eﬂ‘ectu
3562 4746 3811 4813 mancipa-

2270 4851 2409 4893 mus.
2436 4835 2501 4893 Et
2521 4835 2641 4893 ideo
2664 4851 2877 4895 omnem
2908 4835 3191 4912 cujuslibet
3218 4837 3475 4913 Ecclesiae
3506 4837 3812 4909 sacerdotem

2266 4928 2323 4984 in
2348 4926 2570 5000 praefato
2605 4931 2951 4995 monasterio,
2983 4929 3065 4985 vel
3099 4930 3153 4984 in
3177 4928 3419 4985 ecclesiis
3445 4930 3498 4984 in
3523 4928 3638 4998 ejus
3668 4925 3813 4983 curti.

2266 5020 2370 5077 bus
2394 5020 2531 5083 sitis,
2560 5027 2614 5076 et
2656 5019 2769 5091 ejus
2793 5020 3167 5094 eleemosynis,
3195 5020 3518 5077 constructis
3540 5028 3593 5075 et
3620 5016 3810 5073 ordina-

2268 5110 2360 5177 tis,
2406 5109 2608 5165 nullum
2656 5111 2739 5167 sui
2774 5110 3048 5182 prioratus
3099 5110 3433 5183 pontiﬁcium
3470 5108 3813 5182 permittimus

2266 5201 2596 5265 habiturum,
2637 5217 2811 5272 neque
2847 5201 2994 5256 illum
3021 5203 3113 5273 qui
3152 5203 3424 5258 civitatem
3470 5200 3809 5257 Seduncusem

2268 5308 2413 5347 nunc
2441 5291 2637 5347 habere
2663 5291 2994 5361 dignoscitur
3024 5290 3109 5347 vel
3144 5290 3306 5347 fuerit
3348 5290 3402 5344 in
3446 5298 3714 5361 posterum
3738 5300 3812 5340 ac-

2266 5381 2562 5452 quisiturus
2587 5379 2874 5450 quamlibet
2898 5380 3155 5437 ditionem
3180 5395 3272 5437 seu
3301 5388 3620 5451 potestatem
3648 5386 3815 5433 exten-

2267 5470 2419 5537 dere,
2448 5479 2642 5540 pmter
2668 5471 2847 5527 aedon]
2885 5470 3237 5541 apostolicam
3272 5471 3636 5540 prohibemus,
3672 5467 3740 5521 ita
3762 5472 3810 5517 ιιι

2269 5563 2370 5619 nisi
2392 5563 2461 5619 ab
2484 5577 2550 5618 eo
2569 5562 2659 5633 qui
2683 5571 2808 5617 tunc
2828 5561 3104 5633 pmfuerit
3132 5562 3394 5630 ecclesiae,
3418 5562 3503 5623 vel
3522 5577 3551 5616 a
3576 5560 3811 5619 fratr-ilius

2272 5652 2429 5709 fuerit
2455 5651 2732 5719 invitatus,
2757 5666 2856 5707 nec
2880 5652 3239 5708 admissurum
3274 5652 3470 5709 ibidem
3516 5647 3809 5708 celebranda

2270 5742 2529 5807 solemnia
2558 5742 2826 5809 quispiam
2851 5752 3145 5811 praesumat
3181 5745 3455 5805 accedere.
3486 5742 3566 5803 vel
3586 5757 3730 5801 suam
3764 5732 3809 5799 in
