3930 5620
90 285 197 344 989

1492 282 1838 340 EUGENIUS
1872 283 1934 337 ll.

3233 287 3337 345 990

93 402 297 456 ibidem
328 396 745 476 dominationem
774 398 996 469 incipiat
1023 411 1275 454 exercere
1296 413 1397 454 nec
1415 396 1522 452 ulla
1544 414 1671 452 con-
1696 400 1752 459 Α
1775 393 2135 449 necessarium
2164 393 2268 451 [ide
2287 403 2346 451 et
2393 395 2640 467 exemplo
2666 396 2952 469 probatum
2996 400 3186 456 merito
3211 416 3339 473 erga

96 495 353 552 ciliabula
370 493 699 564 praetendere
722 501 813 547 aut
833 491 1097 563 quaslibet
1115 499 1294 560 partes
1308 489 1671 561 elecmosyna-

90 604 210 641 rum
238 600 361 654 quae
387 585 452 639 ad
469 593 709 640 Sanctum
741 584 1124 639 monasterium
1143 599 1170 637 a
1197 580 1442 637 fidelibus
1464 580 1670 636 collatae

90 673 295 729 fuerint
340 690 435 730 sua
486 675 540 728 in
590 683 740 742 parte
768 673 1015 742 exigere,
1054 687 1231 741 neque
1276 672 1515 727 decimas
1549 685 1669 742 quae

91 769 197 821 illic
228 784 258 821 a
300 767 406 835 jam
440 768 581 821 dicto
613 767 670 820 S.
700 765 1050 836 Sigismundo
1104 774 1229 819 sunt
1273 779 1539 819 concessce
1582 774 1668 817 ab

90 866 262 910 tentet
291 856 526 922 auferre,
549 872 612 911 eo
633 859 773 926 quod
797 855 1114 923 subjectioni
1145 854 1419 924 apostolici
1446 851 1665 924 privile-

88 949 151 1013 gii
212 949 521 1001 musistuut
571 951 908 1001 inconcussa.
967 946 1357 1000 Constitnimus
1403 946 1543 997 enim
1574 959 1671 1014 per

90 1041 247 1107 hujus
308 1040 504 1095 decreti
554 1040 725 1095 nostri
782 1040 1024 1110 paginam
1081 1049 1242 1110 atque
1304 1039 1669 1094 interdicimus

83 1131 342 1185 omnibus
368 1131 586 1187 omnino
614 1131 897 1201 cujuslibet
926 1134 1169 1188 ecclesia:
1196 1133 1533 1202 praesulibus,
1583 1127 1668 1186 vel

84 1221 457 1291 cujuscunque
488 1223 707 1278 honoris
753 1224 1014 1294 dignitate
1060 1224 1349 1292 praedictis,
1393 1223 1493 1278 sub
1535 1238 1667 1277 ana-

84 1313 345 1365 thematis
377 1313 609 1376 vinculo,
651 1326 718 1367 ue
741 1313 936 1382 aliquis
969 1310 1126 1380 hujus
1156 1321 1350 1366 nostra:
1374 1312 1667 1366 institutio-

83 1403 161 1453 nis
211 1403 470 1471 paginam
524 1402 607 1456 vel
656 1402 875 1456 donaria
921 1410 975 1456 et
1026 1402 1288 1456 libertatis
1335 1401 1566 1455 honores
1614 1407 1670 1454 et

80 1492 397 1546 sanctiones
426 1508 544 1560 quae
590 1507 619 1545 a
663 1493 917 1562 prmdicto
958 1506 1084 1559 rege
1130 1490 1401 1545 Ludovico
1438 1499 1504 1545 et
1551 1489 1669 1545 aliis

84 1583 307 1653 regibus
334 1583 639 1637 constitutae
669 1591 813 1644 sunt,
847 1590 901 1637 et
945 1579 1169 1651 praefato
1211 1581 1542 1635 monasterio
1569 1580 1669 1635 sub

84 1674 389 1743 priviiegiis
411 1674 649 1739 indultae,
680 1674 884 1728 violare
904 1679 1213 1743 praesumat.

1726 480 1733 491 '
1771 485 1916 539 illam
1944 484 2297 555 apostolicam
2329 496 2607 543 servantes
2633 489 2954 545 sententiam
2978 482 3082 560 qua
3114 491 3336 548 dicitur:

1771 573 2043 641 Quomodo
2067 576 2289 633 credent
2308 577 2420 633 sine
2445 578 2782 646 medicante,
2802 588 2897 634 aut
2921 580 3179 652 quomodo
3205 598 3342 653 pra:-

1769 667 2017 722 dimbunt
2064 669 2163 724 nisi
2213 671 2491 725 mittantur
2525 670 2705 743 (Rom.
2757 671 2835 742 ι),
2880 672 2948 727 ab
2990 674 3094 727 hac.
3152 681 3337 730 sancta

1769 761 2011 815 Romana
2053 770 2224 816 matre
2272 762 2510 817 Ecclesia
2549 763 2822 818 vobiscum
2862 772 3127 818 rectorem
3168 773 3345 819 trans-

1769 853 2034 918 misimus,
2065 860 2225 923 atque
2253 853 2304 907 in
2339 852 2575 923 prtefatis
2600 854 2907 923 regionibus
2940 852 3188 921 Hanniaa,
3224 871 3344 925 qum

1768 952 1821 999 et
1844 942 2038 998 Avaria
2070 944 2387 1014 appellatur,
2429 945 2600 1001 sedet
2630 944 2900 1010 Moraviae,
2943 947 3343 1016 provinciarum

1768 1050 1998 1105 quoque,
2045 1034 2332 1089 Pannoniae
2382 1036 2495 1091 sive
2540 1033 2721 1090 Mesias
2767 1032 3115 1105 apostolicam
3169 1035 3342 1091 vicem

1769 1135 2030 1190 nostram,
2060 1134 2116 1180 et
2141 1126 2419 1180 dioecesim
2448 1133 2608 1195 atque
2625 1123 2717 1193 jus
2745 1125 3167 1184 ecclesiasticum
3189 1138 3345 1184 exer-

1768 1215 1942 1279 cendi,
1967 1223 2021 1270 et
2047 1231 2200 1269 usum
2230 1230 2294 1269 ac
2317 1225 2636 1286 potestatem
2678 1225 3078 1271 autecessorum
3100 1230 3341 1282 suorum,

1767 1305 2015 1361 videlicet
2053 1315 2255 1361 sancta).
2284 1305 2660 1362 Lauriacensis
2686 1306 2938 1371 Ecclesia
2986 1306 3346 1377 archiepisco-

1769 1414 1957 1469 porum
1988 1398 2087 1452 sibi
2117 1399 2625 1468 suecessoribusquc
2672 1399 2785 1453 suis
2813 1394 3076 1454 canenica
3107 1397 3343 1453 auctori-

1771 1499 1881 1544 tate
1902 1488 2310 1554 committimus,
2339 1498 2499 1559 atque
2526 1487 2686 1560 hujus
2713 1489 3114 1544 constitutionis
3143 1497 3340 1545 nostra:

1769 1581 2040 1636 decretum
2066 1579 2478 1650 subscriptionis
2514 1579 2791 1649 privilegio
2832 1580 3173 1635 roboramus.
3212 1578 3339 1652 Pal-3
3400 1575 3411 1591 “

1768 1671 1896 1727 lium
1913 1680 2191 1743 praeterea,
2199 1671 2353 1743 juxta
2369 1662 2809 1728 consuetudinem
2828 1673 3122 1741 antiquam,
3144 1672 3343 1727 sancti-

148 1765 446 1835 Engenius,
502 1766 612 1819 Deo
663 1774 903 1831 auctore,
954 1765 1008 1820 in
1062 1766 1163 1820 hac
1196 1763 1337 1820 serie
1398 1762 1661 1835 privilegii
1692 1759 1738 1839 Β
1770 1765 1862 1821 tati
1890 1779 2003 1820 suae
2035 1766 2299 1829 dedimus,
2344 1765 2485 1834 quod
2520 1764 2608 1819 ita
2647 1764 2747 1819 sibi
2779 1765 3164 1826 concessimus.
3200 1764 3342 1819 sicut

78 1859 144 1909 ob
174 1872 425 1913 amorem
452 1859 548 1912 Dei
573 1866 626 1913 et
670 1867 977 1914 sanctorum
1010 1866 1309 1929 martyrum
1333 1858 1590 1912 honorem
1637 1873 1668 1912 a

81 1966 161 2004 me
192 1950 339 2005 facta
388 1952 631 2021 relegens
686 1952 1002 2022 subscripsi,
1051 1969 1116 2009 ac
1158 1954 1440 2024 episcopos
1498 1952 1667 2009 nostri

80 2040 404 2110 praesulatus
434 2041 623 2096 subtus
650 2043 907 2098 adnotare
922 2043 1080 2112 jussi.

144 2132 501 2188 Crescentius
541 2144 795 2203 peccator
833 2135 1018 2205 jussus
1062 2152 1093 2191 a
1138 2136 1355 2191 domino
1383 2150 1516 2208 papa
1543 2137 1669 2192 sub-

81 2223 304 2290 scripsi.
338 2222 649 2279 Bonifacius
692 2234 943 2295 peccator
976 2225 1160 2295 jussus
1199 2244 1229 2283 a
1261 2229 1480 2283 domino
1533 2243 1667 2298 papa

79 2312 401 2383 subscripsi.
453 2314 812 2386 Hieronymus
853 2324 1104 2387 peccator
1150 2316 1334 2387 jussus
1378 2333 1408 2372 a
1451 2318 1668 2373 domino

76 2420 211 2477 papa
265 2407 585 2475 subscripsi.
635 2407 830 2464 Petrus
881 2419 1133 2479 peccator
1169 2409 1352 2479 jussus
1391 2425 1419 2464 a
1451 2410 1668 2465 domino

77 2513 209 2568 papa
246 2500 569 2569 subscripsi.

835 2592 924 2649 IV.

77 2715 427 2757 PRIVILEGIUI
456 2716 668 2757 EUGENH
704 2718 743 2757 ll
786 2719 885 2759 PRO
921 2716 1259 2761 UONASTEBIO
1296 2720 1662 2762 LAURIACENSI.

77 2834 255 2907 [Apud
275 2836 472 2908 Lunig,
488 2802 834 2910 ISpicilegium
857 2840 1285 2908 ecclesiasticum,
1309 2842 1665 2911 continuatio,

618 2920 746 2965 tom.
783 2912 823 2978 l,
854 2928 977 2983 pag.
1011 2912 1161 2986 678.]

1768 1861 2192 1931 prtedecessores
2226 1856 2397 1914 nostri
2448 1858 2560 1913 suis
2598 1856 3085 1928 praedecessoribus
3121 1868 3348 1911 concess

1769 1966 1910 2017 sere,
1939 1950 2340 2021 privilegiorum
2381 1948 2601 2005 suorum
2640 1949 2849 2004 scilicet
2878 1947 3181 2020 integritate
3227 1961 3342 2002 sero

1769 2051 1912 2098 vata.
1944 2026 2108 2113 Cujus
2138 2042 2407 2098 dilectioni
2454 2041 2701 2113 quamvis
2729 2043 2832 2097 hoc
2859 2041 3042 2097 debito
3065 2040 3344 2111 permitte-

1766 2149 1970 2195 remus,
2005 2140 2225 2203 propter
2260 2141 2472 2187 vestras
2517 2141 2694 2189 autem
2732 2130 3007 2201 petitionis
3044 2144 3206 2199 super
3244 2129 3346 2185 hac

1768 2223 2193 2294 reflagitantibus
2221 2223 2288 2275 ad
2327 2222 2587 2276 honorem
2619 2237 2772 2278 suum
2819 2228 3062 2276 nostram
3092 2219 3347 2289 apostoli—

1768 2331 1889 2371 cam
1917 2315 2088 2370 vicem
2131 2322 2187 2369 et
2210 2313 2590 2368 auctoritatem
2621 2312 2841 2383 insuper
2864 2304 3341 2375 accumulavimus,

1762 2407 1913 2478 quod
1949 2419 2220 2476 nunquam
2243 2405 2361 2460 suis
2385 2405 2707 2475 permissum
2733 2413 2817 2461 est
2839 2403 3129 2474 prioribus,
3155 2409 3348 2472 quate-

1767 2515 1871 2556 nus
1912 2508 1967 2553 et
2009 2513 2123 2561 vos,
2177 2496 2479 2553 coufratres
2516 2505 2571 2551 et
2617 2495 2951 2567 coepiscopi,‘
2990 2495 3245 2564 deinceps
3289 2492 3339 2555 ei

1767 2588 2125 2646 reverentiam
2155 2586 2469 2655 ampliorem
2500 2585 2754 2641 exhibere
2778 2584 2981 2647 sciatis,
3012 2591 3069 2636 et
3111 2583 3165 2636 in
3207 2596 3339 2638 sana

1769 2680 2010 2738 doctrina
2055 2677 2291 2733 cmlestis
2327 2674 2645 2732 eruditionis
2688 2673 2755 2729 ad
2794 2672 3201 2728 aediﬁcationem
3247 2686 3341 2724 vc-

1770 2770 1939 2828 etram
1966 2778 2025 2824 ut
2063 2769 2156 2829 lilii
2206 2768 2477 2836 sapientes
2522 2764 2808 2830 obediatis,
2857 2771 3019 2834 atque
3063 2777 3178 2824 vos,
3218 2759 3341 2817 laici

1768 2865 2027 2937 pri-ales
2060 2871 2116 2916 et
2140 2859 2352 2929 vulgus;
2378 2856 2749 2916 saluberrimis
2776 2854 3058 2929 prteccptis
3088 2854 3198 2910 suis
3236 2869 3340 2909 non

1766 2958 1916 3015 velut
1936 2956 2162 3023 homini,
2196 2956 2287 3011 sed
2329 2968 2580 3025 tanquam
2621 2954 2733 3010 Deo
2757 2952 3031 3009 humiliter
3065 2951 3342 3019 obtempc,

141 3039 284 3095 Cum
318 3041 625 3097 audivimus
648 3042 1153 3100 christianissimam
1194 3045 1665 3101 conversationem
1712 3116 1735 3118 ξ
1769 3054 1920 3117 retis,
1947 3060 2000 3106 et
2043 3050 2148 3105 ﬁde
2196 3048 2455 3104 catholica
2495 3062 2654 3118 quam
2697 3061 2793 3117 per
2830 3044 3114 3100 Dominum
3154 3041 3340 3096 Iesum

75 3141 316 3186 vestram
347 3141 403 3186 et
427 3143 629 3187 sanctas
655 3134 777 3189 fidei
804 3136 1178 3207 bonorumque
1198 3152 1420 3206 operum
1451 3146 1663 3194 vestro-
1691 3116 1741 3182 (ἶ
1770 3116 2044 3204 comecuti
2074 3142 2207 3197 estis
2253 3140 2418 3195 fortes
2457 3116 2842 3210 permanentis.
2873 3133 3007 3189 Nam
3041 3133 3204 3188 totius
3229 3130 3336 3185 doli

76 3240 193 3278 mm
232 3232 580 3295 processum,
610 3242 822 3283 summo
846 3228 1042 3299 gaudio
1070 3239 1231 3298 atque
1260 3229 1442 3284 laetitia
1467 3229 1667 3287 fuimus

73 3316 394 3377 exhilarati,
420 3319 545 3386 quia
573 3318 755 3372 divina
787 3320 840 3373 in
885 3319 1035 3374 vobis
1062 3329 1320 3389 operante
1356 3322 1663 3392 clementia,

75 3418 131 3463 ut
162 3409 466 3478 Apostolus
495 3410 603 3463 ait:
626 3406 729 3463 Ubi
752 3411 1033 3465 abundavit
1057 3412 1323 3475 delictum,
1346 3413 1666 3478 superabun-

73 3501 214 3553 davit
250 3502 431 3572 gratia
464 3501 634 3571 (Rom.
671 3505 746 3571 v),
778 3512 938 3573 atque
965 3498 1233 3572 quomOdo
1268 3512 1451 3560 sancta
1482 3500 1666 3561 Ecde-

74 3595 155 3648 sia
186 3593 289 3649 Dei
323 3596 525 3651 nostris
554 3598 886 3668 temporibus
915 3598 1286 3668 quotidianum
1319 3599 1373 3653 in
1402 3600 1666 3657 electione

72 3694 261 3739 vestra
292 3674 527 3756 suscipit
546 3687 957 3754 incrementum,
979 3688 1131 3757 cujus
1151 3688 1401 3760 optabilis
1431 3694 1664 3748 rumoris

74 3775 235 3829 index
285 3774 386 3829 l‘nit
430 3774 907 3833 reverendissimus
936 3778 1173 3845 Yrolfus,
1204 3789 1406 3836 sanctae
1434 3780 1661 3836 Lauria-

72 3867 260 3921 censis
292 3867 548 3923 Ecclesia:
576 3869 1011 3940 archiepiscopus
1030 3880 1084 3926 et
1101 3872 1474 3928 sanctissimus
1499 3872 1665 3929 frater

73 3967 292 4021 noster,
319 3967 504 4013 vester
542 3966 718 4013 autem
751 3960 1046 4030 spiritualis
1075 3969 1247 4032 pater,
1276 3962 1366 4033 qui
1391 3976 1488 4032 per
1509 3978 1661 4019 suam

73 4056 331 4101 sanctam
358 4049 794 4117 praedicationem
821 4050 1101 4118 adoptivos
1127 4050 1237 4107 Deo
1261 4066 1355 4107 vos
1378 4053 1564 4122 genuit
1594 4053 1663 4108 fi-

72 4140 197 4195 lios.
252 4140 310 4195 Is
376 4141 559 4212 itaque
613 4145 690 4198 ad.
728 4144 1094 4215 apostolorum
1157 4145 1341 4201 limina
1404 4147 1663 4203 orationis

72 4249 241 4290 causa
281 4236 529 4302 veniens,
564 4253 755 4292 novam
785 4238 1066 4294 ecclesiam
1110 4241 1313 4295 nostris
1355 4239 1664 4310 apostolicis

71 4325 552 4381 benedictionibus
577 4326 971 4396 informaudam
995 4330 1221 4390 subnixc
1249 4330 1660 4395 commendavit,

70 4415 200 4485 quia
240 4414 476 4469 Domino
530 4414 821 4471 auxiliante
862 4417 1124 4475 catholico
1171 4400 1571 4488 gubernandum
1608 4419 1663 4473 in

74 4504 281 4559 vestris
312 4504 560 4579 partibus
589 4507 840 4573 suscepit.
869 4504 926 4558 lu
961 4505 1153 4573 quibus
1187 4508 1348 4560 etiam
1391 4506 1659 4575 quondam

73 4594 453 4649 Romanorum
478 4608 691 4664 quoque
702 4593 1135 4663 Gepidorutnque
1156 4603 1338 4657 aetate,
1356 4604 1415 4649 ut
1432 4593 1664 4650 lectione

72 4696 297 4743 certum
323 4696 427 4750 est.
474 4687 529 4741 in
562 4697 767 4756 septem
800 4687 1171 4755 episcoporum
1202 4688 1486 4757 parochias
1512 4696 1665 4743 ante-

72 4791 333 4832 cessores
359 4776 442 4832 aui
466 4776 593 4843 jm'c
626 4776 1037 4844 metropolitano
1065 4777 1408 4833 obtinuerant
1457 4778 1658 4833 dimcee

73 4868 203 4921 siin.
238 4864 359 4932 Qua
386 4879 454 4919 ex
479 4864 687 4939 iustitia
726 4874 782 4923 et
807 4864 924 4935 lege
960 4866 1213 4934 prmfatus
1262 4867 1373 4922 Deo
1412 4865 1664 4935 dignissi-

73 4973 200 5012 mus
243 4955 684 5024 archiepiscopus
732 4956 911 5015 debito
956 4956 1244 5029 obligatur,
1290 4965 1348 5015 ut
1391 4956 1463 5012 illi
1505 4966 1664 5014 terra

72 5050 232 5118 prius
270 5046 622 5112 ChriSticolae,
655 5055 817 5116 atque
841 5061 1064 5108 suorum
1087 5049 1383 5119 antiquitus
1420 5059 1666 5106 anteces-

74 5155 276 5197 sorum
326 5139 545 5197 creditae
589 5138 960 5208 previd‘eutiat,
1009 5157 1170 5212 quam
1216 5157 1361 5199 nunc
1401 5158 1516 5210 vos,
1566 5139 1664 5196 Dei

73 5228 475 5298 omnipotentis
499 5228 736 5292 occulto.
778 5230 1046 5303 mediante
1065 5232 1292 5303 judicio,
1335 5235 1418 5291 vel
1457 5244 1515 5290 ut
1552 5234 1664 5288 hat-

76 5324 412 5385 reditariam
440 5320 890 5392 possidetis,~ipse
912 5328 1254 5399 evangelicae
1286 5328 1544 5399 agricola,
1573 5323 1664 5379 diu

74 5428 285 5491 negata
320 5417 553 5474 caelestis
576 5426 810 5488 spargat
842 5423 1063 5478 semina
1105 5425 1252 5489 vitae,
1303 5435 1463 5496 atque
1497 5428 1553 5481 in
1585 5421 1668 5476 lu.

68 5510 306 5567 orandis
324 5507 537 5565 Christo
555 5508 844 5564 animabus
865 5512 1159 5570 redivivam
1187 5516 1254 5571 de
1281 5517 1436 5572 vobis
1463 5510 1669 5571 nutriat

180 5609 318 5620 -a-..
405 5594 564 5620 11.--...
652 5612 749 5620 μ..-
814 5598 859 5620 .I.

1768 3236 1963 3294 artifex
2002 3232 2434 3303 diabolus,cujus
2471 3227 2707 3287 dominio
2740 3230 2793 3284 in
2831 3227 3157 3297 baptismate
3184 3226 3339 3279 abre-

1765 3328 2045 3391 nuntiatis,
2069 3326 2338 3397 jacturam
2362 3332 2417 3378 et
2445 3324 2698 3378 damnum
2722 3328 2915 3376 vestrm
2944 3316 3194 3374 salutaris
3217 3329 3338 3370 sur-

1762 3418 2022 3488 reptionis
2069 3416 2287 3471 moleste
2323 3415 2527 3484 patitur
2565 3427 2628 3467 ac
2672 3427 2770 3483 per
2798 3410 2977 3464 varias
3017 3406 3333 3465 occasiones

1766 3511 1970 3566 zizania
1988 3510 2226 3580 perfidiae
2254 3507 2587 3568 seminando,
2613 3504 2758 3560 velut
2791 3503 2956 3557 multa
2988 3499 3179 3569 injuria
3202 3499 3339 3573 bac:

1765 3604 1981 3669 chatur,
2017 3611 2071 3657 et
2122 3609 2181 3655 ut
2228 3608 2465 3655 vestrum
2510 3596 2702 3666 aliquis
2737 3602 2883 3664 terga
2926 3598 3102 3646 vertat
3138 3595 3333 3645 sancta

1763 3691 2083 3764 professioni
2139 3692 2472 3745 incessanter
2524 3686 2760 3742 molitur.
2818 3683 3153 3752 QuaprOpter
3193 3691 3336 3747 stupe

1764 3783 1892 3839 dicti
1933 3781 2347 3850 archiepiscopi,
2397 3777 2645 3834 videlicet
2686 3775 2917 3846 pastoris
2943 3772 3112 3827 vestri
3158 3785 3187 3823 a
3227 3768 3338 3823 Deo

1764 3872 2033 3934 destinati,
2085 3870 2508 3926 institutionibus
2561 3868 2820 3938 benignas
2871 3878 3029 3919 aures
3082 3861 3334 3933 praebete.

1763 3963 1854 4033 qui
1882 3975 1976 4015 vos
2004 3968 2059 4015 et
2080 3960 2389 4015 versutione
2410 3956 2624 4013 Satana:
2645 3968 2835 4012 cavere
2858 3961 3019 4024 atque
3043 3950 3158 4020 ejus
3184 3961 3339 4008 auer-

1765 4067 1864 4106 nos
1892 4049 2166 4105 cruciatus
2190 4048 2420 4103 evadere
2444 4047 2681 4111 instruit,
2711 4061 2775 4101 ac
2804 4045 2916 4114 ipse
2944 4044 2997 4099 in
3032 4043 3118 4097 die
3150 4041 3336 4110 judicii

1765 4148 1831 4203 de
1864 4144 2021 4201 benis
2049 4144 2301 4214 operibus
2327 4143 2520 4199 vestris
2545 4141 2861 4198 saeculorum
2894 4139 3120 4194 Domino
3142 4150 3330 4206 perpe-

1765 4249 1855 4295 tua
1884 4236 2304 4293 remunerandos
2328 4235 2495 4304 gloria
2534 4232 2913 4311 praesentabit.
2933 4231 3013 4285 Ad
3042 4228 3333 4299 perfectam

1764 4345 1947 4393 autem
1975 4336 2029 4389 et
2060 4326 2361 4385 necessaria
2398 4324 2716 4395 eruditionis
2755 4330 2948 4377 vestrae
2994 4319 3245 4383 salutem,
3274 4326 3334 4372 ut

1764 4419 2145 4488 comperimus.
2202 4430 2305 4475 non
2349 4412 2620 4477 suiliciuqt
2656 4402 2830 4483 pauci,
2879 4410 2969 4482 qui
3016 4410 3174 4465 modo
3208 4426 3338 4465 cou-

1766 4512 1936 4566 stituti
2008 4518 2134 4565 sunt
2190 4508 2385 4569 vobis,
2452 4506 2719 4575 episcOpi,
2788 4503 2913 4574 quia
2965 4503 3142 4573 plures
3203 4511 3329 4557 sunt

1768 4592 1943 4654 adhuc
1986 4596 2297 4669 gentilitatis
2341 4608 2526 4648 errore
2569 4593 2764 4648 ibidem
2812 4591 3036 4656 detenti,
3085 4590 3152 4669 ad
3200 4605 3337 4660 quos

1765 4698 1986 4760 propter
2014 4686 2248 4754 inopiam
2279 4684 2532 4755 praeconii
2554 4682 2722 4739 divini
2767 4682 2917 4737 verbi
2949 4681 3185 4739 nondum
3210 4696 3333 4750 per-

1766 4778 1912 4833 venit
1947 4774 2135 4835 notitis
2187 4774 2406 4831 Clu-isti.
2468 4773 2672 4829 idoneo.
2722 4773 2887 4837 enim.
2935 4782 2997 4833 ut
3066 4778 3340 4831 accresoat

1767 4870 1921 4924 turba
1955 4866 2210 4930 fidelium,
2256 4865 2471 4921 studeat
2505 4865 2722 4925 solertia
2756 4874 2933 4921 vestra
2968 4880 3068 4936 pro
3092 4864 3340 4919 mercede

1764 4966 1820 5014 et
1867 4957 2186 5015 remissione
2227 4966 2567 5025 peccatorum
2598 4964 2898 5017 vestrorum
2958 4952 3337 5014 adminiculum

1766 5059 1929 5122 atque
1968 5051 2223 5123 juvamen
2262 5048 2507 5118 przebere
2550 5048 3003 5106 reverendissimo
3041 5044 3221 5103 Yrolfo
3258 5059 3345 5100 ar-

1762 5140 2111 5213 chiepiscopo
2134 5146 2402 5209 quatenus
2431 5139 2627 5197 dudum
2652 5135 2765 5195 illic
2791 5141 3200 5201 constitutorum
3233 5137 3346 5207 cpi-

1766 5247 2056 5304 scoporum
2073 5243 2330 5286 numerus
2348 5229 2655 5305 impleatur,
2683 5230 2778 5296 qui
2805 5246 3041 5303 congrue
3069 5227 3347 5288 constituti

1762 5330 1823 5377 et
1847 5326 2009 5382 vobis
2031 5319 2368 5394 posterisque
2415 5317 2612 5376 vestris
2653 5326 2912 5386 poterunt
2935 5338 3055 5381 esse
3098 5316 3347 5392 proﬂcui,

1764 5413 1810 5468 si
1836 5416 1906 5470 ad
1932 5409 2391 5489 restaurationem
2401 5406 2766 5475 Ecclesiarum
2789 5423 3008 5485 propter
3031 5422 3225 5470 nomen
3238 5405 3349 5461 Do-

1762 5505 1899 5561 mini
1924 5508 1996 5564 de
2021 5499 2461 5577 possessionibus
2503 5498 2721 5564 vestris,
2751 5517 2891 5572 quas
2912 5498 3350 5562 redditusdotes-

1774 5615 1833 5620 ___
1854 5617 1863 5620 -
2044 5617 2071 5620 .-
2102 5599 2238 5620 ’.μρ
2269 5595 2413 5620 ..ξ-.--Ι
2464 5616 2476 5620 -
2508 5608 2576 5620 .n.‘
2621 5599 2835 5620 ι-..Α.Ι--.
2882 5603 2907 5620 Δ
2940 5605 2953 5620 Ο
2996 5616 3005 5620 -
3026 5618 3035 5620 -
3076 5593 3329 5620 _._--A-=I:-
