4012 6300
574 334 672 396 991
1103 329 1393 388 APPEND.
1433 331 1524 387 AD
1562 329 1732 388 διες.
1776 327 1867 386 IX.
1897 355 1968 370 -—
1996 326 2141 384 SUPI

2241 325 2332 383 ΞΜ.
2371 322 2463 383 Al)
2501 327 2789 386 SCRIPTA
2826 324 3090 389 PONTIF.
3123 324 3287 387 ROM.
3712 325 3814 384 992

572 448 827 506 Ecclesiis
857 445 957 519 ipsi
979 445 1270 502 conferatis
1300 446 1502 502 idoneis
1532 445 1661 500 viris
1684 444 1751 500 ad
1776 443 1879 500 hoc
1899 442 2139 498 ministe-
2162 443 2214 504 Α
2239 450 2424 498 notum
2453 451 2554 509 est,
2585 453 2740 516 urget
2768 445 3061 501 necessitas
3087 455 3144 500 ut
3174 445 3251 512 id,
3280 450 3334 499 et
3369 455 3441 498 ex
3482 440 3664 497 debito
3695 446 3814 498 red.

573 543 714 596 rium
741 540 950 604 electis,
975 539 1208 592 maxime
1236 537 1288 591 in
1321 537 1404 591 his
1433 537 1582 601 locis,
1606 536 1652 590 si
1691 536 2059 606 opportunitas
2087 543 2142 590 et

575 632 776 687 utilitas
817 628 1294 690 commendaverit,
1346 629 1661 682 ordinentur
1707 627 1994 690 antistites,
2047 626 2140 681 ubi

574 723 766 777 indicia
799 719 1148 776 ecclesiarum
1176 728 1233 774 et
1255 719 1605 774 aedificiorum
1629 719 1783 774 sedes
1809 718 2141 789 pontificales

571 815 697 867 oliui
731 812 894 866 fuisse
919 813 1320 878 demonstrant;
1349 811 1431 867 sin
1463 820 1639 866 autem
1673 809 1815 865 illius
1836 809 2062 864 arbitrio
2087 816 2143 864 et

572 901 974 967 deliberatione,
1005 903 1095 971 qui
1121 903 1205 956 vel
1237 903 1324 958 ubi
1355 903 1706 974 disponantur
1739 901 1973 972 episcopi
2013 915 2143 957 con-

571 994 833 1059 cedimus,
877 994 962 1048 cui
992 993 1164 1049 vicem
1193 1003 1433 1050 nostram
1475 994 1617 1064 apud
1643 1008 1742 1050 vos
1785 993 2141 1049 ecclesiastici

571 1085 848 1156 regiminis
876 1099 974 1155 per
998 1084 1176 1139 omnia
1199 1084 1586 1140 commisimus.

981 1266 985 1271 I
1316 1199 1382 1255 v.

959 1329 1218 1372 erisroui
1247 1328 1461 1371 EUGENII
1490 1329 1529 1370 ιι
1555 1331 1623 1370 an
1651 1315 1737 1367 “'.

1123 1430 1301 1504 (Anno
1335 1427 1588 1501 incerto.)

570 1545 746 1621 [Apud
769 1543 1103 1621 Goldastum,
1146 1542 1394 1621 Collectio
1430 1544 1752 1621 decretorum
1774 1539 2140 1621 _imperialium

901 1617 964 1670 de
990 1619 1132 1670 cultu
1156 1616 1465 1686 imaginum,
1492 1629 1615 1684 pag.
1647 1611 1796 1685 725.]

639 1773 654 1788 .
699 1771 714 1788 .
755 1772 771 1787 .
812 1733 919 1788 Oro
943 1742 1120 1786 autem
1143 1737 1198 1784 et
1218 1731 1442 1786 obsecro
1470 1729 1523 1784 in
1550 1729 1800 1783 universo
1827 1728 2028 1783 mundo
2057 1727 2139 1798 (ut

2242 534 2370 590 dere
2397 534 2588 600 debeo,
2615 536 2813 590 diutius
2855 536 3069 592 differre
3117 551 3226 593 non
3277 536 3526 603 audeam,
3571 551 3643 592 ne
3679 536 3814 593 forte

2247 634 2395 680 tanto
2422 627 2702 682 cbaritatis
2725 627 2901 683 debito
2932 629 3208 684 subtracto
3236 628 3288 683 in
3311 636 3604 698 conspectu
3626 629 3816 684 aeterni

2233 717 2430 788 judicis
2453 735 2550 790 pro
2571 719 2724 776 vobis
2746 721 2998 776 omnibus
3024 736 3150 777 reus
3170 735 3479 794 appaream.

2311 809 2671 877 Quamobrem
2698 825 2793 866 oro
2824 810 2906 866 vel
2940 826 3152 876 moneo,
3185 819 3242 866 ut
3279 811 3440 882 primi
3479 808 3586 866 mei
3621 810 3819 865 summi

2241 900 2334 955 Dei
2360 900 2613 956 Ecclesia:
2644 901 2735 956 lilii
2756 901 2980 957 Michael
3002 911 3056 958 et
3076 901 3428 974 Theophilus,
3445 901 3667 974 gloriosi
3691 916 3823 957 vero

2239 1001 2295 1047 et
2316 991 2616 1047 sublimiter
2638 1009 2668 1046 a
2689 993 2797 1048 Deo
2816 994 3037 1049 exaltati
3059 994 3409 1065 imperatores
3425 993 3826 1051 Romanorum.

2237 1100 2348 1140 uno
2375 1100 2496 1140 cum
2544 1085 2796 1141 universo
2824 1085 3094 1142 catholico
3136 1085 3581 1156 nobilissimoque
3628 1093 3826 1142 senatu

2239 1191 2306 1232 ac
2332 1177 2526 1256 populo
2549 1177 2703 1234 vobis
2725 1192 2756 1232 a
2783 1177 2895 1233 Deo
2937 1179 3004 1234 ad
3041 1179 3449 1250 gubernandum
3493 1178 3734 1243 credito,
3769 1187 3830 1234 ut

2238 1284 2326 1334 ea,
2350 1284 2470 1338 quae
2500 1284 2598 1339 pro
2624 1268 2794 1325 salute
2818 1278 3019 1336 vestra,
3041 1285 3110 1326 ex
3131 1269 3454 1327 auctoritate
3473 1269 3626 1325 beati
3655 1269 3826 1336 Petri,

2238 1360 2325 1416 cui
2348 1360 2606 1416 Dominus
2653 1371 2709 1416 et
2751 1363 2890 1418 Deus
2933 1371 3118 1418 noster
3159 1361 3316 1418 Jesus
3358 1362 3616 1418 Christus
3642 1361 3828 1418 claves

2238 1452 2576 1506 committere
2643 1451 2892 1524 dignatus
2942 1461 3024 1508 est
3072 1453 3222 1523 regni
3270 1451 3531 1509 caelorum
3587 1451 3821 1508 dicens:

2241 1539 2594 1611 Quodcunque
2615 1539 2854 1611 ligaveris
2882 1558 3038 1613 super
3069 1551 3282 1607 terram,
3317 1543 3414 1596 erit
3451 1542 3680 1612 ligatum
3705 1551 3753 1596 et
3775 1542 3829 1595 in

2237 1631 2396 1695 cretis,
2427 1643 2474 1687 et
2506 1634 2846 1704 quodcunque
2882 1633 3096 1689 solveris
3121 1651 3278 1705 super
3313 1644 3532 1699 terram,
3556 1637 3660 1688 erit
3683 1635 3826 1689 solu-

2239 1732 2347 1777 tum
2371 1734 2417 1778 et
2443 1723 2498 1777 in
2526 1724 2685 1789 ca'lis,
2715 1726 3005 1780 admonere
3035 1734 3090 1780 et
3116 1726 3410 1788 exhortari,
3447 1734 3502 1781 et
3554 1725 3830 1782 insinuare

567 1825 713 1880 beati
747 1821 1159 1892 praedecessoris
1191 1821 1293 1875 mei
1325 1821 1525 1875 domini
1565 1819 1809 1891 Gregorii
1836 1834 1987 1889 papae
2020 1827 2144 1873 utar
2173 1799 2218 1859 Β
2246 1817 2610 1871 necessarium
2651 1817 2922 1882 duximus,
2955 1817 3226 1886 patienter
3265 1817 3524 1882 audiatis,
3561 1818 3828 1873 animum-

568 1917 792 1985 verbis),
821 1913 1015 1969 fratres
1039 1921 1093 1968 et
1107 1913 1303 1968 domini
1321 1914 1444 1977 mei,
1463 1913 1516 1967 in
1540 1923 1796 1982 quantum
1813 1920 2141 1982 peccatores,

571 2009 770 2062 fratres
786 2007 910 2072 mei,
927 2007 979 2060 in
997 2005 1420 2075 quantumjusti,
1445 2004 1646 2059 domini
1663 2004 1766 2058 mei
1779 2011 2061 2072 ,quantum
2076 2018 2144 2057 ex

569 2097 962 2162 me,humiliter
976 2097 1236 2167 supplico,
1255 2105 1512 2164 quantum
1533 2110 1734 2150 veroex
1755 2103 1896 2150 tanta
1911 2093 2146 2148 auctori-

571 2197 703 2251 tate,
723 2187 1024 2242 sublimiter
1047 2201 1260 2251 moneo,
1280 2195 1338 2240 ut
1368 2201 1527 2241 nemo
1553 2201 1638 2241 me
1660 2187 1762 2241 hoc
1783 2185 1902 2242 loco
1925 2194 2146 2256 propter

571 2294 674 2337 me,
701 2277 980 2347 despiciat,
1002 2277 1147 2347 quia,
1167 2279 1264 2333 etsi
1282 2278 1348 2331 ad
1369 2277 1680 2332 imitandum
1707 2291 2043 2348 nequaquam
2065 2277 2146 2332 di-

571 2384 706 2438 gnus
746 2383 1000 2438 appareo,
1033 2384 1225 2440 magna
1273 2380 1355 2425 est
1398 2380 1574 2425 tamen
1617 2370 1788 2425 virtus
1837 2370 2142 2436 charitatis,

571 2460 717 2527 pacis
741 2467 796 2513 ct
824 2459 1045 2514 unitatis
1081 2461 1145 2514 ad
1173 2475 1331 2529 quam
1367 2475 1463 2515 vos
1496 2461 1606 2516 alta
1629 2468 1897 2530 potestate
1938 2461 1991 2516 in
2026 2461 2144 2517 vice

570 2554 846 2604 beatorum
873 2551 1234 2620 apostolorum
1259 2552 1404 2606 Petri
1430 2561 1484 2609 et
1511 2552 1685 2620 Pauli,
1721 2553 1774 2608 in
1800 2553 2014 2609 nomine
2035 2555 2143 2609 Do-

571 2639 699 2692 tnini
733 2640 899 2694 nostri
936 2637 1062 2694 Jesu
1101 2639 1303 2695 Christi
1350 2641 1578 2697 invitare
1603 2657 1890 2712 prmsumo,
1929 2657 2048 2698 cum
2081 2642 2139 2697 S.

567 2733 764 2790 Paulus
803 2736 1040 2791 veridica
1080 2751 1211 2792 voce
1260 2737 1439 2792 dicat:
1479 2735 1674 2792 Pacem
1707 2739 1980 2808 sequimini
2025 2755 2142 2792 cum

571 2828 831 2892 omnibus,
861 2838 909 2881 et
935 2828 1355 2896 sanctimoniam,
1381 2829 1504 2899 quia
1527 2829 1642 2885 sine
1669 2829 1754 2883 illa
1785 2847 1933 2884 nemo
1955 2830 2142 2885 videbit

573 2917 757 2983 Deum,
793 2919 920 2987 quid
949 2917 1181 2985 felicius,
1212 2935 1372 2989 quam
1399 2930 1455 2975 et
1493 2920 1548 2975 in
1581 2921 1681 2977 hoc
1707 2922 1901 2977 saeculo
1935 2921 2143 2977 deside-

575 3009 760 3072 rando,
792 3017 846 3062 et
879 3010 932 3063 in
961 3009 1052 3065 illo
1099 3010 1322 3066 fruendo
1343 3013 1510 3068 Deum
1548 3012 1775 3069 videre?
1811 3013 1948 3080 Quid
1984 3029 2016 3069 e
2057 3013 2140 3068 di-

573 3115 726 3153 verso
771 3098 1058 3166 infelicius,
1101 3116 1260 3169 quam
1306 3115 1406 3158 nec
1451 3103 1502 3157 in
1534 3104 1635 3162 hoc
1679 3105 1874 3160 saeculo
1913 3103 2141 3178 feliciter

571 3192 828 3260 optando,
862 3207 960 3248 nec
987 3193 1038 3246 in
1067 3191 1158 3247 illo
1183 3191 1390 3248 felicius
1422 3193 1644 3250 fruendo
1675 3197 1859 3252 videre
1885 3197 2141 3252 meruerit

573 3283 777 3338 Deum?
813 3283 897 3348 Et,
948 3299 1071 3338 cum
1125 3282 1286 3353 hujus
1328 3284 1642 3341 assertionis
1680 3286 1763 3340 vel
1809 3287 2046 3343 veritatis
2086 3287 2140 3342 in

571 3372 824 3427 universo
854 3373 1053 3429 mundo
1090 3380 1236 3428 tanta
1267 3373 1377 3428 sint
1403 3375 1726 3441 testimonia,
1753 3391 1872 3446 quae
1910 3377 1963 3432 in
2007 3392 2146 3449 prte-

563 3462 710 3546 senti
742 3471 978 3532 tempore
999 3463 1144 3518 nulla
1164 3463 1410 3520 evolvere
1429 3465 1715 3536 praevaleat
1742 3465 1920 3536 lingua
1941 3467 2119 3524 nullus

571 3567 676 3620 que
717 3551 1023 3608 mortalium
1059 3555 1310 3624 praescire
1350 3555 1545 3621 valeat,
1585 3557 1809 3626 quando
1843 3558 1926 3612 vel
1962 3559 2144 3613 unius:

573 3641 857 3713 cujusque,
884 3645 967 3700 vel
999 3645 1160 3716 (quod
1191 3649 1366 3716 majus
1393 3647 1495 3718 est)
1529 3649 1690 3704 totius
1719 3651 1900 3704 mundi
1923 3665 2146 3707 occasus

577 3734 908 3790 terminusve
950 3736 1066 3790 fieri
1096 3736 1304 3803 debeat,
1334 3752 1525 3808 magna
1555 3754 1668 3805 me,
1708 3749 1766 3794 ut
1797 3739 1851 3794 in
1897 3741 2144 3798 omnibus

2243 1924 2349 1980 que
2376 1910 2485 1965 Deo
2509 1911 2764 1980 placitum
2807 1921 3071 1976 vestrum,
3103 1926 3210 1966 non
3250 1912 3316 1967 ad
3343 1914 3826 1978 contemnendum,

2243 2002 2338 2057 sed
2377 2003 2442 2056 ad
2495 2002 2851 2057 obedicndum
2903 2011 2958 2057 ct
3016 2002 3444 2057 conservandum
3510 2019 3824 2073 praeparare

2243 2095 2524 2150 studentis.
2555 2094 2678 2149 ldeo
2709 2103 2886 2150 autem
2921 2094 2989 2149 ad
3038 2094 3394 2150 obediendum
3444 2094 3610 2150 nobis
3657 2095 3830 2148 horta.

2243 2201 2385 2252 mur,
2427 2187 2553 2257 quia
2589 2188 2792 2253 omnia,
2833 2202 2953 2256 qua:
2991 2186 3148 2242 vobis
3175 2187 3240 2242 de
3281 2185 3385 2242 hac
3432 2200 3602 2242 causa
3639 2186 3827 2241 dicturi

2243 2293 2445 2344 sumus,
2481 2281 2649 2335 tribus
2677 2281 2779 2336 hoc
2810 2279 3060 2350 capitulis
3087 2278 3467 2349 principaliter,
3495 2287 3555 2333 et
3581 2279 3830 2334 ordinare

2243 2378 2296 2424 et
2319 2371 2640 2426 confirmare
2669 2373 2844 2443 parati
2876 2386 3085 2436 sumus,
3117 2371 3170 2426 id
3199 2379 3300 2434 est,
3342 2369 3560 2426 ratione
3599 2369 3830 2424 auctori-

2245 2471 2374 2527 tate,
2400 2471 2456 2518 et
2474 2463 2720 2528 consilio,
2748 2462 3000 2518 videlicet
3022 2461 3285 2518 rationem
3323 2461 3584 2528 tenendo,
3608 2470 3668 2516 et
3690 2477 3829 2515 eam-

2241 2555 2362 2611 dem
2418 2556 2703 2620 rationem,
2755 2555 2806 2609 in
2857 2563 3114 2625 quantum
3158 2553 3531 2619 rationabilis,
3577 2553 3826 2616 discreta,

2242 2647 2467 2702 honesta
2498 2655 2555 2700 et
2592 2645 2738 2700 utilis
2778 2645 2961 2710 fuerit,
2992 2645 3310 2702 auctoritate
3339 2642 3634 2708 ﬁrmando,
3680 2659 3825 2698 eam-

2241 2737 2363 2792 dem
2389 2751 2516 2791 vero
2543 2735 2915 2791 auctoritatem
2932 2736 3225 2809 secundum
3249 2734 3532 2791 catholica:
3552 2735 3678 2790 fidei
3698 2736 3825 2790 veri-

2243 2838 2405 2884 tatem
2434 2838 2489 2884 et
2515 2830 2887 2886 rectitudinem
2917 2831 3207 2886 salubriter
3234 2830 3702 2901 intelligendo;ad
3717 2828 3826 2882 ulti-

2241 2936 2387 2975 mum
2408 2935 2535 2976 vero
2554 2920 2680 2990 quid
2711 2921 2763 2975 in
2781 2921 2868 2976 his
2887 2922 2952 2976 ad
2983 2922 3207 2976 salutem
3233 2921 3555 2976 universalis
3580 2917 3826 2974 Ecclesia:

2243 3011 2530 3066 tenendum
2560 3011 2632 3066 sit
2655 3012 2938 3069 consilium
2961 3013 3069 3067 Deo
3091 3011 3344 3083 placitum
3375 3011 3579 3075 dando,
3601 3019 3660 3064 et
3689 3011 3822 3066 idem

2244 3100 2522 3158 consilium
2548 3101 2937 3158 confirmando.
2975 3103 3040 3158 Et
3075 3102 3341 3174 quamvis,
3373 3109 3430 3156 ut
3454 3101 3677 3171 dignum
3721 3110 3820 3166 est,

2247 3195 2429 3251 divina
2467 3195 2738 3264 praecellet
2786 3196 3101 3261 auctoritas,
3133 3196 3309 3266 primo
3353 3204 3533 3250 tamen
3573 3195 3640 3249 ad
3689 3194 3824 3248 miti-

2245 3287 2448 3358 gandos
2476 3296 2638 3357 atque
2663 3287 2731 3342 ad
2753 3287 3069 3354 adunandos
3109 3286 3317 3340 animos
3363 3286 3417 3340 in
3451 3285 3670 3340 diversa
3717 3293 3825 3339 ten-

2245 3378 2452 3443 dentes,
2483 3379 2854 3434 ratiocinaudo
2872 3376 3120 3432 omnibus
3144 3376 3456 3431 satisfacere
3477 3375 3743 3438 volumus,
3769 3382 3824 3428 ut

2245 3483 2310 3526 eo
2335 3470 2546 3526 facilius
2565 3481 2622 3526 et
2651 3471 2886 3525 divinam
2911 3470 3286 3525 auctoritatem
3315 3468 3610 3523 secundum
3637 3483 3820 3522 sanum

2249 3562 2532 3618 catholicae
2570 3562 2692 3617 fidei
2726 3561 3050 3616 intellectum
3082 3559 3374 3616 concordes
3403 3558 3731 3627 suscipiant;
3763 3571 3823 3611 ac

2253 3653 2444 3708 deinde
2484 3662 2690 3707 certum
2739 3653 2895 3707 nobis
2924 3649 3204 3706 consilium
3237 3648 3456 3703 suavius
3499 3647 3823 3718 amplectan—

2253 3750 2361 3806 tur,
2392 3742 2805 3812 amplexumque
2828 3741 2882 3796 in
2911 3739 3094 3796 futuro
3114 3739 3442 3795 custodiant.

2118 4098 2272 4226 V.

1214 4339 2141 4461 GBEGORIU

2241 4346 2250 4445 ι
2325 4345 2836 4462 ΡΔΡΔ
2905 4349 3172 4463 ιν.

587 3918 702 3946 ⁸-

1331 4659 1375 4717 ι.

659 4763 998 4808 νηινιιεῦιυιι
1028 4763 1278 4809 θιιεςοιιιι
1315 4765 1370 4806 ιν
1398 4768 1604 4812 ΒΑΕΔΝο
1629 4769 1819 4813 ΔΒΒΑΤΙ
1856 4772 2058 4816 υΔἸὋΙ.

1186 4863 1365 4934 (Anno
1402 4864 1549 4936 ses.)

711 4973 886 5046 [Apud
917 4975 1149 5046 Druuke,
1185 4975 1314 5033 Cod.
1338 4978 1465 5050 dipl.
1493 4977 1677 5047 Fuld.,
1704 4997 1824 5055 pag.
1853 4980 2003 5055 209.]

641 5103 948 5163 Gneconms
999 5124 1160 5180 papa,
1212 5126 1401 5168 servus
1449 5128 1726 5169 servorum
1767 5115 1882 5182 Dei,
1925 5115 2141 5173 fissam

573 5196 822 5266 religioso
871 5198 1049 5253 abbati
1103 5203 1412 5258 monasterii
1469 5203 1680 5258 Domini
1726 5203 2039 5274 Salvatoris,
2087 5216 2143 5262 et

569 5301 666 5356 per
709 5289 845 5343 tein
893 5291 1082 5346 eodem
1123 5294 1411 5349 venerabili
1447 5298 1778 5352 monasterio
1819 5298 2142 5352 successori-

570 5376 778 5446 busque
809 5380 913 5434 tuis
945 5382 1227 5439 abbatibus
1252 5385 1306 5439 in
1341 5396 1674 5455 perpetuum.
1715 5387 1977 5456 Quoniam
2016 5400 2140 5444 sunt

570 5483 783 5540 semper
833 5472 1173 5527 concedenda
1215 5490 1334 5544 qua:
1378 5477 1782 5534 rationabilibus
1842 5489 2141 5552 congruunt

569 5558 872 5626 desideriis,
904 5570 1119 5631 oportet
1158 5572 1217 5617 ut
1247 5565 1512 5621 devotioni
1543 5570 1838 5625 conditoris
1875 5572 1974 5641 piae
2016 5587 2143 5627 con-

568 5651 881 5708 structionis
927 5653 1220 5709 auctoritas
1265 5655 1319 5710 in
1364 5658 1658 5727 privilegiis
1691 5661 2006 5729 praestandis
2036 5663 2137 5717 mi-

572 5741 714 5796 nime
743 5744 1053 5817 denegetur.
1085 5745 1248 5816 Igitur
1276 5749 1400 5818 quia
1429 5752 1710 5822 postulasti
1750 5769 1780 5807 a
1820 5752 1975 5810 nobis
2002 5769 2134 5826 qua-

2165 4669 2220 4731 D
2245 4675 2402 4723 tenus
2455 4674 2838 4722 monasterium
2880 4665 3192 4736 Salvatoris,
3225 4683 3256 4725 a
3297 4678 3488 4726 sancto
3541 4671 3808 4731 Bonifacio

2245 4757 2649 4828 archiepiscopo
2681 4765 3050 4814 constructum
3080 4760 3135 4816 in
3156 4759 3273 4818 loco
3295 4762 3389 4831 qui
3428 4761 3632 4818 dicitur
3655 4764 3810 4822 Boco-

2243 4849 2331 4904 nia
2357 4864 2484 4920 erga
2509 4850 2679 4919 ripam
2718 4848 2955 4906 fluminis
2995 4850 3189 4919 Uulda,
3214 4853 3481 4924 privilegii
3517 4858 3666 4913 sedis
3692 4874 3811 4928 apo-

2242 4939 2444 4995 stolicae
2466 4941 2803 4997 adminiculis
2840 4941 3144 5008 decoretur,
3193 4953 3268 5010 ut,
3305 4945 3808 5016 sub'jurisdietione

2239 5042 2438 5088 sancta:
2471 5042 2686 5098 nostrze,
2715 5034 2799 5088 cui
2825 5034 2936 5090 Deo
2973 5044 3194 5092 auctore
3237 5036 3600 5107 deservimus,
3637 5042 3805 5097 Eccle-

2241 5122 2334 5176 sia:
2361 5123 2711 5177 constitutum
2741 5124 2937 5180 nullius
2963 5125 3186 5182 alterius
3212 5125 3471 5184 Ecclesiae
3484 5130 3803 5199 iurisdictio-

2241 5214 2400 5270 nibus
2441 5215 2806 5271 submittatur.
2841 5215 2947 5274 Pro
2987 5233 3094 5288 qua
3126 5233 3206 5286 re,
3249 5221 3356 5290 piis
3401 5222 3686 5278 desideriis
3730 5223 3800 5278 fa-

2239 5314 2442 5367 ventes,
2494 5306 2598 5362 hac
2644 5318 2825 5364 nostra
2859 5311 3181 5366 auctoritate
3233 5311 3287 5366 id
3335 5313 3480 5382 quod
3507 5315 3803 5385 exposcitur

2239 5393 2452 5450 effectui
2480 5397 2868 5468 mancipamus,
2893 5409 2949 5454 et
2988 5399 3108 5455 ideo
3136 5414 3348 5455 omnem
3391 5401 3676 5470 cujuslibet
3707 5403 3798 5458 Ec-

2244 5484 2423 5540 clesiae
2452 5485 2788 5542 sacerdotem
2816 5488 2871 5542 in
2912 5487 3138 5559 prmfato
3182 5491 3513 5546 monasterio
3555 5492 3797 5546 ditionem

2241 5576 2535 5644 quamlibet
2572 5575 2771 5633 habere
2819 5587 2908 5632 aut
2956 5580 3354 5644 auctoritatem,
3405 5591 3604 5652 praeter
3631 5583 3796 5638 sedem

2241 5667 2587 5737 apostolicam
2617 5677 2672 5722 et
2704 5669 3034 5739 episcopum,
3065 5670 3121 5724 in
3145 5669 3300 5738 cuius
3331 5672 3551 5728 dioecesi
3581 5687 3794 5728 venera-

2241 5758 2347 5816 bile
2376 5760 2762 5816 monasterium
2792 5770 3158 5818 constructum
3189 5776 3309 5820 esse
3356 5763 3590 5834 videtur,
3621 5765 3703 5820 cui
3742 5763 3799 5818 li-
