4012 6300
239 269 356 326 993

1623 285 2018 346 GREGORIUS
2055 291 2140 347 ιγ.

239 384 486 442 centiam
513 389 861 448 concedimus
897 402 1105 452 tantum
1140 412 1262 453 cum
1290 400 1660 470 opportunitas
1699 416 1827 456 con-
1853 404 1904 462 A
1932 402 2191 472 tinentiis,
2217 421 2337 463 cum
2366 407 2587 464 decimis
2625 416 2678 463 et
2703 410 2930 479 quartis,
2975 425 3069 466 seu
3110 409 3300 466 cellam
3332 413 3503 466 sancti

241 479 503 535 secrandi
553 480 739 539 altaris
782 483 963 550 fuerit,
999 489 1366 558 prohibemus,
1401 492 1473 546 ita
1500 501 1578 556 ut,
1625 491 1726 547 nisi
1759 493 1828 548 ab

237 567 446 627 abbate
493 574 805 630 monasterii
853 575 1017 632 fuerit
1069 579 1340 647 invitatus,
1397 599 1496 640 nec
1542 583 1825 639 missarum

245 660 450 717 ibidem
492 663 888 722 solemnitatem
911 670 1176 740 quispiam
1204 681 1491 744 praesumat
1520 674 1827 730 omnimodo

243 750 551 821 celebrare,
596 763 656 810 ut
685 757 945 826 profecto,
985 759 1138 832 juxta
1182 765 1323 834 quod
1371 765 1669 836 subjectum
1699 781 1827 837 apo-

243 843 452 900 stolicaa
481 847 592 902 sedi
623 848 876 907 ﬁrmitate
906 854 1172 928 privilegii
1203 859 1469 925 consistit,
1506 861 1825 917 inconcusse

241 933 492 994 dolatum
539 954 882 1011 permaneat;
915 945 1047 1002 locis
1096 957 1151 1004 et
1199 950 1382 1018 rebus,
1422 961 1530 1008 tam
1568 954 1648 1010 eis
1691 969 1826 1024 quas

240 1030 508 1086 moderno
539 1040 778 1104 tempore
810 1045 955 1093 tenet
979 1039 1063 1094 vel
1090 1041 1328 1111 possidet
1351 1058 1514 1114 quam
1538 1059 1656 1114 quae
1684 1043 1825 1099 fotu»

241 1119 325 1176 ris
351 1125 682 1194 temporibus
703 1127 756 1182 in
776 1126 900 1196 jure
923 1129 1094 1200 ipsius
1115 1135 1429 1190 monasterii
1450 1134 1628 1190 divina
1650 1135 1824 1207 pietas

237 1213 478 1270 voluerit
503 1231 704 1287 augere
727 1234 794 1275 ex
826 1220 981 1280 donis
1013 1232 1064 1279 et
1105 1224 1468 1282 oblationibus
1493 1227 1824 1300 decimisque

239 1304 481 1363 ﬁdelium
507 1309 711 1382 absque
735 1313 896 1371 ullius
923 1331 1166 1386 personae
1190 1321 1623 1378 contradictione
1651 1321 1822 1378 ﬁrmi-

238 1404 358 1453 tate
394 1411 653 1471 perpetua
680 1404 1006 1474 perfruatur.
1049 1410 1438 1468 Constituimus
1479 1429 1692 1484 quoque
1723 1429 1822 1485 per

234 1487 402 1559 hujus
421 1489 623 1550 decreti
651 1497 824 1552 nostri
869 1499 1120 1570 paginam
1150 1510 1230 1568 ut,
1258 1503 1566 1574 quicunque
1599 1504 1822 1576 cujusli-

234 1579 335 1635 bet
361 1581 616 1639 Ecclesia:
643 1585 724 1642 vel
775 1602 1094 1662 quacunque
1141 1593 1403 1664 dignitate
1446 1595 1666 1666 prtedita
1692 1611 1821 1664 per-

233 1686 373 1728 sona
401 1674 542 1731 hanc
582 1679 750 1734 nostri
797 1682 1060 1754 privilegii
1087 1685 1329 1740 chartam
1370 1702 1531 1757 quam
1575 1687 1815 1742 auctori-

1931 495 2145 552 Martini
2185 499 2235 554 in
2265 499 2593 556 Montesilice
2626 517 2748 557 cum
2790 509 2941 558 curte
2980 518 3074 557 sua
3122 511 3177 556 et
3219 502 3504 575 ecclesiam

1929 589 2097 644 sancti
2147 591 2460 658 Salvatoris,
2497 601 2552 648 et
2591 592 2872 648 ecclesiam
2909 593 3080 648 sancti
3117 593 3338 648 Thema:
3372 607 3504 663 apo-

1927 682 2048 737 stoli
2071 699 2192 739 cum
2219 685 2470 741 omnibus
2494 685 2608 740 suis
2657 686 2843 751 rebus,
2874 694 3036 757 atque
3070 686 3386 741 Tribianum
3422 694 3505 740 at-

1926 788 2028 843 que
2057 773 2419 842 Pernumium,
2444 791 2538 832 seu
2561 776 2739 832 Monte
2757 777 2962 843 Gutuli,
2987 787 3149 848 atque
3171 777 3224 832 in
3247 774 3497 840 Saccum,

1925 873 1980 919 et
2008 864 2320 936 Lignarium
2347 881 2469 922 cum
2496 865 2736 936 ejusdem
2765 867 2995 923 ecclesia
3020 867 3074 922 in
3099 867 3304 922 honore
3327 867 3502 922 sancti

1923 954 2082 1010 Blasii
2105 956 2382 1022 aediﬁcata,
2409 972 2531 1012 cum
2561 957 2785 1014 decimis
2812 966 2867 1012 et
2888 958 3118 1028 quartis,
3137 964 3192 1012 et
3215 956 3500 1013 ecclesiam

1923 1045 2093 1101 sancti
2128 1044 2402 1102 Michaelis
2431 1046 2484 1100 in
2511 1047 2770 1101 honorem
2797 1046 3042 1102 dedicata
3065 1055 3120 1102 et
3139 1039 3300 1101 aliam
3329 1045 3502 1102 eccle-

1921 1135 2057 1192 siam
2099 1136 2348 1192 similiter
2376 1139 2431 1191 in
2477 1137 2682 1192 honore
2721 1137 2893 1192 sancti
2937 1135 3211 1192 Michaelis
3253 1135 3306 1190 in
3347 1134 3498 1200 villa,

1921 1244 2040 1301 quae
2069 1239 2290 1284 vocatur
2328 1229 2578 1296 Bruzolo,
2614 1230 2956 1286 aediﬁcatam.
2988 1230 3165 1302 Atque
3213 1229 3498 1286 ecclesiam

1919 1319 2091 1374 sancti
2122 1318 2324 1374 Nicolai
2349 1319 2402 1374 in
2431 1319 2578 1385 villa,
2607 1335 2726 1390 quae
2758 1331 2983 1376 vocatur
3009 1319 3339 1385 Flumisello,
3370 1319 3500 1376 aedi-

1918 1409 2080 1467 ﬁcata
2106 1412 2292 1482 sicque
2333 1413 2388 1468 in
2420 1413 2694 1468 territorio
2722 1412 3004 1470 Vicentiuo
3047 1422 3285 1470 castrum
3323 1412 3498 1468 sancti

1915 1501 2052 1559 Galli
2080 1519 2200 1560 cum
2231 1505 2458 1562 ecclesia
2487 1506 2658 1562 sancti
2700 1505 2863 1562 Blasii
2891 1514 2944 1562 et
2974 1505 3146 1562 sancti
3177 1505 3338 1572 Galli,
3373 1519 3499 1560 eum

1915 1593 2141 1650 decimis
2179 1602 2233 1650 et
2259 1595 2466 1665 quartis
2494 1593 2735 1664 ejusdem
2762 1596 2952 1662 castri,
2999 1611 3094 1652 seu
3134 1603 3302 1652 totam
3344 1593 3497 1650 deci-

1913 1699 2057 1740 mam
2089 1696 2144 1741 et
2180 1697 2456 1758 quartam,
2509 1695 2566 1742 et
2593 1687 2798 1752 villam,
2837 1693 2958 1758 qua:
3004 1695 3228 1744 vocatur
3271 1685 3498 1746 Maxone

235 1773 349 1823 t‘atc
404 1769 686 1842 principiis
753 1776 1114 1844 apostolorum
1183 1779 1492 1846 ﬁrmamus,
1546 1790 1810 1836 temerare
1837 1761 1884 1820 Β
1909 1788 2003 1830 seu
2029 1783 2195 1832 totam
2242 1777 2503 1834 decimam
2532 1786 2586 1834 et
2621 1787 2868 1850 quartam
2907 1778 3067 1844 villae,
3117 1793 3236 1849 quae
3273 1782 3498 1831 vocatur

233 1861 548 1928 tentaverit,
597 1865 883 1922 anathema
920 1867 1007 1932 sit,
1057 1875 1112 1924 et
1138 1869 1274 1926 iram
1322 1870 1419 1926 Dei
1464 1872 1746 1928 incurrens
1779 1888 1811 1928 a

230 1958 380 2006 eaetu
431 1962 743 2012 sanctorum
778 1958 1012 2014 extorris
1069 1961 1300 2027 cxistat,
1354 1972 1408 2018 et
1462 1962 1812 2020 nihilominus

229 2041 440 2110 praefati
472 2046 785 2102 monasterii
815 2046 1070 2118 dignitas,
1115 2065 1146 2104 a
1187 2051 1344 2107 nobis
1383 2051 1586 2108 indulta
1613 2068 1808 2124 perpe-

230 2131 455 2188 tualiter
493 2134 751 2194 inviolata
789 2149 1108 2210 permaneat
1151 2142 1442 2212 apostolica
1491 2145 1810 2204 auctoritate

219 2223 477 2279 subnixa.

300 2313 486 2370 Valete
511 2315 565 2370 in
594 2315 814 2375 Christo
841 2328 1033 2380 vestrae
1055 2323 1328 2395 religionis
1356 2339 1646 2384 memores.

296 2406 491 2464 Datum
520 2409 638 2466 Kal.
671 2412 866 2485 April.,
905 2414 1200 2474 indictione
1225 2420 1278 2476 6.

214 2652 472 2697 Gal-3608"
498 2657 555 2698 IV
588 2657 753 2700 BULLA
792 2661 894 2704 ριιο
923 2663 1260 2708 MONASTERIO
1294 2668 1558 2711 ΡΔΤΔἫΝΟ
1583 2669 1800 2714 ΒΔΝΟΤΕ

886 2735 1142 2778 ιυετιΜ-ς.

400 2825 589 2882 Omnia
616 2829 762 2887 illius
792 2832 926 2888 bona
949 2845 997 2889 et
1025 2836 1295 2909 privilegia
1325 2839 1620 2908 conﬁrmat.

830 2922 1008 2993 (Anno
1037 2925 1187 2998 828.)

491 3026 666 3100 [Apud
695 3030 1070 3102 Muratorium,
1100 3036 1280 3092 Italici
1309 3037 1526 3113 Script.]

1914 1865 2188 1925 Rovolone
2209 1910 2225 1936 ,
2255 1878 2309 1925 et
2355 1870 2638 1926 ecclesiam
2673 1870 2844 1926 sancti
2882 1870 3099 1942 Georgii
3138 1870 3192 1926 in
3222 1868 3498 1925 Rovolone

1911 1969 1966 2018 et
1995 1977 2184 2018 omnes
2210 1962 2343 2020 alias
2370 1977 2458 2020 res
2487 1978 2609 2019 cum
2642 1963 2812 2020 servis
2833 1971 2890 2018 et
2927 1961 3156 2030 ancillis,
3185 1969 3348 2032 atque
3371 1974 3497 2017 eum

1909 2051 2154 2118 decimis,
2206 2053 2407 2123 ubique
2455 2053 2753 2123 persistunt
2797 2069 2811 2107 :
2864 2067 3075 2108 necnon
3119 2050 3404 2107 ecclesiam
3439 2049 3492 2103 in

1909 2139 2174 2198 honorem
2203 2151 2402 2198 sanctae
2428 2142 2655 2199 Justiua:
2680 2141 2903 2213 virginis
2936 2150 2993 2196 et
3015 2139 3270 2212 martyris
3290 2137 3494 2196 Christi

1905 2232 1962 2288 in
1991 2234 2139 2300 villa,
2176 2250 2295 2304 quae
2320 2242 2545 2290 vocatur
2573 2233 2816 2310 Corriza,
2863 2231 3203 2296 aediﬁcatam,
3249 2237 3412 2300 atque
3439 2227 3494 2282 in

1907 2325 2180 2380 territorio
2209 2325 2448 2382 Bononia
2487 2334 2598 2380 tam
2640 2323 2782 2380 infra
2827 2323 3101 2378 civitatem
3145 2337 3312 2392 quam
3357 2317 3492 2375 foris

1904 2415 2138 2480 civitate,
2168 2407 2261 2471 seu
2307 2417 2360 2470 in
2413 2415 2552 2470 saltu
2591 2414 2759 2470 Plano
2787 2422 3000 2480 vocato,
3035 2420 3492 2482 quantascunque

1904 2507 2112 2578 Opilius
2167 2507 2425 2579 patricius
2470 2509 2840 2564 Romanorum
2891 2510 2947 2564 in
2994 2509 3113 2580 ipso
3159 2503 3490 2563 monasterio

1903 2601 2106 2666 emisit,
2149 2616 2391 2672 quasque
2418 2616 2447 2654 a
2468 2601 2590 2670 jure
2615 2602 2854 2674 praedicti
2885 2599 3199 2656 monasterii
3227 2599 3327 2654 sub
3359 2610 3490 2667 peu-

1901 2692 2076 2748 sionis
2125 2693 2342 2748 nomine
2389 2693 2639 2760 detinuit,
2679 2702 2734 2748 et
2781 2687 3224 2764 quantaseunque
3274 2687 3491 2743 Flavius

1900 2783 2251 2842 lldcbrandus
2295 2786 2778 2843 excellentissimus
2812 2802 2907 2842 rex
2933 2803 2964 2842 a
3002 2785 3126 2856 jure
3167 2783 3334 2854 ipsius
3375 2795 3490 2835 mo-

1903 2880 2127 2935 nastcrii
2154 2879 2406 2944 detinuit,
2443 2877 2542 2933 sub
2565 2879 2840 2950 pensionis
2862 2877 3080 2933 nomine
3107 2874 3379 2938 similiter,
3404 2883 3489 2939 vel

1899 2985 1996 3041 per
2023 2970 2378 3040 quodcunque
2420 2968 2636 3024 modum
2666 2968 2906 3023 detinere
2937 2967 3085 3022 visus
3113 2975 3196 3022 est
3239 2965 3285 3020 is
3311 2962 3366 3018 in
3395 2976 3487 3018 eo-

1903 3060 2026 3134 deni
2071 3060 2346 3114 territorio
2391 3058 2834 3122 Bononiensium,
2893 3056 3280 3112 monasterium
3321 3067 3488 3108 unum

289 3141 330 3210 ἰ’
364 3139 674 3200 GBEGORIUS
730 3161 919 3203 servus
979 3163 1254 3206 servorum
1305 3153 1438 3217 Dei,
1495 3155 1798 3226 episcopus,
1829 3127 1873 3191 ο
1907 3150 1962 3205 in
1992 3127 2198 3205 honore
2247 3158 2448 3206 sancta:
2495 3148 2718 3205 Iustina:
2763 3149 3088 3214 dedicatum,
3136 3147 3300 3203 situm
3347 3145 3487 3199 infra

213 3230 454 3297 MILONI,
505 3238 943 3294 reverentissimo
989 3242 1170 3296 abbati
1234 3246 1548 3302 monasterii
1597 3257 1802 3304 sanctae

210 3325 442 3382 Iustinae
468 3327 690 3399 virginis
718 3339 774 3386 et
797 3334 1050 3405 martyris
1071 3332 1291 3401 Christi,
1308 3346 1364 3392 et
1385 3340 1554 3395 sancti
1573 3341 1801 3398 Prosdo—

212 3419 343 3476 cimi
372 3421 576 3477 Christi
611 3423 960 3490 confessoris,
995 3428 1156 3482 situm
1185 3427 1318 3484 foris
1345 3432 1562 3487 civitate
1593 3435 1797 3502 Patavi,

214 3512 269 3569 in
298 3530 407 3584 quo
445 3514 680 3584 ipsorum
725 3524 779 3572 et
815 3517 1040 3572 aliorum
1089 3519 1440 3588 plurimorum
1491 3535 1798 3581 sanctorum

216 3621 447 3676 corpora
490 3607 854 3678 requiescunt,
888 3611 1102 3680 tuisque
1145 3615 1549 3672 successoribus
1581 3619 1633 3672 in
1678 3634 1801 3689 per-

214 3708 462 3770 petuum.
503 3700 638 3768 Quia
657 3700 803 3771 juste
819 3712 874 3759 et
903 3705 1298 3762 rationabiliter
1316 3717 1496 3764 vestra
1523 3711 1798 3768 humilitas

213 3800 407 3847 nostro
455 3794 779 3862 apostolatui
830 3795 1109 3850 humiliter
1155 3800 1487 3868 postulastis,
1534 3811 1800 3871 quatenus

213 3900 317 3955 pro
347 3883 444 3938 Dei
473 3899 658 3940 amore
690 3886 990 3956 animmque
1027 3897 1228 3944 nostra:
1263 3892 1520 3957 remedio,
1567 3901 1671 3948 tam
1702 3910 1800 3964 per

209 3974 500 4045 praesentis
551 3976 718 4030 nostri
766 3976 1027 4047 privilegii
1078 3979 1473 4046 auctoritatem,
1529 3994 1799 4054 quamque

209 4081 314 4137 per
355 4067 732 4123 auctoritatem
773 4068 954 4124 domui
1000 4069 1260 4136 Lotharii,
1314 4075 1652 4144 imperatoris
1687 4075 1799 4132 Au-

207 4159 378 4231 gusti,
405 4159 699 4229 spiritualis
734 4161 788 4216 in
830 4160 1048 4218 Christo
1094 4163 1430 4221 dilectissimi
1476 4167 1568 4222 ﬁlii
1603 4169 1792 4236 nostri,

209 4251 638 4309 concederemus
663 4263 719 4311 et
751 4254 1222 4322 conﬁrmaremus,
1252 4259 1458 4315 scilicet
1485 4275 1671 4317 omnes
1709 4278 1798 4318 res

207 4352 267 4397 et
290 4343 649 4412 proprietates
691 4344 932 4416 praedicti
959 4348 1294 4415 monasterii,
1329 4349 1484 4419 cujus
1514 4352 1796 4408 ecclesiam

209 4435 422 4505 Opilius
451 4437 712 4506 patricius
748 4436 1116 4496 Romanorum
1156 4440 1422 4507 fundavit,
1456 4443 1634 4514 ibique
1679 4446 1793 4514 ejus

211 4527 592 4598 corpusculum
639 4527 696 4584 in
739 4544 872 4599 pace
920 4531 1212 4599 requiescit
1257 4533 1311 4588 in
1357 4535 1495 4590 atrio
1552 4536 1791 4606 ejusdem

209 4619 466 4677 ecclesia:
517 4635 679 4690 supra
735 4620 870 4676 duas
922 4621 1222 4689 columnas,
1273 4625 1364 4694 qui
1410 4626 1575 4681 etiam
1630 4627 1797 4682 multa

215 4710 409 4766 tribuit
467 4711 606 4766 dona
659 4711 714 4766 in
781 4711 971 4768 eodem
1022 4713 1368 4770 monasterio.
1414 4715 1642 4787 Ideoque
1701 4733 1800 4786 per

211 4808 537 4872 pmsenlem
583 4800 922 4872 privilegium
963 4803 1348 4861 conﬁrmamus
1381 4817 1435 4861 et
1473 4810 1796 4864 corrobora-

212 4908 338 4948 mus
365 4901 418 4948 et
449 4892 620 4962 ipsum
649 4895 1032 4949 monasterium
1063 4911 1184 4951 cum
1213 4899 1462 4954 omnibus
1491 4901 1602 4955 suis
1629 4902 1797 4970 perti-

213 4984 488 5048 nentibus,
539 4991 650 5038 tam
698 4985 844 5040 intus
889 4985 1106 5040 civitate
1143 4987 1331 5042 Patavi
1379 4990 1796 5046 consistentibus

213 5089 488 5146 quamque
533 5073 684 5142 foris,
717 5091 809 5132 seu
861 5075 914 5130 iu
966 5076 1127 5131 ﬁuvio
1167 5078 1444 5135 Rodolone
1494 5081 1795 5136 molendina

212 5177 451 5240 quatuor
476 5175 532 5224 et
577 5167 856 5224 ecclesiam
907 5169 1079 5223 sancti
1125 5168 1332 5241 Angeli,
1382 5186 1503 5226 cum
1554 5172 1794 5242 ejusdem

215 5259 368 5325 villa,
401 5274 523 5314 cum
545 5259 770 5315 decimis
798 5268 852 5314 et
877 5262 1104 5329 quartis,
1133 5270 1295 5334 atque
1316 5263 1597 5319 ecclesiam
1622 5265 1796 5321 sancti

216 5351 458 5408 Danielis
493 5352 769 5424 martyris,
800 5359 854 5407 et
881 5351 1162 5408 ecclesiam
1197 5363 1398 5411 sancta:
1422 5355 1648 5422 Julianac
1687 5357 1799 5412 vir-

216 5444 362 5514 ginis
405 5453 460 5501 et
507 5433 760 5516 martyris
801 5444 1022 5508 Christi,
1073 5453 1236 5515 atque
1289 5447 1573 5504 ecclesiam
1623 5451 1795 5506 sancti

218 5535 455 5592 Matthwi
487 5536 713 5606 apostoli
739 5544 793 5590 et
827 5535 972 5600 villa,
999 5551 1116 5606 qua:
1143 5548 1366 5592 vocatur
1391 5538 1680 5605 Macerata,
1716 5541 1797 5595 in-

218 5637 372 5698 tegra
402 5643 524 5683 cum
555 5627 726 5683 servis
755 5635 810 5682 et
829 5627 1040 5682 ancillis
1063 5643 1186 5684 cum
1231 5629 1455 5685 decimis
1479 5639 1535 5685 et
1566 5631 1794 5700 quartis,

221 5730 277 5779 ct
316 5721 438 5778 villa
463 5738 582 5793 qua:
613 5731 837 5780 vocatur
865 5720 1072 5792 Iluneo,
1103 5738 1224 5780 cum
1254 5723 1505 5785 omnibus
1533 5724 1644 5784 suis
1674 5739 1797 5794 per-

1903 3242 2175 3297 civitatem
2196 3240 2449 3296 Bononia:
2478 3257 2600 3296 cum
2627 3255 2754 3296 area
2780 3255 2896 3308 sua,
2931 3248 2984 3294 et
3019 3253 3141 3294 cum
3162 3236 3308 3292 omni
3325 3234 3486 3290 domo

1903 3335 2048 3391 culto
2077 3349 2174 3390 suo
2203 3343 2312 3388 tam
2343 3335 2398 3389 in
2431 3335 2543 3405 ipsa
2587 3334 2824 3401 civitate,
2860 3349 3128 3404 quamque
3166 3331 3319 3397 foris,
3359 3343 3483 3384 cum

1902 3428 2062 3491 casis,
2091 3426 2359 3490 domibus,
2391 3425 2651 3492 aediﬁciis,
2683 3433 2878 3481 etcum
2903 3425 3152 3480 Omnibus
3186 3423 3286 3478 sibi
3317 3421 3486 3493 perti-

1903 3519 2152 3574 nentibus
2180 3520 2234 3572 in
2265 3517 2552 3588 integrum.
2585 3517 2717 3572 Item
2741 3515 2966 3572 fundum
3001 3516 3285 3582 Trecenta,
3310 3522 3365 3570 et
3386 3512 3485 3570 Sa-

1900 3613 2172 3676 drianum,
2221 3623 2275 3666 et
2307 3609 2668 3674 Nuncianum,
2719 3625 2814 3665 seu
2875 3609 3183 3674 Pulianum,
3214 3616 3270 3662 et
3306 3605 3484 3661 Silba-

1899 3703 2120 3767 munda,
2178 3712 2233 3758 et
2270 3701 2425 3757 Valle
2477 3703 2542 3757 de
2591 3697 2870 3767 Lambris,
2942 3717 3036 3757 seu
3079 3701 3380 3765 Veterana,
3427 3707 3483 3754 et

1898 3795 2212 3862 Fraxenito,
2258 3803 2313 3851 et
2362 3794 2693 3858 Memoriola,
2728 3803 2782 3849 et
2827 3793 2931 3848 alia
2960 3789 3270 3846 Memoriola
3321 3803 3480 3854 nova,

1899 3903 1993 3943 seu
2024 3886 2351 3953 Uncianum,
2385 3895 2441 3943 et
2481 3886 2852 3950 Vicoarucias,
2882 3901 2977 3952 seu
3005 3880 3388 3952 Carpeuetulo,
3427 3888 3483 3934 et

1899 3978 2238 4046 Soldenicus,
2275 3987 2328 4034 et
2357 3979 2641 4035 Judicosus
2661 3977 3083 4050 pertinentibus,
3127 3990 3220 4032 seu
3255 3973 3479 4030 fundum

1898 4070 2223 4138 Cassinium,
2268 4081 2322 4127 et
2377 4072 2484 4126 alio
2529 4071 2826 4137 Musianus,
2883 4079 2938 4126 et
2989 4071 3043 4125 in
3092 4069 3211 4124 loco
3260 4067 3481 4121 Paretes

1899 4167 2092 4222 uncias
2123 4181 2238 4232 sex,
2269 4181 2364 4222 seu
2397 4165 2672 4229 Saxorias,
2699 4172 2753 4218 et
2783 4164 3152 4227 Mauriano,et
3185 4158 3475 4224 Casiliello,

1896 4266 1951 4312 et
1988 4255 2353 4327 Vallefrigida,
2382 4265 2436 4312 et
2473 4257 2526 4309 in
2564 4254 2729 4309 fundo
2753 4252 3040 4309 Rutilianis
3067 4261 3209 4306 terra
3239 4249 3405 4314 culta,
3425 4258 3480 4304 et

1897 4354 2135 4417 sterpeta
2166 4345 2380 4401 insimul
2405 4346 2561 4416 juges
2590 4344 2830 4417 triginta,
2860 4343 2996 4398 etin
3023 4340 3204 4397 casale
3235 4339 3478 4396 Socioria

1900 4446 2042 4492 terra
2067 4435 2224 4508 juges
2252 4436 2460 4501 decem,
2489 4444 2544 4491 et
2574 4435 2628 4491 in
2669 4433 2835 4489 fundo
2864 4432 3130 4489 Veterana
3168 4431 3344 4488 casale
3384 4432 3477 4502 qui

1896 4537 2121 4583 vocatur
2165 4526 2506 4592 Grauariolo,
2534 4532 2590 4580 et
2625 4523 2848 4580 fundum
2890 4520 3220 4587 Sitilianum,
3247 4529 3303 4577 et
3338 4522 3478 4578 Cen-

1897 4619 2263 4689 tumpaulinis,
2305 4628 2359 4674 et
2386 4619 2437 4674 in
2470 4617 2635 4673 fundo
2661 4617 2936 4682 Trimano,
2966 4631 3061 4671 seu
3105 4614 3478 4683 Quinquagin-

1897 4711 2006 4766 tula
2055 4711 2292 4777 deserta,
2343 4719 2398 4765 et
2446 4709 2826 4775 Praxeletudo,
2893 4723 2987 4764 seu
3037 4707 3479 4763 Pissiano.....ct

1895 4799 2163 4866 Gavinho,
2193 4812 2248 4855 et
2292 4800 2580 4866 Barbiano,
2631 4816 2723 4856 seu
2776 4798 2975 4865 ﬁliolis,
3006 4805 3060 4853 et
3101 4797 3344 4853 Gabiauo
3383 4796 3476 4866 qui

1897 4900 2126 4946 vocatur
2153 4890 2558 4956 Vicocecorum,
2587 4899 2642 4944 et
2671 4889 2835 4945 fundo
2864 4887 3230 4950 Columbiano,
3265 4896 3319 4940 et
3340 4885 3477 4940 Gra-

1901 4984 2127 5048 nariolo,
2167 4991 2222 5038 et
2249 4984 2606 5055 Villamagua,
2651 4997 2773 5038 cum
2800 4982 2943 5037 casis
2978 4990 3033 5035 et
3060 4969 3392 5035 massariciis
3421 4987 3478 5034 et

1898 5074 2147 5130 omnibus
2181 5075 2280 5130 sibi
2306 5073 2718 5144 pertinentibus,
2746 5080 2801 5126 et
2842 5071 3063 5125 fundum
3091 5067 3470 5139 Quingentula,

1898 5175 1952 5219 et
1981 5165 2222 5232 Sacioso,
2252 5174 2308 5221 et
2332 5163 2576 5220 Julianus
2603 5179 2695 5220 seu
2719 5162 3040 5227 0micarini,
3067 5161 3157 5231 qui
3187 5168 3271 5216 est
3310 5173 3473 5229 supra

1897 5263 2096 5331 Naves,
2123 5273 2178 5319 ct
2221 5262 2398 5319 casale
2443 5263 2534 5332 qui
2585 5269 2807 5316 vocatur
2853 5257 3260 5321 Laurentiacus,
3311 5263 3473 5324 atque

1899 5355 2096 5418 casale,
2128 5355 2216 5410 cui
2246 5353 2562 5409 vocabulum
2592 5360 2676 5408 est
2707 5350 3020 5412 Numianus,
3055 5349 3157 5403 hoc
3185 5355 3268 5402 est
3293 5343 3472 5401 Silisis

1898 5447 2041 5503 inter
2069 5447 2350 5502 Misianum
2372 5455 2427 5501 et
2447 5443 2872 5500 Columbianum.
2918 5442 3049 5497 Item
3094 5440 3260 5496 fundo
3286 5437 3337 5491 in
3366 5435 3470 5490 alio

1897 5537 2014 5592 loco
2044 5537 2286 5602 Socioso,
2329 5545 2384 5591 et
2419 5535 2523 5590 alio
2570 5535 2733 5590 fundo
2773 5533 3018 5598 Micauri,
3060 5532 3150 5601 qui
3191 5537 3276 5583 est
3311 5541 3470 5595 super

1899 5628 2012 5698 ripa
2064 5629 2130 5684 de
2184 5629 2473 5694 Barbiano,
2529 5637 2583 5684 et
2647 5625 2912 5692 Gabiauo,
2957 5626 3096 5679 inter
3147 5620 3368 5678 Claudia
3416 5627 3468 5672 et

1899 5720 2101 5778 Strata.
2147 5721 2286 5778 Area
2335 5736 2464 5778 vero
2501 5737 2623 5800 quae
2674 5721 2850 5777 est~in
2888 5719 3010 5776 vico
3047 5711 3367 5778 Romauulo,
3415 5720 3466 5766 et

3402 303 3509 360 994
3581 279 3591 313 "
