3930 5444
506 435 613 499 995

1034 432 1341 491 APPEND.
1363 404 1456 492 An
1494 433 1666 493 suae.
1706 436 1797 493 tx.
1825 467 1892 478 —
1923 392 2260 494 suprLEu.
2301 433 2392 490 AD
2427 435 2720 494 SCRIPTA
2756 435 3023 495 PONTIF.
3063 437 3229 497 nou.

3651 446 3734 503 996

509 550 677 609 fundo
720 557 872 604 ortus
921 547 973 602 in
1024 546 1316 618 integrum,
1362 557 1417 601 et
1483 547 1645 603 fundo
1692 548 1981 616 Sitiriano,
2032 561 2087 605 et
2114 558 2159 615 Α
2188 548 2448 619 principis
2499 549 2863 619 apostolorum
2916 550 3095 615 Petri,
3143 550 3395 623 quodque
3442 551 3735 611 revelatioae

445 684 451 688 -
500 624 786 701 Μοιιιὶοἷο.
839 648 893 695 et
929 637 1290 701 Vindemiolo,
1340 653 1435 694 seu
1479 638 1698 706 Marcio,
1741 651 1796 696 et
1836 641 2082 708 Arucias,

512 752 633 793 cum
667 732 849 790 casale
880 732 1141 797 Pauliuis,
1179 740 1233 786 et
1282 730 1590 798 Rotarioro,
1643 749 1733 789 seu
1781 732 2084 800 Saturioro,

512 835 571 884 et
601 827 719 880 vico
760 823 1072 881 Fraxenito.
1121 822 1269 894 lpsas
1320 838 1507 879 omnes
1565 826 1956 895 suprascriptas
2000 839 2087 880 res

514 933 635 973 eum
682 918 856 973 servis
899 924 954 973 et
994 915 1235 981 ancillis,
1287 930 1406 971 cum
1458 914 1604 971 silvis
1647 925 1701 971 et
1747 915 2086 982 molendinis,

514 1024 888 1082 aquarumque
906 1009 1242 1073 decursibus,
1277 1008 1458 1062 usibus
1485 1024 1548 1064 ac
1567 1006 1797 1077 juribus,
1829 1024 1892 1063 ae
1917 1008 2091 1063 omni-

514 1103 616 1159 bus
649 1100 1068 1173 pertinentibus,
1100 1099 1312 1169 sibique
1336 1099 1752 1169 subjaceutihus,
1786 1099 2091 1169 ubicunque

512 1194 835 1258 consistunt,
882 1191 938 1247 in
982 1191 1272 1261 integrum.
1317 1189 1573 1246 Jubemus
1602 1191 1800 1261 itaque,
1831 1200 1886 1243 ut
1918 1188 2093 1246 nullus

514 1285 624 1340 dux
654 1282 740 1339 vel
779 1297 964 1340 comes
1009 1291 1102 1355 aut
1146 1282 1250 1335 alia
1290 1266 1493 1351 qumvis
1541 1298 1768 1353 persona
1816 1282 1866 1336 in
1909 1297 2094 1351 supra-

516 1375 737 1445 scriptis
764 1375 930 1431 rebus
955 1373 1195 1445 praedicti
1222 1364 1533 1428 monasterii
1559 1383 1756 1428 sancur.
1784 1371 2006 1428 Iustina:
2032 1371 2096 1425 li-

519 1475 639 1524 ceat
662 1466 867 1538 ingredi
892 1466 1010 1522 sive
1047 1480 1145 1535 per
1177 1464 1620 1546 hospitalitatem,
1660 1476 1752 1519 aut
1786 1480 1881 1536 per
1911 1479 2094 1534 quem-

513 1574 723 1630 cunque
771 1560 1022 1624 modum,
1076 1572 1252 1630 neque
1299 1558 1530 1627 aliquam
1570 1556 1880 1612 violentiam
1923 1554 2097 1610 facere

511 1658 824 1720 prmsumat,
850 1649 943 1704 sed
979 1650 1159 1720 potius
1189 1649 1290 1705 sub
1326 1650 1466 1704 beati
1503 1650 1645 1705 Petri
1687 1647 1945 1720 principis
1972 1661 2098 1718 apo-

511 1741 773 1797 stolorum
828 1741 1306 1810 praedestinatione
1361 1749 1469 1796 tam
1525 1741 1890 1796 deservieutes
1936 1755 2098 1810 quam

2189 640 2367 695 divina
2410 655 2510 711 per
2545 644 2837 698 monachos
2876 642 3113 711 ejusdem
3155 644 3269 717 loci
3297 658 3325 698 a
3360 642 3610 716 Capuana
3636 662 3737 717 pro-

2186 728 2361 785 vincia
2397 746 2594 803 corpus
2636 734 2763 790 illuc
2802 734 2976 790 sancti
3018 734 3289 791 Benedicti
3328 735 3500 791 fuerit
3525 737 3737 807 allatum,

2187 810 2367 892 ibique
2410 832 2720 880 reverenter
2766 825 3078 891 humatum,
3131 824 3271 881 sicut
3326 824 3738 883 manifestissima

2187 919 2400 967 constat
2438 914 2680 973 historia.
2710 914 2841 971 Nam
2869 926 3087 988 prepter
3113 914 3546 972 stabilimentum
3584 934 3743 973 mou»

2189 1001 2338 1058 stica:
2394 1003 2667 1076 religionis
2710 1006 2816 1076 pize
2870 1007 3145 1063 memoria:
3201 1008 3509 1079 imperator
3549 1008 3746 1066 Carolus

2190 1102 2345 1165 pater
2390 1096 2506 1167 ejus
2557 1111 2653 1167 per
2696 1107 3018 1168 praeceptum
3072 1113 3185 1154 suze
3233 1099 3577 1154 auctoritatis
3599 1098 3745 1155 cidem

2191 1184 2310 1241 loco
2339 1187 2504 1243 multa
2530 1188 2842 1256 contulit,et
2865 1190 2934 1246 ab
2953 1190 3075 1246 aliis
3100 1189 3293 1246 collata
3328 1198 3650 1247 testamento
3675 1179 3752 1245 ﬁr-

2195 1277 2378 1333 mavit.
2410 1278 2561 1348 Unde
2588 1278 2878 1351 postulavit
2901 1278 3043 1336 idem
3087 1281 3337 1338 amabilis
3364 1282 3484 1340 Deo
3515 1282 3748 1353 princeps,

2194 1383 2355 1439 supra
2409 1381 2740 1427 memoratus
2768 1368 3023 1442 praefatus
3063 1371 3228 1428 abbas
3270 1374 3339 1427 ad
3382 1373 3751 1444 reprimendum

2195 1460 2552 1528 quorumdam
2584 1460 2930 1533 cupiditatem
2979 1462 3318 1535 privilegium
3362 1474 3564 1521 nostra
3594 1473 3751 1520 aucto-

2198 1542 2376 1605 ritatis
2402 1551 2575 1606 eidem
2626 1553 2954 1608 monasterio
2994 1553 3249 1609 conferri.
3282 1555 3626 1627 Quapropter
3649 1570 3757 1611 con.—

2197 1640 2497 1708 Stituimtts,
2521 1656 2641 1697 cum
2673 1642 2901 1699 consilio
2940 1645 3182 1700 omnium
3208 1647 3301 1716 qui
3352 1647 3553 1701 adsunt
3578 1648 3758 1716 episco-

2198 1745 2415 1802 porum,
2439 1742 2706 1801 quatenus
2751 1735 3119 1804 possessiones
3167 1744 3219 1791 et
3272 1750 3363 1791 res
3397 1736 3632 1806 ejusdem
3663 1750 3759 1790 mo-

510 1835 810 1893 residentes
833 1850 896 1891 ac
923 1835 1054 1907 ipsae
1083 1850 1170 1893 res
1204 1835 1340 1891 salvi
1368 1845 1420 1889 et
1462 1834 1609 1890 illaesi
1633 1836 1943 1906 persistaut,
1978 1834 2092 1890 abs-

2199 1823 2447 1889 nasterii,
2494 1824 2718 1893 mobiles
2765 1826 2878 1881 sive
2916 1814 3260 1892 immobiles,
3306 1840 3433 1897 quae
3480 1840 3619 1881 nunc
3642 1827 3758 1886 data

509 1941 615 1997 quc
637 1926 879 1991 omnium
914 1926 1193 1983 hominum
1222 1924 1427 1982 remota
1458 1927 1853 1982 controversia.
1883 1923 2016 1981 Nam
2047 1925 2092 1983 si
2128 1927 2172 1984 Β
2202 1918 2345 1977 sum:
2378 1912 2460 1968 vel
2492 1914 2546 1969 ίη
2580 1912 2821 1969 futurum
2848 1929 2878 1969 ³
2903 1915 3171 1984 ι’θιίείοεῑε
3197 1915 3502 1982 “buntur.
3528 1917 3640 1971 Sine
3670 1915 3759 1969 '31

509 2020 775 2090 quispiam
808 2028 999 2076 contra
1034 2017 1197 2087 hujus
1225 2020 1393 2075 noswi
1421 2019 1687 2091 privilegii
1714 2022 2090 2076 auctoritatem

508 2111 740 2166 violator
772 2121 1021 2181 repertus
1046 2111 1225 2176 fuerit,
1259 2112 1397 2167 sciat
1434 2127 1492 2167 se
1520 2112 1572 2167 in
1602 2113 1735 2167 iram
1776 2112 1918 2166 beati
1950 2112 2093 2168 Petri

509 2201 770 2273 principis
819 2202 1208 2272 apostolorum,
1239 2211 1293 2257 et
1348 2202 1587 2257 omnium
1632 2194 2092 2272 praedecessorum

511 2303 846 2355 nostrorum,
876 2302 1038 2362 atque
1068 2292 1169 2350 sub
1207 2291 1523 2364 gravissima
1555 2292 1915 2362 indignatione
1960 2307 2095 2362 prae-

510 2382 640 2441 dicti
670 2383 1004 2441 dilectissimi
1038 2382 1128 2437 lilii
1167 2382 1340 2438 nostri
1371 2382 1551 2437 domui
1591 2380 1831 2436 Lotharii
1865 2380 2096 2452 impera-

508 2475 645 2531 toris
670 2475 894 2545 Augusti
923 2484 978 2530 et
1004 2482 1187 2530 nostra
1217 2489 1492 2538 casurum,
1515 2480 1570 2529 et
1609 2473 1708 2528 sub
1733 2472 2096 2528 anatliematis

511 2567 727 2624 vinculo
757 2567 1155 2625 damnatarum.
1187 2565 1431 2637 Insuper,
1465 2565 1566 2620 nisi
1605 2580 1634 2619 a
1680 2564 1822 2620 malo
1857 2565 2097 2635 resipue—

508 2658 603 2726 rit,
625 2659 765 2715 sciat
790 2673 848 2715 se
875 2657 1300 2728 compositurum
1334 2656 1450 2713 auri
1479 2656 1665 2727 optimi
1697 2655 1916 2711 multam
1948 2655 2097 2711 Man-

506 2760 699 2808 eoseos
730 2752 837 2807 duo
868 2750 1056 2815 millia,
1091 2749 1433 2805 medietatem
1465 2757 1651 2803 nostro
1686 2761 1840 2803 sacro
1872 2747 2094 2819 palatio,

505 2848 566 2898 et
605 2841 953 2898 medietatem
1001 2839 1369 2910 suprascripto
1422 2838 1774 2895 monasterio.
1822 2836 1922 2904 Qui
1970 2853 2097 2896 vero

504 2945 610 3004 pro
632 2930 826 2991 intuitu
849 2936 1033 2986 custos
1053 2937 1108 2984 et
1127 2927 1446 2984 observator
1468 2927 1521 2983 in
1542 2928 1792 2983 omnibus
1808 2928 2093 2996 exstiterit,

511 3020 907 3079 benedictionis
931 3020 1467 3092 gratiam,vitamque
1496 3027 1752 3074 aeternam
1771 3036 1891 3075 cum
1924 3018 2099 3075 omni-

513 3110 618 3167 bus
637 3112 841 3167 sanctis
868 3111 987 3168 sine
1019 3109 1123 3166 ﬁne
1152 3118 1425 3167 mereatur
1454 3110 1658 3168 habere
1684 3110 1736 3166 in
1771 3111 1965 3168 saecula
1992 3127 2094 3169 saa-

515 3200 778 3257 culorum.
809 3200 1003 3257 Amen.

2199 2004 2570 2078 inquietudine
2608 2009 2995 2080 perpetualiter
3021 2015 3427 2080 teneantatquc
3447 2009 3757 2080 possideant.

2203 2098 2394 2155 Nullus
2426 2101 2678 2171 deinceps
2706 2100 3011 2173 episcopus,
3033 2103 3160 2169 dux,
3201 2115 3411 2168 comes,
3465 2102 3758 2163 vieeeomes,

2196 2195 2453 2260 vicarius,
2504 2195 3201 2266 telouariusJactionarius,
3248 2195 3333 2251 vel
3366 2211 3564 2266 magna
3596 2210 3763 2266 parra-

2198 2298 2302 2355 quc
2341 2300 2572 2356 persona
2619 2289 2817 2343 audeat
2841 2287 3015 2359 ipsum
3062 2287 3458 2344 monasterium
3491 2276 3579 2341 vel
3606 2300 3683 2340 res
3707 2285 3761 2339 ad

2199 2377 2372 2448 ipsum
2414 2380 2747 2449 pertinentes
2795 2380 3120 2453 inquietare,
3152 2381 3409 2437 homines
3445 2380 3568 2435 sine
3598 2378 3766 2433 volun-

2199 2477 2308 2527 tate
2330 2471 2539 2535 ajibatis
2566 2471 2908 2543 distringere,
2941 2468 3025 2527 vel
3077 2455 3340 2542 quidquid
3372 2466 3542 2526 ﬁscus
3575 2469 3765 2541 exigere

2196 2562 2408 2634 poterat
2444 2564 2626 2634 aliquo
2653 2563 2811 2620 modo
2850 2565 3163 2636 praeripere.
3203 2564 3473 2619 Addimus
3522 2564 3680 2619 etiam
3718 2568 3768 2615 ut

2211 2657 2337 2727 quia
2360 2657 2686 2713 venerabilis
2725 2665 2883 2727 pater
2914 2657 3255 2724 Benedictus,
3284 2658 3678 2713 monachorum
3702 2655 3765 2710 le-

2203 2749 2428 2821 gislator
2472 2760 2527 2808 et
2568 2750 2836 2819 dominus,
2869 2749 2979 2805 dux
3006 2757 3091 2806 est
3139 2747 3422 2820 religionis
3452 2749 3765 2810 monasticz,

2199 2842 2269 2897 sit
2294 2844 2456 2897 etiam
2494 2841 2584 2912 qui
2613 2841 2784 2897 eidem
2808 2840 3054 2897 eoenobio
3087 2839 3367 2911 praefuerit
3398 2841 3613 2912 primus
3649 2840 3769 2895 inter

2199 2934 2427 2990 abbates
2451 2933 2668 2997 Galliae;
2697 2949 2796 2990 nec
2844 2933 3037 3005 aliquis
3088 2934 3153 2990 de
3180 2932 3389 2989 ordine
3440 2932 3769 2997 sacerdotali,

2199 3022 2635 3093 archiepiscopus
2663 3022 2891 3089 scilicet,
2917 3022 3202 3093 episcopus
3232 3030 3328 3076 aut
3371 3021 3608 3077 clericus
3629 3063 3641 3087 ,
3664 3039 3769 3077 cum

2201 3113 2504 3184 inquietare
2536 3128 2639 3168 nec
2676 3112 2794 3169 sine
2832 3112 3105 3169 voluntate
3145 3112 3317 3183 ipsius
3364 3113 3439 3169 ad
3484 3114 3631 3170 idem
3667 3128 3770 3168 mo-

2200 3206 2712 3278 nasterium'veuire
2751 3212 2845 3260 aut
2886 3205 3120 3276 aliquam
3164 3204 3570 3260 ordinationem
3616 3205 3773 3260 facere

586 3291 799 3362 Scripta
859 3309 957 3364 per
998 3308 1187 3350 manus
1235 3292 1501 3365 Gregorii,
1533 3294 1961 3365 protoscriniarii
1999 3310 2096 3368 pa-
2125 3272 2173 3346 (ἶ
2202 3298 2286 3354 vel
2338 3272 2532 3355 missas
2573 3274 2846 3354 celebrare
2886 3272 3217 3367 praesumat;
3252 3304 3310 3352 ut
3348 3297 3504 3352 omni
3552 3304 3773 3366 tempore

515 3383 779 3440 triarchio
806 3383 1184 3441 Lateranensi.

584 3473 778 3528 Datum
810 3474 997 3531 Romae
1036 3491 1114 3531 xu
1156 3473 1423 3531 Kalendas
1450 3472 1646 3543 Iulias,
1676 3491 1820 3533 anno
1858 3476 2097 3547 ejusdem

513 3563 658 3619 sedis
685 3564 881 3635 primo,
910 3573 966 3621 et
1007 3565 1191 3622 domui
1219 3564 1464 3621 Lotharii
1498 3567 1754 3634 secundo,
1808 3568 2098 3626 indictione

511 3662 728 3711 octava.

581 3744 731 3802 Bene
754 3747 952 3804 valete.
1266 3817 1333 3874 ΠΙ

512 3943 769 3987 lPlS'l‘OLA
818 3948 887 3987 AD
937 3947 1221 3990 EPISCOPOS
1268 3952 1337 3991 ΕΤ
1388 3951 1539 3994 Αιιοε
1588 3953 1675 3993 DEI
1729 3955 1950 3996 FIDELES
1993 3957 2094 3998 PER

581 4013 813 4056 GALLIAI
843 4018 1230 4070 CONSTITUTOS,
1254 4020 1319 4059 DE
1343 4021 1634 4065 DIGNITATE
1673 4024 1742 4066 ΕΤ
1771 4024 2092 4069 Ριιινιιεθηε

584 4085 910 4128 IONASTERII
950 4088 1347 4131 FLORIACENSIS.

1117 4164 1294 4238 (Anno
1322 4165 1473 4240 est.)

800 4275 1031 4351 [Baluz.,
1065 4278 1290 4335 Misce”.
1331 4299 1493 4349 δίκη,
1532 4291 1661 4339 tom.
1695 4283 1809 4361 lli.)

583 4382 891 4455 Caesonius
915 4389 1223 4460 episcopus,
1243 4406 1443 4449 servus
1467 4410 1744 4451 servorum
1772 4398 1885 4465 Dei,
1909 4398 2087 4456 omni-

510 4477 614 4533 bus
633 4479 901 4550 episcopis
930 4490 1107 4553 atque.
1134 4482 1254 4539 aliis
1296 4485 1390 4539 Dei
1428 4485 1675 4545 fidelibus
1721 4505 1819 4560 per
1860 4490 2085 4548 Galliam

510 4570 843 4628 constitutis.

582 4664 847 4731 Quoniam
873 4681 941 4754 ert
971 4666 1266 4738 apostolica
1297 4672 1637 4728 successione
1672 4672 2087 4733 sollicitudinem

509 4756 761 4812 omnibus
792 4757 1047 4816 Ecelesiis
1092 4761 1349 4818 debemus
1386 4765 1718 4836 impendere,
1742 4769 1818 4825 sic
1846 4771 2089 4842 cupimus

509 4848 748 4918 generali
776 4851 1060 4907 consulere
1089 4856 1398 4910 necessitati
1444 4868 1503 4911 ut
1537 4860 1698 4913 etiam
1727 4876 2089 4929 quorumcum-

2180 3380 2367 3461 ‘quieti
2398 3397 2453 3445 et
2506 3389 2705 3455 securi,
2741 3390 2944 3459 absque
2982 3387 3127 3444 omni
3175 3388 3427 3444 molestia
3455 3389 3543 3445 vel
3576 3397 3777 3444 contm-

2198 3479 2374 3535 versia
2406 3476 2655 3536 menachi
2685 3482 2738 3536 iu
2768 3481 2955 3538 eodem
2998 3481 3330 3537 monasterio
3363 3480 3480 3536 Deo
3516 3482 3775 3538 deservire

2194 3571 2421 3642 possint.
2474 3572 2653 3629 Abbas
2701 3586 2831 3627 vero
2878 3570 2968 3642 qui
3013 3571 3351 3628 ordinandus
3403 3570 3481 3626 ibi
3521 3580 3630 3636 est,
3665 3588 3773 3627 cum

2197 3667 2464 3722 electione
2495 3666 2747 3733 fratrum,
2772 3675 2990 3736 propter
3012 3665 3135 3719 vita:
3166 3665 3420 3720 meritum
3451 3676 3511 3721 et
3531 3666 3779 3721 honesta-

2105 3828 2126 3845 ‘
2172 3760 2304 3812 tem
2357 3771 2592 3823 morum,
2635 3764 2689 3811 et
2736 3772 2841 3811 non
2892 3765 3111 3827 propter
3153 3757 3329 3827 turpia
3374 3756 3531 3812 lucra
3572 3772 3664 3812 seu
3693 3770 3778 3827 per

2192 3849 2476 3919 pecuniam
2519 3849 2772 3922 eligatur,
2806 3856 2860 3904 et
2891 3848 3093 3918 absque
3133 3848 3239 3903 ulla
3268 3849 3573 3917 calumnia,
3599 3866 3629 3905 a
3657 3864 3781 3921 quo-

2192 3953 2404 4009 cunque
2446 3939 2719 4010 episcopo,
2755 3947 2913 4008 prout
2956 3939 3055 3994 sibi
3088 3938 3375 4009 placuerit,
3412 3941 3775 3996 benedicatur.

2194 4027 2267 4082 De
2299 4028 2678 4085 sacerdotibus
2708 4043 2836 4084 vero
2870 4037 2977 4083 aut.
3002 4029 3327 4084 diaconibus
3375 4031 3700 4084 ordinaudis
3732 4028 3776 4083 id

2192 4120 2508 4177 observetur
2534 4121 2675 4191 quod
2722 4121 2774 4175 in
2817 4120 3019 4191 Regula
3055 4122 3370 4191 prmcipitur
3393 4123 3447 4187 δ,
3496 4138 3568 4178 ne
3596 4122 3780 4177 saltem

2190 4210 2385 4283 aliquis
2447 4212 2733 4288 epise0pus
2792 4212 3197 4283 :subjectionem
3259 4213 3328 4267 ab
3393 4213 3478 4267 eis
3546 4200 3782 4283 requirat

2190 4318 2325 4375 quos
2378 4304 2686 4371 ordinavit,
2745 4319 2845 4360 nec
2876 4316 3108 4374 umquam
3150 4303 3331 4359 otiicio
3387 4305 3590 4377 dignos
3641 4304 3782 4361 οπῆο

2188 4410 2320 4450 nare
2366 4386 2592 4450 dib‘erat.
2641 4394 2877 4465 Denique
2915 4395 2960 4451 si
2988 4396 3277 4466 contigerit
3318 4405 3379 4451 ut
3410 4399 3590 4453 abbas
3632 4412 3782 4451 aecu-

2189 4497 2337 4543 setur
2373 4488 2440 4543 de
2491 4487 2861 4543 eriminalibus
2910 4487 3116 4552 causis,
3171 4502 3276 4542 non
3332 4488 3500 4543 unius
3548 4489 3779 4559 episcopi

2185 4580 2390 4649 judicio
2456 4579 2851 4637 determinetur
2910 4582 3214 4646 sententia,
3273 4580 3370 4636 sed
3434 4582 3779 4651 provincialis

2191 4677 2402 4731 concilii
2436 4685 2780 4747 exspectetur
2810 4690 3054 4731 censura.
3104 4677 3208 4729 Aut
3238 4675 3284 4730 si
3334 4675 3481 4730 forte
3534 4675 3779 4730 nraluerit

2152 4758 2157 4761 ’
2192 4769 2462 4841 appellare
2498 4770 2681 4825 sedem
2709 4771 3075 4841 apostolicam,
3106 4784 3194 4823 res
3224 4770 3292 4824 ad
3326 4769 3568 4825 Romani
3616 4770 3780 4840 ponti-

2191 4861 2307 4915 iicis
2340 4859 2621 4915 differatur
2650 4860 2997 4915 audientiam.
3027 4858 3091 4913 Et
3123 4861 3570 4932 quotiescunque
3598 4878 3778 4917 neces-

514 4954 618 5009 que
659 4942 960 5013 singulares
1006 4959 1199 5001 eausas
1248 4947 1366 5021 sine
1414 4948 1630 5005 fastidio
1678 4967 2082 5025 cognoscamus.
2146 4948 2153 4953 ’
2191 4951 2324 5005 sitas
2370 4959 2545 5022 urget,
2597 4967 2718 5005 eum
2772 4950 2959 5005 venire
3022 4951 3248 5006 Romam
3300 4953 3478 5008 modis
3524 4956 3781 5010 omnibus

514 5031 681 5090 igitur
707 5050 830 5088 eum
867 5045 1088 5088 nronter
1124 5039 1445 5088 mnllinlims
1490 5043 1742 5088 Emtngim
1788 5046 1880 5088 nni
1934 5063 2090 5090 ριη-εια
2142 5042 2147 5047 ’
2188 5043 2368 5092 licent.
2421 5043 2672 5098 Solvendi
2719 5051 2773 5098 et
2822 5042 3019 5114 ligandi
3073 5052 3398 5112 potestatem
3436 5045 3492 5101 in
3542 5048 3700 5102 viros
3728 5055 3780 5101 et

3032 5138 3040 5144 ‘
3099 5131 3156 5152 "’
3190 5148 3318 5176 tam
3347 5134 3521 5192 abbas
3550 5138 3645 5192 vel
3674 5153 3783 5192 no-
