3930 5628
485 334 587 391 999

1017 330 1434 386 APPENDSAD
1473 328 1643 384 SASC.
1673 331 1759 384 IX.
1793 361 1857 370 ——
1886 329 2221 385 SUPPLEM.
2262 331 2353 383 AD
2393 329 2676 386 SCRIPTA
2716 329 2980 392 PONTIF.
3024 327 3186 386 ROM.

3597 333 3723 392 1000

487 458 644 506 natos
668 447 923 502 terminos
943 445 1132 526 ordiua
1162 445 1456 514 episcopos,
1481 460 1706 514 quorum
1732 452 1785 498 tu
1810 445 2048 499 omnium
2077 456 2132 516 Α
2157 449 2536 515 quoquomodo
2558 447 2611 502 in
2639 455 2788 517 parte
2819 448 2906 504 vel
2937 449 2989 502 in
3027 457 3138 503 toto
3166 447 3419 521 frangere
3447 451 3600 508 nisus
3619 453 3724 511 fue-

486 542 917 611 arebiepiseopus
942 538 1158 600 cxistas,
1192 551 1487 605 omnesque
1507 535 1930 605 supradictarum
1957 552 2052 590 na-

485 636 689 690 tionqu
725 631 950 702 amplius
970 629 1236 700 profuturi
1261 628 1501 699 episcopi
1529 643 1651 683 cum
1677 627 1934 698 subjectis
1949 631 2051 685 sibi

478 726 724 797 plebibus
755 724 848 778 tibi
879 731 934 777 et
953 717 1210 778 omnibus
1223 719 1619 776 successoribus
1646 719 1753 776 tuis
1779 720 1849 775 ad
1867 720 2051 776 sedem

483 818 973 886 llamaburgensem
1015 821 1274 886 perpetua
1308 812 1640 882 subiectione
1658 820 1712 868 et
1743 812 2050 870 obedientia

483 890 704 978 subjecti
731 916 1099 979 permaneant.
1126 906 1392 962 Praterea
1420 904 1515 961 tibi
1545 912 1603 961 et
1627 913 1829 964 sancta
1849 904 2048 960 ﬂama-

480 984 736 1072 burgensi
785 999 1057 1065 Ecclesia,
1089 1007 1146 1054 et
1187 997 1435 1054 omnibus
1472 997 1878 1054 successoribus
1920 997 2048 1064 tuis,

482 1094 805 1152 auctoritate
845 1091 1133 1163 apostolica
1160 1091 1435 1146 ﬁrmamus
1460 1130 1475 1156 ,
1512 1104 1843 1160 quacunque
1864 1087 2052 1144 Eccle-

483 1188 575 1243 sia
601 1192 704 1240 tua
743 1183 856 1253 jam
881 1199 910 1237 a
937 1183 1272 1239 Christicolis
1309 1182 1504 1238 tradita
1532 1191 1678 1249 sunt,
1711 1181 1795 1238 vel
1819 1181 2052 1252 amplius

483 1275 728 1346 delegata
760 1273 959 1328 fuerint
979 1273 1031 1327 in
1047 1273 1336 1343 parochiis,
1358 1272 1412 1326 in
1435 1272 1671 1343 pradiis,
1702 1271 1756 1326 in
1802 1272 2052 1327 omnibus

484 1367 644 1422 rebus
675 1364 962 1420 mobilibus
981 1365 1067 1421 vel
1081 1363 1464 1430 immobilibus,
1495 1363 1548 1419 in
1563 1363 1842 1434 mancipiis
1857 1365 2055 1420 utrius-

484 1470 591 1526 que
640 1470 822 1521 sexus,
857 1463 915 1509 ut
957 1453 1280 1510 eaecclesia
1324 1454 1580 1524 pradicta
1627 1453 1920 1510 iuviolabili
1959 1469 2059 1526 po-

485 1554 678 1602 testate
701 1554 960 1617 perpetuo
979 1545 1265 1616 possideat.
1293 1544 1351 1601 Si
1382 1546 1502 1614 quis
1528 1555 1704 1602 autem
1743 1555 1934 1602 contra
1955 1547 2057 1602 hu-

478 1635 568 1707 jus
595 1643 791 1692 uostra
817 1635 1154 1692 auctoritatis
1175 1633 1514 1706 privilegium
1540 1634 1620 1689 ire
1654 1635 1964 1700 tentaverit,
1999 1641 2056 1692 et

2155 536 2246 601 rit,
2279 536 2643 607 cujuscunque
2673 538 2952 604 potestatis
2979 537 3064 594 vel
3086 539 3362 609 dignitatis
3403 542 3494 607 sit,
3537 553 3726 602 aterna

2155 630 2713 685 cxcommunicatione
2745 645 2869 686 cum
2897 630 3035 686 Juda
3067 631 3329 686 traditore
3363 632 3608 700 Domini,
3637 654 3726 708 pe-

2153 728 2293 787 reat,
2333 720 2439 776 nisi
2465 721 2765 792 resipiscat,
2781 729 2836 777 et
2853 720 3108 778 Ecclesia
3129 720 3562 794 ﬂamaburgeusi
3583 728 3730 782 satis-

2153 809 2342 866 faciat.

2225 900 2550 960 Obscrvator
2582 911 2762 960 autem
2787 902 2947 975 hujus
2981 905 3357 961 admonitionis
3394 914 3449 962 et
3475 905 3732 975 jussionis

2157 993 2358 1050 habeat
2373 993 2800 1050 benedictionem
2821 995 3202 1065 omnipotentis
3225 995 3321 1052 Dei
3344 996 3733 1068 beatorumque

2160 1083 2523 1154 apostolorum
2553 1093 2610 1140 et
2646 1096 2910 1153 nostram,
2934 1087 3025 1158 qui
3053 1103 3242 1144 eorum
3287 1087 3568 1159 fungimur
3592 1090 3734 1146 vica-

2157 1178 2408 1234 riatione.
2460 1177 2659 1234 Sancta
2692 1179 2929 1236 Trinitas
2977 1180 3372 1236 fraternitatem
3396 1189 3547 1236 tuam
3594 1185 3735 1245 omni

2159 1281 2400 1343 tempore
2427 1286 2750 1328 conservare
2777 1273 3024 1344 dignetur
3045 1273 3388 1337 incolumem,
3432 1281 3603 1341 atque
3626 1283 3736 1342 post

2156 1361 2318 1432 hujus
2356 1361 2538 1419 saculi
2573 1363 2985 1418 amaritudinem
3014 1363 3081 1418 ad
3125 1371 3441 1434 perpetuam
3479 1363 3736 1432 perducat

2157 1453 2565 1510 beatitudinem.

2229 1544 2363 1599 Data
2391 1558 2487 1613 per
2514 1557 2732 1598 manum
2775 1541 2992 1608 Leonis,
3038 1541 3352 1598 cancellarii
3387 1552 3594 1598 sancta
3636 1542 3735 1596 Bo-

2159 1647 2331 1688 mana
2364 1631 2648 1700 Ecclesiae,
2691 1633 2744 1687 in
2783 1647 2966 1688 mense
3005 1632 3215 1703 Aprili,
3254 1632 3552 1689 indictione
3581 1647 3734 1688 nona.

518 1841 3727 1874 Ἦ

1964 2037 2248 2169 VII.

1760 2307 2104 2420 meo
2160 2304 2494 2462 ,ινί

1259 2646 1300 2704 l.

541 2773 727 2818 morus
761 2774 816 2815 ιν
851 2761 1109 2816 arisrou
1148 2776 1216 2816 an
1252 2775 1545 2818 ANSCARIUI
1583 2777 2006 2821 muaunccassn

1037 2846 1504 2889 ARCHIEPISCOPCI.

1089 2943 1266 3016 (Auno
1292 2944 1440 3014 849.)

629 3055 805 3128 [Apud
833 3054 1201 3128 Lappenberg,
1232 3056 1634 3128 Hamburgiaclt.
1659 3057 1920 3132 Urkund.]

560 3167 672 3223 Leo
702 3168 1007 3240 episcopus,
1036 3185 1228 3226 servus
1267 3187 1546 3227 servorum
1587 3174 1704 3238 Dei,
1750 3176 2062 3233 beatissimo

487 3259 757 3316 Anscamo
817 3272 1016 3317 sancta
1075 3261 1527 3334 Hamaburgcnsis
1583 3265 1837 3321 Ecclesia
1883 3269 2061 3323 archi-

487 3351 738 3422 episcopo
760 3360 975 3407 aterna
1000 3351 1119 3408 vitae
1137 3353 1540 3418 beatitudinem,
1559 3364 1864 3428 etc.,usque
1885 3359 1955 3412 ad
1975 3343 2068 3414 cc-

488 3443 664 3499 clesia
714 3442 1134 3517 Hamaburgeusi
1184 3445 1512 3514 satisfaciat;
1554 3457 1611 3502 ut
1647 3465 1808 3520 supra
1843 3450 1895 3504 in
1921 3449 2063 3506 bulla

487 3550 636 3605 papa:
661 3531 828 3604 Sergii
850 3533 912 3588 II
937 3552 1032 3607 pro
1059 3537 1256 3592 eodem.
1799 3551 1802 3554 ‘

560 3624 752 3678 Datum
799 3639 900 3694 per
941 3641 1157 3683 manum
1204 3628 1482 3699 Stephani,
1517 3631 1820 3687 caneellarii
1864 3641 2064 3689 sancta

491 3715 744 3771 Romana
764 3715 1036 3786 Ecclesia,
1072 3719 1126 3775 in
1149 3734 1337 3777 mense
1358 3721 1568 3790 Martis,
1601 3723 1892 3780 indictione
1917 3723 2002 3778 12.

1240 3853 1306 3909 ll.

597 3973 934 4016 PRlVlLEGlUH
979 3976 1162 4018 LEONIS
1204 3979 1349 4019 ΡΔΡΕ
1388 3981 1442 4022 ιγ
1481 3981 1580 4022 PRO
1621 3981 1954 4024 IONASTERIO

919 4045 1244 4090 SALVATORIS
1281 4051 1553 4092 FULDENSI.
1609 4095 1622 4104 ,
1862 4048 1866 4052 ’

1099 4149 1276 4220 (Anno
1305 4151 1454 4223 850.)

805 4253 1072 4328 [Drouke,
1103 4256 1236 4315 Cod.
1270 4260 1497 4332 Diplom.
1547 4261 1746 4340 Fuld.]

559 4369 616 4424 lu
649 4369 864 4427 nomine
892 4371 1123 4439 Domini,
1167 4373 1278 4432 Ι..εο
1316 4377 1624 4448 episcopus,
1655 4395 1843 4438 servus
1879 4397 2063 4442 servo-

490 4477 606 4516 rum
640 4462 753 4528 Dei,
798 4463 1064 4532 lla'r'rom,
1099 4465 1348 4538 religioso
1375 4470 1555 4525 abbati
1597 4475 1917 4531 venerabilis
1947 4493 2063 4531 mo-

489 4552 710 4606 nasterii
757 4551 966 4609 Domini
993 4555 1160 4611 nostri
1187 4555 1310 4614 Jesu
1341 4557 1534 4615 Christi
1569 4559 1859 4621 Salvatoris
1883 4577 1935 4621 et
1961 4568 2063 4624 Re-

489 4641 783 4712 demptoris
817 4643 1077 4710 omnium,
1111 4649 1420 4719 cunctisque
1459 4654 1858 4709 successoribus
1893 4656 2061 4712 abba-

491 4733 632 4788 tibus
672 4732 913 4801 ejusdem
949 4739 1292 4807 mouasterii,
1315 4740 1368 4795 in
1411 4751 1725 4812 perpetuum
1755 4745 1982 4802 salutem
2009 4758 2064 4803 et

489 4825 843 4896 apostolicam
871 4826 1321 4885 benedictionem.
1837 4905 1843 4911 _

559 4917 824 4985 Quoniam
848 4921 1192 4976 concedenda
1216 4931 1340 4977 sunt
1362 4936 1574 4995 semper
1593 4941 1712 4996 qua
1736 4928 2064 4986 rationabili-

488 5009 588 5063 bus
605 5018 909 5079 congruunt
926 5009 1224 5077 desideriis,
1245 5023 1454 5082 oportet
1474 5024 1530 5069 ut
1546 5016 1813 5074 devotioni
1829 5019 2067 5076 condito.

491 5101 567 5151 ris
579 5099 678 5154 nite
697 5101 1111 5150 constructinnis
1132 5104 1421 5156 auctoritas
1438 5107 1486 5152 in
1505 5108 1797 5165 nrivileaiis
1810 5120 2066 5170 praestan-

2091 2660 2139 2720 Β
2167 2653 2443 2721 Ecclesia,
2473 2654 2562 2710 cui
2617 2655 2727 2712 Deo
2747 2665 2967 2714 auctore
2995 2658 3330 2718 deservimus
3354 2701 3372 2728 ,
3398 2664 3729 2720 constitutum

2163 2747 2364 2804 nullius
2384 2747 2604 2803 alterius
2626 2748 2881 2806 Ecclesia
2897 2750 3372 2821 iurisdictionibus
3397 2757 3729 2812 submittatur

2163 2855 2262 2911 pro
2282 2856 2387 2911 qua
2417 2843 2475 2895 re
2501 2841 2604 2911 piis
2648 2843 2890 2900 faventes
2929 2844 3235 2910 desideriis,
3280 2847 3386 2902 hac
3428 2858 3606 2905 nostra
3640 2867 3727 2905 au-

2162 2932 2433 2997 ctoritate,
2461 2932 2512 2986 id
2540 2934 2680 3003 quod
2703 2935 3062 3003 exposcimur,
3099 2934 3312 2991 effectui
3346 2940 3730 3010 mancipamus,

2163 3020 2232 3076 Et
2261 3020 2403 3087 ideo,
2449 3039 2663 3078 omnem
2713 3024 3042 3078 sacerdotem
3073 3023 3364 3094 cujuslibet
3391 3027 3634 3083 Ecclesia
3679 3031 3728 3082 iu

2162 3108 2386 3180 prafato
2450 3112 2779 3168 monasterio
2828 3110 3108 3168 Fuldeusis
3179 3115 3427 3170 ecclesiae
3489 3117 3726 3172 ditionem

2162 3201 2458 3272 quamlibet
2502 3203 2702 3260 [rabere
2746 3204 2830 3259 vel
2879 3207 3282 3272 auctoritatem,
3318 3217 3515 3278 prater
3562 3211 3726 3264 sedem

2161 3297 2547 3366 apostolicam,
2591 3307 2646 3351 et
2690 3297 2997 3367 episcopum
3046 3299 3097 3353 in
3130 3299 3286 3369 cujus
3333 3301 3554 3356 dimcesi
3600 3301 3727 3354 idem

2162 3390 2471 3445 venerabile
2514 3391 2897 3445 monasterium
2944 3400 3316 3446 constructum
3358 3408 3481 3448 esse
3508 3393 3727 3458 videtur,

2163 3480 2248 3535 cui
2277 3479 2550 3534 licentiam
2597 3480 2941 3536 concedimus
2986 3489 3192 3535 tantum
3215 3497 3339 3537 cum
3369 3465 3726 3553 opportunitas

2163 3571 2513 3627 consecramli
2561 3570 2748 3626 altaris
2792 3571 2975 3636 fuerit,
3003 3572 3384 3642 prohibemus,
3417 3573 3494 3627 ita
3525 3585 3602 3637 ut,
3631 3574 3725 3628 nisi

2163 3663 2229 3716 ab
2252 3660 2446 3716 abbate
2470 3660 2784 3716 monasterii
2812 3661 2975 3716 fuerit
3001 3661 3259 3716 invitatus
3285 3702 3301 3727 ,
3331 3676 3436 3717 nec
3461 3663 3726 3718 missarum

2163 3751 2360 3806 ibidem
2429 3750 2820 3807 solemnitatem
2868 3753 3135 3823 quispiam
3183 3763 3483 3824 praesumat
3526 3755 3727 3809 omnino

2160 3843 2456 3907 celebrare,
2510 3851 2568 3897 ut
2622 3842 2882 3913 profecto,
2931 3842 3087 3912 juxta
3151 3843 3204 3898 id
3251 3844 3396 3913 quod
3446 3843 3725 3912 subjectum

2162 3931 2470 4002 apostolicae
2498 3932 2614 3988 sedi
2643 3932 2898 3989 firmitate
2927 3935 3207 4000 consistit,
3245 3935 3570 3991 inconcusse
3597 3937 3728 3990 dota-

2089 4021 2134 4086 C
2167 4033 2278 4078 tum
2309 4032 2622 4095 permaneat
2648 4023 2780 4080 locis
2807 4034 2860 4080 et
2884 4026 3060 4090 rebus,
3087 4035 3194 4080 tam
3218 4025 3301 4080 eis
3323 4041 3465 4097 quas
3493 4028 3729 4081 modcmo

2163 4127 2407 4187 tempore
2452 4127 2598 4172 tenet
2625 4117 2710 4172 vel
2749 4119 2986 4187 possidet
3008 4133 3170 4189 quam
3201 4134 3342 4188 quas
3373 4120 3576 4176 futuris
3613 4131 3731 4175 tem-

2161 4207 2384 4277 poribus
2425 4203 2618 4274 injure
2664 4208 2830 4278 ipsius
2877 4209 3186 4263 monasterii
3238 4209 3426 4264 divina
3463 4213 3631 4281 pietas
3651 4227 3733 4263 au-

2161 4313 2286 4368 gere
2339 4298 2568 4356 voluerit
2616 4313 2680 4353 ex
2711 4299 2866 4355 donis
2889 4340 2903 4364 ,
2930 4308 2984 4354 et
3020 4299 3392 4356 oblationibus
3419 4303 3734 4371 decimisque

2163 4389 2397 4444 fidelium
2430 4389 2632 4458 absque
2667 4389 2826 4445 ullius
2867 4405 3111 4461 persona
3162 4393 3607 4450 contradictione
3654 4396 3734 4448 ﬁr-

2164 4480 2350 4534 mitate
2379 4488 2637 4550 perpetua
2661 4478 2992 4550 perfruatur.
3021 4478 3254 4536 Proinde
3280 4484 3632 4554 praecipimus
3651 4485 3734 4536 sub

2163 4571 2540 4627 testificatione
2563 4570 2759 4626 Christi
2784 4581 2838 4627 et
2869 4571 3140 4638 Ecclesia,
3166 4581 3222 4626 et
3245 4575 3590 4630 auctoritate
3611 4576 3735 4628 beati

2162 4662 2307 4718 Petri
2355 4662 2579 4732 apostoli
2627 4662 3010 4718 confirmamus
3045 4672 3106 4717 ut
3141 4663 3324 4719 nullus
3359 4665 3641 4721 hominum
3686 4668 3739 4719 de

2165 4756 2325 4809 rebus
2355 4763 2409 4810 et
2440 4755 2758 4821 redditibus,
2788 4770 2881 4811 seu
2909 4757 2976 4811 de
2997 4755 3216 4811 familiis
3243 4767 3370 4827 quae
3401 4760 3471 4814 ad
3495 4758 3740 4827 stipendi:

2164 4844 2414 4911 fratrum,
2449 4846 2530 4900 vel
2559 4847 2624 4900 ad
2653 4846 2916 4916 hospitale
2941 4860 3262 4918 pauperum,
3301 4865 3525 4904 necnon
3553 4852 3618 4903 ad
3642 4865 3744 4919 por-

2168 4945 2277 4991 tam
2316 4937 2586 5006 hospilum
2631 4939 2923 5007 pertinent,
2966 4939 3178 4993 auferre
3219 4938 3314 4994 vel
3339 4941 3398 4994 in
3439 4941 3743 4997 beneficium

2164 5032 2438 5100 suscipere
2471 5039 2776 5099 praesumat,
2806 5031 2899 5084 sed
2924 5031 3112 5100 magis,
3142 5031 3287 5085 sicut
3317 5035 3612 5089 constituit
3635 5035 3745 5087 bes-

2167 5119 2406 5174 tissimus
2456 5117 2653 5174 Christi
2705 5128 2908 5189 martyr
2954 5117 3258 5176 Bonifatius
3313 5123 3412 5192 qui
3468 5125 3523 5177 in
3569 5125 3767 5200 eodem.

2173 5207 2190 5214 -
2221 5208 2253 5214 υ
2293 5209 2304 5214 ·
2437 5223 2474 5225 νς
2641 5209 2986 5264 ὀπΑησιειεΐίο.
3027 5209 3213 5264 omnia
3258 5212 3595 5282 regulariter
3617 5214 3748 5267 ordi-

3291 5300 3305 5308 .
3355 5305 3620 5359 “Antulla
3637 5318 3751 5364 πε.
