3930 5610
122 450 250 511 1001

1289 436 1712 512 BENEDICTUS
1761 451 1936 514 eam
1974 452 2058 514 ιιι.

3236 459 3377 525 1002

117 566 333 634 prtesul,
387 563 471 621 vel
527 553 847 636 quacunque
901 560 1166 630 dignitate
1200 561 1422 633 praedita
1465 577 1694 633 persona
1726 568 1772 626 Λ
1800 566 2034 638 alloquio
2078 569 2376 639 przemisso,
2405 580 2638 628 vestram
2671 571 3140 632 mansuetudinem
3183 579 3377 652 depre-

114 655 252 711 hanc
295 657 467 712 nostri
517 653 778 726 privilegii
845 653 1112 719 chartam,
1166 668 1327 723 quam
1378 653 1696 708 auctoritate

112 745 374 817 principis
423 745 788 815 apostolorum
850 743 1146 808 ﬁrmamus,
1179 742 1469 798 tentaverit
1521 752 1692 797 teme-

110 852 254 903 rare,
304 839 592 892 anathema
637 833 728 902 sit,
755 841 810 892 et
852 837 990 891 iram
1025 835 1122 890 Dei
1171 834 1559 904 omnipotentis
1619 835 1698 889 in-

107 941 333 982 currens
360 943 389 982 a
416 937 559 984 coetu
588 927 828 983 omnium
867 936 1176 983 sanctorum
1199 927 1432 982 extorris
1471 926 1704 990 existat,

1800 676 2005 728 camur,
2051 672 2315 734 quatenus
2359 663 2559 722 Colono
2609 665 2796 722 humili
2839 668 3064 725 diacono
3124 672 3372 734 eamdem

1795 752 2078 808 ecclesiam
2125 755 2191 810 ad
2238 757 2526 827 regendam
2578 759 2875 815 concedere
2922 760 3253 832 dignemini.
3309 773 3373 821 ut

1797 850 1973 898 vestra
2000 843 2216 900 licentia
2255 856 2475 920 accepta
2504 847 2700 904 ibidem
2734 851 2877 914 eum,
2912 851 3022 906 Deo
3058 854 3366 923 adjuvante,

1791 947 2110 990 consecrare
2144 936 2417 992 Valeamus
2463 939 2794 1010 episc0pum.
2825 939 2918 995 Sin
2949 949 3128 998 autem
3154 945 3205 998 in
3229 960 3374 1015 prte-

106 1016 160 1071 et
190 1019 544 1076 nihilominus
581 1019 790 1090 praefati
828 1019 1143 1074 monasterii
1191 1018 1427 1089 dignitas
1453 1035 1484 1074 a
1533 1017 1691 1108 nobis
1792 1026 1932 1080 dicta
1979 1026 2219 1082 Ecclesia
2275 1029 2556 1085 ualueritis
2601 1042 2661 1086 ut
2705 1033 3031 1102 praeﬁciatur
3057 1037 3362 1108 episcopus,

105 1105 307 1162 indulta
347 1109 732 1180 perpetualiter
771 1107 1025 1163 inviolata
1051 1115 1366 1177 permaneat
1394 1104 1665 1177 apostolic:

1791 1118 2149 1174 Tusculanam
2180 1120 2498 1187 Ecclesiam,
2531 1139 2651 1193 quae
2694 1126 2910 1182 viduata
2942 1104 3144 1196 existit,
3176 1104 3260 1187 illi
3279 1142 3370 1188 ve-

101 1199 425 1255 auctoritate
453 1199 704 1255 subnixa.

155 1288 440 1359 Scriptum
492 1305 589 1361 per
640 1305 857 1344 manum
909 1289 1216 1355 Benedicti,
1268 1289 1468 1343 notarii
1521 1295 1686 1358 atque

97 1377 366 1434 ‘scriniarii
410 1387 611 1434 sanetae
653 1379 911 1434 Romana:
951 1378 1230 1444 Ecclesize,
1260 1393 1448 1434 mense
1480 1375 1620 1433 Maio
1649 1394 1682 1433 ι

97 1466 211 1520 Kal.
236 1465 406 1534 Junii,
437 1468 731 1524 indictione
760 1469 845 1524 i5.

93 1648 348 1704 salsa-ou
390 1661 580 1706 LEONIS
609 1658 663 1705 tv
703 1657 970 1707 ιοτιωιιο
1002 1667 1073 1708 ετ
1102 1665 1364 1709 Lunovtco
1396 1669 1676 1712 annuens.

698 1741 876 1810 (Anno
921 1742 1072 1815 850.)

163 1818 385 1898 '[Apud
422 1826 638 1885 lvonem
661 1873 673 1892 ,
706 1829 858 1884 Decr.
895 1831 934 1893 l,
983 1832 1112 1888 dist.
1143 1832 1247 1898 65,
1289 1849 1411 1905 cap.
1445 1834 1570 1909 16.]

158 1915 302 1988 Papa
341 1927 500 1990 rogat
527 1919 798 1992 Augustos
826 1931 884 1977 ut
911 1921 1193 1978 lteatinam
1239 1925 1530 1980 Ecclesiam
1560 1926 1676 1982 cui-
1703 1936 1751 1996 Β

89 2011 208 2065 dam
240 2011 418 2068 electo
448 2015 735 2086 dignentur
761 2019 1080 2074 cenccdere.
1110 2019 1171 2075 C.
1205 2035 1315 2075 xvi.

155 2103 386 2159 Reatina
443 2107 706 2174 Ecclesia,
740 2124 860 2180 quae
898 2125 996 2180 per
1047 2119 1124 2167 tot
1173 2118 1471 2183 temporum
1500 2116 1674 2186 spatia

86 2195 452 2263 pastoralibus
487 2198 745 2256 destituta
780 2202 929 2257 curis
953 2203 1224 2269 consistit,
1259 2205 1478 2277 dignum
1507 2215 1591 2264 est
1615 2216 1676 2263 ut

85 2283 304 2341 brachio
335 2287 711 2358 amplitudinis
745 2301 940 2347 vestrae
987 2282 1318 2361 sublevetur,
1367 2310 1432 2351 ac
1480 2297 1674 2368 guber—

82 2377 316 2433 nationis
381 2381 618 2452 tegmine
671 2392 1005 2456 protegatur.
1063 2385 1256 2452 Unde,
1332 2386 1672 2442 salutationis

91 2522 908 2550 ‘h—n——_.—-

1531 2602 1868 2812 VIII.

1788 1217 1901 1263 stra
1933 1210 2198 1266 serenitas
2226 1211 2471 1282 dignetur
2501 1216 2835 1282 concedere;
2870 1226 2930 1274 'ut
2965 1231 3310 1278 consecratus
3337 1239 3370 1278 ει

1789 1307 1974 1354 nostro
2005 1301 2288 1370 praesulatu
2319 1303 2426 1357 Deo
2462 1304 2837 1375 omnipotenti,
2867 1317 3154 1380 vestroque
3192 1311 3364 1382 impe-

1786 1391 1868 1446 rio
1888 1400 2068 1462 grates
2093 1407 2350 1465 peragere
2372 1395 2565 1450 valeat.

2534 1509 2617 1565 IV.

2029 1611 2284 1652 EPISTOLA
2320 1613 2505 1656 LEONIS
2543 1613 2596 1656 ιν
2623 1611 2766 1658 ιιιτιε
2797 1612 3113 1661 εοιίιτιδελε.

2395 1689 2576 1760 (Anno
2604 1692 2752 1764 850.)

1781 1765 1945 1849 Regio
1969 1790 2226 1851 pracepto
2255 1781 2319 1835 ab
2349 1781 2632 1851 apostolico
2661 1783 2889 1841 Colonas
2917 1771 3150 1844 Reatina!
3183 1792 3364 1845 Eccle-

2208 1851 2304 1905 sia!
2330 1851 2607 1906 ordinatur
2632 1855 2920 1925 episcopus.

2026 1935 2211 2010 [Apud
2247 1940 2460 1995 lvonem
2488 1942 2576 1996 ubi
2617 1961 2776 2014 supra
2797 1985 2810 2011 ,
2834 1962 2951 2017 cap.
2985 1941 3108 2021 17.]

1852 2026 2018 2084 Nobis
2047 2029 2295 2085 dominus
2339 2032 2633 2103 imperator
2673 2043 2727 2090 et
2762 2037 3075 2107 imperatrix
3105 2054 3203 2108 per
3231 2055 3362 2097 suas

1779 2117 2036 2187 epistolas
2073 2119 2348 2186 dixerunt,
2376 2131 2436 2176 ut
2464 2121 2722 2178 Colonum
2753 2125 2804 2180 in
2835 2125 3062 2182 Reatina
3092 2128 3358 2196 Ecclesia,

1778 2223 1898 2279 qua:
1946 2211 2181 2280 pastoris
2228 2210 2404 2268 olIicio
2434 2226 2531 2284 per
2567 2214 2722 2288 longa
2764 2219 2875 2287 jam
2928 2226 3166 2291 tempora
3197 2224 3362 2279 desti-

1779 2308 1892 2355 tuta
1926 2301 2239 2368 videbatur,
2266 2302 2575 2376 episc0pum
2617 2304 2793 2362 facere
2829 2310 3177 2379 deberemus,
3219 2313 3361 2370 sicut

1734 2462 1736 2464 ν
1779 2399 1834 2444 ct
1864 2390 2110 2447 fecimus.

1872 2545 2056 2552 ———————.—_-A

2553 2551 2893 2567 ‘~—'——_‘

669 2908 1806 3043 BENEDICTUS
1884 2929 2400 3047 PAPA.
2470 2927 2732 3048 III.

309 3352 682 3404 enarra-uno
725 3352 1138 3405 rnrvnceclonuu
1169 3356 1431 3407 conciam.

675 3462 866 3534 (Anno
906 3463 1069 3534 855.)

62 3569 248 3644 [Apud
273 3570 588 3636 Acherium,
622 3569 893 3644 Spicileg.~,
916 3587 982 3627 ex
1005 3573 1352 3631 cltartulariis
1371 3574 1659 3648 Corbeize.]

117 3669 487 3739 Balsama-rus
514 3683 820 3754 episcopus,
855 3697 1044 3740 servus
1077 3699 1354 3740 servorum
1395 3687 1508 3754 Dei,
1542 3688 1661 3743 uni-

60 3774 246 3829 versis
280 3774 556 3844 episcopis
579 3772 901 3829 Galliarum.
1086 3782 1088 3784 '
1638 3825 1641 3827 ι

129 3867 272 3923 Cum
320 3865 579 3923 Romana:
630 3866 773 3922 sedis
812 3859 1120 3938 pontificem
1160 3877 1371 3924 censtet
1415 3870 1657 3938 omnium

57 3944 439 4012 Ecclesiarum
491 3957 693 4013 GhriSti
744 3965 906 4027 caput
956 3967 1117 4028 atque
1169 3958 1465 4030 principem
1518 3960 1654 4028 fore,

57 4035 328 4129 tanquam
359 4040 420 4105 Β.
447 4051 593 4107 Petri
628 4052 888 4123 principis
927 4051 1290 4122 apostolorum
1320 4055 1466 4111 vices
1488 4071 1654 4129 agen-

56 4150 196 4212 tem,
246 4144 336 4199 cui
366 4143 615 4200 Christus
645 4146 810 4201 totius
849 4145 1106 4202 Ecclesia:
1134 4148 1474 4204 committens
1502 4149 1652 4219 priu-

52 4243 309 4312 cipatum
350 4242 530 4299 fatur:
586 4243 664 4298 Tu
689 4260 740 4301 es
775 4241 984 4310 Petrus,
1021 4254 1070 4298 et
1100 4255 1256 4312 super
1283 4245 1418 4299 hanc
1451 4254 1653 4316 petram

50 4337 345 4406 a'diﬁcabo
387 4336 677 4392 Ecclesiam
726 4348 922 4405 meant,
955 4348 1000 4392 et
1022 4339 1114 4392 tibi
1154 4339 1288 4392 dabo
1313 4338 1482 4393 claves
1508 4339 1651 4409 regni

50 4428 314 4482 caelorum
369 4426 584 4498 (Matth.
624 4445 736 4490 xvr,
775 4427 882 4500 18),
932 4428 1203 4484 cunctatio
1249 4426 1376 4482 nulli
1414 4428 1649 4484 ﬁdelium

50 4519 394 4587 relinquitur
439 4520 582 4588 quod
626 4520 892 4575 universis
933 4519 1188 4575 Ecelesiis
1229 4519 1645 4576 sollicitudinem

1690 3249 1736 3306 ο
1768 3220 1915 3294 muni
1957 3236 2079 3305 jure
2123 3236 2381 3307 diSpOltil,
2415 3245 2473 3292 ut
2501 3246 2558 3292 et
2600 3247 2778 3295 rerum
2823 3231 3098 3311 principes
3127 3255 3224 3296 sua
3253 3243 3349 3299 de-

1765 3337 1913 3384 creta
1963 3325 2217 3381 Romana
2286 3325 2541 3381 Ecclesiae
2595 3328 2820 3384 sancitis
2879 3329 3241 3400 prazmuniant
3293 3342 3351 3387 et

1763 3416 2131 3472 ecclesiastica
2202 3413 2325 3484 jura
2374 3415 2678 3486 principum
2731 3419 2951 3474 statutis
3003 3418 3344 3488 adjuventur,

1762 3509 2097 3562 aestimantes
2153 3515 2383 3562 terrenae
2431 3507 2736 3578 reipublicae
2761 3518 3002 3566 rectores
3033 3518 3162 3566 tunc
3185 3527 3245 3569 se
3269 3512 3352 3570 fe-

1762 3595 1941 3652 liciter
1970 3597 2258 3666 imperare,
2288 3596 2331 3649 si
2364 3595 2477 3650 suis
2503 3597 2872 3654 sanctionibus
2897 3599 3188 3669 apostolica
3218 3616 3346 3657 con-

1761 3685 2057 3743 ftederelur
2083 3685 2398 3750 auctoritas,
2429 3700 2591 3754 quam
2617 3685 2746 3741 dum
2775 3687 2828 3742 in
2859 3688 3011 3744 nobis
3045 3689 3347 3761 suscipiunt

1759 3789 1825 3832 ac
1853 3783 2203 3839 venerantur,
2255 3773 2402 3830 illum
2442 3790 2502 3831 se
2545 3778 2822 3848 suscipere
2863 3779 3206 3849 gratulantur
3239 3783 3342 3852 'qui

1759 3865 2038 3936 discipulis
2075 3865 2190 3920 suis
2229 3864 2499 3934 loquitur,
2534 3864 2759 3922 dicens:
2795 3866 2897 3934 Qui
2923 3883 3008 3923 res
3035 3870 3234 3940 recipit,
3262 3887 3344 3926 me

1759 3956 1939 4026 recipit
1999 3955 2218 4028 (Matth.
2248 3971 2307 4020 ι,
2358 3955 2472 4028 40).
2527 3955 2666 4010 Hinc
2715 3971 2748 4012 e
2804 3959 3080 4014 contrario
3103 3961 3168 4014 de
3210 3976 3343 4016 con-

1758 4047 2116 4117 temptoribus
2164 4045 2278 4100 ait:
2327 4045 2432 4111 Qui
2460 4061 2547 4101 vos
2587 4047 2805 4116 spernit,
2846 4064 2927 4102 me
2966 4049 3158 4118 spernit
3187 4049 3339 4120 (Luc.

1756 4154 1811 4203 ι,
1845 4136 1954 4208 16).

1825 4226 1993 4298 Igitur
2032 4243 2186 4292 cum,
2217 4227 2356 4282 sicut
2387 4227 2588 4282 dictum
2626 4237 2739 4292 est,
2772 4227 3082 4297 apostolicae
3137 4229 3338 4286 sollici-

1755 4320 1927 4374 tudini
1951 4319 2273 4374 universalis
2302 4319 2556 4374 Ecclesiae
2575 4319 2779 4374 credita
2806 4320 2877 4373 sit
2904 4319 3256 4389 dispensatio,
3280 4332 3333 4375 et

1751 4430 1850 4485 pro
1877 4423 2193 4469 cunctorum
2221 4413 2456 4469 ﬁdelium
2498 4421 2641 4468 statu
2681 4423 2970 4484 perpetuas
2997 4421 3193 4468 nostrae
3229 4413 3337 4469 sol-

1752 4506 2014 4562 licitudini
2067 4504 2279 4577 vigilias
2335 4507 2670 4574 praetendere
2728 4507 3039 4571 conveniat,
3099 4506 3332 4560 maxima

48 4608 428 4676 ρηειρηιιει-ε,
476 4619 532 4665 οι
571 4611 812 4666 omnium
862 4611 912 4666 in
959 4609 1177 4667 Christo
1202 4613 1534 4668 credentium
1565 4628 1654 4668 sa-
1680 4595 1732 4656 D
1759 4610 1938 4658 tamen
1964 4601 2240 4672 diligentia
2268 4615 2453 4656 curam
2480 4615 2667 4656 earum
2691 4601 2947 4655 debemus
2971 4600 3330 4655 Ecclesiarum

47 4697 184 4764 luti,
219 4700 385 4770 paci,
430 4707 590 4771 atque
616 4701 785 4770 quieti
815 4702 1124 4772 prospicere
1162 4717 1259 4758 nos
1287 4711 1552 4772 oporteat,
1591 4713 1650 4758 ut

46 4797 106 4842 et
132 4803 265 4858 qua:
297 4802 466 4859 prava
493 4798 620 4846 sunt
664 4792 1031 4861 corrigantur,
1080 4800 1136 4848 et
1158 4809 1276 4864 qua:
1328 4801 1444 4849 rata
1493 4794 1649 4850 robo-

49 4886 276 4943 rentur,
309 4894 433 4948 qua:
456 4888 708 4951 corrupta
733 4890 859 4936 ευηι
891 4891 1264 4938 restaurentur
1281 4925 1296 4949 ,
1327 4899 1445 4955 (ιυὲ
1469 4895 1646 4941 autem

50 4967 277 5040 integra
343 4980 748 5026 conserventur.
800 4970 1040 5041 Cumque
1096 4973 1234 5029 hanc
1273 4989 1458 5030 curam
1502 4975 1647 5030 circa

48 5058 393 5114 universalis
435 5059 686 5117 Ecclesiae
726 5074 921 5130 corpus
965 5063 1248 5130 per'tOtius
1278 5063 1424 5119 orbis
1467 5065 1649 5120 latitu-

48 5148 244 5206 dinem
297 5145 504 5206 dill‘usaa
538 5151 815 5209 custodire
854 5152 1173 5219 debeamus,
1217 5151 1434 5223 speciali
1467 5166 1646 5212 tamen

46 5239 426 5310 praerogativa
490 5250 609 5312 post
664 5239 964 5294 Romanam
1024 5248 1188 5312 atque
1235 5241 1474 5301 Italicam
1521 5260 1648 5316 erga

47 5328 341 5385 Eecleslas
361 5329 666 5389 Gallicanas
686 5329 840 5385 nobis
853 5331 1110 5385 convenit
1129 5335 1439 5400 observare,
1463 5351 1648 5406 quem-

48 5421 355 5476 admodum
425 5426 854 5492 prtedecessores
908 5429 1123 5478 nostros
1182 5422 1372 5480 fecisse
1426 5421 1650 5481 manife-

399 5511 542 5568 αυλις
590 5511 989 5558 pnmn‘nlanIiIIc
1035 5527 1178 5548 hllnn
1240 5518 1490 5552 ηηΛιΙηιιο
1531 5516 1644 5552 “an:

47 5521 203 5550 «lno-
250 5521 326 5548 1ο·

1749 4705 1936 4765 gerere
1983 4707 2211 4762 quarum
2257 4691 2542 4762 specialius
2585 4691 2978 4762 providentiam
3020 4692 3158 4746 ratio
3209 4707 3328 4747 sus-
3398 4760 3402 4765 α

1747 4784 1887 4855 cepti
1918 4784 2078 4839 ollicii
2111 4801 2141 4839 a
2177 4785 2332 4841 nobis
2361 4784 2519 4840 docet
2557 4783 2821 4855 agendam
2845 4823 2860 4850 ,
2895 4793 2950 4839 ut
3001 4800 3106 4838 non
3150 4783 3324 4838 solum

1746 4893 1812 4935 ea
1837 4891 1956 4948 quae
1982 4879 2250 4934 hactenus
2279 4877 2335 4932 in
2364 4890 2466 4934 suo
2490 4885 2634 4934 statu
2663 4885 2983 4945 permanent
3008 4876 3328 4931 intemerata
3406 4936 3408 4938 ν

1748 4979 2052 5033 serventur,
2075 4985 2264 5026 verum
2284 4983 2349 5024 ea
2368 4983 2494 5038 qua:
2513 4970 2661 5039 lapsa
2682 4975 2809 5021 sunt
2830 4968 2896 5022 ad
2924 4966 3124 5038 prioris
3149 4965 3332 5021 forma:

1749 5059 2067 5130 dignitatem
2126 5063 2486 5118 reducantur.
2542 5055 2694 5113 Unde
2751 5064 3040 5124 cognoscat
3091 5054 3333 5108 omnium

1749 5151 2039 5223 praesulum
2070 5161 2384 5209 sanctorum
2423 5167 2524 5222 per
2552 5143 2757 5204 Gallias
2785 5145 3224 5201 commorantium
3253 5156 3340 5196 re-

1748 5243 1982 5299 verenda
2027 5242 2349 5302 fraternitas
2388 5244 2554 5313 quod
2594 5236 2676 5288 vir
2708 5237 3028 5292 venerabilis
3085 5234 3216 5299 Odo,
3248 5233 3345 5286 ab-

1748 5335 1852 5389 bas
1885 5349 1951 5390 ex
2007 5332 2344 5392 monasterio
2388 5329 2654 5394 Corbeia!
2703 5327 2990 5393 provincia:
3033 5327 3345 5385 Galliarum,
3415 5392 3418 5394 γ

1747 5425 1891 5495 quod
1916 5435 1998 5482 est
2022 5430 2391 5484 constructum
2433 5429 2501 5485 in
2532 5429 2669 5495 pago
2694 5415 3038 5476 Ambianensi
3069 5431 3227 5486 super
3250 5413 3351 5466 ﬁu-

1749 5516 1896 5552 νῖίιηη
1926 5518 2167 5558 Qnmmm
2215 5513 2348 5558 adii?
2375 5529 2500 5554 no.9
2519 5521 2622 5550 πη*
2641 5509 3000 5544 ’νοκθσισιιιῖιοης
3035 5505 3351 5544 Amr-almus!“
