3930 5614
453 421 587 479 sxta

1011 411 1296 470 API’END.
1335 412 1425 468 AD
1462 412 1629 467 S/EC.
1673 407 2173 465 lX.-——SUPPLEM.
2221 408 2312 464 AD
2349 408 2633 466 SCRIPTA
2675 407 2938 466 PONTIF.
2979 409 3142 467 “OM.

3558 411 3679 468 1004

451 529 642 600 vilegia
671 529 738 583 ab
766 526 1028 598 episcopis
1060 525 1201 580 edita
1235 543 1246 578 :
1283 540 1467 590 unum,
1494 541 1522 577 a
1552 523 1778 593 prtcsule
1801 522 2021 578 Ambia-
2050 525 2096 585 Α
2125 532 2276 592 gesta
2321 532 2445 579 sunt
2493 525 2822 583 monasterio
2863 525 3134 592 Corbciae,
3160 526 3304 596 quod
3347 533 3432 580 est
3459 535 3681 582 constru-

449 621 602 678 nensi
633 633 677 682 ε,
735 618 798 672 ad
830 618 981 687 cujus
1027 617 1302 676 dioecesim
1339 616 1488 670 locus
1534 615 1623 670 ille
1667 615 1920 686 pertinet,
1969 623 2025 668 et

449 702 782 784 coepiscopis
817 709 928 764 suis
960 707 1163 763 factum
1197 716 1358 777 atque
1390 707 1700 762 roboratum
1733 704 1846 773 jam
1881 704 2023 758 anti-

447 804 570 873 quis
622 800 982 870 temporibus;
1021 807 1076 853 et
1119 799 1282 862 aliud,
1333 800 1401 853 ab
1454 797 1858 866 archiepiscopo
1882 795 2027 850 Rhe-

447 891 648 948 mensis
696 889 950 945 Ecclesia:
1005 887 1297 945 [lineatam
1352 899 1406 944 et
1450 886 1746 943 universali
1800 885 2025 940 concilio

446 983 818 1054 episcoporum
848 979 1145 1036 Galliarum
1175 979 1358 1049 paucis
1382 976 1840 1034 intercedentibus
1871 976 2026 1031 annis

446 1073 833 1142 conscriptum,
865 1077 920 1125 et
945 1068 1432 1138 subscriptionibus
1455 1067 1687 1139 propriis
1712 1067 2024 1122 roboratunt

444 1162 752 1233 petentibus
797 1169 876 1224 ut,
924 1158 991 1213 ad
1029 1152 1376 1228 quoscunque
1425 1157 1536 1212 sive
1582 1158 1861 1228 episcopos
1912 1156 2026 1210 sive

445 1241 670 1310 abbates
715 1249 1037 1322 pervenerit,
1090 1249 1426 1304 subscribere
1473 1264 1581 1304 non
1631 1256 1942 1318 graventur.
1967 1244 2023 1300 ln

444 1344 641 1414 quibus
679 1339 972 1412 privilegiis
999 1339 1278 1394 decretum
1317 1346 1400 1393 est
1429 1346 1486 1392 ttt
1515 1338 1796 1408 praelatum
1841 1351 2026 1391 mona-

446 1436 670 1490 sterium
692 1431 956 1495 Corbeiae,
978 1439 1031 1485 et
1049 1444 1230 1484 rerum
1258 1445 1477 1484 suarum
1525 1428 1749 1483 liberam
1785 1426 2026 1482 obtineat

443 1523 868 1578 dominationem
893 1529 949 1575 et
982 1519 1211 1589 eligendi
1243 1518 1344 1574 sibi
1371 1517 1620 1574 abbatem
1651 1517 1717 1572 de
1746 1517 1858 1572 suis
1882 1532 2024 1572 sem-

443 1630 541 1682 per
569 1613 765 1667 habeat.
813 1619 1168 1681 potestatem;
1210 1608 1639 1664 contradict0res
1673 1621 1801 1661 vero
1844 1616 1898 1661 et
1937 1621 2022 1661 re-

445 1711 744 1775 pugnantes
772 1702 895 1756 ltuic
916 1699 1180 1755 sanctioni
1208 1698 1552 1753 anathemate
1576 1708 1837 1768 perpetuo
1867 1697 2022 1752 dant-

446 1797 672 1851 nandos.
725 1795 901 1864 Super
948 1794 1064 1848 lucc
1120 1800 1299 1847 autem
1360 1790 1630 1862 magnifici
1684 1789 2024 1859 imperatoris

2127 625 2272 670 ctum
2319 617 2372 671 in
2413 632 2550 689 pago
2595 618 2945 674 Amhianeusi
2995 633 3155 688 super
3208 617 3485 673 Sommam
3518 618 3567 672 in
3595 621 3681 676 lto-

2127 723 2257 764 nore
2309 719 2618 766 sanctorum
2663 711 3029 782 apostolorum
3061 710 3206 766 Petri
3237 719 3293 764 et
3336 709 3513 777 Pauli,
3537 722 3588 766 et
3628 712 3681 768 S.

2127 798 2386 871 Stephani
2409 803 2845 874 protomartyris,
2867 802 3118 874 praesenti
3143 802 3487 857 auctoritatis
3507 813 3685 859 nostra:

2125 890 2302 946 edicto
2343 893 2697 958 roboramns;
2748 893 2801 947 id
2849 901 2951 957 est,
2983 903 3044 949 ut
3089 908 3177 948 res
3222 893 3562 958 monasterii,
3589 893 3686 950 sive

2125 995 2458 1052 qumcunque
2500 998 2528 1036 a
2577 983 2822 1038 fidelibus
2867 983 3045 1038 oblata
3091 983 3292 1038 fuerint
3329 982 3442 1037 Deo
3486 993 3542 1037 et
3579 999 3689 1039 con~

2125 1070 2422 1141 gregationi
2469 1069 2702 1125 fratrum
2746 1071 2942 1128 ibidem
2968 1069 3186 1127 Christo
3219 1070 3615 1137 famulanlium,
3641 1063 3687 1129 iu

2125 1161 2477 1230 dispositione
2524 1161 2736 1216 abbatis
2786 1170 2840 1216 et
2893 1161 3121 1218 fratrum
3177 1169 3482 1227 maneant,
3533 1179 3690 1234 neque

2125 1251 2407 1322 cpiscopus
2445 1251 2859 1318 Ambianensis,
2908 1252 2974 1306 ad
3013 1252 3164 1321 cujus
3201 1253 3484 1309 dioecesim
3529 1269 3689 1309 ceno-

2126 1338 2272 1395 bium
2322 1340 2450 1396 illud
2495 1340 2735 1410 respicit,
2785 1339 2986 1412 aliquid
3028 1342 3224 1397 exinde
3251 1352 3568 1414 praesumat,
3610 1355 3691 1398 aut

2126 1429 2323 1500 aliquis
2366 1431 2743 1502 episcoporum
2774 1447 3002 1502 quorum
3047 1433 3102 1487 in
3149 1434 3427 1504 parochiis
3479 1450 3565 1490 res
3609 1445 3696 1488 aut

2125 1521 2374 1578 basilicas
2413 1522 2611 1577 habere
2647 1532 3047 1594 cognoscuntur
3068 1564 3082 1589 ,
3114 1539 3288 1593 neque
3321 1525 3372 1579 in
3413 1527 3578 1596 agris,
3602 1525 3690 1579 vil-

2128 1610 2212 1677 lis,
2248 1607 2466 1682 praediis
2503 1623 2597 1667 aut
2625 1613 2794 1678 cellis,
2839 1621 2933 1668 aut
2979 1613 3036 1668 iu
3079 1614 3164 1670 his
3206 1615 3463 1672 omnibus
3487 1631 3601 1685 qua:
3633 1616 3698 1670 ad

2120 1703 2210 1775 jus
2253 1714 2308 1760 et
2359 1703 2782 1760 dominationem
2835 1719 3024 1761 eorum
3073 1708 3408 1776 respiciunt,
3461 1717 3555 1763 aut
3597 1711 3696 1779 epi-

2127 1810 2351 1866 sc0ptts,
2399 1804 2492 1850 aut
2544 1809 2898 1860 teconomus,
2953 1810 3046 1851 seu
3095 1797 3569 1870 archipresbyter,
3613 1808 3695 1854 aut

447 1887 707 1951 Lotharii,
763 1894 820 1940 et
870 1884 1125 1939 Lttdovici
1175 1898 1239 1939 ac
1287 1882 1462 1937 Caroli
1509 1882 1816 1936 mandatum
1863 1888 2024 1952 atque
2058 1874 2098 1932 Β
2126 1887 2538 1942 archidiaconus
2561 1926 2578 1953 ,
2620 1894 2713 1942 aut
2747 1887 2974 1958 quilibet
3001 1888 3374 1944 ministrorum
3397 1930 3414 1955 ,
3447 1905 3541 1946 seu
3573 1906 3696 1961 prs:-

450 1979 767 2050 supplicatio
797 1975 1046 2038 accessit,
1087 1974 1315 2044 idipsum
1345 1970 1748 2042 postulantium,
1779 1970 2025 2025 videlicet

448 2078 508 2124 ut
531 2069 905 2140 episc0porum
937 2063 1218 2136 privilegia
1248 2071 1431 2118 nostra
1462 2075 1675 2131 quoque
1702 2059 2024 2116 auctoritate

449 2149 812 2214 firmarentur.
1468 2159 1470 2161 ’

511 2242 622 2308 Nos
662 2251 844 2321 itaque
892 2255 1177 2305 cernentes
1225 2245 1532 2317 religiosam
1565 2243 1678 2299 fore
1708 2241 2025 2314 postulatio-

448 2357 602 2406 nem,
649 2333 822 2410 neque
861 2337 928 2392 ab
963 2335 1255 2407 apostolica
1303 2333 1662 2390 sollicitudine
1695 2341 2023 2404 praetereun-

443 2435 570 2488 dum
611 2431 755 2502 quod
801 2444 900 2499 pro
949 2441 1229 2482 servorum
1282 2424 1372 2480 Dei
1402 2423 1570 2493 quieti
1602 2433 1658 2477 et
1685 2421 1855 2478 sancti
1885 2436 2020 2491 pon-

444 2526 618 2581 tilices
653 2523 740 2594 pie
787 2528 1116 2583 statuerunt,
1167 2525 1223 2572 et
1269 2515 1542 2587 magnifici
1586 2514 1860 2584 principes
1897 2513 2024 2568 reli-

440 2617 590 2686 giose
616 2613 898 2684 rogabant,
928 2620 984 2665 et
1006 2610 1173 2664 abbas
1203 2604 1636 2678 congregationis
1659 2603 1899 2672 ejusdem
1929 2618 2023 2659 ne-

441 2706 678 2762 ccssario
697 2703 1025 2775 postulabat,
1048 2699 1356 2756 censuimus
1380 2697 1552 2768 rogati
1570 2696 1864 2752 concedere
1879 2695 2021 2766 quod

442 2800 584 2855 ultro
627 2797 862 2865 decebat
933 2803 1173 2850 nostram
1229 2790 1556 2863 pastoralem
1606 2787 2021 2845 sollicitudinem

434 2893 718 2948 exhibere.

505 3003 876 3075 Cognovim‘us
908 3001 1092 3066 etiam,
1121 2996 1392 3053 referente
1422 2993 1715 3050 venerabili
1745 2991 2020 3047 Amrelmo

438 3095 638 3150 abbate
661 3127 677 3158 -,
723 3091 1025 3146 rmnobiunt
1048 3129 1063 3155 ,
1090 3090 1155 3144 de
1179 3105 1286 3158 qtto
1313 3087 1549 3157 agimus,
1581 3099 1611 3138 a
1639 3081 2020 3154 praecellentis

441 3185 578 3242 sima
613 3183 947 3237 Francorum
998 3179 1178 3250 regina
1211 3175 1477 3230 Balthilde
1508 3172 1759 3228 nobiliter
1787 3170 2020 3226 aedifica-

447 3287 556 3331 tttm
582 3277 636 3341 δ,
662 3259 717 3330 et
747 3289 774 3328 a
808 3274 993 3343 prima:
1023 3269 1354 3324 fundationis
1382 3283 1492 3322 sua:
1519 3273 1692 3332 statu,
1722 3280 1842 3320 cum
1873 3260 2024 3318 nobi-

443 3369 596 3422 litate
645 3374 952 3422 sanctorum
995 3363 1232 3417 virorum
1288 3369 1342 3414 ct
1383 3358 1658 3430 religionis
1696 3356 2025 3411 monachica:

442 3459 824 3524 observantia,
885 3466 995 3510 tum
1065 3467 1280 3525 quoque
1335 3452 1636 3522 principum
1689 3447 2022 3503 Francorum

445 3549 647 3603 favoris
686 3545 1038 3618 przerogativa
1070 3553 1124 3597 ct
1166 3541 1476 3597 munintittis
1513 3542 1843 3611 protectione
1884 3554 2026 3593 sem-

437 3655 537 3708 per
577 3637 847 3692 floruisse.
897 3635 1011 3702 Qua
1041 3636 1105 3689 de
1148 3650 1205 3690 re
1248 3633 1449 3687 factum
1485 3642 1570 3688 est
1599 3641 1734 3686 utet
1775 3629 2026 3685 immuni-

442 3736 581 3782 tates
619 3741 796 3780 rerum
824 3740 1041 3780 suarum
1094 3733 1149 3778 ct
1190 3723 1468 3793 privilegia
1496 3713 1726 3791 eligendi
1773 3719 2022 3775 abbatem

442 3833 634 3872 omnes
653 3818 704 3871 ei
735 3816 1128 3878 concederent,
1155 3828 1580 3882 concessumque
1611 3811 1725 3866 fore
1749 3812 2024 3882 perpetuis

442 3910 634 3965 diebus
660 3908 1040 3972 decernerent,
1087 3920 1414 3974 suarumque
1460 3904 1788 3958 munimenta
1819 3903 2021 3958 cessio—

443 4014 570 4054 nunt
599 3999 651 4053 in
699 3997 937 4052 archivis
966 3995 1296 4070 monasterii
1340 3993 1405 4047 ad
1452 3993 1765 4048 memoriam
1813 3991 2022 4047 futuro-

445 4107 563 4146 rum
602 4090 866 4146 servanda
922 4097 1265 4159 reponerent.
1323 4087 1526 4154 Quibus
1571 4087 1801 4156 cognitis
1843 4087 2020 4142 omni-

442 4183 562 4248 bus,
614 4179 764 4236 nefas
785 4195 904 4236 esse
933 4179 1187 4234 duximus
1232 4177 1277 4233 si
1323 4191 1429 4232 non
1471 4176 1843 4246 religiosorum
1875 4175 2022 4245 prin-

440 4275 620 4345 cipum
637 4273 974 4329 devotionem
999 4279 1307 4340 sequentes,
1326 4277 1374 4323 et
1402 4277 1708 4322 sanctorum
1733 4265 2019 4337 praesulum

441 4361 688 4431 exempla
714 4361 1066 4424 comitantes,
1113 4367 1310 4415 nostra:
1348 4357 1609 4412 cessionis
1643 4356 2019 4410 auctoritatem

443 4453 773 4507 monasterio
822 4451 1063 4507 Corbeia:
1124 4452 1515 4512 tribueremus,
1570 4463 1667 4511 ne,
1718 4447 1807 4516 qui
1859 4446 2018 4517 primi

441 4552 662 4613 pr0pter
703 4529 1010 4613 apostolica:
1055 4542 1198 4596 sedis
1225 4541 1512 4610 primatum
1545 4540 1597 4592 itt
1635 4532 2019 4593 ecclesiasticis

441 4636 670 4705 negotiis
695 4633 1041 4704 disponendis
1088 4632 1317 4686 inveniri
1347 4631 1675 4694 debeamus,
1709 4630 1806 4700 ipsi
1838 4635 2016 4699 postc-

442 4729 616 4782 riores
643 4714 998 4796 reperiantur,
1030 4735 1084 4780 et
1114 4726 1203 4795 qui
1251 4724 1314 4778 ad
1345 4735 1623 4779 servorum
1659 4721 1749 4777 Dei
1781 4724 2016 4792 quietem

441 4815 861 4886 comparandam
907 4815 1119 4871 exetcris
1158 4808 1493 4869 auctoritatis
1530 4812 1705 4866 lumen
1760 4822 2020 4883 prmstare

440 4904 687 4975 exemplo
735 4912 923 4961 nostro
964 4904 1248 4975 jubemur,
1301 4903 1552 4973 loquente
1602 4903 1849 4969 Domino,
1915 4901 2018 4958 Vos

443 4997 566 5050 estis
612 4995 704 5050 lux
752 4995 936 5050 mundi
982 4994 1196 5065 (Matth.
1238 5009 1293 5060 v,
1335 4993 1455 5062 14),
1485 4993 1583 5063 ipsi
1623 5003 1720 5063 per
1748 4994 2020 5064 negligen-

444 5090 532 5144 tizc
573 5097 812 5158 teporem
862 5088 1081 5144 minime
1125 5089 1248 5144 boni
1272 5089 1451 5158 operis
1473 5087 1731 5158 fulgorem
1755 5087 2025 5159 aliisprae—

443 5178 686 5232 beamus.

515 5283 720 5350 Quade
761 5301 821 5340 re
865 5289 1072 5345 noverit
1100 5289 1278 5345 omnis
1322 5288 1558 5344 Ecclesia
1589 5287 1881 5344 Galliarum
1906 5331 1920 5355 ,
1967 5300 2022 5344 et

446 5374 736 5422 universus
774 5374 912 5406 on’“
933 5390 943 5391 ί
1006 5390 1010 5391 ν
1284 5387 1290 5389 Α
1423 5378 1434 5389 '
1458 5378 1471 5390 '
1601 5377 1640 5388 "
1709 5377 1721 5388 ‘
1792 5378 1802 5388 '

2123 1979 2422 2051 positorum
2471 1979 2588 2048 ejus
2633 1988 2727 2035 aut
2773 1991 3071 2038 conventus
3117 1981 3340 2049 faciant,
3380 1994 3481 2040 aut
3528 1986 3697 2040 convi-

2124 2071 2210 2124 via
2255 2077 2594 2140 prmparent,
2639 2078 2736 2125 aut
2764 2069 2966 2142 aliquid
2990 2074 3275 2142 potestatis
3299 2073 3428 2144 jure
3456 2075 3557 2130 sibi
3585 2076 3695 2130 vin-

2123 2159 2326 2225 dicent,
2378 2155 2472 2215 aut
2511 2159 2736 2232 exigant
2774 2161 3116 2218 vindicanda.
3170 2161 3282 2219 Hac
3331 2179 3551 2235 quoque
3581 2181 3699 2220 cott-

2124 2251 2343 2307 ditionis
2371 2249 2489 2323 lege
2520 2265 2710 2308 omnes
2733 2251 2973 2323 episcopi
3013 2267 3072 2308 se
3116 2254 3398 2310 conveniri
3435 2256 3695 2319 noverint,

2123 2355 2351 2411 quorum
2377 2341 2662 2412 parochias
2691 2357 2780 2398 res
2809 2342 3152 2400 Corbeiensis
3176 2346 3500 2400 monasterii
3539 2348 3699 2416 respi-

2111 2446 2248 2489 ‘cere
2299 2442 2729 2504 cognoscuntur,
2790 2449 2890 2491 nec
2944 2449 3182 2502 novum,
3235 2452 3338 2491 nec
3393 2435 3699 2493 inusitatum

2124 2532 2378 2579 causetur
2421 2524 2706 2594 quisquam
2754 2523 2869 2580 fore
2893 2525 3035 2596 quod
3062 2527 3433 2592 decernimus,
3477 2528 3701 2597 Quando-

2123 2614 2337 2684 quidem
2363 2621 2417 2668 et
2445 2612 2572 2669 huic
2609 2613 2858 2669 coenobio
2886 2622 3099 2671 constat
3153 2615 3282 2671 olim
3312 2614 3430 2686 jam
3457 2618 3559 2673 hoc
3584 2633 3700 2673 conc

2123 2717 2368 2768 cessum,
2402 2712 2457 2758 et
2496 2702 2681 2758 multis
2710 2702 2833 2758 aliis
2863 2718 2967 2759 non
2998 2704 3172 2760 solum
3211 2705 3265 2761 in
3306 2705 3515 2771 Gallia,
3547 2708 3628 2762 vel
3653 2708 3701 2763 in

2123 2793 2303 2857 Italia,
2331 2807 2516 2847 verum
2563 2800 2676 2848 toto
2719 2801 2985 2849 terrarum
3019 2794 3188 2860 orbe,
3221 2811 3329 2850 non
3373 2796 3547 2852 solum
3598 2812 3698 2852 mo-

2051 2921 2056 2926 -
2124 2883 2445 2948 nacltorum,
2474 2897 2676 2956 verum
2706 2883 3092 2940 canonicorum
3141 2887 3498 2942 monasteriis
3521 2887 3704 2941 hodie.

2123 2989 2230 3044 que
2267 2973 2628 3044 conspicimus
2658 2989 2880 3030 manere
2931 2974 3196 3030 indultum
3219 3015 3234 3037 ,
3286 2986 3343 3030 et
3375 2993 3705 3048 unaqumque

2125 3065 2365 3120 Ecclesia
2396 3064 2554 3119 debet
2584 3079 2808 3119 manere
2837 3065 2950 3120 suis
2978 3065 3278 3137 privilegiis
3303 3078 3583 3133 contenta,
3612 3083 3708 3123 nec

2125 3157 2193 3212 ab
2219 3152 2322 3211 alia
2345 3157 2568 3226 pervadi
2599 3155 2681 3212 vel
2718 3156 2991 3227 usurpari,
3016 3157 3157 3226 quod
3184 3157 3412 3213 alterius
3437 3156 3578 3226 juris
3599 3172 3709 3213 esse

2051 3228 2094 3289 Ο
2128 3249 2480 3320 conspicitur.

2193 3359 2435 3430 Cumque
2475 3357 2770 3414 Galliarum
2802 3358 3137 3428 permaxime
3172 3357 3451 3414 Ecclesias
3480 3359 3708 3416 ﬁdelium

2125 3451 2504 3507 collationibus
2550 3465 2581 3504 a
2628 3451 2739 3506 Deo
2767 3457 2978 3505 constet
3013 3465 3133 3506 esse
3165 3451 3371 3507 ditatas
3395 3494 3410 3517 ,
3457 3462 3516 3506 ut
3563 3467 3712 3508 nemo

2125 3540 2196 3596 sit
2231 3537 2344 3595 fere
2369 3539 2741 3610 episcoporum
2763 3579 2778 3603 ,
2806 3539 2890 3594 cui
2917 3552 3031 3594 suae.
3063 3549 3315 3609 sumptus
3344 3539 3608 3595 Ecclesia:
3633 3557 3716 3596 sae

2127 3630 2195 3686 tis
2225 3645 2496 3701 superque
2537 3645 2644 3684 non
2687 3627 2975 3697 sufﬁciant,
3016 3630 3168 3701 cujus
3191 3631 3370 3702 gratia
3417 3633 3711 3688 necessitu-

2123 3725 2285 3790 dinis,
2317 3740 2437 3796 quae
2466 3739 2749 3780 servorum
2787 3722 2990 3779 Christi
3023 3733 3152 3780 sunt
3187 3725 3381 3780 usibus
3421 3725 3635 3792 collata,
3660 3725 3714 3779 in

2125 3830 2252 3871 suos
2277 3826 2596 3872 convertere
2628 3823 2876 3886 sumptus
2911 3823 3266 3884 praesumant.
3313 3814 3410 3871 Sic
3442 3817 3588 3872 enim
3612 3816 3714 3872 cle-

2125 3909 2360 3963 ricortun
2394 3907 2482 3978 qui
2517 3907 2581 3962 de
2611 3906 2846 3978 propriis
2893 3905 3172 3960 abundant
3217 3907 3529 3962 redditibus
3572 3923 3716 3964 com-

2125 4000 2419 4055 mutticatio
2466 3999 2780 4069 prohibetur
2818 3995 2939 4053 cum
2970 3997 3049 4053 eis
3088 4011 3206 4066 qua:
3252 3997 3611 4054 conferuntur
3633 4014 3716 4056 ee-

2125 4091 2320 4157 cleshc,
2351 4106 2416 4146 ne
2443 4090 2570 4144 dum
2601 4089 2676 4143 illi
2704 4089 3009 4159 acceperint
3043 4088 3132 4157 qui
3161 4087 3228 4142 de
3267 4090 3510 4159 propriis
3546 4090 3713 4144 abun-

2124 4181 2274 4243 dant,
2321 4193 2509 4234 eorum
2537 4174 2629 4247 qui
2677 4177 2811 4231 nihil
2851 4178 3052 4232 habent
3093 4175 3271 4246 inopia
3319 4192 3430 4232 non
3479 4177 3713 4241 levetur;

2124 4280 2229 4342 qua
2278 4268 2610 4325 conscientia
2658 4267 2944 4338 episcopus
2989 4281 3099 4321 suae
3126 4266 3436 4336 sumptibus
3467 4266 3718 4322 Ecclesiae

2124 4358 2425 4428 sufﬁciens,
2455 4375 2574 4431 quin
2619 4372 2898 4413 servorum
2935 4357 3029 4413 Dei
3064 4355 3264 4412 fuerint
3302 4359 3500 4413 usibus
3526 4359 3713 4414 collata

2123 4463 2413 4527 praesumat
2463 4451 2810 4522 contingere?
2863 4448 2973 4505 Nec
3023 4459 3243 4505 veretur
3284 4450 3433 4520 quod
3474 4466 3576 4521 per
3597 4465 3717 4521 pro-

2051 4549 2338 4638 Dphetam
2417 4546 2677 4602 Dominus
2726 4543 3014 4615 exprobrat
3062 4544 3438 4600 sacerdotibus
3492 4544 3715 4600 diosus:

2126 4637 2333 4709 Rapina
2383 4637 2627 4709 pauperis
2665 4636 2718 4690 in
2771 4633 3009 4688 domibus
3049 4633 3232 4687 vestris
3285 4631 3424 4703 (lsa.
3478 4633 3715 4702 111,“).

2125 4728 2397 4798 I‘auperes
2417 4727 2561 4782 enim
2592 4724 2788 4782 Christi
2814 4737 2934 4779 esse
2955 4723 3076 4793 quis
3103 4722 3335 4789 nesciat,
3359 4723 3453 4793 qui
3476 4733 3717 4778 contem-

2126 4829 2316 4876 nentes
2355 4817 2711 4874 substantiam
2761 4814 2970 4879 mundi,
3013 4812 3308 4869 Salvatoris
3353 4815 3532 4870 nostri
3556 4814 3717 4869 vesti-

2127 4913 2213 4982 gia
2242 4919 2530 4975 sectantes,
2563 4908 2800 4980 quicum
2822 4916 2966 4962 esset
2999 4906 3149 4961 dives
3189 4921 3288 4977 pro
3315 4907 3476 4962 nobis
3515 4921 3718 4978 pauper

2128 5002 2354 5060 ell‘cctus
2379 5010 2482 5068 est,
2511 5009 2711 5058 sanctae
2741 4996 3090 5072 perfectionis
3118 4997 3330 5053 titulum
3364 4999 3468 5054 sibi
3503 4999 3720 5055 divitias

2130 5096 2484 5150 arbitrantur.

2196 5204 2453 5274 Quisquis
2504 5203 2666 5276 igitur
2722 5201 2927 5272 aliquid
2985 5201 3176 5257 horum
3223 5216 3344 5271 quae
3392 5200 3607 5256 fuerint
3654 5201 3718 5254 ad

2125 5297 2473 5352 necessitates
2525 5309 2714 5350 eorum
2745 5293 2976 5358 collata,
3027 5292 3461 5356 praesumpserit,
3508 5301 3570 5350 et
3608 5293 3721 5347 suis
