3930 5616
122 463 255 536 ιοοδ

1406 467 1826 531 BENEDICTUS
1878 472 2049 526 PAPA
2089 465 2174 526 lli.

3237 463 3376 529 {000

119 585 465 660 pupillorum,
499 587 802 652 viduarum,
827 597 1035 641 eertum
1063 598 1144 644 est
1164 590 1513 660 necessitates
1536 588 1702 644 desii-
1729 596 1776 649 Α
1806 583 2047 638 exhiberi
2079 583 2276 654 dignis,
2301 582 2441 636 sicut
2467 581 2714 638 Salvator
2734 582 2808 638 an
2835 606 2847 637 :
2873 585 3054 640 ureti:
3081 589 3377 656 accepistis,

116 681 263 735 nata.
289 679 471 748 Quare
493 681 737 750 quisquis
765 696 830 734 ex
855 680 940 734 his
970 679 1170 748 aliquid
1202 681 1255 735 in
1283 696 1409 736 suas
1440 679 1699 734 utilitates

113 771 328 840 exigit,
375 773 618 841 rapinam
665 772 916 842 pauperis
956 773 1008 826 iu
1056 774 1271 826 domum
1312 788 1464 827 suam
1505 786 1697 842 conge-

111 871 253 915 stam
319 862 544 918 detinet.
596 862 662 918 Et
687 863 991 932 'Apostolus
1030 863 1144 917 ait:
1179 863 1316 928 Quia
1360 880 1571 934 rapaces
1621 869 1700 916 re-

110 963 274 1021 gnum
303 951 398 1007 Dei
430 970 533 1008 non
563 953 895 1023 poisidcbunt
929 952 997 1019 (1
1033 952 1154 1008 Cor.
1184 962 1260 1017 vt,
1293 952 1415 1022 10).
1454 952 1604 1008 Unde
1632 955 1700 1009 ab

111 1043 368 1098 omnibus
397 1059 517 1113 qua:
545 1045 872 1099 monasterio
899 1043 1140 1100 Corbeim
1166 1041 1384 1108 fuerint,
1415 1043 1499 1098 vel
1521 1044 1701 1099 oblata

109 1132 197 1187 vel
229 1148 556 1204 quocunque
592 1134 829 1205 legitimo
865 1133 990 1203 jure
1033 1141 1307 1205 possessa,
1347 1135 1401 1190 in
1436 1136 1699 1205 pecuniis,

117 1221 174 1276 in
207 1223 377 1294 agris,
403 1224 456 1277 in
485 1224 719 1292 pmdiis,
746 1225 798 1278 in
829 1224 1096 1287 domibus,
1126 1224 1178 1278 in
1209 1223 1379 1289 cellis,
1409 1233 1501 1278 aut
1526 1223 1703 1280 eccle-

107 1312 240 1376 siis,
286 1311 417 1369 nihil
461 1309 525 1370 ek
558 1314 638 1370 eis
677 1315 778 1370 sibi
811 1325 1106 1386 praesumat
1145 1324 1236 1370 aut
1265 1315 1581 1385 episcopus,
1611 1324 1704 1370 aut

106 1402 423 1473 quicunque
460 1405 831 1461 ministrorum
861 1405 1000 1475 ejus,
1043 1421 1111 1460 ne
1148 1414 1337 1460 contra
1377 1415 1618 1460 nostram
1651 1414 1706 1460 et

109 1492 380 1561 majorum
422 1497 800 1552 auctoritatem
849 1496 1083 1560 faciens,
1124 1511 1308 1566 regum
1353 1511 1568 1566 quoque
1611 1496 1706 1551 de-

108 1591 262 1636 creta
319 1599 417 1653 pro
467 1599 748 1640 servorum
783 1584 984 1640 Christi
1032 1585 1212 1655 quiete
1258 1586 1549 1640 constituta
1576 1601 1706 1640 con-

108 1679 384 1747 temnens,
435 1681 584 1728 reum
613 1688 672 1732 se
709 1675 884 1731 sancti
927 1675 1143 1731 concilii
1176 1684 1230 1730 et
1262 1682 1534 1745 perpetuae
1556 1674 1708 1730 dam-

109 1761 352 1817 nationis
377 1763 594 1820 efliciat.

183 1852 253 1907 Et
279 1855 536 1923 quoniam
566 1857 815 1912 monachi
851 1855 1252 1926 tranquillitatis
1292 1841 1499 1926 pacein,
1536 1864 1590 1910 et
1622 1871 1705 1911 se-

1801 675 1963 743 gratis
1999 673 2120 726 date
2151 671 2364 743 (Matth.
2399 688 2452 736 Χ,
2485 672 2560 742 8).

1870 765 2162 821 Eleclionis
2210 774 2387 821 autem
2418 765 2760 836 privilegium
2805 777 2863 822 ut
2906 767 3138 824 habeant
3182 770 3382 826 fratres

1801 855 2040 926 ejusdem
2073 857 2381 912 monasterii
2406 858 2765 926 decernimus,
2798 860 2850 914 id
2876 870 2981 925 est,
3005 869 3065 914 ut
3091 876 3383 933 quemcun-

1803 963 1908 1017 que
1929 948 1996 1003 de
2021 947 2333 1018 seipsis,qui
2359 948 2427 1002 sit
2450 949 2777 1004 monachicae
2790 950 3162 1020 professionis,
3190 952 3384 1022 dignus

1806 1041 1983 1093 tamen
2007 1037 2261 1108 pastorali
2292 1038 2622 1107 prmlatione,
2657 1039 2926 1095 voluerint
2951 1041 3152 1111 eligere
3186 1057 3382 1098 secun-

1804 1129 1932 1182 dum
1971 1127 2271 1198 regularem
2318 1130 2739 1192 auctoritatem,
2779 1140 3098 1199 potestatem
3147 1133 3380 1188 habeant

1803 1218 2050 1288 eligendi.
2096 1217 2160 1272 Et
2200 1232 2361 1288 super
2412 1228 2690 1273 monentes
2732 1219 3080 1276 obsecramus
3123 1222 3386 1290 gloriosos

1806 1307 1947 1362 ﬁlios
1977 1316 2190 1363 nostros
2220 1307 2556 1372 Lotharium,
2609 1308 2960 1375 Ludovieum,
2991 1312 3243 1369 Carolum
3275 1314 3388 1388 Au:

1807 1407 2018 1467 gustum
2052 1410 2098 1462 ιι,
2125 1407 2181 1452 ut
2214 1398 2354 1453 sicut
2401 1398 2776 1455 memorabiles
2807 1399 3053 1472 Augusti,
3088 1406 3296 1474 genitor
3331 1417 3388 1462 et

1807 1504 1939 1544 avus
1962 1498 2170 1549 eurum,
2202 1499 2255 1544 et
2285 1489 2493 1558 priores
2533 1497 2657 1545 ante
2683 1506 2740 1546 se
2769 1497 2920 1560 reges
2942 1475 3275 1551 Francorum
3311 1499 3387 1553 ei-

1808 1580 1926 1634 dem
1962 1577 2210 1634 ccenohio
2260 1589 2644 1635 concesserunt
2696 1581 2922 1652 eligendi
2967 1584 3032 1638 de
3082 1587 3388 1656 semetipsis

1808 1675 2080 1738 abbatem,
2120 1683 2280 1742 atque
2309 1673 2408 1744 ipsi
2443 1672 2556 1728 suis
2584 1676 2864 1744 praeceptis
2890 1676 2990 1732 huc
3021 1677 3160 1732 idem
3191 1695 3390 1734 sanxe-

1812 1775 1957 1830 runt,
2003 1766 2075 1819 ita
2125 1780 2340 1835 queque
2381 1773 2703 1819 conservare
2750 1765 2861 1821 suis
2912 1769 3240 1836 temporibus
3288 1787 3386 1841 pro

1813 1855 2010 1910 Christi
2036 1869 2220 1909 amore
2267 1856 2570 1925 dignentur,
2598 1865 2653 1910 et
2695 1857 3061 1912 Conservandri
3113 1862 3389 1930 perpetuis

107 1943 365 1999 caritatis
390 1947 558 2000 otium
588 1948 800 2002 habere
824 1950 1043 2014 debent,
1068 1958 1126 2002 ut
1163 1949 1269 2003 Deo
1297 1958 1550 2003 vacantes
1577 1963 1706 2018 pro-
1739 1961 1782 2020 Β
1810 1945 1998 2000 diebus
2022 1945 2339 2000 aeternitatis
2371 1959 2480 2000 sua:
2505 1945 2714 2016 legibus
2745 1942 3107 2015 constituant,
3159 1961 3217 2005 ut
3262 1953 3391 2008 dum

109 2033 373 2091 fessionis
400 2043 511 2092 sna:
541 2037 776 2107 regulam
806 2038 1016 2093 valeant
1038 2039 1344 2102 observare,
1373 2053 1470 2093 nec
1499 2038 1708 2108 episco-

107 2131 250 2194 pus,
304 2140 404 2181 nec
442 2121 856 2184 archidiaconus
883 2130 998 2200 ejus
1023 2130 1284 2185 accedant
1314 2131 1379 2184 ad
1425 2131 1707 2200 praefatum

109 2217 534 2283 monasterium,
561 2234 660 2274 nec
683 2235 960 2276 servorum
991 2222 1082 2277 Dei
1122 2222 1356 2291 quietem
1393 2224 1710 2293 perturbare

106 2319 468 2377 praesumant,
497 2312 599 2366 nisi
627 2313 766 2368 forte
794 2324 886 2369 aut
911 2315 1096 2377 abbas.
1124 2323 1217 2370 aut
1238 2314 1458 2380 fratres,
1483 2315 1710 2386 alicujus

105 2399 370 2456 utilitatis
412 2404 586 2474 gratia
623 2422 745 2460 eum
792 2421 988 2462 vocare
1014 2407 1314 2472 voluerint;
1350 2407 1483 2462 alias
1529 2424 1627 2463 nec
1655 2408 1708 2461 in

106 2492 407 2558 abbatem,
458 2511 558 2550 nec
606 2498 658 2550 in
701 2497 935 2568 aliquem
988 2499 1054 2553 de
1108 2497 1366 2554 fratribus
1418 2501 1709 2570 quidquam

108 2587 411 2654 potestatis
455 2587 718 2654 obtineat,
759 2605 933 2659 neque
979 2603 1076 2660 per
1119 2589 1477 2662 episc0paiem
1511 2590 1712 2646 fastum

106 2673 324 2746 aiiquid
384 2675 438 2732 in
495 2693 589 2732 eos
617 2678 664 2732 ei
713 2676 907 2744 liceat;
959 2687 1148 2734 verum
1204 2679 1370 2734 abbas
1419 2680 1712 2735 secundum

109 2767 361 2838 regulam
409 2766 466 2824 S.
500 2769 776 2826 Benedicti
808 2770 946 2842 (cap.
976 2773 1098 2842 va)
1136 2771 1360 2827 liberam
1400 2774 1712 2828 monasterii

105 2862 196 2914 sui
231 2861 434 2918 habeat
465 2871 821 2934 potestatem,
854 2873 908 2920 et
935 2865 1186 2920 monachi
1217 2865 1284 2920 ad
1316 2865 1430 2932 ejus
1460 2872 1714 2934 tanquam

105 2954 180 3007 ad
207 2953 449 3024 pastoris
471 2955 553 3010 Sui
580 2951 918 3012 solummodo
935 2955 1228 3026 respiciant
1247 2955 1712 3028 gubernationem,

1811 2035 2025 2090 famulis
2045 2036 2249 2090 Christi
2280 2036 2580 2091 libertatem
2611 2038 2891 2094 electiOnis
2921 2038 3311 2110 conoesserint,
3335 2055 3393 2100 et

1811 2139 2122 2182 concessam
2155 2140 2371 2181 servare
2399 2127 2726 2193 studuerint,
2751 2135 2804 2183 et
2831 2133 3110 2200 prmsentis
3139 2133 3260 2188 vitae
3308 2149 3398 2190 re-

1811 2234 1996 2289 gnum,
2027 2229 2082 2274 et
2100 2219 2443 2289 sempiternae
2472 2220 2822 2274 beatitudinis
2844 2217 3070 2291 gloriam
3105 2239 3135 2277 a
3165 2217 3395 2281 Domino

1813 2309 1912 2380 ipsi
1951 2310 2229 2381 percipere
2259 2321 2592 2364 mereantur.
2634 2311 2810 2380 Atqde
2836 2313 2978 2380 quod
3014 2317 3098 2368 est
3134 2317 3227 2369 aut
3248 2316 3394 2386 regio

1815 2416 2055 2465 munere,
2100 2409 2192 2454 aut
2241 2400 2474 2455 fidelium
2515 2401 2799 2456 devotione
2825 2403 2891 2457 ad
2922 2404 3060 2458 idem
3089 2404 3397 2461 coniobium

1815 2491 1925 2547 Deo
1955 2490 2280 2560 famulisque
2309 2490 2422 2560 ejus
2446 2490 2702 2554 oblatum,
2738 2507 2838 2547 nec
2869 2493 2966 2562 ipsi
2998 2493 3266 2559 auferant,
3297 2511 3398 2552 nec

1815 2583 1950 2639 alios
2018 2582 2235 2640 auferre
2288 2583 2623 2652 permittant.
2670 2582 2935 2650 Quoniam
2988 2586 3143 2643 valde
3189 2587 3399 2657 justum

1815 2685 2028 2734 constat
2058 2686 2220 2749 atque
2264 2672 2574 2749 religiosum
2601 2685 2691 2744 ut,
2725 2678 2815 2748 qui
2872 2694 2902 2732 a
2934 2679 3160 2736 Domino
3188 2698 3401 2738 merue-

1817 2778 1940 2826 runt
1987 2771 2262 2840 percipere
2304 2770 2454 2840 regni
2486 2769 2768 2836 honorem,
2817 2771 2916 2841 ipsi
2946 2758 3054 2826 Deo
3076 2787 3399 2831 conservent

1815 2863 1957 2933 quod
1992 2864 2040 2918 ei
2071 2862 2322 2917 collatum
2353 2871 2444 2916 est
2483 2861 2569 2931 pia
2602 2861 2937 2917 credentium
2967 2863 3286 2932 devotione;
3318 2877 3396 2932 et,

1815 2957 1960 3026 quia
1987 2956 2203 3011 Christo
2228 2955 2395 3026 regali
2426 2949 2824 3025 magnificentia
2855 2949 3058 3025 prasla'ti
3088 2967 3214 3012 sunt
3237 2967 3400 3014 caete-

106 3057 221 3099 nec
271 3045 581 3115 episcdpale
627 3048 990 3103 miuisterium
1035 3047 1239 3118 aliquid
1287 3049 1507 3104 ditionis
1555 3058 1718 3118 super
1819 3049 1915 3112 ris,
1957 3047 2056 3118 ipsi
2099 3038 2316 3101 famulis
2350 3041 2553 3102 Christi
2584 3044 2814 3116 eligendi
2839 3047 2939 3101 sibi
2972 3047 3244 3116 pastorem
3293 3063 3402 3104 non

103 3153 216 3193 eos
255 3139 525 3194 obtineat.
555 3139 823 3206 Quoniam
870 3152 993 3194 cum
1035 3141 1202 3196 abbas
1238 3141 1384 3194 vices
1418 3138 1620 3194 Christi
1661 3137 1715 3192 iu
1818 3137 2067 3195 auferant
2089 3138 2416 3193 libertatem.
2447 3135 2581 3192 Nam
2608 3137 2730 3207 quis
2769 3136 2980 3208 ignorat
3009 3128 3099 3191 illa
3134 3155 3253 3208 quae
3283 3139 3399 3195 col-

105 3230 460 3284 monasterio
504 3231 744 3286 creditur
785 3239 966 3302 agere,
1010 3231 1243 3302 pastoris
1270 3229 1502 3286 ofﬁcium
1550 3243 1716 3298 super
1819 3232 1927 3285 lata
1958 3229 2084 3284 sunt
2122 3229 2232 3284 Deo
2259 3243 2357 3299 per
2402 3227 2637 3282 fidelium
2682 3231 2905 3294 manus,
2936 3227 3202 3282 divinitati
3232 3229 3407 3298 possi-

103 3320 359 3375 creditas
384 3317 488 3376 sibi
527 3333 656 3377 oves
684 3323 884 3378 habere
911 3325 1278 3394 cognoscitur,
1304 3322 1468 3391 utque
1498 3322 1714 3392 dispen-
1743 3317 1790 3379 C
1823 3321 1996 3376 denda
2024 3319 2356 3390 consignari,
2377 3323 2431 3374 et
2461 3318 2528 3374 ab
2553 3319 2790 3374 humano
2820 3316 2943 3388 jure
2971 3321 3023 3374 in
3043 3319 3134 3388 jus
3162 3319 3405 3375 divinum

103 3412 353 3468 sationis
379 3425 492 3468 sua:
528 3409 889 3470 ministerium
929 3422 1187 3470 Exercere
1226 3415 1520 3486 pravaleat
1559 3415 1720 3484 digne
1821 3414 2079 3480 concedi;
2110 3429 2210 3469 nec
2230 3413 2393 3468 etiam
2417 3406 2695 3467 hominum
2713 3412 3064 3467 dominationi
3087 3427 3244 3483 posse
3261 3422 3406 3468 tran-

101 3503 325 3558 nullius
351 3503 510 3559 debet
543 3501 848 3574 perturbari
885 3513 1158 3575 potestate
1189 3507 1492 3576 sulijetttus,
1521 3505 1613 3560 sed
1653 3506 1721 3561 ab
1824 3506 2020 3569 scribi,
2053 3505 2198 3574 quod
2237 3513 2455 3560 constat
2491 3502 2791 3558 divinitatis
2854 3505 3194 3573 possessione
3231 3506 3402 3562 semel

101 3590 273 3649 omni
331 3596 630 3666 episcopali
680 3596 817 3652 liber
869 3598 1234 3654 dominatione
1280 3595 1553 3654 Christum
1604 3609 1725 3655 tan‘.
1823 3593 1940 3671 fore
1969 3591 2374 3649 contraditum?
2407 3591 2560 3647 Unde
2588 3593 2832 3662 quisquis
2861 3609 2926 3648 ea
2953 3595 3033 3648 sui
3058 3590 3200 3662 juris
3227 3595 3402 3650 domi-

102 3686 408 3740 tummodo
448 3685 686 3753 judicem
726 3687 1024 3755 sustineat,
1059 3689 1145 3744 cui
1183 3689 1490 3746 redditurus
1533 3699 1616 3746 est
1656 3691 1724 3746 de
1826 3684 2030 3740 nationi
2055 3692 2285 3740 conatur
2318 3683 2634 3753 adjungere,
2666 3681 2910 3748 alterius,
2942 3683 3122 3748 idest,
3153 3683 3248 3740 Dei
3265 3683 3409 3752 juris

100 3777 355 3832 creditis
399 3776 502 3832 sibi
553 3778 744 3833 ovibus
801 3779 1089 3836 rationem.
1155 3780 1496 3852 Quapropter
1551 3784 1724 3840 modis
1825 3779 2172 3848 pervaserem
2194 3779 2402 3831 certum
2431 3782 2515 3830 est
2543 3773 2660 3830 fore
2682 3790 2824 3828 eum.
2861 3775 3071 3829 Etenim
3097 3774 3142 3830 si
3165 3774 3287 3845 quis
3306 3771 3410 3828 ali-

106 3868 390 3924 omnibus
415 3869 1078 3943 statuimuSutepiscopus
1097 3871 1357 3930 adventus
1384 3874 1464 3929 sui
1491 3891 1726 3945 prtesen-
1825 3872 1978 3942 cujus
2015 3870 2248 3925 hominis
2278 3867 2676 3938 possessionem
2704 3884 2800 3938 per
2828 3867 3134 3922 violentiam
3173 3865 3276 3922 sibi
3306 3881 3403 3922 co-

107 3963 204 4018 tia
236 3965 558 4018 monasterii
590 3957 1033 4035 tranquillitatem
1060 3984 1166 4024 non
1195 3967 1478 4037 inquietet,
1504 3983 1603 4024 nec
1624 3967 1724 4022 ali-
1828 3973 1986 4017 natus
2030 3961 2192 4016 fuerit
2222 3975 2510 4031 usurpare,
2549 3960 2669 4015 reus
2691 3959 2888 4029 publici
2906 3947 3053 4028 juris
3082 3958 3330 4025 θίῐὶεἱῑυτν
3353 3967 3412 4014 ει

98 4055 259 4126 quid
300 4045 354 4112 in
383 4061 449 4112 eo
472 4057 762 4128 episcopali
787 4058 1056 4130 potestate
1085 4059 1261 4116 facere
1285 4061 1595 4132 praesumat,
1627 4066 1728 4116 nec
1830 4053 2085 4126 tanquam
2115 4062 2300 4124 raptor
2326 4061 2379 4108 et
2401 4063 2659 4124 pervaSOr
2685 4053 3015 4107 haereditatis
3039 4051 3227 4106 alienae
3250 4050 3411 4122 legali

97 4147 398 4205 fratribus
440 4158 535 4203 aut
563 4150 744 4206 abbati
795 4146 960 4206 ullam
1002 4152 1300 4208 molestiam
1333 4161 1425 4207 aut
1462 4150 1730 4224 iuquietu-
1821 4146 2026 4216 judiCiO
2079 4143 2382 4215 puniendus
2426 4143 2730 4212 SllbjiCillll'.
2789 4144 2956 4196 ιηυΙιο
3007 4142 3178 4212 magis
3223 4138 3409 4212 ῖΒίιιιΓο

96 4243 276 4300 diuis
310 4238 777 4313 perturbationem
820 4237 1052 4316 ingerat.
1089 4227 1241 4313 Quod
1277 4243 1320 4300 si
1351 4231 1553 4300 violare
1595 4245 1732 4316 prr'e-
1830 4239 2137 4308 quicunque
2177 4251 2266 4291 res
2320 4236 2428 4291 Deo
2481 4241 2827 4289 corisecratas
2861 4233 2914 4286 in
2935 4232 3025 4300 jus
3051 4246 3162 4287 sua!
3197 4245 3416 4299 posses-

95 4333 451 4403 sumpserit,
477 4349 584 4388 non
611 4335 849 4405 pastoris
869 4319 1127 4401 officium,
1158 4335 1250 4391 sed
1281 4331 1547 4390 eversoris
1571 4337 1733 4404 atque
1832 4329 2000 4383 sionis
2041 4325 2389 4381 transfuderit
2416 4365 2431 4388 ,
2489 4327 2592 4379 'non
2647 4322 2869 4377 humani
2907 4329 3169 4386 tantum,
3221 4335 3410 4376 verum

93 4425 541 4483 conturbatoris
613 4425 876 4482 Dominici
930 4427 1111 4498 gregis
1156 4427 1366 4481 noverit
1417 4441 1476 4480 se
1528 4426 1732 4496 agitare
1835 4418 1998 4473 etiam
2031 4411 2359 4482 divitliilll‘is
2391 4413 2584 4468 ηυκῖυε
2635 4415 2867 4476 ῑθηθῑυΐν
2899 4420 2950 4465 ei
2985 4426 3088 4465 ηοη
3121 4409 3292 4466 εοῙυηι
3322 4426 3414 4465 1⁸³-

96 4513 502 4589 tyrannidem,
530 4530 594 4570 ac
629 4530 725 4586 per
764 4517 867 4571 hoc
898 4532 1002 4571 non
1037 4527 1092 4569 ut
1125 4524 1312 4584 pastor
1335 4513 1731 4584 suscipiendus,
1838 4507 2006 4576 ptoris
2035 4514 2126 4560 aut
2154 4503 2462 4574 pervasoris
2485 4500 2734 4589 crimine,
2764 4517 2950 4554 verum
2982 4501 3144 4555 etiam
3188 4501 3416 4556 sacrile-

97 4585 324 4665 v'erum
357 4585 815 4677 tanquamilupus
846 4607 914 4661 ab
951 4606 1076 4661 ovili
1104 4605 1304 4660 Christi
1345 4606 1704 4660 removendus

1837 4598 1909 4668 gii
1933 4607 2057 4651 nota
2082 4593 2436 4657 damnandus,
2467 4591 2673 4650 cmlesti
2705 4585 2912 4660 judicio
2935 4591 3270 4646 multabitur.

95 4689 507 4760 damnationis
548 4711 658 4754 sua:
688 4712 876 4770 pinnas
915 4696 1275 4753 auathematis
1314 4712 1571 4751 mucrone
1603 4713 1706 4766 per

1907 4685 2059 4741 Unde
2102 4683 2370 4756 magnifici
2403 4683 2675 4754 prinCipes
2711 4681 2947 4750 cogitent
2976 4690 3180 4750 quanto
3225 4695 3284 4734 se
3312 4683 3421 4736 cri-

96 4807 334 4850 cussus
361 4789 619 4860 excipiat.
649 4789 856 4844 Altaria
886 4804 1016 4844 vero
1049 4793 1151 4844 seu
1171 4785 1426 4844 basilicas
1455 4787 1508 4842 in
1537 4804 1728 4843 mona-
1838 4778 1983 4834 mine
2013 4785 2138 4832 ante
2181 4783 2529 4844 conspectum
2563 4773 2757 4827 divina:
2795 4772 3094 4840 majestatis
3138 4771 3380 4860 obligem
3404 4812 3420 4833 .

95 4883 310 4940 sterio
340 4859 561 4952 rogatus
578 4881 644 4936 ab
659 4880 856 4935 abbate
879 4896 976 4951 pro
994 4877 1194 4935 Christi
1217 4879 1430 4934 nomine
1453 4893 1706 4935 consecre

1836 4870 1928 4939 qui
1974 4885 2060 4924 res
2111 4868 2221 4923 Deo
2252 4866 2486 4927 traditas
2526 4863 2779 4921 invadere
2829 4871 2885 4916 et
2925 4863 2990 4917 ab
3039 4859 3427 4917 ecclesiasticis

93 4986 304 5046 atque
348 4947 650 5028 benedicat.
700 4947 947 5026 Chrisma
991 4979 1235 5042 quoque,
1284 4969 1395 5029 sive
1423 4965 1729 5028 sanctifica-
1839 4959 2026 5015 usibus
2048 4959 2100 5012 in
2139 4963 2267 5014 suas
2292 4953 2571 5018 utilitates
2600 4961 2916 5046 convertere
2947 4967 3048 5006 non
3069 4956 3332 5046 metuunt.
3366 4947 3423 5002 Si

99 5041 305 5123 ticius
334 5057 534 5124 oleum,
561 5055 790 5132 singulis
817 5060 970 5116 annis
991 5041 1245 5129 prazbeat.
1278 5058 1383 5117 Sed
1412 5071 1466 5116 et
1495 5061 1538 5117 si
1572 5061 1732 5132 quem
1841 5065 1970 5105 "0"0
1995 5050 2351 5122 ρτὶνιιιοτυων
2375 5047 2640 5120 (ιιιωιινὶε
2662 5044 3008 5112 ingenuorum
3033 5041 3432 5136 hominUItt,t-.\-

95 5157 367 5233 petierit
401 5154 562 5213 abbas
607 5126 706 5212 aut
755 5153 821 5210 de
873 5126 1167 5219 monachis,
1210 5162 1298 5208 aut
1346 5161 1417 5216 de
1460 5126 1702 5212 cano-uici

1843 5153 1964 5193 men
1998 5144 2370 5212 possessiones
2409 5141 2630 5224 injuste
2656 5135 3002 5202 pervaserint,
3037 5144 3193 5201 atque
3235 5126 3447 5233 νὶςὶθιξ·

96 5215 259 5309 Ξυίε
296 5247 370 5302 ad
406 5242 626 5317 aliquem
663 5244 893 5319 gradum
934 5245 1352 5306 ecclesiasticum
1406 5262 1704 5304 consecrall

1844 5239 1926 5285 ter
1951 5233 2317 5298 abstulerint,
2371 5215 2514 5304 ποι]
2543 5239 2713 5300 regeS,
2755 5221 2808 5275 id
2840 5235 2925 5279 est
2966 5224 3090 5295 justi
3117 5230 3170 5276 et
3194 5215 3449 5326 modesti,

90 5345 292 5402 dum,
335 5336 632 5395 nullatenus
663 5304 1042 5401 'contradicat,
1083 5335 1180 5393 nisi
1220 5334 1369 5404 forte
1420 5340 1464 5394 is
1490 5352 1587 5408 pro
1629 5352 1706 5406 qui

1843 5323 1938 5377 sed
1963 5329 2202 5394 tyranni,
2234 5327 2284 5382 id
2314 5332 2404 5377 εει
2440 5318 2708 5396 crudeles
2735 5321 2784 5367 et
2809 5312 2977 5386 iniqui
3005 5318 3256 5408 vocantur
3275 5313 3329 5358 et
3348 5304 3449 5358 ha-

1030 5397 1039 5401 -
1340 5397 1367 5404 ν
1492 5397 1504 5408 .
1647 5397 1664 5406 -

663 5423 764 5472 Iuli
797 5422 995 5464 llnnnro
1023 5425 1243 5462 \rorilolic
1279 5429 1615 5472 σάοιῖηιηπῖη
1642 5424 1705 5456 ,ΙΑ

1844 5412 2045 5454 non...“
2095 5431 2201 5458 "nn
2240 5413 2497 5466 “Iunia”
2581 5417 2744 5456 annva
2772 5401 2972 5442 hnnnm
2994 5397 3235 5440 ηοηειηυιῖ
3291 5403 3414 5426 οηηο

93 5436 219 5482 ,ιρι
239 5425 354 5471 ίοίΙΓ
387 5424 623 5473 ίΙιιΙίοηιιεη
