4012 6300
491 368 628 426 1007

1021 367 1312 425 At’PEND.
1349 369 1440 423 AD
1484 367 1658 425 SASC.
1699 369 1788 434 IX.
1812 400 1880 410 -—-
1913 369 2252 428 SUPPLEM.
2293 369 2382 425 AD
2421 370 2709 427 SCRIPTA
2752 369 3020 430 PONTlr‘.
3061 371 3227 430 sum.

3618 371 3750 427 I008

489 499 586 554 pes
634 498 720 540 res
737 478 1064 540 monasterii
1106 484 1450 542 Corbeiensis
1499 484 1784 542 inviolatas
1815 484 2072 541 illibatas-
2103 488 2152 548 Α
2177 485 2356 542 clesiae
2399 501 2484 542 res
2521 487 2624 542 illis
2673 487 2934 543 tradendo
2975 488 3340 544 consentiunt.
3373 486 3527 556 Quali
3571 499 3751 545 autem

487 587 593 643 que
629 581 883 642 tanquam
915 588 1086 628 sacrae
1129 574 1426 630 divinitatis
1458 576 1786 643 custodiant,
1831 592 1932 632 nec
1961 577 2062 647 ipsi

484 677 580 717 eas
619 661 892 728 tollentes,
945 679 1043 719 nec
1082 663 1150 718 ab
1188 665 1308 720 aliis
1330 666 1528 723 auferri
1559 668 1830 735 sinentes,
1859 677 1918 722 ut
1941 677 2064 724 ante

483 763 829 824 conspectum
877 756 1095 825 superni
1139 758 1280 827 regis
1305 797 1320 823 ,
1368 760 1510 828 quod
1539 760 1794 816 dicuntur
1822 760 2060 826 nomine,

484 858 637 913 reges
664 844 860 899 merito
885 855 1227 912 censeantur,
1260 856 1338 912 ut,
1368 848 1495 902 dum
1517 849 1628 904 Deo
1652 865 1772 920 quae
1795 865 1892 905 sua
1932 859 2063 906 sunt

481 931 831 998 custodiunt,
861 933 940 988 eis
983 949 1014 990 a
1054 933 1166 990 Deo
1213 945 1267 990 et
1297 937 1498 992 terreni
1527 938 1678 1009 regni
1728 939 2063 1010 principatus

480 1023 822 1079 custodiatur
850 1035 904 1081 et
935 1026 1281 1096 sempiternae
1324 1028 1674 1085 beatitudinis
1713 1045 1911 1088 corona
1961 1032 2061 1086 tri-

481 1115 698 1170 buatur.

548 1208 892 1280 Quapropter
931 1218 1216 1266 monentes
1242 1226 1336 1268 eos
1371 1212 1674 1279 hortamur,
1709 1223 1767 1268 ut
1800 1224 1909 1268 tam
1959 1230 2056 1270 sua

481 1314 645 1370 quam
667 1299 906 1371 priorum
935 1301 1239 1373 principum
1259 1313 1517 1359 concessa
1548 1305 1861 1361 inconvulsa
1882 1317 2061 1362 casto-

481 1389 711 1458 dientes,
759 1391 1073 1462 pontificum
1118 1408 1333 1463 quoque
1369 1403 1664 1466 nostraque
1687 1395 1905 1452 decreta
1939 1398 2060 1452 uul-

480 1482 694 1540 latenus
714 1485 1149 1554 praevaricantes,
1181 1487 1511 1543 monasterio
1529 1489 1817 1559 saepedicto
1842 1489 2059 1546 electio-

481 1573 565 1629 nis
593 1574 960 1647 privilegium,
993 1586 1100 1631 tam
1134 1577 1248 1632 suis
1278 1593 1440 1648 quam
1477 1579 1672 1635 futuris
1702 1583 2056 1652 temporibus,

479 1674 534 1720 et
557 1675 775 1722 servent
797 1675 852 1721 et
881 1668 1147 1722 servanda
1186 1669 1480 1724 sanctiOnis
1515 1677 1787 1742 perpetuae
1817 1673 2057 1730 stabilire

477 1757 788 1814 decernant.
826 1759 1078 1816 Veritatis
1099 1761 1302 1816 etenim
1329 1775 1462 1817 voce
1490 1762 1749 1818 docemur
1773 1765 2052 1836 quoniam,

2165 577 2383 648 utrique
2438 577 2704 632 feriantur
2737 578 2997 634 divinitus
3048 577 3251 634 ultione
3302 579 3557 648 superius
3605 579 3748 635 dicta

2161 670 2436 726 sententia
2463 670 2902 741 comprehendit,
2927 685 3046 740 quae
3062 669 3300 726 ostendit
3321 685 3415 725 eos
3438 685 3469 723 a
3501 670 3742 725 cmlestis

2163 762 2354 832 patriae
2383 761 2678 817 stabilitate
2707 761 3090 832 projiciendos,
3132 770 3189 818 et
3219 761 3532 831 temporalis
3558 761 3754 817 nobili-

2163 861 2275 910 tate
2331 852 2511 925 lapsos
2561 853 2720 923 quasi
2763 863 2897 909 rotae
2951 853 3220 922 vertigine
3251 851 3752 918 circumferendos,

2161 954 2389 1016 postque
2413 945 2698 1016 praesentis
2721 945 3010 1000 terminum
3050 944 3194 1008 vitae,
3226 943 3500 999 turbidine
3546 943 3749 1000 divina:

2162 1035 2650 1092 animadversionis
2711 1034 2857 1091 velut
2901 1034 3152 1105 stipulam
3203 1033 3472 1090 ariditatis
3506 1035 3749 1089 vanitate

2162 1125 2490 1182 levissimam
2515 1125 2827 1196 rapiendos,
2850 1133 2903 1181 et
2940 1122 3427 1178 inl'ructuositatem
3457 1138 3652 1178 eorum
3675 1131 3756 1176 at-

2161 1231 2268 1288 que
2295 1217 2604 1288 superbiam
2652 1228 2910 1288 tanquam
2955 1217 3261 1273 silvestrem
3309 1217 3662 1274 sterilitatem
3704 1227 3758 1273 et

2155 1317 2348 1366 contra
2379 1308 2548 1365 Deum
2599 1309 2745 1366 elatu
2801 1317 3071 1366 tumorem
3101 1318 3282 1376 terrae,
3340 1309 3451 1381 igni
3503 1308 3756 1364 ﬂamma-

2165 1416 2275 1472 que
2305 1412 2530 1458 vorante
2549 1402 2970 1459 comburendos.

2235 1493 2307 1551 Ut
2326 1495 2469 1550 hanc
2491 1493 2656 1565 igitur
2677 1493 2898 1550 ultionis
2915 1494 3107 1548 divinae
3126 1493 3471 1548 severitatem
3497 1507 3608 1548 non
3631 1495 3756 1548 sub-

2153 1594 2306 1653 eant,
2342 1585 2594 1641 studeant
2639 1584 3082 1640 Christianissimi
3132 1583 3403 1655 principes
3430 1581 3640 1638 Christi
3669 1598 3758 1638 ec-

2161 1677 2352 1733 clesiis
2375 1677 2657 1733 electionis
2697 1692 2795 1732 sua
2825 1675 2947 1745 jura
2983 1689 3338 1740 conservare,
3367 1683 3426 1730 et
3451 1675 3596 1745 quod
3635 1676 3756 1728 uni-

2159 1781 2332 1825 versae
2378 1769 2602 1826 debetur
2645 1768 2934 1835 Ecclesiae,
2982 1767 3299 1823 Corbeiensi
3345 1781 3455 1822 non
3503 1767 3756 1822 auferant

478 1847 523 1901 si
559 1847 680 1917 quis
716 1847 770 1903 in
804 1847 945 1902 ovile
971 1847 1168 1903 Christi
1204 1865 1310 1904 non
1353 1863 1450 1919 per
1485 1851 1687 1906 ostium
1730 1853 2051 1924 ingreditur,
2085 1853 2130 1912 Β
2157 1861 2491 1916 monasterio
2520 1875 2541 1918 :
2570 1867 2630 1916 ut
2650 1861 2775 1916 dum
2792 1869 2846 1916 et
2866 1867 3087 1932 propter
3112 1860 3374 1916 honorem
3403 1860 3496 1914 Dei
3518 1858 3615 1928 jus
3637 1859 3758 1914 elc-

478 1936 570 1992 sed
593 1936 810 1992 aliunde
856 1937 1129 2002 ascendit,
1181 1939 1270 1994 hic
1319 1939 1410 1994 l'ur
1449 1948 1534 1996 est
1579 1950 1636 1995 et
1661 1939 1819 2008 latro,
1847 1951 1901 1998 et
1930 1943 2054 1999 talis

479 2040 584 2080 non
623 2025 891 2082 Dominici
919 2026 1097 2099 gregis
1117 2028 1368 2095 salutem,
1399 2029 1492 2085 sed
1519 2045 1616 2086 sua
1650 2031 1822 2099 lucra,
1848 2015 1954 2088 non
1996 2043 2053 2088 ut

477 2115 666 2182 salvet,
705 2117 800 2173 sed
829 2127 888 2172 ut
917 2118 1129 2188 perdat,
1173 2119 1420 2189 requirit.
1458 2119 1613 2177 Ovile
1643 2132 1824 2178 autem
1851 2125 2054 2179 Christi

478 2207 595 2266 fore
644 2209 929 2281 collegium
976 2219 1224 2267 sanctum
1257 2213 1681 2279 monachorum,
1715 2215 1894 2271 nullus
1922 2231 2052 2286 pru-

476 2299 721 2355 dentium
751 2301 981 2356 dubitat.
1014 2301 1071 2358 In
1103 2303 1206 2359 hoc
1233 2303 1376 2360 ovile
1403 2318 1500 2374 per
1526 2306 1726 2361 ostium
1757 2307 2057 2379 ingreditur

477 2395 695 2466 quando
739 2411 836 2467 per
885 2397 1164 2456 electionis
1210 2400 1478 2465 ordinem,
1518 2399 1815 2458 secundum
1844 2400 2055 2472 regula-

477 2503 590 2542 rem
627 2489 1071 2546 constitutionem
1101 2531 1116 2557 ,
1147 2490 1340 2561 aliquis
1383 2491 1654 2561 pastorale
1697 2490 2054 2546 ministerium

475 2580 701 2658 sortitur
720 2572 852 2650 {qui
885 2594 1013 2636 vero
1043 2581 1196 2652 regia
1223 2581 1610 2638 dominationis
1645 2590 1914 2653 potestate
1940 2583 2053 2637 suf-

476 2667 664 2738 fultus,
708 2679 890 2726 etnon
929 2685 1026 2741 per
1053 2671 1333 2728 electionis
1373 2674 1601 2744 gratiam
1627 2687 1792 2742 super
1814 2672 2053 2728 Domini-

477 2773 600 2814 cum
635 2774 854 2831 gregem
900 2761 1194 2831 primatum
1236 2761 1448 2832 arripit,
1483 2762 1573 2818 hic
1614 2778 1723 2818 non
1752 2772 1959 2833 pastor,
1999 2763 2052 2817 id

480 2856 568 2904 est
591 2849 826 2904 vicarius
845 2848 1069 2917 Christi,
1091 2850 1185 2906 sed
1213 2849 1298 2905 fur
1310 2859 1364 2906 et
1388 2851 1523 2906 latro
1547 2866 1668 2906 esse
1689 2851 2046 2922 cognoscitur,

475 2955 574 2995 nec
597 2949 656 2994 ut
685 2940 1022 2997 Dominicum
1049 2955 1267 3012 gregem
1315 2942 1604 3002 custodiat.
1641 2943 1734 2997 sed
1776 2951 1835 2998 ut
1863 2945 2052 3014 perdat

474 3036 528 3084 et
554 3028 779 3099 dissipet
822 3030 1024 3085 intrare
1064 3029 1507 3100 deprehenditur.
1538 3029 1688 3086 Unde
1725 3031 1970 3102 quisquis
1995 3031 2045 3087 ei

473 3121 756 3190 potestatis
807 3119 968 3190 hujus
1017 3121 1208 3176 tribuit
1258 3122 1714 3187 dominationem,
1764 3123 1831 3178 de
1875 3130 2049 3178 morte

476 3221 742 3268 tantarum
777 3213 1103 3279 animarum,
1153 3213 1206 3268 in
1251 3213 1337 3267 die
1384 3211 1593 3281 judicii,
1629 3229 1752 3268 reus
1782 3212 2049 3283 judicabi-
2078 3210 2122 3272 C

477 3314 562 3358 tur
604 3305 820 3376 quantis
858 3305 965 3370 hic,
1006 3319 1103 3377 per
1125 3303 1410 3376 pravitatis
1443 3303 1713 3373 exet‘upla,
1759 3319 1924 3358 causa
1953 3303 2053 3358 fuit

470 3395 809 3464 perditionis.

539 3485 656 3554 Qua
679 3487 744 3544 de
775 3499 855 3554 re,
877 3486 1094 3559 gloriosi
1117 3488 1410 3560 principes,
1439 3485 1772 3544 monasterio
1803 3487 1925 3542 huic
1947 3487 2056 3542 ele-

471 3579 670 3636 ctionis
687 3580 1105 3650 praerogativam
1129 3580 1430 3647 concedite,
1463 3595 1637 3650 neque
1676 3579 1911 3650 aliquam
1934 3595 2054 3650 per-

475 3683 666 3725 sonam
695 3680 789 3724 ant
817 3669 1034 3736 laicatn,
1068 3679 1161 3725 aut
1189 3671 1533 3738 canonicam,
1554 3669 1698 3742 quod
1721 3679 1908 3726 contra
1938 3686 2054 3724 om-

473 3777 594 3818 nem
633 3761 1064 3818 ecclesiasticum
1109 3763 1354 3818 ordinem
1385 3773 1500 3827 est,
1542 3772 1636 3817 aut
1673 3763 1837 3817 etiam
1866 3778 2052 3816 mona-

470 3855 629 3909 chum
667 3867 733 3908 ex
759 3852 865 3909 alio
895 3855 1222 3910 monasterio
1245 3894 1260 3921 ,
1300 3853 1384 3909 vel
1430 3869 1534 3908 non
1566 3853 1860 3909 secundum
1895 3869 2052 3922 regn-

469 3944 573 3998 lam
613 3941 864 4008 electum,
894 3942 1201 4013 superillud
1232 3941 1396 4012 regali
1422 3942 1659 4014 potentia
1680 3942 2048 4006 constituatis,

470 4049 539 4091 ne
569 4036 759 4091 domus
790 4034 906 4100 Dei,
934 4050 1056 4111 qua:
1084 4035 1274 4091 domus
1304 4035 1570 4090 orationis
1598 4049 1719 4090 esse
1744 4032 1926 4100 debet,
1954 4051 2051 4106 per

469 4143 565 4184 vos
612 4127 705 4184 liat
745 4126 999 4198 spelunca
1051 4127 1339 4182 latronum.
1394 4126 1578 4199 Neque
1629 4127 1777 4182 enim
1835 4127 2050 4196 ignora-

467 4221 538 4276 tis
564 4219 864 4292 huiusmodi
888 4219 1138 4291 praelatos
1162 4229 1216 4274 et
1248 4227 1498 4274 auctores
1526 4217 1832 4288 huiusmodi
1865 4218 2048 4290 praela-

467 4314 631 4369 tiouis
655 4328 685 4368 a
717 4313 878 4368 domo
911 4312 1228 4369 aeternitatis
1273 4313 1455 4369 divina
1497 4327 1728 4368 censura
1751 4312 2043 4366 exturban-
2069 4387 2072 4390 ἢ

465 4405 584 4470 dos,
629 4414 684 4460 et
713 4405 782 4459 ad
820 4404 1078 4475 supplicia
1107 4404 1326 4463 ultionis
1364 4413 1635 4474 perpetua
1661 4403 2042 4474 deportandos.

470 4497 621 4554 Unde
653 4514 774 4570 quae
796 4500 1060 4554 sententia
1091 4498 1453 4555 damnationis
1481 4514 1512 4553 a
1542 4499 1696 4555 nobis
1724 4507 1808 4555 est
1833 4499 1884 4554 in
1910 4498 2043 4553 tales

465 4589 764 4645 exercenda
806 4590 905 4645 nisi
941 4605 1101 4656 quam
1150 4588 1384 4659 Spiritus
1415 4598 1636 4648 sanctus
1677 4602 1772 4645 ore
1808 4589 2041 4660 prophe-

465 4681 574 4736 tico
619 4681 844 4752 protulit
875 4699 888 4736 :
947 4681 1134 4738 dicens
1169 4699 1182 4735 :
1219 4680 1412 4736 Omnes
1445 4682 1700 4753 principes
1745 4698 1926 4736 eorum
1953 4683 2042 4752 qui

463 4771 710 4826 dixerunt
740 4786 759 4825 :
789 4769 1110 4826 Hiereditate
1133 4771 1492 4841 possideamur
1528 4771 1888 4827 sanctuaritmt
1924 4771 2039 4826 Dei.

465 4859 603 4915 Deus
632 4877 797 4928 meus,
849 4877 984 4931 pone
1031 4859 1152 4916 illos
1197 4871 1252 4914 ut
1291 4870 1458 4915 rotam
1484 4901 1499 4927 ,
1549 4870 1597 4915 et
1621 4863 1754 4916 sicut
1796 4861 2044 4931 stipulam

461 4963 584 5008 ante
611 4953 799 5022 faciem
839 4954 974 5009 venti
1000 4971 1019 5010 :
1041 4955 1173 5009 sicut
1199 4953 1334 5025 ignis
1359 4954 1448 5024 qui
1479 4953 1732 5008 comburit
1755 4952 1962 5017 silvam,
1993 4962 2040 5007 et

459 5041 596 5095 sicut
622 5043 839 5112 ﬂamma
869 5038 1172 5099 combu'i'cns
1202 5053 1403 5098 montes
1434 5083 1450 5110 ,
1497 5045 1572 5097 ita
1601 5044 1924 5114 persequeris
1953 5060 2040 5098 eos

460 5121 843 5202 intempestate
885 5143 1014 5201 tua,
1061 5144 1107 5189 et
1153 5136 1208 5188 in
1239 5135 1321 5188 ira
1365 5143 1457 5189 tua
1484 5135 1717 5189 turbabis
1741 5150 1828 5189 eos
1861 5131 2038 5206 (Psal.

461 5235 671 5290 sum,
702 5220 810 5293 Η).
839 5223 939 5290 Qui
967 5224 1261 5280 sunt-enim
1289 5225 1381 5295 qui
1405 5224 1771 5280 sanctuarium
1805 5223 1902 5280 Dei
1934 5220 2038 5278 liae-

461 5311 691 5368 reditate
713 5314 991 5384 possidere
1017 5313 1293 5382 dicuntur,
1325 5316 1427 5372 nisi
1454 5310 1529 5372 illi
1563 5316 1655 5387 qui
1692 5331 1779 5370 res
1802 5315 1913 5370 Deo
1942 5316 2037 5370 de-

460 5403 670 5482 dicatas
695 5447 710 5472 ,
741 5415 796 5462 et
823 5406 888 5460 ad
921 5422 1049 5463 usus
1063 5423 1356 5478 pauperum
1381 5423 1768 5480 servorumque
1793 5405 1908 5480 ejus
1930 5410 2040 5464 col-

459 5492 619 5558 latas.
667 5495 944 5552 saecularis
987 5497 1242 5568 potentia:
1269 5498 1544 5554 dominatu
1566 5539 1580 5564 ,
1620 5513 1725 5553 non
1759 5498 2038 5555 electionis

460 5585 657 5653 gratia,
694 5595 942 5657 quaerunt
990 5586 1234 5642 obtinere
1260 5587 1284 5641 ?
1311 5588 1592 5659 Principes
1617 5596 1795 5644 autem
1825 5589 2035 5644 illorum

461 5686 586 5742 sunt
613 5677 667 5732 hi
691 5679 782 5748 qui
811 5679 948 5750 votis
972 5694 1158 5734 eorum
1181 5677 1431 5754 suﬂ‘ragia
1458 5680 1903 5750 praestando,.aut
1947 5697 2036 5737 ecé

535 5800 563 5828 ι
597 5800 846 5860 quantum
873 5793 925 5844 in
950 5791 1144 5845 swrulo
1187 5790 1353 5862 Lego,
1379 5801 1626 5852 quantum
1660 5792 1713 5844 in
1738 5808 1790 5845 se
1819 5802 1912 5846 est.

2074 4559 2121 4618 D

2153 1948 2352 2004 ctionis
2406 1949 2766 2016 indulserint,
2811 1958 2867 2005 et
2898 1963 2988 2004 res
3029 1949 3358 2007 monasterii
3387 1949 3754 2005 violentdrum

2153 2041 2540 2097 ambitionibus
2575 2056 2646 2097 ne
2682 2039 3024 2107 deserviant,
3057 2041 3519 2097 iumntamiuatas
3563 2055 3754 2097 serva-

2154 2133 2354 2198 verint,
2396 2133 2495 2203 ipsi
2528 2132 2769 2188 cmlestis
2813 2133 2961 2205 regni
2990 2148 3115 2190 cum
3143 2133 3360 2189 Christo
3403 2133 3754 2206 participium

2155 2233 2575 2290 consequantur.
2632 2222 2739 2280 Nec
2790 2223 2919 2280 illud
2972 2224 3263 2295 aliquando
3299 2224 3354 2279 in
3395 2225 3743 2280 saecularium

2155 2329 2388 2380 manus,
2433 2323 2528 2370 aut
2582 2313 2900 2371 canonicam
2929 2315 3354 2372 dominationem
3383 2316 3750 2386 permittant;

2154 2409 2298 2478 quod
2329 2408 2695 2464 habitatorum
2743 2424 2954 2465 summa
2999 2409 3300 2465 destructio
3329 2418 3436 2474 est,
3468 2417 3527 2463 et
3574 2409 3752 2464 dantis

2155 2497 2270 2553 sive
2285 2499 2605 2576 accipientis
2618 2513 2827 2554 summa
2855 2499 3152 2554 damnatio.
3177 2498 3311 2554 Nam
3334 2498 3462 2568 quid
3491 2507 3581 2554 est
3603 2498 3751 2553 aliud

2155 2590 2468 2646 saecularem
2493 2605 2782 2661 personam
2804 2590 3042 2664 pastoris
3069 2591 3188 2646 vice
3215 2589 3468 2646 Ecclesia:
3493 2591 3587 2646 Dei
3618 2605 3753 2661 prae—

2156 2678 2309 2749 l‘erri,
2355 2694 2518 2750 quam
2547 2678 3009 2758 abominationem
3065 2678 3417 2734 desolationis
3448 2679 3504 2734 in
3550 2679 3751 2750 templo

2155 2770 2250 2826 Dei
2280 2771 2661 2827 constituere?
2690 2770 3009 2841 Quicunque
3056 2771 3220 2843 igitur
3245 2771 3347 2827 hoc
3391 2770 3622 2836 faciunt,
3656 2771 3747 2826 Pi-

2154 2859 2262 2915 lato
2311 2859 2515 2916 similes
2564 2859 2932 2925 inveniuntur,
2963 2859 3054 2931 qui
3098 2859 3332 2916 Caesaris
3378 2855 3648 2932 imagines
3693 2862 3746 2915 in

2153 2951 2355 3021 templo
2386 2949 2597 3007 Domini
2638 2951 2830 3005 statuit
2861 2951 3218 3007 venerandus.
3253 2951 3317 3005 Et
3355 2967 3478 3006 cum
3512 2953 3743 3023 Aposto-

2154 3041 2239 3098 lus
2268 3040 2514 3098 lidelibus
2533 3041 2789 3112 loquitur,
2817 3042 3003 3098 dicens
3027 3059 3042 3096 :
3073 3040 3252 3097 Nolite
3281 3043 3744 3113 confer-maritauit:

2153 3135 2384 3198 siccato,
2431 3135 2523 3188 sed
2579 3133 2942 3205 reformamini
2991 3135 3047 3189 in
3091 3133 3318 3189 novitate
3369 3149 3556 3189 sensus
3597 3137 3752 3189 vestri

2156 3226 2334 3301 (Rom.
2366 3225 2540 3300 sn,2)
2576 3245 2590 3282 :
2627 3227 2720 3298 qui
2761 3225 3078 3282 saecularem
3131 3240 3420 3298 personam
3465 3227 3751 3282 monachis

2167 3318 2414 3390 praeficit,
2460 3325 2722 3389 quantum
2752 3319 2806 3374 in
2831 3316 3029 3374 sarculo
3060 3329 3086 3360 ι
3127 3319 3193 3373 de
3220 3317 3392 3372 forma
3425 3318 3652 3388 spiritus
3685 3318 3752 3373 ad

2155 3411 2382 3466 formam
2412 3411 2618 3476 saeculi,
2656 3419 2712 3466 et
2749 3411 2816 3466 de
2844 3409 3079 3481 imagine
3108 3409 3309 3465 Christi
3340 3410 3408 3464 ad
3451 3410 3747 3481 imaginem

2155 3502 2355 3558 terreni
2401 3502 2542 3574 regis
2570 3517 2664 3558 eos
2690 3501 2944 3572 impellit,
2987 3501 3242 3572 quoniam
3285 3500 3468 3556 omnis
3503 3501 3750 3556 sublatus

2154 3591 2358 3664 praelati
2390 3594 2474 3648 sui
2498 3593 2656 3648 debet
2685 3593 2978 3664 imaginem
3002 3593 3281 3664 sequendo
3315 3592 3540 3647 imitari.
3591 3591 3746 3649 Unde

2155 3698 2258 3737 non
2290 3698 2456 3754 parvo
2486 3698 2543 3739 se
2573 3682 2754 3738 delicti
2779 3681 2986 3738 scelere
3012 3689 3172 3752 putet
3201 3680 3440 3748 involvi,
3489 3681 3582 3751 qui
3615 3681 3748 3736 tales

2153 3773 2406 3831 Ecclesia:
2435 3773 2720 3844 praeponit,
2749 3773 2805 3828 in
2851 3787 3081 3842 quorum
3120 3771 3291 3828 forma
3323 3771 3467 3827 servi
3500 3771 3703 3826 Christi
3728 3812 3742 3833 .

2154 3880 2258 3920 non
2285 3864 2484 3920 Christi
2511 3862 2894 3930 humilitatem,
2920 3862 3014 3918 sed
3043 3861 3357 3933 superbiam
3383 3861 3607 3924 mundi;
3638 3876 3744 3915 non

2151 3951 2388 4009 caelestis
2429 3951 2620 4024 patriae
2667 3950 2994 4008 desiderium
3026 3990 3040 4012 ,
3082 3951 3180 4006 sed
3242 3949 3742 4020 concupiscentiam

2153 4043 2334 4099 saeculi
2361 4041 2799 4112 contemplentur
2826 4055 3045 4109 semper
3069 4049 3122 4095 ct
3146 4037 3451 4093 addiscant.

2225 4133 2376 4200 Quod
2403 4132 2533 4203 quia
2559 4130 2775 4194 videtis,
2821 4127 3256 4186 excellentissimi
3293 4127 3588 4197 principes,
3623 4141 3740 4182 sees

2150 4222 2498 4279 lestissimum
2530 4218 2671 4287 fore,
2713 4221 2816 4275 hoc
2847 4218 3148 4289 impietatis
3189 4216 3537 4288 sacrilegium
3567 4233 3598 4270 a
3631 4232 3744 4271 mo-

2149 4312 2385 4369 nasterio
2409 4311 2723 4369 Corbeiensi
2755 4310 3038 4382 propellite
3065 4323 3300 4378 semper,
3331 4308 3427 4364 sed
3459 4322 3562 4363 nec
3583 4324 3742 4364 cano-

2147 4407 2254 4462 nici
2284 4405 2490 4462 ordinis
2511 4419 2796 4476 personam
2826 4416 2991 4471 super
3015 4401 3143 4456 illud
3173 4400 3469 4471 aliquando
3492 4400 3580 4455 vel
3607 4415 3741 4470 pne-

2148 4497 2393 4568 ponatis,
2422 4494 2504 4551 vel
2535 4493 2772 4567 praeponi
2819 4493 3032 4550 sinatis.
3062 4490 3330 4547 Memores
3379 4499 3556 4547 estote
3597 4492 3739 4562 quod

2151 4589 2333 4645 Nabad
2357 4597 2413 4645 et
2457 4588 2621 4654 Abiu,
2670 4587 2797 4658 quia
2842 4587 3021 4660 ignem
3050 4585 3287 4642 alienum
3319 4583 3552 4640 Domino
3580 4586 3635 4640 in
3663 4586 3742 4639 in-

2149 4695 2370 4735 censum
2425 4677 2771 4744 obtulerunt,
2817 4677 3002 4734 divino
3057 4675 3168 4748 igni
3227 4676 3538 4746 consumpti
3591 4683 3734 4730 sunt.

2147 4773 2330 4845 Ignem
2353 4772 2618 4842 siquidem
2639 4769 2874 4826 alienum
2903 4769 2956 4825 in
2991 4769 3271 4825 incensum
3299 4766 3460 4824 offert
3486 4767 3734 4831 Domino,

2148 4863 2238 4933 qui
2281 4863 2594 4919 monasticae
2628 4859 2871 4932 religioni
2899 4859 3134 4930 aliquem
3165 4859 3265 4915 sub
3291 4859 3560 4914 canonica
3610 4873 3734 4930 pro-

2145 4952 2382 5009 fessione
2404 4953 2748 5019 militantem,
2780 4959 2838 5006 ut
2867 4951 3103 5023 pastoris
3125 4951 3300 5005 vicem
3329 4949 3578 5004 obtineat
3603 4966 3736 5020 prac-

2146 5055 2318 5116 rogat.
2355 5044 2552 5102 Verum
2595 5043 2724 5118 quia
2775 5041 2908 5098 tales
2950 5041 3154 5098 ultione
3185 5040 3476 5109 feriuntur,
3518 5040 3732 5098 illorum

2143 5137 2322 5208 signat
2350 5135 2623 5200 interitus,
2654 5133 2746 5205 qui
2790 5148 2911 5189 mox
2939 5133 3223 5204 prasentis
3259 5147 3432 5204 paenae
3462 5131 3730 5204 supplicio

2141 5225 2477 5297 consumpti,
2524 5224 2654 5296 quid
2697 5235 2886 5280 eorum
2937 5223 3240 5279 Imitatores
3273 5231 3595 5276 mereantur
3618 5237 3729 5277 suae

2143 5316 2502 5373 damnationis
2547 5314 2794 5386 exemplo
2829 5314 3062 5384 posteris
3104 5314 3478 5386 signaverunt.
3525 5310 3726 5367 Omnes

2139 5424 2388 5479 quoque,
2405 5408 2530 5463 licet
2547 5407 2862 5464 monasticae
2893 5405 3002 5462 sint
3022 5403 3397 5478 professionis,
3427 5405 3473 5460 si
3501 5420 3609 5460 non
3632 5419 3727 5475 per

2138 5500 2456 5556 electionem
2499 5498 2800 5570 regularem
2831 5498 3112 5555 constituti
3140 5496 3344 5553 fuerint
3380 5505 3622 5552 rectores
3643 5494 3725 5551 ei-

2139 5592 2261 5646 dem
2289 5591 2638 5664 monasterio,
2670 5591 2736 5646 de
2763 5579 3185 5661 qnolo1uimur,
3217 5585 3306 5657 qui
3340 5585 3477 5641 tales
3501 5600 3726 5658 permu-

2140 5698 2268 5766 nera
2321 5693 2726 5753 cognoscuntur
2777 5681 3033 5746 admissi,
3066 5677 3120 5736 id
3147 5689 3269 5744 est,
3306 5687 3402 5733 aut
3427 5693 3524 5749 per
3555 5691 3726 5747 pecu-
