4012 6300
170 468 173 469 ⁷
264 456 419 512 ωοθι

257 677 322 718 sa
363 678 397 718 a
435 662 590 718 nobis
630 661 776 717 Petri
813 660 1078 731 principis
1105 661 1471 731 apostolorum
1512 665 1838 720 auctoritate

257 769 386 809 cum
418 752 662 820 Simone,
685 752 840 823 cujus
866 753 1173 810 imitatores
1193 755 1452 821 existunt,
1490 757 1839 812 anathemate

256 844 713 903 condemnamur.
736 842 824 911 Et,
851 851 911 899 ut
938 844 1172 916 religiosi
1188 845 1460 916 principes
1486 844 1555 901 ab
1568 847 1670 901 hac
1691 846 1838 900 dam-

254 940 496 994 nationis
532 940 803 995 sententia
832 949 1091 996 maneant
1119 941 1409 1002 immunes.
1444 944 1701 998 studeant
1722 958 1832 998 om-

254 1031 418 1087 nibus
450 1031 623 1087 modis
644 1033 788 1088 circa
821 1041 1209 1089 monasterium
1248 1033 1530 1103 praefatum
1557 1032 1840 1089 electionis

250 1120 597 1194 privilegium
649 1136 868 1176 servare
920 1136 1135 1193 semper
1183 1122 1533 1189 inviolatum,
1580 1116 1836 1185 quoniam

253 1215 552 1273 secundum
574 1215 689 1286 jam
718 1216 846 1271 olim
868 1231 897 1271 a
914 1219 1119 1273 sanctis
1144 1216 1397 1277 Patribus
1421 1216 1696 1274 definitam
1715 1232 1838 1288 pro-

252 1306 672 1375 mulgationem,
723 1306 979 1380 Ecclesiae
1022 1306 1365 1364 Corbeiensis
1419 1307 1791 1378 praelationem
1818 1347 1834 1375 ,

250 1411 362 1467 non
392 1411 488 1466 per
515 1395 809 1468 legitimam
848 1396 1237 1453 monachorum
1281 1397 1333 1453 in
1365 1397 1554 1454 eodem
1586 1396 1837 1453 emnobio

248 1489 473 1545 Christo
502 1489 848 1546 militantium
892 1490 1357 1563 electionem,vsed
1402 1499 1595 1547 contra
1618 1490 1833 1562 regula-

251 1596 369 1635 rem
418 1590 582 1651 atque
628 1582 943 1647 canonicam
989 1583 1402 1649 auctoritatem,
1433 1591 1488 1638 et
1517 1583 1733 1638 dantem
1781 1592 1837 1639 et

249 1673 634 1742 accipientem,
666 1689 696 1729 a
729 1674 933 1731 Christi
961 1689 1129 1743 regno
1157 1684 1578 1746 sanctorumque
1617 1688 1836 1730 consor-

250 1763 332 1819 tio
363 1765 899 1830 anathematizamus,
918 1782 1093 1838 neque
1119 1766 1437 1822 societatem
1466 1774 1720 1836 poterunt
1740 1766 1834 1821 ha-

250 1852 384 1910 bere
413 1852 713 1911 Jerusalem
743 1855 1001 1922 caelestis,
1029 1857 1119 1927 qni
1147 1872 1269 1913 eam
1316 1855 1371 1912 in
1406 1856 1568 1913 terris
1589 1857 1831 1928 peregri-

1528 453 1956 516 BENEDICTUS
2000 460 2178 521 PAPA
2212 469 2298 524 ΙΙΙ.

258 573 427 636 niam,
460 578 557 626 aut
584 584 682 641 per
717 569 969 641 gratiam,
1001 576 1094 622 aut
1118 584 1216 639 per
1244 570 1586 639 obsequium,
1619 573 1918 639 nniver-A

3382 486 3519 551 10ίῦ

1980 722 2322 770 Ριιινιιεοιυυ
2360 717 2656 787 (Βεθευιρτι
2703 744 2847 785 ΡΑΡιΕ
2899 749 2955 787 III
3006 751 3106 791 νιιο
3144 750 3478 800 NONAS‘I'EBIC

2402 806 2564 847 SALV'A
2574 811 2730 854 TORIS
2782 816 3057 859 FULDENSI.

2555 928 2734 999 (Anno
2769 935 2917 1008 857.)

2293 1051 2551 1127 [Dronke,
2574 1061 2704 1120 Cod.
2737 1068 2952 1137 diplom.
2986 1070 3145 1130 Fuld.

2009 1182 2347 1244 Bcazmcrus
2407 1194 2713 1284 episcopus,
2779 1217 2971 1260 servus
3029 1222 3308 1269 servorum
3393 1218 3515 1285 Dei,

1939 1272 2216 1333 Timorem
2278 1276 2763 1353 religioso'abbati
2813 1298 3136 1355 venerabilis
3204 1272 3515 1365 monasterii

1939 1366 2150 1423 Domini
2188 1368 2509 1442 Salvatoris,
2543 1386 2600 1433 et
2644 1396 2740 1450 per
2786 1392 2837 1438 te
2882 1386 2935 1440 in
2984 1390 3171 1447 eodem
3226 1399 3517 1456 venerabili
3584 1427 3588 1432 -

1937 1462 2267 1558 monasterio
2292 1470 2807 1543 successoribusque
2838 1477 2944 1532 tuis
2976 1480 3280 1551 abbatibus,
3310 1486 3362 1541 in
3389 1504 3515 1558 per-

1935 1554 2177 1616 petuum.
2232 1552 2426 1610 Amen.

2008 1639 2273 1735 Quoniam
2312 1662 2529 1721 semper
2571 1663 2699 1709 sunt
2745 1660 3085 1719 concedenda
3121 1682 3240 1735 quae
3286 1670 3517 1728 rationa-

1935 1730 2133 1788 hllibus
2182 1749 2484 1810 congruunt
2535 1743 2841 1814 desideriis,
2886 1761 3097 1820 oportet
3140 1730 3197 1810 ut
3241 1758 3514 1819 devotioni

1935 1822 2234 1920 conditoris
2263 1828 2363 1896 piae
2398 1834 2822 1892 constructionis
2862 1842 3160 1898 auctoritas
3191 1845 3243 1900 in
3293 1850 3513 1920 privile-

248 1950 472 2001 nantem
509 1943 806 2005 dissociare
832 1911 1119 2001 conantur.
1150 1944 1303 2013 Quod
1333 1961 1495 2017 agere
1519 1911 1727 2002 certum
1754 1953 1836 2001 est
1862 1932 1912 2006 Β
3054 1930 3238 2038 Mill":
3274 1938 3518 2038 quiapo-

248 2047 442 2089 omnes
476 2035 566 2102 qui
604 2050 711 2089 non
745 2045 1013 2105 pastores,
1051 2036 1145 2093 sed
1190 2036 1450 2101 latrones,
1493 2051 1594 2093 nec
1635 2036 1836 2097 Christi

251 2124 511 2191 vicarios,
538 2126 633 2184 sed
657 2126 981 2183 Antichristi
1018 2142 1281 2198 sequaces
1301 2169 1316 2194 ,
1346 2143 1511 2199 super
1560 2143 1680 2183 eam
1707 2142 1839 2184 con-

251 2216 481 2273 stituere
529 2234 636 2272 non
681 2228 959 2282 verentur,
1019 2221 1298 2276 utdomus
1326 2219 1460 2287 Dei,
1491 2238 1597 2278 non
1646 2221 1837 2276 domus

248 2309 536 2373 orationis,
566 2311 658 2364 sed
686 2309 939 2381 spelunca
970 2309 1239 2366 latronum
1280 2312 1502 2379 existat,
1536 2329 1635 2369 nec
1676 2314 1728 2370 in
1772 2331 1835 2371 ea

251 2399 428 2456 forma
482 2398 722 2464 Christi,
772 2400 865 2456 sed
917 2401 1252 2458 abominatio
1303 2403 1651 2459 desolationis
1698 2407 1838 2461 cmi-,

250 2499 397 2563 neat.

324 2580 435 2638 Sed
471 2583 515 2638 si
571 2583 880 2655 reipublicae
925 2593 1201 2650 rectores,
1252 2587 1556 2642 divinorum
1596 2598 1836 2645 contem-

247 2687 437 2747 ptores
460 2686 848 2747 praeceptorum
893 2687 950 2734 et
980 2681 1376 2752 episcoporum,
1404 2691 1566 2754 atque
1594 2693 1834 2739 nostram

249 2781 418 2836 super
446 2766 547 2823 hac
595 2781 653 2823 re
681 2762 1506 2828 decernentem'contemnentes
1542 2773 1836 2829 auctorita-

252 2867 396 2924 tem,
444 2875 551 2915 non
602 2876 761 2932 quem
811 2861 1078 2932 regularis
1125 2864 1324 2920 electio
1375 2865 1703 2931 decreverit,
1740 2868 1835 2923 sed

248 2964 412 3019 quem
464 2966 651 3008 eorum
713 2954 1009 3011 dominatio
1030 2955 1291 3023 voluerit,
1349 2956 1425 3011 illi
1475 2956 1846 3030 praeposuerit

248 3045 676 3115 congregationi,
715 3047 965 3103 monachi
996 3046 1100 3103 loci
1131 3045 1374 3117 eiusdem
1398 3049 1734 3119 episcopum,
1766 3050 1835 3105 ad

251 3130 409 3201 cujus
441 3134 720 3192 dimcesim
757 3137 1153 3193 monasterium
1188 3139 1459 3209 pertinet,
1504 3136 1793 3193 obsecrent
1814 3179 1829 3203 ,

249 3234 314 3295 ut
342 3234 436 3281 aut
463 3241 560 3297 per
587 3227 848 3298 seipsum,
879 3234 972 3283 aut
1004 3243 1109 3283 una
1155 3244 1277 3284 cum
1327 3229 1407 3284 eis
1452 3230 1519 3285 ad
1566 3229 1835 3301 archiepi-

250 3333 477 3388 scopum
510 3316 869 3375 Rhemcnsem
903 3318 1122 3382 referat,
1150 3328 1312 3391 atque
1342 3319 1503 3375 simul
1531 3319 1831 3393 principem

248 3409 598 3476 conveniant,
620 3418 675 3465 et
696 3426 819 3466 eum
849 3426 1012 3483 super
1036 3409 1456 3482 trangressionis
1481 3425 1593 3468 suae
1617 3412 1833 3484 pericu-

247 3500 302 3555 lo
333 3500 920 3575 commoneant._Quod
952 3501 998 3558 si
1044 3501 1330 3572 episcopus
1379 3501 1634 3556 dimcesis
1688 3500 1832 3569 illius

246 3599 348 3645 aut
395 3598 616 3662 propter
659 3592 929 3659 timorem,
977 3600 1069 3649 aut
1117 3592 1359 3649 favorem
1411 3592 1693 3662 principis,

245 3696 475 3755 pmpter
501 3686 942 3756 imprudentiam,
966 3687 1049 3742 vel
1078 3687 1365 3759 pastoralis
1386 3702 1529 3743 cum
1556 3685 1831 3759 negligen-

248 3776 383 3831 tiam
403 3816 419 3841 ,
467 3776 613 3833 ferre
642 3778 899 3833 auxilium
930 3778 1011 3833 vel
1045 3778 1281 3843 noluerit
1309 3778 1391 3834 vel
1413 3778 1831 3849 contempserit,

245 3866 449 3923 fratres
484 3882 582 3938 per
611 3869 819 3941 seipsos
857 3869 1139 3939 praefatum
1163 3870 1630 3941 archiepiscopum
1667 3878 1723 3925 et
1752 3869 1836 3925 vi-

248 3957 407 4021 cinos
434 3958 716 4030 episcopos
745 3961 965 4027 adeant,
990 4032 993 4035 _
1016 3971 1068 4017 et
1100 3960 1520 4017 necessitudinis
1552 3976 1662 4017 suae
1700 3976 1832 4017 cau-

248 4065 370 4104 sam
400 4048 481 4106 eis
511 4051 861 4107 manifestent
885 4062 1053 4123 utque
1084 4053 1187 4109 sibi
1218 4052 1393 4108 ferant
1421 4054 1681 4109 auxilium
1708 4068 1830 4123 sup-

248 4139 476 4212 plicent.
507 4141 962 4215 Archiepiscopus
1011 4155 1190 4201 autem
1234 4145 1319 4201 vel
1366 4146 1481 4216 ipse
1525 4146 1705 4212 solus,
1752 4146 1836 4201 vel

248 4247 376 4286 cum
406 4233 621 4311 creteris
646 4234 913 4305 episcopis
941 4250 1054 4291 suae
1077 4236 1376 4293 dimceseos
1399 4251 1581 4309 regem
1613 4238 1855 4313 adeant,

249 4331 307 4383 et
327 4338 493 4395 super
520 4324 787 4382 electione
821 4326 1020 4391 violata
1065 4343 1188 4383 eum
1226 4337 1638 4395 commoneaut.
1673 4339 1837 4401 utque

248 4415 531 4485 corrigere
553 4417 803 4488 dignetur
822 4426 877 4472 et
905 4418 1084 4473 verbis
1115 4418 1364 4483 suadere,
1390 4428 1445 4473 et
1471 4418 1722 4488 precibus
1742 4419 1840 4475 ob-

250 4519 472 4561 secrare
500 4522 604 4575 non
634 4506 916 4565 desistant.
942 4505 1095 4574 Quod
1110 4508 1153 4563 si
1176 4522 1270 4563 eos
1297 4509 1484 4562 audire
1507 4517 1839 4578 contempse-

253 4594 357 4659 rit,
391 4610 491 4650 nec
529 4596 735 4666 peccati
768 4597 849 4653 sui
896 4597 1167 4669 corrigere
1196 4597 1409 4667 culpam
1439 4597 1714 4663 maluerit,
1744 4613 1833 4652 ex-

252 4686 762 4745 communicationis
812 4688 1123 4759 apostolicae
1172 4689 1501 4757 sententiam
1546 4689 1838 4746 damnatus

251 4774 510 4844 excipiat.
539 4774 603 4835 Si
625 4792 751 4833 vero
783 4778 870 4833 vel
908 4778 1195 4849 episcopus
1240 4777 1395 4849 cujus
1428 4779 1685 4848 parocltia
1723 4788 1836 4846 est,

253 4876 355 4921 aut
380 4867 842 4941 archiepiscopus,
888 4879 982 4925 aut
1003 4872 1187 4927 ueteri
1212 4870 1537 4945 sttli‘raganci
1567 4871 1842 4943 negligen-

256 4969 341 5015 tes
389 4974 553 5029 super
581 4960 693 5029 hoc,
730 4960 1093 5031 fuerint,aut
1130 4962 1576 5032 contempserint,
1604 4971 1697 5017 aut
1721 4962 1842 5029 irrif

258 5058 373 5103 tum
398 5051 687 5117 duxerint,
732 5052 1095 5119 damnationis
1124 5052 1278 5121 cujus
1304 5055 1586 5109 sententiae
1615 5063 1841 5110 tenean-

258 5149 349 5193 tur
395 5140 677 5215 obnoxii,
707 5155 811 5197 non
861 5142 1129 5212 ignorant.
1163 5144 1305 5200 Dicit
1353 5144 1498 5199 enim
1537 5146 1838 5216 propheta:

259 5228 320 5285 Si
363 5247 467 5285 non
510 5233 904 5286 annunliaveris
950 5233 1130 5303 iniquo
1169 5233 1497 5304 iniquitatem
1523 5250 1699 5300 suam,
1726 5252 1845 5289 san-

260 5320 475 5389 guinem
498 5320 611 5390 ejus
644 5321 708 5375 de
760 5338 919 5376 manu
944 5334 1034 5377 tua
1073 5324 1331 5394 requiram
1354 5322 1572 5394 (Ezech.
1614 5340 1696 5391 ιιι,
1726 5325 1842 5397 20).

262 5404 422 5464 Unde
448 5410 699 5465 noverint
738 5427 795 5465 se
826 5412 1015 5467 eodem
1041 5412 1356 5469 vinciendos
1400 5415 1767 5483 anathemate,
1800 5416 1844 5471 si

262 5499 603 5571 neglexerint
630 5517 726 5571 pro
749 5517 909 5574 grege
933 5503 1213 5569 Dominico
1246 5504 1533 5575 pastoralis
1566 5521 1709 5561 cura:
1735 5504 1847 5559 sol-

260 5589 601 5675 licitudinem
628 5593 907 5649 adhibere.

231 5689 239 5696 ’
337 5680 612 5754 Scriptum
647 5697 740 5757 per
774 5703 992 5741 manum
1027 5686 1373 5754 Tlteodoriei,
1403 5688 1672 5745 scriniarii
1717 5706 1847 5746 san-

267 5773 641 5833 ctaeRomana:
657 5778 927 5842 ECCICSi‘J},
965 5780 1015 5835 in
1046 5796 1229 5837 mense
1251 5780 1528 5849 Octobt'io,
1558 5782 1847 5841 indictione

268 5874 483 5935 quarta.
522 5864 664 5923 Bene
693 5866 884 5923 valete.

1938 2104 2128 2151 sancto
2159 2095 2426 2155 Bonifatio
2469 2104 2879 2178 archiepiscopo
2903 2122 3274 2169 constructum
3322 2117 3373 2173 in
3399 2116 3518 2174 loco

1938 2185 2030 2255 qui
2077 2197 2302 2246 vocatur
2340 2192 2571 2250 Boconia
2602 2211 2732 2269 erga
2774 2200 2946 2272 ripam
2976 2203 3214 2263 ﬂuminis
3255 2208 3515 2275 Uoldaha.

1938 2277 2201 2370 privilegii
2229 2283 2375 2340 sedis
2407 2288 2721 2357 apostolicae
2761 2295 3104 2354 adminiculis
3127 2301 3430 2370 decoretur,
3462 2314 3520 2360 nt

1938 2369 2039 2424 sub
2075 2369 2456 2438 iurisdictione
2502 2389 2704 2436 sancta:
2734 2394 2932 2442 nostra:
2970 2389 3080 2454 cui,
3121 2390 3230 2446 Deo
3275 2369 3517 2458 auctore,

1938 2458 2279 2519 deservimus
2325 2464 2603 2523 Ecclesiae
2632 2473 3002 2543 constitutum,
3052 2479 3250 2536 nullius
3296 2482 3519 2539 alterius

1937 2549 2194 2609 Ecclesiae
2237 2552 2705 2622 iurisdictionibus
2739 2564 3104 2622 submittatur.
3153 2569 3257 2625 Pro
3305 2588 3409 2643 qua
3459 2588 3518 2627 re

1938 2639 2043 2717 piis
2083 2640 2369 2700 desideriis
2402 2644 2668 2715 faventes,
2712 2652 2815 2708 hac
2863 2663 3047 2711 nostra
3096 2639 3418 2716 auctoritate
3465 2661 3520 2717 id

1938 2732 2081 2803 quod
2109 2734 2422 2803 exposcitur
2458 2736 2670 2799 effectui
2707 2743 3100 2815 mancipamus.
3145 2749 3209 2804 Et
3254 2750 3377 2807 ideo
3400 2767 3519 2808 om-

1938 2835 2062 2875 nem
2125 2822 2414 2891 cujuslibet
2466 2825 2722 2885 Ecclesiae
2775 2834 3108 2891 sacerdotem
3175 2839 3227 2893 in
3298 2842 3522 2911 praefato

1939 2913 2273 2968 monasterio
2304 2914 2566 2972 ditionem
2608 2920 2906 2988 quamlibet
2934 2923 3135 2983 habere
3169 2938 3263 2984 aut
3290 2933 3523 2988 auctori-

1939 3009 2101 3063 tatem
2132 3011 2329 3073 prmter
2368 3006 2553 3061 sedem
2600 3010 2951 3079 apostolicam
3000 3026 3056 3070 et
3094 3016 3431 3088 episcopum,
3466 3022 3518 3077 in

1938 3094 2091 3165 cujus
2136 3096 2361 3152 dioecesi
2409 3097 2551 3154 idem
2598 3104 2909 3161 venerabile
2956 3111 3345 3167 monasterium
3394 3128 3523 3168 eon-

1938 3194 2204 3241 structum
2250 3202 2375 3244 esse
2408 3190 2643 3258 videtur,
2690 3193 2775 3248 cui
2836 3194 3109 3253 licentiam
3175 3201 3523 3258 concedimus

1859 3282 1908 3346 ε
1942 3286 2148 3332 tantum
2170 3294 2292 3334 cum
2320 3283 2699 3351 opportunitas
2746 3289 3096 3344 consecrandi
3123 3290 3308 3347 altaris
3337 3291 3520 3357 fuerit,

1936 3368 2285 3437 prohibemus
2314 3372 2387 3426 ita
2418 3382 2477 3427 ut
2519 3374 2623 3429 nisi
2666 3376 2735 3430 ab
2777 3376 2971 3433 abbate
3014 3383 3326 3438 monasterii
3357 3382 3522 3440 fuerit

1936 3458 2221 3527 invitatus,
2250 3477 2351 3518 nec
2378 3463 2666 3519 missarum
2708 3467 2905 3525 ibidem
2933 3470 3327 3529 solemnitatem
3369 3474 3521 3545 quis-

1934 3553 2075 3647 piam
2122 3564 2418 3647 praesumat
2453 3558 2771 3614 omnimodo
2813 3559 3115 3631 celebrare,
3160 3574 3219 3620 ul
3252 3568 3518 3637 ριόῖεοιον

1930 3644 2083 3715 juxta
2129 3645 2183 3701 id
2219 3646 2364 3719 quod
2392 3648 2694 3719 subjectum
2724 3652 3038 3723 apostolicae
3090 3655 3205 3711 sedi
3255 3656 3514 3715 firmitate

1937 3736 2206 3808 privilegii
2236 3739 2500 3805 constitit,
2553 3740 2876 3800 inconcusse
2922 3744 3165 3801 dotatum
3210 3760 3526 3819 permaneat

1937 3828 2070 3891 locis
2097 3837 2146 3885 et
2178 3829 2359 3896 rebus,
2392 3838 2505 3887 tam
2536 3834 2617 3887 eis
2639 3848 2775 3903 quas
2812 3836 3072 3892 moderno
3092 3845 3344 3909 tempore
3377 3847 3526 3895 tenet

1936 3919 2022 3975 vel
2051 3921 2314 3991 possidet,
2358 3936 2520 3992 quam
2547 3938 2667 3993 qua:
2693 3923 2891 3983 futuris
2932 3930 3265 3999 temporibus
3306 3928 3526 4007 ingpjurc

1940 4010 2133 4081 ipsius,
2156 4013 2474 4068 monasterii
2524 4013 2706 4079 divina
2743 4016 2919 4087 pietas
2964 4020 3199 4097 potuerit
3236 4037 3435 4092 augere
3459 4039 3549 4077 ex.

1938 4101 2096 4169 donis
2145 4110 2200 4158 et
2244 4101 2610 4171 oblationibus
2652 4105 2984 4187 decimisque
3031 4109 3289 4179 ﬁdelium,
3321 4112 3526 4182 absque

1940 4192 2101 4257 ullius
2162 4208 2407 4263 persona:
2462 4195 2898 4261 contradictione
2960 4197 3219 4265 ﬁrmitate
3269 4210 3526 4270 perpetua

1939 4285 2268 4355 perfruatur.
2317 4285 2709 4351 Constituimus
2741 4303 2953 4358 quoque
2978 4304 3075 4359 per
3118 4288 3280 4360 hujus
3323 4291 3525 4346 decreti

1942 4374 2415 4446 nostrigpaginam
2448 4385 2524 4441 ut,
2576 4378 2886 4448 quicunque
2933 4378 3225 4450 cujuslibet
3270 4381 3527 4437 Ecclesia:

1946 4465 2161 4535 praesul,
2192 4465 2275 4521 vel
2323 4481 2646 4537 quacunque
2689 4470 2948 4539 dignitate
2992 4472 3215 4542 praedita
3269 4487 3525 4544 persona,

1945 4551 2085 4605 hanc
2110 4559 2350 4606 nostran-
2394 4553 2659 4623 privilegii
2689 4556 2961 4621 chartam,
2991 4572 3153 4626 quam
3205 4560 3528 4615 auctoritate

1864 4635 2204 4717 Drprincipis
2250 4646 2616 4717 aposwlorum
2646 4648 2947 4713 ﬁrmamus,
2978 4657 3252 4704 temerare
3283 4658 3528 4706 tentave~

1945 4739 2037 4804 rit,
2078 4739 2365 4794 anathema
2421 4739 2515 4805 sit,
2564 4748 2620 4795 et
2656 4741 2790 4796 iram
2836 4741 2929 4796 Dei
2971 4741 3255 4798 incurrens
3305 4759 3335 4797 a
3375 4753 3521 4799 ccetn

1846 4844 1865 4851 “
1945 4830 2187 4886 omnium
2219 4839 2531 4887 sanctorum
2569 4833 2804 4888 extorris
2833 4832 3055 4897 existat,
3087 4842 3143 4888 et
3181 4833 3530 4889 nihilominus

1945 4922 2154 4993 praefati
2194 4924 2512 4979 monasterii
2559 4924 2815 4995 dignitas,
2862 4939 2894 4979 a
2943 4926 3097 4980 nobis
3142 4926 3367 4990 indulta,
3407 4942 3531 4997 per-

1948 5015 2239 5085 petualiter
2286 5015 2542 5071 inviolata
2582 5024 2900 5085 permaneat
2950 5016 3244 5087 apostolica
3294 5021 3529 5075 auctori-

1952 5112 2061 5160 tate
2099 5104 2347 5159 subnixa.

2019 5196 2291 5266 Scriptum
2337 5211 2434 5267 per
2461 5212 2680 5252 manum
2724 5198 3026 5265 Zachariae,
3067 5202 3261 5277 notarii
3312 5212 3367 5257 et
3394 5205 3530 5260 scri-

1949 5284 2108 5340 niarii
2138 5294 2338 5342 sancta:
2361 5284 2619 5342 Romanae
2648 5286 2923 5356 Ecclesiae,
2956 5289 3010 5345 in
3042 5306 3228 5348 mense
3252 5293 3525 5359 Octobrio,

1951 5376 2248 5434 indictione
2272 5386 2446 5435 sexta.
2473 5378 2669 5436 Actum
2694 5396 2727 5435 Χ
2758 5380 3026 5440 Kalendas
3053 5383 3408 5441 Novembrias
3434 5402 3531 5457 per

1952 5483 2169 5524 manum
2207 5469 2551 5536 Theotfolcli,
2578 5470 2936 5528 secundicerii
2981 5484 3182 5531 sanctae
3230 5475 3375 5532 sedis
3403 5492 3532 5547 apo-

1956 5559 2496 5629 stolicaaimperante
2528 5560 2719 5616 lomno
2748 5562 2995 5632 piissimo
3020 5564 3260 5633 principe
3288 5564 3531 5635 Augusto

1956 5652 2230 5711 Ludovico
2258 5671 2287 5709 a
2340 5655 2448 5711 Deo
2477 5663 2758 5722 coronato,
2794 5672 2988 5729 magno
3027 5656 3254 5728 pacifico
3295 5655 3559 5729 imperat

1956 5755 2092 5814 tore,
2141 5761 2299 5807 anno,
2328 5761 2489 5811 nono,
2546 5746 2839 5806 indictione
2885 5758 3056 5803 sexta.
3088 5746 3277 5820 Amen.
