4012 6300
255 349 391 410 1013

1688 351 1926 408 MCOLA
1935 352 2022 410 US
2055 355 2103 411 l.‘

3369 373 3522 435 1614.

251 461 346 561 qui
375 467 598 561 vocatur
625 459 858 561 Duconia
888 476 1016 533 erga
1063 463 1232 533 ripam
1275 462 1343 519 ﬁn
1369 463 1512 519 ninis
1548 462 1821 526 Fuldaha,
1855 457 1927 522 Α
1999 466 2298 561 Quoniam,
2337 483 2488 542 jnata
2528 478 2726 548 scripta
2765 481 3013 550 petitoria
3046 485 3139 540 ﬁlii
3167 488 3336 544 nostri
3364 506 3505 561 prae-

250 551 522 622 privilegii
550 553 696 609 sedis
721 555 1032 623 apostoiicze
1056 557 1400 614 adminiculis
1427 558 1735 630 decoretur,
1767 566 1826 610 ut

250 643 357 696 sub
381 640 761 710 iurisdictione
788 655 988 700 sanctae
1011 655 1228 712 nostrae,
1259 647 1344 701 cui
1363 687 1380 713 ,
1426 647 1535 702 Deo
1570 654 1824 710 auctore,

249 731 614 800 deservimus,
655 733 908 790 Ecclesia:
954 737 1331 802 constitutum,
1362 737 1559 793 nullius
1604 737 1829 792 alterius

1931 555 2302 615 cellent'ssimi
2342 565 2484 632 regis
2517 565 2732 632 Caroli,
2775 572 3126 643 privilegium
3151 555 3509 646 pra-sentibus

1931 651 2270 707 auctoritatis
2306 666 2503 709 nostra:
2539 657 2749 714 dilccus
2783 662 2906 717 [iliis
2946 670 3257 723 monasterii
3305 665 3506 727 Christi

1933 739 2191 809 martyris
2229 740 2471 814 Dionysii
2509 745 2562 799 in
2595 747 2866 805 abbatiola
2901 751 3228 811 Lebracensi
3252 797 3267 823 ,
3295 758 3394 813 sub
3427 774 3510 814 re-

249 823 512 880 Ecclesite
549 823 1022 896 jurisdictionibns
1057 828 1427 884 submittatur.
1473 828 1581 885 Pro
1620 843 1728 898 qua
1772 843 1832 884 re
1931 825 2054 916 gula
2083 829 2257 883 sancti
2285 829 2562 888 Benedicti
2595 835 2844 907 religiosa
2874 843 3284 898 conversatione
3311 843 3509 916 degen-

249 918 362 988 piis
392 917 676 976 desideriis
704 919 970 989 faventes,
1011 921 1118 977 hac
1171 932 1357 978 nostra
1403 922 1732 976 auctoritate
1778 920 1831 976 id
1933 914 2096 980 libus,
2133 917 2372 973 unanimi
2407 934 2676 978 consensu
2711 927 2851 980 sacri
2885 929 3099 985 concilii
3137 914 3400 1008 perpetuo
3425 934 3507 998 in-

249 1010 398 1078 quod
423 1011 733 1080 exposcitur
761 1011 974 1076 eﬂectui
1013 1013 1416 1083 mancipamus,
1457 1022 1514 1068 et
1553 1013 1674 1068 ideo
1717 1027 1833 1066 om-

251 1115 381 1166 nem
420 1100 707 1172 cujuslibet
729 1101 990 1166 Ecclesiae
1011 1103 1352 1159 sacerdotem
1381 1103 1435 1158 in
1463 1101 1702 1174 praefato.
1719 1116 1834 1157 mo-

1935 1002 2248 1073 dulgemus,
2277 1010 2623 1069 concedimus
2655 1025 2814 1086 atque
2842 1002 3347 1089 conﬁrmamus,'ut
3374 1025 3514 1082 sicut

1935 1093 2053 1164 ipse
2090 1097 2512 1168 gloriosissimus
2544 1104 2905 1167 ﬁlius.noster
2931 1112 3160 1170 Carolus
3194 1116 3378 1173 divino
3411 1118 3510 1173 du-

252 1191 501 1247 nasterio
527 1191 784 1248 ditionem
821 1193 1122 1264 quamlibet
1156 1193 1359 1250 habere
1399 1201 1496 1249 aut
1535 1192 1836 1249 auctorita-

1950 1197 2059 1254 ctns
2096 1205 2282 1248 amore
2321 1193 2388 1256 de
2422 1194 2564 1251 villis
2597 1206 2652 1253 et
2682 1197 3059 1271 facultatibus,
3100 1221 3194 1262 seu
3234 1207 3513 1280 stipendiis

253 1291 404 1345 tem.
451 1290 650 1353 praeter
689 1283 874 1340 sedem
917 1283 1270 1355 apostolicam
1315 1293 1373 1341 et
1420 1284 1734 1355 episcopum
1780 1283 1834 1338 in
1937 1282 2250 1351 specialiter
2299 1286 2684 1355 praedictorum
2735 1289 2982 1357 fratrum.
3023 1307 3404 1354 ornamentum
3459 1309 3516 1355 et

254 1372 416 1443 Cujus
463 1372 682 1430 dioecesi
727 1373 869 1429 idem
912 1375 1222 1454 venerabile
1274 1375 1661 1432 monasterium
1709 1389 1838 1431 con-
1937 1369 2182 1426 ecclesiae
2210 1387 2320 1426 suae
2349 1373 2640 1445 hospitium
2670 1385 2832 1450 atque
2861 1371 3156 1453 pauperum
3189 1386 3375 1444 usibus
3403 1403 3517 1444 ser-

250 1472 523 1518 structum
555 1478 676 1520 esse
701 1464 936 1531 videtur,
981 1466 1068 1520 cui
1109 1465 1673 1530 licentiam..dedimus
1712 1472 1837 1520 tan-

255 1561 375 1621 tum
422 1569 548 1610 cum
590 1556 966 1626 opportunitas
1003 1557 1358 1614 consecrandi
1404 1555 1603 1615 altaris.
1641 1555 1837 1619 fuerit,

252 1645 611 1716 prohibemus
637 1646 806 1714 ita-ut
834 1647 939 1704 nisi
972 1649 1041 1704 ab
1069 1649 1268 1708 abbate
1311 1647 1632 1707 monasterii
1677 1646 1844 1702 fuerit

253 1734 523 1791 invitatus
560 1750 662 1792 nec
703 1725 995 1804 missarum
1029 1737 1228 1793 ibidem
1259 1736 1657 1794 solemnitatem
1687 1737 1839 1806 quis-

1941 1467 2096 1526 vata,
2149 1460 2232 1516 vel
2292 1463 2576 1520 meliorata
2627 1481 2722 1524 seu
2767 1480 2923 1526 aucta
2973 1472 3351 1544 ordinatione,
3396 1494 3518 1549 qua:

1942 1556 2186 1621 tempore
2229 1553 2332 1624 piae
2381 1557 2655 1636 memoria:
2699 1560 2960 1628 genitoris
3004 1565 3087 1619 sui
3122 1565 3334 1637 Pippini
3367 1568 3520 1624 fuere

1942 1637 2085 1695 facta
2113 1643 2416 1711 constituit,
2441 1661 2505 1702 ac
2531 1657 2804 1720 prmcepto
2825 1666 2938 1706 sua:
2964 1655 3305 1712 auctoritatis
3337 1657 3518 1714 ﬁrma-

1945 1733 2054 1801 vit,
2096 1735 2169 1792 ita
2189 1777 2205 1803 ,
2242 1739 2388 1794 sicut
2435 1739 2489 1795 in
2518 1741 2720 1798 eisdem
2751 1745 3032 1816 praeceptis
3057 1755 3111 1801 et
3139 1747 3519 1806 donationibus

250 1825 400 1895 piam
457 1835 752 1895 praesumat
822 1827 1045 1883 omnino
1114 1825 1426 1894 celebrare,
1482 1836 1543 1882 ut
1598 1825 1843 1898 profecto
1872 1811 2275 1895 “continetur,
2318 1842 2578 1904 perpetuo
2613 1811 2944 1894 inconvulsa'
2961 1852 3337 1909 permaneant.
3374 1844 3517 1900 Con-

249 1915 408 1986 juxta
443 1915 496 1972 id
531 1917 678 1988 quod
715 1917 1017 1988 subjectum
1053 1918 1363 1990 apostolica:
1409 1918 1526 1975 sedi
1578 1917 1842 1974 ﬁrmitate

254 2006 528 2080 privilegii
559 2008 846 2076 consistit,
881 2010 1201 2067 inconcusse
1247 2011 1494 2066 dotatum
1521 2017 1841 2080 permaneat

257 2099 396 2158 locis
424 2107 480 2156 et
510 2102 704 2167 rebus,
738 2111 842 2157 tam
872 2102 954 2157 eis
979 2117 1118 2173 quas
1157 2102 1420 2160 moderno
1467 2111 1714 2172 tempore
1763 2109 1844 2158 te-

257 2199 356 2252 net
399 2191 492 2256 vel
530 2192 787 2263 possidet,
819 2208 982 2263 quam
1027 2208 1148 2264 quae
1196 2193 1394 2250 futuris
1425 2193 1758 2264 temporibus
1787 2191 1842 2247 in

254 2280 380 2352 jure
411 2283 576 2354 ipsius
608 2285 926 2350 monasterii
956 2285 1144 2346 divina
1181 2285 1356 2355 pietas
1380 2285 1616 2342 voluerit
1644 2297 1844 2354 augere

259 2391 329 2431 ex
353 2376 508 2432 donis
535 2384 589 2431 et
604 2375 970 2434 oblationibus
989 2377 1324 2447 decimisque
1345 2376 1580 2432 ﬁdelium
1600 2414 1616 2441 ,
1639 2374 1844 2445 absque

259 2466 428 2522 ullius
449 2481 694 2538 personae
715 2468 1143 2524 contradictione
1166 2467 1421 2522 ﬁrmitate
1445 2473 1700 2537 perpetua
1722 2478 1845 2533 per-

261 2556 498 2612 fruatur.
528 2557 798 2615 Caeterum
827 2573 958 2615 vero
987 2560 1089 2616 hoc
1117 2557 1482 2614 deliberantes
1507 2555 1846 2613 decernimus

262 2657 330 2704 ut
373 2651 630 2721 congruis
673 2651 1005 2722 temporibus
1044 2660 1243 2706 nostra:
1282 2649 1628 2705 sollicitudini
1671 2639 1845 2702 eccle-

261 2741 502 2810 siasticze
529 2741 832 2808 intimetur,
857 2741 1090 2812 qualiter
1133 2741 1322 2814 religio
1360 2740 1659 2797 monastica
1693 2752 1847 2810 regu-

263 2830 369 2886 lari
411 2830 600 2886 habitu
642 2831 908 2902 dirigatur
946 2831 1347 2902 concordiaque
1383 2830 1724 2887 convenienti
1765 2844 1848 2887 ec-

264 2921 583 2977 clesiastico
611 2920 790 2982 studio
820 2922 1168 2992 mancipatur.
1208 2937 1278 2977 ne
1309 2922 1472 2986 forte,
1502 2920 1644 2992 quod
1675 2921 1844 2988 absit,

241 3011 370 3074 sub
396 3011 558 3083 hujus
584 3011 851 3083 privilegii
884 3015 1110 3070 obtentu
1139 3013 1354 3068 animus
1393 3026 1725 3082 gressusque
1764 3027 1848 3068 re-

262 3101 552 3173 ctitudinis
589 3111 784 3172 vestrae
824 3120 852 3158 a
890 3119 1076 3160 norma
1107 3103 1335 3172 justitize
1362 3103 1543 3174 aliquo
1568 3103 1728 3160 modo
1753 3118 1842 3159 re-

1911 1912 1914 1914 ⁷
1943 1918 2216 1974 stituimus
2254 1920 2481 1990 iterum,
2514 1926 2839 1982 auctoritate
2872 1927 3019 1984 beati
3052 1927 3222 1998 Petri,
3253 1941 3313 1987 ut
3338 1932 3517 1988 nullus

1943 2006 2313 2084 cujuscunque
2333 2012 2657 2072 conditionis
2684 2015 2870 2082 fuerit,
2890 2017 2955 2073 de
2976 2017 3063 2074 his
3085 2035 3203 2091 qua:
3231 2022 3283 2076 in
3311 2037 3515 2094 praece—

1943 2100 2052 2170 ptis
2089 2101 2259 2172 ipsius
2299 2103 2394 2159 ﬁlii
2440 2105 2613 2161 nostri
2644 2105 2823 2162 Caroli
2851 2117 2907 2164 et
2935 2108 3163 2166 aliorum
3192 2127 3378 2183 regum
3407 2114 3520 2170 col-

1945 2191 2054 2247 lata
2083 2202 2242 2260 sunt,
2273 2197 2375 2251 sub
2404 2196 2690 2268 cujuslibet
2719 2214 2896 2257 causae
2925 2203 3212 2259 occasione
3251 2204 3368 2260 sive
3404 2221 3522 2276 spe-

1946 2282 2061 2349 cie,
2119 2284 2173 2339 in
2221 2284 2592 2356 priejudicium
2643 2289 2947 2348 donationis
2987 2293 3246 2365 quidquid
3281 2296 3523 2352 minuere

1945 2374 2029 2430 vel
2078 2375 2326 2444 auferre,
2374 2378 2648 2451 obligare,
2700 2381 2968 2451 alienare,
3022 2385 3314 2457 impedire,
3369 2388 3523 2442 inva-

1946 2464 2073 2520 dere
2093 2508 2106 2532 ,
2139 2469 2401 2546 vendere,
2434 2484 2648 2536 emere,
2678 2481 2730 2526 et
2759 2473 2872 2529 suis
2910 2475 3097 2531 usibus
3135 2477 3406 2547 applicare
3433 2479 3516 2534 vel

1946 2558 2070 2614 aliis
2099 2561 2250 2630 quasi
2278 2561 2384 2631 piis
2411 2562 2589 2618 causis
2616 2579 2716 2635 pro
2743 2581 2854 2620 suae
2880 2567 3122 2623 avaritiae
3147 2569 3518 2635 excusatione,

1946 2660 2278 2720 praesumat;
2313 2651 2406 2707 sed
2437 2663 2632 2708 cuncta
2675 2670 2795 2725 qnie
2832 2655 3070 2726 pricl‘atis
3107 2657 3297 2715 usibus
3337 2675 3524 2714 mona-

1948 2743 2175 2797 chorum
2219 2741 2396 2798 oblata
2421 2754 2562 2800 sunt
2599 2746 2680 2802 vel
2716 2745 2898 2802 oﬁ‘erri
2941 2750 3257 2820 contigerit,
3299 2754 3523 2821 perenni

1950 2841 2191 2904 tempore
2218 2833 2420 2890 illibata
2447 2843 2503 2891 et
2530 2836 2847 2893 inconvulsa
2874 2839 2991 2897 sine
3019 2840 3198 2910 aliqua
3242 2841 3516 2912 inquietu-

1948 2925 2073 2981 dine
2099 2926 2378 2998 profutura
2403 2938 2779 2998 permaneant.
2813 2929 3069 2987 Veientes
3094 2933 3276 3003 itaque
3306 2933 3524 2992 malitiis

1950 3015 2228 3071 hominum
2259 3015 2514 3084 obviare,
2541 3017 2737 3075 litteris
2779 3020 2833 3074 in
2875 3020 3246 3091 pmjudicium
3275 3029 3331 3076 et
3359 3021 3525 3078 detri-

1953 3113 2194 3161 mentum
2241 3106 2621 3177 praadictorum
2667 3107 2926 3164 confectis
2971 3118 3025 3165 et
3059 3119 3246 3166 contra
3281 3119 3524 3166 nostrum

262 3167 604 3266 torqueatur.
636 3167 1031 3254 constituimus
1056 3167 1270 3266 quoque
1308 3210 1406 3265 per
1442 3167 1603 3264 hujus
1638 3196 1841 3251 decreti
1867 3167 1918 3234 ο
1949 3167 2670 3253 decretum-instrumentum
2701 3197 2840 3253 datis
2868 3214 3180 3265 cassamus,
3220 3198 3524 3269 nulliusque

262 3287 438 3342 nostri
486 3288 742 3360 paginam
790 3297 850 3343 ut
899 3289 1210 3360 quicunque
1262 3288 1550 3358 cujuslibet
1592 3288 1847 3346 Ecclesiae

260 3377 499 3448 pmsul,
539 3379 625 3434 vel
659 3394 980 3449 quacunque
1019 3380 1280 3452 dignitate
1316 3379 1541 3450 praedita
1579 3394 1809 3449 persona
1831 3421 1846 3445 ,

263 3468 407 3523 hanc
436 3470 604 3542 nostri
629 3470 890 3542 privilegii
911 3471 1154 3526 chartam
1171 3486 1334 3540 quam
1357 3469 1679 3536 auctoritate
1701 3470 1851 3540 prin-

265 3561 407 3632 cipis
450 3562 820 3632 apostolorum
869 3562 1151 3618 ﬁrmamus
1201 3571 1471 3618 temerare
1521 3561 1846 3627 tentaverit,

265 3655 557 3708 anathcma
598 3654 702 3720 sit,
743 3662 797 3710 et
846 3654 983 3709 iram
1029 3654 1128 3710 Dei
1163 3655 1448 3710 incurrens
1486 3669 1516 3708 a
1551 3662 1696 3711 coetu
1728 3669 1850 3710 om-

271 3743 423 3798 nium
473 3753 787 3820 sanctorum
835 3745 1070 3800 extorris
1115 3743 1353 3811 existat,
1399 3754 1454 3800 et
1494 3743 1852 3801 nihilominus

267 3831 480 3902 prastati
529 3834 848 3890 monasterii
884 3834 1118 3907 dignitas
1153 3851 1184 3890 a
1222 3835 1380 3892 nobis
1419 3835 1622 3890 indulta
1663 3851 1853 3906 perpe-

273 3924 494 3990 tualiter
540 3924 794 3980 inviolata
836 3935 1154 3997 permaneat
1199 3926 1494 3996 apostolica
1527 3927 1853 3982 auctoritate

269 4017 536 4088 subnixa.
580 4017 852 4088 Scriptum
907 4033 1003 4090 per
1049 4033 1266 4090 manum
1314 4017 1496 4085 Petri,
1548 4018 1747 4074 notarii
1796 4027 1854 4072 et

269 4108 544 4164 scriniarii
571 4117 772 4165 sanctae
797 4109 1054 4168 Romana:
1074 4109 1350 4175 Ecelesim,
1380 4111 1434 4166 in
1457 4126 1646 4176 mense
1669 4110 1851 4177 Junio,

272 4199 576 4263 indictione
607 4201 857 4270 septima.
888 4200 1031 4256 Bene
1062 4201 1259 4257 valete.

347 4289 547 4344 Datum
576 4305 618 4343 ιι
643 4290 768 4345 ldus
795 4287 984 4344 lunias
1007 4305 1106 4360 per
1135 4307 1354 4346 manum
1386 4292 1619 4354 Tiberii,
1668 4292 1856 4362 primi-

272 4379 411 4438 cerii
466 4390 666 4436 sancta:
723 4379 869 4444 sedis
917 4380 1264 4449 apostolicae,
1314 4381 1618 4451 imperante
1660 4381 1858 4437 domno

273 4469 523 4540 piissimo
551 4469 799 4542 principe
838 4469 1082 4538 Angusto
1121 4470 1430 4538 Ludovico,
1473 4487 1502 4526 a
1553 4474 1661 4528 Deo
1696 4487 1852 4527 coro-

272 4570 427 4624 nato,
457 4574 673 4630 magno,
704 4559 936 4630 paciﬁco
966 4560 1316 4630 imperatore,
1347 4577 1490 4617 anno
1520 4561 1734 4616 decimo
1757 4601 1772 4625 ,
1803 4570 1859 4616 et

271 4651 506 4724 patricio
534 4666 678 4707 anno
705 4651 916 4706 decimo
934 4691 948 4718 ,
983 4651 1280 4706 indictione
1307 4651 1562 4722 septima.
1593 4652 1787 4706 Amen.

1037 4765 1101 4820 ll.

275 4855 700 4926 nu1.r.._t(]ictitia)
729 4871 937 4912 NICOLAI
963 4871 1108 4912 nam
1131 4871 1148 4911 ι
1169 4871 1274 4920 qua
1301 4871 1602 4911 conriiuiu
1633 4871 1861 4914 amona

421 4924 622 4997 [cauom
647 4924 810 4981 mm
842 4942 942 4982 rno
972 4942 1308 4982 uomsrsnio
1329 4942 1374 4981 s.
1400 4941 1625 4981 DIONYSII
1657 4938 1706 4979 ι.

277 5015 459 5092 [Apud
481 5017 825 5084 Grandidier,
845 5017 1076 5088 Histoire
1095 5018 1157 5072 de
1178 5015 1394 5089 l’Eglise
1414 5017 1478 5094 de
1495 5016 1859 5092 Strasbourg.]

353 5107 624 5182 Nicotaus
656 5110 972 5182 episcopus,
1014 5127 1202 5169 servus
1237 5126 1513 5182 servorum
1561 5110 1653 5180 Dei
1675 5151 1714 5188 ,_
1743 5111 1862 5166 uni-

276 5199 458 5255 versis
499 5199 702 5258 Christi
743 5201 989 5256 ﬁdelibus
1027 5217 1169 5270 nunc
1199 5210 1254 5257 et
1285 5201 1481 5256 futuris
1505 5201 1857 5272 temporibus,

279 5289 537 5347 salutem.

355 5415 381 5444 ι
412 5402 621 5478 Praeter
649 5403 963 5478 inusitatum
991 5403 1064 5478 in
1081 5403 1244 5478 bullis
1279 5405 1573 5478 pontiﬁciis
1613 5405 1811 5478 stylum
1837 5447 1855 5475 ,

280 5473 580 5545 maximum
611 5473 892 5544 praesel'ert
935 5472 1186 5530 falsitatis
1224 5472 1479 5545 indicium
1523 5472 1855 5545 limcr'bulla',

280 5559 445 5612 quam
485 5543 541 5598 in
570 5543 670 5600 suo
699 5545 994 5613 diplomate
1036 5544 1373 5614 transcripsit
1405 5544 1630 5600 Carolus
1653 5544 1722 5600 IV
1753 5543 1856 5602 imé

285 5622 508 5686 uerator
536 5630 630 5686 an.
660 5614 826 5678 1548,
855 5629 1126 5686 quamque
1141 5623 1313 5686 _vocat
1342 5615 1696 5686 praecedentis
1725 5633 1862 5686 prie-

286 5684 427 5754 cepti
471 5683 956 5740 conﬁrmationem.
1001 5683 1253 5754 Nicolaus
1296 5683 1431 5754 papa
1479 5686 1619 5739 hanc
1659 5683 1860 5741 bullam

287 5750 501 5824 dedisse
533 5753 730 5811 dicitur
751 5756 815 5809 ad
839 5755 1148 5832 petitionem
1173 5750 1349 5811 Caroli
1369 5750 1571 5826 Magni.
1595 5753 1664 5813 At
1686 5757 1864 5821 nullus

1882 4517 1942 4586 1)

1949 3286 2152 3342 valoris
2180 3301 2302 3344 esse
2328 3285 2690 3344 decernimus.
2722 3287 2862 3342 Nulli
2890 3289 3054 3344 etiam
3083 3288 3524 3360 archiepiscopo,

1949 3382 2042 3428 aut
2072 3374 2327 3446 episcopo
2357 3372 2426 3428 ab
2447 3373 2648 3430 eisdem
2667 3373 2942 3444 judicihus
2968 3376 3238 3447 deputatis
3266 3376 3422 3432 liceat
3468 3379 3521 3432 in

1955 3467 2103 3535 ipsos
2148 3466 2445 3522 monachos
2487 3476 2582 3522 aut
2625 3468 2680 3522 in
2722 3467 2990 3537 aliquem,
3029 3469 3121 3538 qui
3161 3470 3242 3525 eis
3291 3469 3530 3524 decimas

1955 3565 2050 3611 aut
2076 3556 2212 3612 alios
2244 3558 2449 3612 reditus
2480 3566 2693 3612 tenetur
2731 3559 3010 3614 exsolvere
3050 3559 3119 3614 'in
3163 3559 3528 3632 praeiudicium

1953 3646 2197 3718 ipsorum
2247 3648 2572 3704 sententiam
2621 3649 3241 3715 excommunicationis,
3295 3659 3388 3704 aut
3444 3651 3528 3705 in-

1955 3739 2175 3795 terdicti
2209 3738 2488 3810 proferre,
2518 3755 2617 3795 nec
2646 3740 2843 3796 invitos
2873 3755 2967 3796 eos
2996 3741 3066 3796 ad
3094 3756 3153 3796 se
3181 3741 3235 3795 in
3267 3741 3530 3812 judicium

1954 3831 2312 3902 compellere,
2354 3832 2480 3886 dum
2525 3839 2705 3887 tamen
2754 3831 2968 3888 abbatis
3009 3833 3092 3889 sui
3138 3840 3391 3903 tanquam
3440 3847 3536 3887 ora

1954 3924 2151 3980 dinarii
2197 3922 2429 3979 voluerit
2469 3939 2664 3995 parere
2705 3926 2977 3982 mandato.
3024 3926 3091 3981 Et
3135 3927 3394 3998 quoniam
3441 3941 3533 3996 pe-

1956 4014 2131 4072 titioni
2181 4014 2350 4087 ipsius
2401 4015 2493 4071 ﬁlii
2539 4016 2709 4072 nostri
2751 4016 2928 4074 Caroli
2969 4034 3212 4076 annuere
3250 4019 3530 4089 cupimus,

1955 4105 2149 4162 borum
2172 4106 2413 4162 omnium
2433 4121 2552 4176 quae
2579 4104 2880 4175 hujnsmodi
2906 4108 3195 4178 praecepti,
3221 4107 3530 4177 decretique

1955 4199 2127 4256 nostri
2159 4207 2214 4255 et
2241 4199 2323 4256 sui
2353 4199 2545 4271 pagina
2587 4200 2862 4265 continet,
2889 4199 3116 4256 dilectos
3146 4199 3286 4256 ﬁlios
3316 4208 3530 4266 nostros

1957 4291 2402 4363 archiepiscopus
2449 4291 2914 4362 Moguntincnscm
2961 4299 3018 4346 et
3064 4291 3441 4349 Trevirensem
3478 4299 3560 4353 et.

1956 4398 2146 4439 eorum
2186 4381 2590 4453 suﬁ‘raganeos,
2637 4381 2796 4437 simul
2836 4383 2935 4437 hos
2980 4383 3072 4454 qui
3118 4399 3218 4439 suo
3241 4383 3432 4450 ordine
3476 4392 3532 4438 et

1957 4473 2080 4529 loco
2125 4473 2519 4535 successerint,
2562 4481 2976 4530 conservatores
3017 4475 3395 4533 constituimus
3437 4475 3538 4531 eis-

1961 4565 2112 4630 dem,
2149 4573 2206 4621 et
2243 4564 2464 4620 cuilibet
2501 4579 2689 4620 eorum
2721 4565 2775 4620 in
2808 4565 3039 4621 solidum
3079 4567 3415 4639 qui-fuerint
3453 4583 3537 4622 rc-

1963 4655 2183 4725 quisiti,
2231 4655 2550 4711 mandantes
2596 4663 2863 4726 quatenus
2918 4656 3092 4727 ipsum
3144 4658 3534 4722 monasterium

1963 4749 2225 4816 Lebrahae
2266 4747 2576 4815 molestarj,
2615 4757 2710 4804 aut
2747 4748 3069 4820 inquietari,
3121 4749 3176 4804 in
3222 4749 3438 4823 juribus
3484 4761 3538 4804 ct

1961 4837 2156 4905 bonis,
2183 4846 2346 4909 atque
2370 4838 2696 4908 privilegiis,
2728 4848 2788 4892 ut
2826 4839 3194 4910 priemitittur,
3233 4837 3444 4894 collatis
3483 4849 3538 4893 et

1963 4929 2238 4988 concessis
2280 4943 2384 4992 non
2434 4929 2768 4997 permittant.
2802 4929 2859 4983 Si
2887 4929 3010 5000 quis
3037 4938 3217 4984 autem
3249 4929 3539 4984 temerario

1965 5035 2137 5086 ausu,
2170 5035 2364 5090 magna
2395 5033 2631 5088 parvave
2659 5033 2913 5089 persona,
2944 5027 3131 5074 contra
3159 5019 3262 5074 hoc
3291 5027 3538 5074 nostrum

1966 5109 2323 5181 apostolicum
2354 5109 2629 5164 decretum
2659 5122 2821 5179 agere
2851 5108 3288 5178 prmsumpserit,
3319 5108 3456 5164 sciat
3480 5121 3541 5164 se

1961 5200 2328 5269 anathematis.
2347 5198 2896 5256 vinculojnnodatum
2919 5214 2982 5255 ac
3011 5215 3174 5269 regno
3197 5187 3302 5256 Dei
3317 5214 3542 5271 prorsus

1962 5293 2195 5349 alienum
2214 5331 2230 5359 ,
2255 5305 2378 5347 cum
2406 5290 2658 5346 omnibus
2689 5289 2871 5361 impiis
2904 5289 3138 5354 incendii
3169 5289 3359 5346 interni
3391 5289 3542 5346 dam-

1959 5403 2214 5464 Nicolaus
2244 5416 2358 5458 aevo
2381 5401 2472 5457 illo
2493 5401 2606 5472 sedi
2651 5400 2907 5472 Romanae
2945 5401 3182 5472 praefuit,
3201 5413 3543 5472 noscuntque

1959 5489 2172 5540 omnes,
2197 5473 2251 5528 in
2281 5472 2395 5541 ipsa
2419 5471 2643 5528 historia
2665 5471 2747 5526 vel
2776 5471 2995 5541 minime
3016 5471 3237 5537 versati,
3266 5471 3538 5527 Nicolaum

1963 5547 2198 5620 primum
2245 5540 2386 5606 anno
2435 5549 2640 5605 tantum
2835 5543 2936 5620 sub
2981 5540 3251 5620 Ludovico
3297 5541 3541 5620 botharii

1964 5611 2076 5671 ﬁlio
2105 5615 2427 5681 imperatore
2457 5626 2648 5681 papam
2678 5611 2844 5681 fuisse
2871 5612 3122 5666 electum.
3147 5611 3254 5681 Leo
3297 5611 3359 5664 Ill
3401 5626 3545 5665 anno

1965 5685 2101 5750 803,
2135 5679 2242 5750 quo
2271 5679 2669 5752 supposititium
2691 5679 2873 5752 Caroli
2905 5681 3083 5752 Magni
3116 5679 3350 5738 refertur
3374 5681 3544 5750 diplo-

1967 5749 2094 5823 ma,
2119 5749 2390 5814 Romanus
2419 5757 2535 5810 erat
2562 5749 2822 5822 pontifex.
2953 5795 2956 5797 λ
2998 5749 3019 5752 ⁷
3077 5803 3082 5808 ,
3229 5799 3234 5804 .
