3930 5544
529 305 665 378 una

1095 310 1502 372 aermnae
1542 319 1714 376 suae.
1746 313 2254 408 ix.—'-SUPPLEM.
2294 331 2386 409 AD
2425 334 2713 412 scium
2751 338 3021 408 PONTIF.
3061 345 3224 425 nou.

3653 356 3766 411 nus

523 431 730 476 natum.
765 421 836 478 At
862 437 1022 489 vero,
1051 427 1143 494 qui
1176 427 1496 488 observator
1527 435 1686 507 hujus
1711 437 1914 495 decreti
1942 443 2110 512 exsti-
2138 448 2184 506 Α
2214 448 2347 504 rend
2373 448 2555 513 ssimo,
2605 459 2659 506 et
2699 457 3039 528 sanctissimo
3079 460 3337 525 confratri
3378 473 3570 541 nostro
3616 469 3764 523 Annal

527 507 658 567 terit.
682 515 911 583 gratiam
945 521 1107 585 atque
1139 519 1606 594 misericordiam,
1640 529 1916 601 vitamque
1951 509 2104 588 σέων-

530 617 654 656 nam
700 619 729 657 a
779 604 1163 676 benignissimo
1213 611 1439 675 Domino
1489 624 1674 672 nostro
1720 618 1846 690 .lesu
1889 620 2108 680 Christo

526 691 781 763 consequi
812 704 1106 750 mereatur.

597 784 790 838 Datum
821 801 908 840 stv
940 787 1026 842 die
1055 788 1414 848 Kalendarum
1439 795 1562 851 Maii
1590 813 1689 868 per
1715 816 1906 861 manus
1935 803 2104 860 lium-

527 874 666 929 herti
687 917 702 942 ,
734 878 1042 934 cancellarii
1071 894 1274 944 sanctae
1304 886 1448 942 sedis
1479 891 1820 960 apostolicae,
1847 897 1900 950 in
1945 895 2104 960 Late-

527 965 745 1020 ranensi
780 966 1040 1042 basilica,
1071 972 1415 1042 pontificatus
1446 979 1615 1053 nostri
1646 995 1788 1040 anno
1814 985 1993 1042 tertio.

1265 1107 1354 1163 Ill.
1428 1121 1432 1126 '

521 1224 733 1282 utcout
786 1231 930 1273 rara:
990 1234 1006 1270 ι
1061 1234 1225 1274 BELLA
1267 1236 1366 1276 eno
1407 1238 1744 1290 MONASTEBIO
1788 1243 2101 1296 SUBLACENSI

1056 1331 1232 1404 (Anno
1279 1333 1566 1409 858-867.)

843 1439 1143 1510 [Ματαιονῂ
1184 1445 1361 1516 Antiq.
1392 1447 1544 1532 Ital.,
1571 1459 1699 1506 tom.
1729 1451 1817 1526 V.]

592 1566 862 1639 Nicouus
906 1572 1211 1643 episcopus,
1261 1591 1450 1635 servus
1495 1596 1776 1638 servorum
1818 1585 1935 1654 Dei,
1969 1587 2101 1660 dile-

518 1657 766 1713 ctissimo
793 1659 905 1716 filio
935 1673 1122 1718 nostro
1151 1665 1351 1722 Azzom
1382 1669 1630 1741 religioso
1668 1675 1848 1732 abbati
1889 1688 1943 1733 et
1974 1657 2099 1751 pre-

515 1750 756 1821 sbytero,
799 1762 853 1808 et
893 1757 1172 1812 monachis
1199 1759 1263 1813 de
1292 1764 1584 1818 venerabili
1616 1770 1947 1826 monasterio
1971 1761 2097 1846 san-

524 1841 751 1898 ctissimi
779 1843 958 1901 Patris
988 1847 1284 1918 Benedicti,
1307 1862 1353 1907 el
1387 1865 1591 1912 sanetae
1618 1859 1839 1932 virginis
1871 1841 2098 1921 Schola-

515 1934 688 2002 sticae,
717 1938 857 2005 quod
896 1941 1116 2008 ponitur
1145 1942 1195 1996 in
1235 1941 1490 2013 Sublaeu.
1523 1950 1744 2021 suisque
1773 1959 2096 2021 successori-

518 2023 620 2079 bus
648 2025 777 2104 inibt
819 2026 928 2101 Deo
971 2032 1332 2107 servientibus
1362 2046 1416 2090 ct
1441 2036 1861 2121 introeuntibus,
1893 2046 1945 2101 in
1972 2064 2096 2122 per-

514 2122 755 2183 petuum.
806 2125 808 2128 ’
1853 2123 1858 2130 ’
1980 2131 1986 2148 ²

591 2205 722 2269 Cum
751 2209 854 2284 piae
891 2212 1214 2274 desiderium
1248 2219 1561 2292 voluntatis,
1589 2234 1718 2291 etc.,
1752 2229 2012 2290 tradimus
2043 2242 2099 2302 et

517 2292 903 2366 confirmamus
952 2303 1289 2376 religiositati
1331 2319 1434 2367 tuae
1464 2307 1705 2384 regimen
1737 2325 1793 2386 et
1821 2296 2094 2378 abbatiain

519 2393 872 2459 monasterii;
921 2395 1304 2455 confirmamus
1347 2404 1527 2458 omnia
1574 2421 1693 2476 quae
1747 2411 1919 2466 nostri
1958 2427 2096 2483 prae-

513 2477 831 2550 decessores
867 2476 1189 2566 pontiﬁces,
1239 2487 1595 2561 imperatores
1645 2505 1700 2552 et
1746 2513 1922 2570 reges,
1958 2476 2090 2569 etc.,

509 2565 745 2649 Montem
776 2564 1087 2630 Cervariam
1109 2577 1178 2633 ad
1205 2581 1483 2646 castellum
1510 2564 1838 2660 faciendum,
1868 2564 2090 2649 fundum

510 2658 886 2733 Maranorum,
938 2667 1162 2742 fundum
1208 2673 1500 2747 Conticuli,
1556 2658 1777 2737 fundum
1821 2671 2088 2755 Rubiano,

507 2763 746 2810 montem
795 2758 1025 2827 Arsulae,
1060 2771 1170 2819 etc.
1214 2757 1496 2838 Scriptum
1525 2757 1622 2842 per
1646 2788 1863 2837 manum
1887 2777 2089 2850 Grego-

510 2843 599 2909 rii,
641 2848 838 2903 notarii
879 2861 1080 2908 sancta:
1122 2853 1378 2914 Romanae
1404 2859 1684 2928 Ecclesiae,
1712 2865 2005 2923 indictione
2035 2871 2084 2924 t.

501 2930 774 3003 Legimus.
805 2938 938 3010 Data
961 2941 1016 2997 in
1038 2945 1258 3025 nomine
1286 2943 1488 3017 Patris,
1516 2962 1570 3007 et
1591 2943 1737 3030 Filii,
1767 2967 1822 3013 et
1849 2951 2087 3034 Spiritus

503 3026 697 3125 sancti,
748 3045 914 3097 anno,
947 3033 1059 3089 Deo
1091 3039 1342 3108 propitio,
1391 3026 1739 3112 pontificatus
1777 3026 1956 3125 dom—ni
1988 3028 2082 3106 Ni;

505 3110 645 3166 colai
693 3119 888 3174 summi
930 3124 1200 3191 pontificis
1223 3137 1279 3182 et
1303 3110 1626 3215 universalis
1654 3124 1829 3208 papae,
1863 3110 2076 3213 imperii
2107 3141 2153 3206 C

503 3213 636 3257 vero
667 3203 849 3282 domui
881 3210 1159 3283 Ludovici,
1196 3219 1424 3288 piissimi
1465 3203 2078 3303 imperatoris-Augusti,

497 3297 568 3395 et
581 3308 630 3395 a‘
643 3295 754 3354 Deo
779 3313 1058 3372 coronato,
1084 3324 1278 3380 magno
1305 3295 1630 3386 imperatore
1659 3319 1701 3374 Χ
1721 3295 1968 3395 jubente,
1993 3295 2080 3382 die

496 3381 571 3438 ﬂ)
603 3384 851 3474 Augusti,
883 3394 1179 3454 indictione
1381 3381 1397 3414 ἦ
1527 3397 1532 3402 ’
1721 3381 1742 3423 "
1901 3399 1910 3413 ’

1251 3536 1339 3590 ιγ.

581 3653 838 3699 εριετοιΑ
877 3663 1088 3726 Μςοωι
1125 3668 1140 3706 Ι
1178 3669 1246 3715 AD
1289 3673 1500 3714 ADONEI
1543 3677 1992 3737 ARCHIEPISCOPUN

1107 3738 1460 3782 VIENNENSEI.
1654 3739 1674 3750 ”
1695 3748 1697 3750 ’
1783 3748 1787 3754 ’
1976 3749 1992 3757 ’λ

1024 3831 1218 3900 (Auno
1246 3815 1540 3912 858-867.)

649 3931 865 4006 [Bosco,
890 3938 1211 3998 Bibliotheca
1237 3931 1616 4020 Flor-incensis,
1644 3971 1767 4038 pag.
1797 3959 1916 4036 55.]

561 4074 830 4138 Nicouws
871 4083 1181 4156 episcopus,
1227 4104 1415 4148 servus
1453 4108 1732 4151 servorum
1774 4099 1888 4168 Dei,
1923 4118 2072 4178 reve—

491 4267 708 4290 Μ-

2209 537 2631 610 archiepiscopo.

2281 633 2564 696 Decretum
2610 647 2925 708 perpetuum
2973 642 3292 703 Viennensis
3327 647 3606 712 Ecclesiae,
3645 651 3767 719 quod

2212 738 2522 785 reverenter
2568 731 2723 800 petiit
2759 733 3020 788 sanctitas
3052 743 3139 808 tua
3166 751 3194 790 a
3225 739 3354 794 sede
3377 745 3691 813 apostolica,
3724 760 3769 806 et

2207 817 2488 874 humiliter
2537 821 2918 892 expostulavit,
2975 833 3034 877 ut
3076 826 3418 897 privilegium
3449 824 3768 904 antiquuma

2206 910 2451 986 patribus
2499 913 2698 968 nostris
2736 923 2792 970 et
2835 915 3346 986 praedecessoribus,
3377 922 3668 981 Viennensi
3694 944 3768 985 sa-

2204 1015 2311 1056 crae
2331 1002 2445 1057 sedi
2484 1017 2871 1063 renovaremus
2900 1023 2914 1063 :
2945 1012 3242 1067 auctoritas
3271 1013 3434 1085 hujus
3465 1029 3667 1074 saneta:
3701 1036 3772 1076 se.

2203 1091 2309 1158 dis,
2336 1093 2460 1163 quia
2482 1092 2642 1165 digna
2675 1110 2761 1152 res
2789 1098 3086 1168 petebatur,
3115 1117 3220 1156 non
3247 1106 3460 1159 abnuit.
3489 1107 3644 1163 Sicut
3663 1125 3772 1180 ergo

2203 1181 2273 1236 ab
2292 1184 2729 1242 antecessoribus
2758 1190 2959 1244 nostris
2996 1189 3156 1248 beato
3182 1194 3388 1251 scilicet
3416 1195 3626 1263 Leone,
3657 1201 3726 1255 vel
3746 1220 3770 1254 ει

2204 1275 2427 1345 reliquis
2454 1293 2588 1347 pene
2611 1279 2680 1334 ad
2707 1290 2892 1339 nostra
2920 1291 3157 1354 tempora
3174 1327 3188 1351 ,
3215 1288 3321 1345 tuis
3350 1293 3770 1347 antecessoribus

2203 1369 2502 1437 praestitum
2535 1379 2622 1442 est
2669 1371 2958 1443 largitione
3005 1376 3320 1445 apostolica,
3373 1387 3437 1434 ut
3467 1381 3537 1434 ad
3577 1380 3775 1449 privile-

2201 1460 2346 1532 gium
2374 1461 2698 1532 Viennensis
2718 1463 2973 1536 Ecclesiae
2999 1474 3204 1537 septem
3221 1470 3535 1538 provinciae
3560 1471 3773 1540 pertine-

2204 1561 2325 1608 rent
2354 1570 2368 1607 :
2395 1553 2449 1608 in
2487 1554 2686 1624 quibus
2721 1557 2918 1626 praesul
2953 1557 3145 1641 ipsius,
3166 1560 3313 1620 vices
3341 1570 3568 1628 nostras
3605 1577 3768 1641 agens,

2201 1653 2500 1706 conventus
2538 1646 2823 1718 synodales
2864 1634 3148 1718 indiceret,
3181 1660 3236 1705 et
3258 1650 3386 1720 jura
3421 1640 3771 1706 ecclesiastica

2195 1733 2341 1804 juste
2390 1744 2446 1790 et
2498 1736 2819 1810 regulariter
2869 1737 3120 1793 definiret
3159 1758 3172 1794 :
3215 1750 3272 1805 et
3311 1741 3425 1810 juri
3466 1740 3772 1798 Viennensis

2128 1794 2171 1852 Β
2195 1794 2484 1893 Ἐςριεεὶίις,
2516 1794 2720 1896 εεγριῡηι
2745 1827 2939 1897 oppida
2983 1828 3066 1905 vel
3102 1794 3346 1886 civitates
3382 1830 3770 1904 Gratianopolis

2203 1915 2431 1983 scilicet,
2483 1917 2751 1984 Valentia,
2791 1917 2910 1985 Dia,
2949 1919 3086 1980 Alba
3127 1920 3425 1999 Vivarium,
3469 1923 3687 1980 Geneva
3726 1935 3772 1979 et

2203 2005 2558 2086 Tarentasia,
2627 2017 2889 2090 perpetuo
2942 2011 3198 2084 subjectae
3246 2025 3557 2082 manerent,
3604 2017 3676 2072 ita
3725 2027 3770 2073 et

2199 2095 2477 2154 Mauriana
2516 2114 2658 2160 nunc
2693 2111 2877 2156 noster
2902 2103 3243 2172 prmsulatus,
3291 2105 3493 2161 futuris
3529 2109 3768 2178 tempori-

2197 2186 2300 2242 bus
2343 2187 2560 2243 firmum
2607 2198 2663 2245 et
2710 2191 3083 2248 iuconvulsum
3131 2196 3326 2250 durare
3375 2200 3632 2267 pnesenti
3676 2200 3758 2254 de-

2198 2287 2347 2332 creto
2375 2278 2701 2334 constituit:
2745 2290 2799 2335 et
2843 2291 2902 2336 ut
2942 2284 3008 2337 ad
3049 2293 3372 2354 potestatem
3431 2295 3487 2342 et
3526 2288 3766 2356 ditionem

2203 2368 2520 2426 Viennensis
2555 2372 2868 2443 metropolis
2897 2375 3200 2444 pertineant
3243 2377 3632 2434 inviolabiliter
3657 2379 3768 2436 deﬁ-

2195 2459 2352 2514 nivit.
2377 2458 2560 2529 Neque
2589 2471 2775 2536 tamen
2797 2473 3084 2542 propterea
3123 2465 3565 2542 'l‘areritasiensis
3599 2470 3766 2525 Ecclev

2193 2549 2288 2604 sire
2313 2548 2574 2619 pontifex,
2605 2551 2694 2624 jus
2721 2551 2824 2607 sibi
2857 2553 3106 2609 collatum
3135 2557 3346 2627 perdat.
3379 2558 3520 2625 Quia
3547 2575 3646 2615 nec
3675 2562 3763 2629 hoc

2199 2635 2513 2699 Viennensis
2553 2630 2990 2714 archiepisc0pus
3043 2645 3248 2714 primas
3292 2647 3466 2716 ipsius
3513 2665 3545 2702 a
3592 2662 3762 2708 nostra

2191 2735 2514 2791 auctoritate
2564 2735 2857 2807 postulavit
2903 2750 2960 2795 ut
3000 2740 3054 2795 in
3107 2741 3378 2812 aliquibus
3419 2745 3632 2815 Oppidis
3673 2747 3762 2802 sibi

2190 2826 2498 2905 commissis
2531 2843 2637 2883 non
2675 2829 2911 2886 ordinet.
2961 2831 3027 2886 Et
3061 2833 3127 2888 ad
3162 2825 3219 2889 se
3247 2849 3374 2889 cum
3403 2846 3756 2905 opportunum

2189 2902 2384 2988 viderit
2415 2931 2519 2972 non
2550 2910 2796 2998 advocet,
2835 2923 2928 2977 sed
2967 2923 3068 2978 sub
3095 2921 3218 2994 jure
3245 2923 3578 2981 Viennensis
3599 2927 3762 2982 archi—

2186 3007 2426 3082 episcopi
2459 3010 2532 3064 ita
2563 3025 2623 3066 se
2645 3012 2878 3081 positum
2925 3029 3139 3086 semper
3178 3017 3339 3083 sciat,
3383 3027 3447 3072 ut
3473 3034 3575 3088 per
3602 3019 3759 3088 dispo—

2187 3099 2438 3154 sitionem
2470 3100 2616 3157 illius
2639 3104 2820 3158 omnia
2847 3105 2964 3160 haec
2994 3115 3120 3178 agat
3149 3125 3162 3162 :
3197 3117 3252 3162 et
3281 3109 3350 3164 ad
3392 3110 3660 3180 synodum
3688 3111 3758 3180 ip-

2183 3189 2296 3245 sius
2329 3199 2554 3247 vocatus
2574 3193 2779 3263 pariter
2815 3209 2939 3264 cum
2973 3195 3106 3266 ipsis
3143 3198 3246 3257 sibi
3275 3203 3557 3256 concessis
3586 3217 3758 3257 oecur-

2183 3290 2290 3347 rat,
2321 3289 2377 3336 et
2399 3292 2660 3351 quantum
2690 3286 2757 3341 ad
2785 3287 3088 3358 generalem
3119 3291 3531 3348 observantiam
3561 3294 3756 3360 attinet,

2181 3370 2317 3426 nihil
2349 3380 2550 3441 praeter
2588 3376 2967 3434 auctoritatem
2999 3379 3324 3437 Viennensis
3352 3383 3608 3452 praesulis
3642 3383 3758 3440 deti-

2181 3459 2304 3538 pire
2351 3473 2662 3532 praesumat.
2712 3464 2904 3533 Sitque
2958 3469 3235 3526 humiliter
3287 3472 3583 3540 subditus,
3632 3474 3756 3542 sicut

2181 3558 2252 3613 ab
2297 3561 2735 3618 antecessoribus
2775 3563 2975 3620 nostris
3007 3564 3300 3626 salubriter
3329 3567 3638 3623 institutum
3663 3578 3750 3624 est.

2188 3651 2475 3708 Viennensi
2525 3653 2812 3721 Ecclesiae,
2867 3667 2926 3712 ut
2973 3655 3198 3714 liberius
3239 3658 3574 3731 dignitatem
3617 3677 3751 3717 sua

2181 3757 2214 3797 a
2245 3743 2399 3800 nobis
2427 3745 2526 3801 sibi
2558 3759 2873 3804 concessam
2899 3751 3238 3821 postmodum
3269 3751 3484 3830 habere
3510 3763 3566 3809 et
3590 3763 3751 3809 tenere

2179 3834 2468 3903 praevaleat
2506 3853 2520 3890 :
2569 3851 2638 3892 ue
2686 3837 2730 3892 si
2781 3839 2942 3893 aliter
2979 3838 3168 3895 fecerit
3195 3849 3290 3895 aut
3334 3844 3750 3914 praesumpserit.

2180 3939 2285 3980 non
2342 3926 2515 3982 solum
2567 3943 2823 4001 concessa
2875 3931 3128 3997 amittat,
3175 3934 3271 3988 sed
3325 3935 3500 3989 etiam
3555 3943 3754 4004 propter

2177 4017 2620 4087 inobcdientiam,
2671 4022 2859 4080 durius
2901 4023 3188 4080 damnatus
3258 4026 3314 4081 in
3375 4025 3623 4082 futurum
3665 4026 3754 4080 hu-

2177 4109 2429 4166 milictur.

713 4278 3664 4334 Μ

2031 4457 2184 4584 Χ.

1483 4691 2440 4854 ΔυιηΔιπυε
2508 4719 2710 4860 ιι.

1246 5015 1283 5070 Ι.
2080 5029 2401 5104 Dobitum,
2459 5031 2741 5091 abbatibus
2785 5037 3113 5105 venerabilis
3167 5047 3488 5103 monasterii
3549 5060 3734 5104 sancte

473 5114 869 5178 ιυιιλειυιιιωι
894 5135 929 5173 ll
947 5137 1126 5177 JOANNI
1150 5141 1397 5183 EPISCOPO
1410 5145 1665 5187 ARIETINO
1679 5149 1932 5192 CONCESSA
1949 5154 2049 5196 PRO

548 5195 883 5303 [fulﬁlihTIONE
948 5207 1266 5250 IONAS‘I'ERII
1327 5215 1373 5253 s.
1424 5215 1603 5255 manu:
1646 5219 1698 5257 IN
1739 5221 1938 5263 cuneo
1994 5212 2053 5263 in“

548 5264 595 5302 is
643 5265 657 5302 ι
697 5266 771 5303 ιλ.
1818 5288 1822 5292 λ
1888 5294 1891 5297 ·
2043 5292 2049 5302 ν

547 5264 771 5306 λεκιιιλ.
1818 5288 1822 5292 “
1888 5294 1891 5297 ·
2043 5292 2049 5302 ‘

913 5328 1094 5409 ‘(Anno
1128 5334 1251 5400 871,
1281 5337 1403 5393 ldus
1437 5339 1598 5411 Nov.)

478 5419 666 5493 [Apud
692 5425 984 5498 Mittarelli,
1006 5436 1196 5494 Annal.
1239 5443 1558 5514 Camaldul.,
1597 5451 1681 5518 ιιι,
1706 5431 1935 5524 append.
1966 5459 2049 5529 1.1

2091 5117 2099 5123 ’
2155 5122 2248 5176 Dei
2280 5123 2556 5210 genitricis
2578 5125 2780 5195 Mariae,
2812 5129 2900 5185 siti
2919 5126 3103 5189 Balnei
3133 5133 3186 5189 in
3227 5134 3406 5194 Massa
3432 5181 3449 5206 ,
3480 5141 3534 5197 in
3556 5158 3734 5213 perper,-

2155 5222 2324 5270 tuum.

2190 5298 2193 5302 ’
2220 5305 2482 5373 Quoniam
2507 5322 2721 5380 semper
2752 5322 2878 5368 sunt
2906 5317 3249 5374 concedenda
3300 5337 3424 5392 quae
3441 5327 3726 5383 rationabi-

2147 5391 2288 5479 libus
2323 5408 2624 5467 congruunt
2653 5400 2965 5469 desideriis,
2993 5416 3210 5476 oportet
3244 5391 3331 5466 uti
3370 5413 3588 5471 devotio
3608 5432 3726 5471 con-
3752 5465 3758 5477 .

2148 5481 2340 5538 ditoris
2368 5485 2469 5544 piae
2498 5488 2914 5544 constructionis
2934 5494 3137 5544 oraculi
3164 5495 3219 5544 in
3259 5499 3560 5544 ιιι-ἱνῖιρσίία
3601 5519 3729 5544 ω’.
