3930 5456
114 419 238 476 ll)"

1496 416 1846 474 ADRIANUS
1883 418 1944 473 ll.

3218 423 3356 482 1018

108 546 243 592 ctam
275 536 331 589 in
360 534 556 599 Massa,
586 548 705 603 quae
735 540 955 588 vocatur
994 530 1286 595 Balneum,
1311 529 1450 599 juris
1487 538 1688 585 sanctae
1715 540 1759 596 Α
1789 531 1994 600 proprii
2047 539 2253 586 tantum
2298 532 2508 587 abbatis
2550 533 2809 603 regimine
2855 533 3059 606 pollere
3103 535 3353 594 feliciter.

108 625 360 681 Romana:
406 624 491 680 cui
516 663 531 687 ,
582 623 693 677 Deo
725 630 978 684 auctore,
1028 620 1359 677 deservimus
1408 617 1680 682 Ecclesia,

108 716 200 772 tibi
253 716 321 769 ad
395 715 776 769 monasterium
852 712 1223 769 aediﬁcandum
1284 712 1685 781 regendumque

106 822 222 862 cum
249 806 346 862 Dei
388 816 582 861 timore
628 806 1072 876 dispensandum,
1122 806 1284 862 missa
1326 803 1685 875 praeceptione

104 899 322 952 mutatis
363 898 572 952 scilicet
613 896 880 962 fontibus,
920 898 972 951 in
1008 896 1291 952 ecclesiam
1317 887 1526 950 Domini
1567 893 1685 950 Sal—

101 987 305 1051 vatoris
338 987 391 1041 in
430 986 607 1041 medio
635 987 905 1057 praedicta:
934 986 1124 1044 Massa
1158 987 1274 1042 loco
1297 994 1683 1051 constructam,

102 1078 189 1132 ubi
219 1077 436 1135 facilior
466 1078 645 1149 populi
688 1093 985 1141 concursus
1034 1093 1155 1133 esse
1201 1078 1447 1143 videtur,
1490 1091 1686 1133 conce-

102 1168 227 1223 dere
253 1168 591 1224 deberemus.
638 1166 747 1223 Nos
787 1177 967 1222 autem
1016 1167 1257 1227 inclinati
1302 1167 1549 1239 precibus
1580 1164 1686 1227 tuis

100 1258 267 1314 alacri
297 1259 584 1315 devotione
633 1260 974 1331 impertimur
1023 1274 1331 1325 assensum,
1383 1266 1442 1314 ut
1467 1274 1536 1315 ex
1581 1259 1687 1317 hoc

98 1349 232 1405 lucri
268 1350 606 1420 potissimum
639 1350 916 1420 praemium
947 1366 977 1406 a
1009 1350 1288 1406 conditore
1308 1350 1548 1406 omnium
1578 1350 1687 1404 Deo

98 1438 369 1510 possimus
393 1441 712 1509 promereri,
761 1441 807 1494 si
852 1440 1180 1496 venerabilia
1220 1440 1335 1497 loca
1385 1449 1686 1510 opportune

97 1530 345 1586 ordinata
392 1546 489 1600 per
523 1547 620 1589 vos
661 1532 727 1586 ad
774 1531 1049 1595 meliorem
1102 1531 1302 1587 fuerint
1325 1540 1525 1591 statum
1565 1547 1686 1601 per-

97 1622 274 1676 ducta.
306 1620 408 1678 Per
427 1621 586 1691 hujus
616 1622 794 1692 itaque
821 1622 1072 1693 praecepti
1096 1622 1364 1694 paginam,
1383 1622 1495 1693 jam
1523 1637 1685 1691 supra

97 1722 454 1768 memoratam
498 1713 779 1769 ecclesiam
810 1714 903 1768 Dei
935 1713 1225 1768 Genitricis
1266 1728 1391 1768 cum
1416 1713 1686 1784 contiguis

94 1803 336 1858 aediﬁciis
383 1810 439 1858 et
483 1811 630 1859 tanto
677 1814 834 1858 teme
861 1820 923 1859 ac
962 1804 1240 1859 vinearum
1282 1805 1458 1873 spatio
1495 1804 1549 1858 in
1585 1804 1688 1859 cir-

1785 621 1991 676 Abbate
2020 622 2226 678 scilicet
2263 623 2332 678 ab
2363 623 2466 678 hac
2506 623 2626 679 luce
2653 626 2917 697 migrante
2942 667 2957 694 ,
3000 642 3283 687 successor
3304 630 3356 688 ei

1783 714 1850 769 de
1894 716 2109 786 prepria
2154 716 2571 787 congregatione
2621 720 2889 774 communi
2937 720 3179 776 omnium
3227 736 3358 778 oon-

1783 820 1944 860 sensu
1982 807 2048 861 de
2090 823 2154 861 eo
2185 808 2375 878 dignus
2404 808 2653 879 eligatur,
2678 818 2733 864 et
2762 811 2828 865 ad
2858 819 3095 867 nostram
3126 810 3209 869 vel
3236 828 3361 870 suca

1782 907 2058 950 cessurum
2101 904 2407 949 nostrorum
2451 898 2792 966 praesentiam
2820 900 3043 954 veniens
3071 915 3357 957 consecra-

1784 985 1949 1041 tionis
1977 1002 2171 1040 munus
2192 987 2397 1056 absque
2422 987 2680 1043 dilatione
2706 989 2984 1059 percipere
3009 1000 3301 1057 mercatur,
3327 1005 3361 1045 a

1784 1092 1891 1146 quo
1925 1085 2050 1132 tunc
2079 1092 2183 1132 non
2224 1075 2399 1145 majus
2441 1094 2601 1148 quam
2629 1080 2787 1134 unius
2816 1078 2967 1136 libra:
3004 1081 3211 1152 argenti
3236 1094 3363 1137 exe-

1784 1168 1933 1225 nium
1974 1169 2251 1240 exigatur,
2302 1170 2374 1223 ita
2406 1184 2538 1225 sane
2562 1171 2708 1227 utab
2735 1170 2815 1226 eis
2853 1172 3364 1242 successoribusque

1784 1272 1971 1315 eorum
2018 1261 2246 1333 singulis
2296 1263 2598 1333 quibusque
2658 1263 3040 1335 indictionibus
3089 1266 3364 1335 pensionls

1785 1351 2003 1407 nomine
2027 1360 2082 1408 et
2110 1353 2411 1411 rationibus
2428 1354 2812 1411 ecclesiasticis
2832 1353 3021 1427 viginti
3053 1355 3171 1411 auri
3207 1354 3367 1420 solidi

1786 1443 1988 1503 Lucani
2040 1442 2352 1499 difﬁcultate
2398 1444 2692 1515 postposita
2719 1445 3114 1515 persolvantur.
3140 1445 3245 1501 Res
3271 1459 3369 1501 au-

1789 1542 1892 1588 tem
1943 1548 2173 1599 omnes,
2219 1548 2355 1602 quas
2402 1548 2547 1588 nunc
2615 1534 2930 1605 praedictum
2978 1536 3367 1595 monasterium

1786 1622 1987 1681 habere
2022 1622 2268 1687 videtur,
2298 1623 2383 1678 vel
2411 1623 2669 1679 Dominus
2693 1623 2868 1680 eidem
2901 1624 3148 1680 conferre
3173 1626 3365 1696 digna-

1788 1723 1876 1769 tus
1902 1712 2098 1781 fuerit,
2131 1723 2186 1769 et
2208 1728 2274 1773 ex
2300 1714 2572 1783 prmdictis
2613 1713 2772 1770 rebus
2802 1714 2941 1784 juris
2979 1713 3135 1783 hujus
3172 1722 3370 1770 nostra:

1788 1813 1989 1859 sanctae
2034 1804 2292 1859 Romana:
2335 1798 2875 1862 Ecclesiaesalaritiis
2900 1804 3179 1871 videlicet,
3209 1814 3372 1875 atque

95 1893 264 1959 cuitu,
286 1902 547 1963 quantum
573 1894 686 1964 jam
720 1896 862 1951 dicta
889 1895 1119 1951 ecclesia
1147 1895 1361 1951 Domini
1386 1894 1681 1951 Salvatoris
1708 1890 1755 1950 Β
1782 1895 2086 1961 colonotiis,
2119 1905 2227 1950 tam
2259 1896 2667 1965 mobilesjquam
2695 1895 2994 1951 immobiles
3014 1896 3182 1951 abbas
3206 1896 3371 1966 ipsius

93 1983 295 2039 habere
350 1983 701 2055 dignoscitur,
758 1987 827 2039 ita
859 1995 957 2050 ut,
993 1986 1135 2057 quod
1184 1986 1456 2043 residuum
1493 1985 1679 2053 fuerit,

93 2074 362 2151 pnedictae
412 2075 653 2131 ecclesia:
697 2075 909 2132 Domini
960 2074 1260 2133 Salvatoris
1299 2077 1598 2147 pertineat,
1648 2093 1679 2131 a

95 2166 349 2233 praesenti
387 2174 541 2222 sexta
580 2166 895 2233 indictione,
924 2167 977 2223 in
1012 2167 1284 2238 integrum
1310 2169 1381 2223 ad
1404 2178 1682 2224 monaste-

89 2255 231 2312 rium
277 2261 724 2328 construendum,
774 2262 945 2321 donec
974 2263 1085 2323 Deo
1129 2260 1357 2333 juvante
1389 2263 1680 2331 advixeris,

93 2348 189 2404 tibi
231 2352 615 2419 concedimus;
678 2353 946 2425 simulque
993 2362 1050 2410 et
1088 2354 1279 2413 silvam
1318 2354 1372 2409 in
1410 2355 1684 2412 territorio

86 2442 313 2499 Aretino
341 2442 486 2512 juris
517 2453 623 2501 tua:
662 2446 1035 2516 pr0prietatis,
1078 2462 1253 2518 quam,
1276 2457 1331 2503 tu
1370 2448 1485 2519 ipse
1525 2449 1683 2504 beato

86 2530 249 2589 Petro
302 2535 545 2605 apostolo
594 2551 691 2607 per
727 2538 1034 2594 donationis
1079 2539 1329 2610 paginam
1374 2539 1680 2616 contulisti,

88 2638 250 2692 quam
280 2625 444 2680 etiam
478 2636 568 2681 tuo
599 2628 777 2684 studio
804 2628 869 2683 ad
891 2629 1095 2685 cultum
1120 2645 1185 2685 ex
1212 2638 1366 2699 parte
1384 2629 1683 2699 perduxisti

87 2728 210 2769 cum
261 2718 403 2772 casis
449 2718 648 2774 ibidem
684 2721 1013 2777 constructis
1055 2729 1111 2777 et
1155 2721 1265 2777 Deo
1292 2721 1527 2792 propitio
1555 2737 1686 2777 con-

88 2806 365 2863 struendis
387 2850 403 2875 ,
456 2810 647 2877 terris,
684 2811 888 2878 vineis,
918 2813 1156 2883 campis,
1197 2814 1367 2882 pratis
1391 2853 1406 2878 ,
1434 2813 1649 2883 pascuis
1668 2852 1683 2876 ,

87 2897 221 2953 rivis
268 2909 326 2953 et
358 2900 599 2957 fontibus
619 2942 636 2969 ,
661 2903 824 2964 cultis
862 2904 946 2959 vel
996 2904 1211 2969 incultis
1254 2904 1349 2960 tibi
1378 2905 1517 2961 intra
1550 2906 1685 2960 ﬁnes

86 2988 467 3047 denominatos
518 2993 781 3065 largimur
827 2996 1017 3051 diebus
1059 2997 1184 3051 vitae
1213 3004 1351 3063 tuaa;
1406 2997 1459 3053 id
1490 3004 1576 3053 est
1616 2996 1687 3052 ab

86 3096 193 3134 una
246 3092 398 3152 parte
429 3084 497 3139 de
544 3094 697 3155 petra
735 3086 861 3143 ﬁcta
882 3088 957 3141 ad
984 3086 1179 3157 Jugum
1211 3088 1380 3158 Majus
1413 3129 1428 3155 ,
1459 3089 1582 3145 inde
1629 3089 1683 3143 in

85 3169 489 3239 Castellionem,
515 3184 680 3246 atque
706 3178 901 3232 iterum
926 3193 955 3232 a
978 3193 1191 3233 summo
1217 3179 1526 3247 Montionis,
1561 3180 1684 3237 inde

85 3260 152 3314 ad
203 3260 580 3331 Thetolitium,
617 3273 671 3325 et
712 3266 837 3323 inde
875 3268 943 3323 ad
974 3266 1166 3325 Stilum
1198 3267 1409 3334 Filioli;
1459 3269 1682 3325 dimisso

86 3354 229 3411 Stilo
255 3369 285 3409 a
314 3371 476 3411 manu
500 3358 710 3426 dextra,
738 3375 838 3431 per
858 3360 999 3421 viam
1029 3361 1393 3418 ambulantem
1419 3377 1516 3432 per
1539 3362 1681 3422 Pon-

84 3447 374 3513 recellum,
423 3450 573 3505 etab
617 3450 724 3507 alio
778 3451 947 3508 latere
982 3453 1313 3512 territorium
1369 3462 1425 3509 et
1478 3454 1677 3522 Massa,

81 3556 208 3611 qua:
234 3551 460 3598 vocatur
502 3543 759 3601 Balneum
786 3586 801 3611 ,
846 3546 986 3615 juris
1044 3555 1244 3602 sanctae
1299 3547 1555 3607 Romana:
1576 3548 1679 3603 Ec-

81 3633 289 3688 clesiae.
331 3632 455 3689 Post
481 3635 780 3691 discessum
806 3652 938 3693 vero
964 3646 1111 3693 tuum
1145 3637 1318 3700 eidem
1350 3639 1681 3694 monasterio

82 3725 136 3780 in
160 3735 488 3796 perpetuum
510 3728 920 3796 confirmamus,
943 3729 1131 3791 eadem
1154 3729 1417 3791 duntaxat
1446 3732 1679 3798 ratione,

82 3823 145 3868 ut
170 3815 346 3871 abbas
366 3855 383 3881 ,
426 3817 518 3887 qui
548 3832 648 3889 pro
706 3826 948 3889 tempore
987 3818 1115 3874 inibi
1149 3834 1217 3874 ex
1240 3819 1429 3876 eadem
1457 3836 1682 3892 congre-

76 3905 308 3979 gatione
344 3906 568 3977 electus,
600 3917 656 3963 et
682 3908 966 3964 ordinatus
1006 3909 1187 3976 fuerit,
1221 3924 1408 3966 servos
1434 3911 1530 3966 Dei
1567 3927 1682 3969 mo-

77 3995 314 4060 nachos,
344 4012 481 4068 quos
508 3999 565 4053 in
593 3999 781 4055 eodem
818 4001 1150 4065 monasterio
1174 4016 1468 4073 aggregare
1496 4012 1683 4074 potuer

77 4084 187 4150 rit,
240 4085 347 4159 sub
371 4087 622 4157 castitate
646 4098 701 4144 et
730 4090 991 4145 modestia
1038 4091 1272 4162 regulari
1303 4101 1465 4163 atque
1491 4108 1682 4149 mona-

83 4176 254 4231 sticia
286 4177 574 4253 disciplina
614 4181 830 4251 regulae,
856 4182 1063 4237 scilicet
1090 4183 1265 4238 sancti
1300 4184 1597 4253 Benedicti,
1625 4197 1684 4243 ut

75 4265 480 4339 paterfamilias
504 4268 599 4331 Dei
652 4270 899 4325 timorem
921 4286 1033 4351 prae
1058 4272 1231 4328 oculis
1257 4273 1464 4330 habens
1491 4276 1685 4334 exinde

74 4357 270 4414 foveat
317 4368 481 4441 atque
508 4361 791 4431 gubernet.
842 4361 956 4419 Hoc
986 4364 1151 4419 etiam
1179 4366 1434 4434 praesenti
1482 4374 1685 4423 statuto

74 4447 435 4505 decernimus
461 4491 476 4512 .
516 4446 585 4509 ut
630 4452 828 4511 nullius
881 4452 1036 4510 alteri
1084 4454 1342 4511 Ecclesiae
1388 4456 1684 4513 ditionibus

66 4539 219 4611 juris
241 4541 616 4609 condictione,
644 4544 746 4599 nisi
772 4553 971 4601 sancta:
993 4553 1213 4611 nostrae,
1238 4547 1324 4601 cui
1347 4546 1440 4603 Dei
1461 4556 1681 4605 auctore

71 4634 466 4711 praesidemus,
526 4636 821 4703 Ecclesiae,
876 4638 1227 4693 constitutum
1289 4640 1673 4694 monasterium

70 4723 458 4781 submittatur.
525 4724 888 4793 Quamobrem
953 4737 1009 4781 et
1074 4742 1289 4783 omnem
1391 4727 1679 4797 cujuslibet

69 4812 347 4869 Ecclesia:
391 4815 729 4872 sacerdotem
783 4815 1078 4886 quamlibet
1127 4817 1328 4875 habere
1381 4817 1675 4874 dictionem

68 4916 284 4977 praeter
341 4907 529 4964 sedem
582 4908 933 4979 apostolicam
987 4908 1365 4979 prohibemus;
1423 4909 1497 4963 ita
1546 4924 1676 4965 sane

67 5005 130 5051 ut
186 4997 302 5053 nisi
335 4998 405 5054 ab
448 4998 643 5054 abbate
666 4999 981 5060 monasterii
1035 4998 1197 5056 fuerit
1248 5000 1526 5066 invitatus,
1574 5016 1676 5056 nec

67 5090 380 5145 missarum
418 5090 614 5146 ibidem
656 5089 919 5147 solemnia
948 5078 1211 5162 quispiam
1244 5092 1520 5148 celebrare
1546 5110 1680 5165 pra:-

64 5190 283 5259 sumat.
343 5181 611 5253 Episc0po
661 5196 794 5253 vero
844 5188 1044 5236 sanctae
1093 5182 1427 5240 Ficoclensis
1491 5183 1677 5242 Eccle-

63 5272 190 5347 sia),
242 5272 406 5343 cujus
460 5272 709 5328 dimcesis
768 5285 887 5325 esse
944 5271 1176 5340 videtur,
1210 5288 1336 5330 cum
1365 5275 1435 5330 ab
1476 5277 1674 5334 abbate

64 5376 189 5390 ιη’-ί

1784 1987 2098 2045 monasterii
2142 1986 2431 2058 diligenter
2467 1986 2715 2042 laborare
2749 1995 2804 2041 et
2842 1988 3161 2056 gubernare,
3209 1994 3375 2057 atque

1781 2094 1905 2135 cum
1954 2079 2047 2135 Dei
2096 2080 2292 2135 timore
2344 2076 2661 2150 dispensare
2695 2087 2949 2150 procuret
3007 2094 3111 2133 non
3154 2078 3374 2148 propria

1782 2174 1932 2228 lucra
1972 2175 2250 2239 sectando,
2284 2173 2480 2229 alicubi
2534 2188 2848 2245 aggregare,
2873 2174 2978 2229 sibi
3010 2188 3294 2245 usurpare,
3321 2180 3377 2227 et

1782 2264 2046 2321 fratribus
2089 2264 2307 2320 auferre
2346 2275 2660 2335 praesumat.
2693 2263 2876 2334 Neque
2902 2265 2967 2320 de
3011 2261 3376 2319 immobilibus

1785 2355 1916 2413 locis
1940 2357 2216 2428 quidpiam
2242 2357 2447 2413 donare
2472 2397 2486 2423 ,
2531 2357 2762 2413 vendere
2790 2397 2804 2423 ,
2828 2357 2913 2413 vel
2951 2356 3191 2427 quolibet
3216 2356 3377 2411 modo

1784 2446 2026 2518 obligare
2055 2447 2140 2503 vel
2163 2446 2406 2503 alienare
2429 2454 2719 2517 pertentet,
2751 2447 2846 2503 sed
2877 2447 3057 2503 omnia
3090 2448 3143 2501 in
3171 2442 3377 2517 proprii

1786 2538 2103 2593 monasterii
2148 2553 2248 2593 usu
2294 2536 2635 2607 Saliarioque
2678 2536 2801 2606 jure
2843 2553 2943 2608 pro
2987 2536 3375 2593 monachorum

1788 2628 1987 2683 ibidem
2023 2628 2134 2683 Deo
2161 2626 2541 2682 famulantium
2590 2628 3004 2693 sustentatione,
3027 2626 3375 2683 luminarium

1784 2716 2217 2785 concinnatione,
2264 2718 2539 2789 hospitum
2582 2726 2637 2772 et
2688 2733 2981 2788 pauperum
3036 2717 3373 2790 receptione,

1787 2810 2068 2881 integriter
2096 2810 2243 2866 salva
2287 2811 2343 2865 in
2392 2818 2710 2880 perpetuum
2742 2820 2799 2866 et
2843 2808 3163 2864 immutilata
3210 2809 3367 2880 persi'

1786 2911 1950 2958 stant.
1981 2903 2168 2974 Igitur,
2212 2904 2304 2974 qui
2334 2903 2495 2972 hujus
2517 2904 2797 2974 apostolici
2833 2903 3102 2976 privilegii
3136 2902 3374 2960 sanctio-

1786 3009 1911 3049 nem
1931 2994 2396 3064 parvipendereet
2418 2995 2472 3049 in
2506 2994 2689 3067 aliquo
2717 2994 2922 3050 violare
2947 2996 3373 3065 praesumpserit,

1786 3099 1851 3141 ac
1872 3085 2139 3141 malitiose
2178 3085 2350 3156 ipsius
2393 3086 2704 3143 monasterii
2733 3102 2821 3142 res
2861 3085 2944 3142 vel
2974 3085 3235 3140 familiam
3266 3088 3380 3140 tra-

1786 3184 1936 3232 ctare
1981 3183 2075 3230 aut
2115 3175 2351 3246 diripere
2399 3175 2485 3230 vel
2538 3174 2755 3231 auferre
2801 3173 3224 3246 praesumpserit,
3279 3187 3377 3228 seu

1711 3244 1755 3306 C
1788 3266 1934 3335 ipsos
1946 3244 2242 3321 monachos
2257 3266 2323 3321 de
2335 3264 2563 3321 fontium
2586 3244 2967 3320 immutatione
2984 3244 3373 3327 molestaverit,

1781 3365 1876 3413 aut
1896 3365 2215 3412 extraneum
2255 3355 2542 3426 cujuslibet
2572 3354 2782 3410 ordinis
2831 3353 3091 3409 clericum
3123 3350 3375 3407 saeculari

1782 3449 2022 3518 potentia
2061 3450 2328 3503 virtuteve
2368 3447 2422 3502 in
2466 3445 2694 3516 praefato
2737 3445 3068 3501 monasterio
3122 3443 3374 3499 abbatem

1780 3538 1981 3607 eligere
2004 3545 2231 3593 conatus
2257 3536 2458 3603 fuerit,
2506 3537 2559 3591 in
2582 3551 2744 3606 quem
2776 3534 2953 3590 omnis
2982 3532 3153 3604 ipsius
3182 3545 3375 3587 mona-

1779 3635 1932 3692 sterii
1979 3635 2329 3690 monachicus
2374 3642 2548 3688 coetus
2589 3631 2833 3703 elegerit,
2887 3629 3099 3700 pariter
3139 3642 3262 3684 cum
3306 3640 3374 3683 eo

1778 3728 1872 3801 qui
1913 3726 2017 3784 sibi
2056 3742 2251 3783 nomen
2291 3726 2505 3781 abbatis
2549 3739 2814 3795 usurpare
2860 3722 3374 3789 tentaverit,sacro-

1779 3820 1952 3876 sancti
2006 3818 2253 3891 corporis
2295 3828 2352 3875 et
2426 3817 2708 3890 sanguinis
2761 3816 2976 3873 Domini
3020 3815 3194 3871 nostri
3243 3812 3373 3869 Jesu

1780 3910 1989 3968 Christi.
2048 3910 2495 3982 participatione,
2547 3910 2721 3965 donec
2787 3908 3103 3979 resipiscat,
3164 3905 3374 3962 alienus

1780 4005 1998 4063 existat.
2049 4004 2105 4060 Si
2153 4006 2275 4074 quis
2326 4012 2505 4059 autem
2547 4002 2876 4072 judiciorum
2928 4003 3023 4059 Dei
3079 4002 3369 4057 immemor

1782 4105 1970 4152 contra
2023 4096 2127 4151 hoc
2177 4104 2423 4151 nostrum
2467 4095 2824 4166 apostolicum
2873 4100 3201 4165 prmceptum
3237 4108 3373 4163 quo-

1782 4200 1995 4257 cunque
2021 4194 2263 4256 tempore
2290 4200 2451 4257 agere
2478 4186 2792 4251 tentaverit,
2823 4193 2880 4239 et
2907 4198 3013 4239 non
3039 4183 3093 4237 in
3120 4183 3373 4237 omnibus

1783 4284 2134 4333 conservator
2155 4275 2447 4341 exstiterit,
2475 4284 2738 4345 perpetuo
2763 4272 3126 4328 anathematis
3150 4271 3367 4326 vinculo

1784 4375 2002 4421 maneat
2044 4366 2353 4421 innodatus.
2403 4366 2505 4433 Qui
2549 4379 2680 4420 vero
2725 4370 2909 4419 custos
2936 4370 2993 4417 et
3023 4370 3371 4417 conservator

1784 4455 1970 4521 fuerit,
2017 4455 2255 4511 ctelestis
2299 4454 2694 4511 benedictionis
2721 4452 2972 4524 gratiam,
2999 4450 3215 4507 Christo
3258 4451 3368 4506 Do-

1785 4546 1933 4600 mino
1963 4546 2247 4618 largiente,
2270 4546 2525 4617 consequi
2548 4552 2841 4601 mereatur.

1855 4636 2000 4692 Bene
2058 4637 2250 4693 valete.
2314 4636 2588 4708 Scriptura
2636 4650 2734 4708 per
2786 4649 3001 4689 manum
3044 4633 3194 4689 Pauli
3236 4633 3369 4688 scri-

1783 4728 1964 4793 niarii,
2013 4728 2371 4784 secundicerii
2419 4736 2621 4784 sancta:
2671 4726 2816 4782 sedis
2857 4724 3187 4796 apostolicae,
3248 4722 3369 4776 Idus

1784 4820 2157 4887 Novembrias,
2187 4822 2477 4877 indictione
2523 4822 2577 4890 6,
2611 4823 2914 4891 imperante
2961 4818 3180 4874 domino
3240 4814 3371 4885 piis-

1782 4912 1921 4967 simo
1966 4911 2242 4969 Ludovico
2265 4928 2294 4967 a
2320 4913 2430 4967 Deo
2458 4922 2719 4970 coronato
2737 4951 2751 4976 ,
2783 4926 2926 4966 anno
2952 4910 3024 4966 εδ
3052 4907 3198 4980 regni
3222 4902 3369 4972 ejus,

1783 5019 1926 5061 anno
1958 5008 2028 5062 ab
2051 5005 2419 5063 incarnatione
2457 5004 2670 5063 Domini
2707 5001 3160 5073 octingentesimo
3188 5005 3375 5053 octua~

1781 5097 1988 5168 gesimo
2026 5099 2273 5173 septimo.

1877 5319 2095 5346 annuum
2136 5323 2171 5342 ιι
2214 5322 2331 5340 ιηηι
2359 5319 2373 5338 ι
2422 5318 2531 5343 non
2572 5309 2912 5344 unvec'cn'“
2972 5307 3271 5342 nnnnnlrmil
