4012 6300
533 351 684 419 ista

1067 347 1356 408 APPEND.
1406 352 1498 408 AD
1537 351 1706 410 SJEC.
1747 353 1838 408 IX.
1871 381 1939 407 —-.
1970 346 2310 408 SUPPLEM.
2346 349 2437 402 AD
2477 349 2762 410 SClllPTA
2800 354 3067 412 PONTIF.
3108 355 3275 414 ROM.

3685 355 3824 413 ΗΒΘ

547 477 710 518 οηιο
739 461 991 534 religioso
1011 462 1192 518 abbati
1224 462 1884 541 venerabilis_monasterii
1911 471 2129 518 sancto-
2154 466 2203 527 Α
2231 463 2518 521 Dominum
2552 466 2962 538 demigraveris,
2997 469 3089 526 vel
3118 479 3358 541 tempore
3400 471 3722 527 succedenti
3755 474 3825 527 ab

552 570 671 608 rum
699 533 997 624 martvrum
1030 553 1292 623 Stephani
1323 561 1486 624 atque
1515 533 1647 621 Viti,
1681 555 1824 624 quod
1855 569 2131 624 nuncupa-

550 653 638 700 mr
664 643 812 698 Rata
839 642 1088 710 Corbeia,
1118 654 1174 699 et
1203 660 1302 715 per
1329 653 1381 700 te
1405 645 1578 701 eidem
1619 644 1914 705 venerabili
1941 660 2132 701 mona-

524 721 738 803 "5terio,
765 736 818 804 in
849 744 1193 806 perpetuum.

529 901 534 905 η
622 829 888 885 Convenit
959 831 1255 901 apostol'co
1312 831 1670 887 moderamini
1731 831 1821 903 pia
1879 832 2140 906 religione

547 919 878 994 pollentibus
932 921 1190 978 benevola
1245 924 1622 993 compassione
1663 937 2035 990 succurrere,
2083 930 2142 978 et

527 1015 892 1088 poscentium
943 1014 1140 1070 animis
1170 1013 1350 1086 [alacri
1391 1015 1679 1074 devotione
1711 1031 2010 1087 congruum
2039 1015 2142 1071 im-

549 1107 745 1182 pertiri
770 1121 1086 1175 assensum;
1113 1121 1180 1163 ex
1202 1108 1287 1163 his
1311 1109 1456 1164 enim
1480 1107 1614 1164 lucri
1641 1109 1982 1179 potissimum
2005 1123 2142 1179 prat-

552 1199 721 1254 mfum
752 1214 802 1254 .a
853 1199 1135 1255 conditore
1186 1199 1430 1255 omnium
1479 1199 1708 1256 Domino
1746 1213 2140 1271 promeremur,

554 1291 682 1347 dum
732 1291 1060 1347 venerabilia
1101 1291 1220 1348 loca
1259 1302 1562 1364 opportune
1587 1291 1834 1348 ordinata
1861 1292 1928 1347 ad
1958 1289 2143 1346 melio-

531 1367 671 1438 lrem
716 1383 832 1438 sive
881 1383 1178 1439 firmiorem
1218 1383 1431 1438 fuerint
1458 1383 1576 1439 sine
1597 1383 1764 1439 dubio
1787 1390 1988 1438 statum
2017 1396 2143 1453 per-

533 1471 736 1552 ducta.
765 1472 833 1527 Et
857 1471 979 1546 ideo
1003 1489 1127 1529 cum
1155 1481 1368 1550 constet
1403 1473 1722 1544 religionem
1757 1481 1907 1528 tuam
1945 1482 2144 1528 nostra:

537 1561 904 1630 sollicitudini
954 1563 1226 1635 pontificis
1266 1563 1400 1620 satis
1446 1563 1724 1619 humiliter
1787 1561 2144 1634 suggessisse,

557 1662 825 1723 quatenus
847 1653 1133 1725 praefatum
1161 1652 1550 1709 monasterium
1579 1651 1682 1709 sub
1721 1652 1946 1723 perenni
1979 1651 2038 1708 S.
2063 1664 2144 1706 se-

2231 557 2591 614 unanimitate
2629 560 2870 615 omnium
2915 561 3202 632 eligantur,
3258 563 3350 633 qui
3405 564 3579 618 vitam
3619 572 3678 618 et
3712 577 3827 617 om-

2235 663 2364 708 nem.
2407 650 2846 706 monasterialem
2901 651 3148 706 ordinem
3204 661 3454 719 teneant,
3521 662 3582 708 et
3633 663 3828 708 cuncta

2235 754 2357 796 cum
2382 741 2576 797 timore
2619 742 2714 798 Dei
2765 751 2819 796 et
2870 745 3171 798 reverentia
3211 744 3476 815 regularis
3527 742 3832 814 disciplima

2237 832 2549 904 dispensare
2575 848 2917 903 summopere
2939 832 3160 900 faciant,
3190 843 3495 889 statuentes
3526 832 3834 904 apostolica

2205 967 2210 974 .
2237 936 2465 979 censura
2489 923 2590 979 sub
2616 923 2781 978 divini
2801 922 2992 993 iudicii
3023 923 3394 989 attestatione,
3425 932 3482 978 et
3508 922 3837 976 anathema-

2240 1017 2311 1072 tis
2352 1016 2667 1082 interdictu,
2711 1024 2770 1070 ut
2810 1015 2942 1071 nulli
2989 1032 3228 1088 unquam
3279 1033 3449 1088 parvo
3501 1024 3602 1070 aut
3643 1031 3839 1088 magno

2239 1108 2466 1175 homini,
2499 1108 2872 1180 cujuscunque
2900 1108 2972 1164 sit
3000 1109 3278 1180 dignitatis
3303 1108 3387 1162 vel
3413 1107 3656 1172 ordinis,
3685 1107 3842 1160 licuit

2241 1201 2384 1257 hanc
2413 1207 2618 1257 nostra:
2650 1201 3014 1267 auctoritatis,
3047 1216 3210 1276 quam
3244 1201 3335 1271 pio
3361 1200 3568 1256 intuitu
3593 1197 3841 1284 promul—

2209 1311 2212 1314 ’
2245 1291 2516 1363 gavimus,
2559 1291 2898 1348 sanctionem
2947 1290 3265 1364 infringere,
3294 1300 3386 1346 aut
3411 1288 3842 1358 ﬂoccipeudere,

2248 1381 2331 1437 vel
2357 1383 2410 1436 in
2437 1389 2573 1448 toto,
2599 1382 2714 1438 sive
2755 1381 2808 1436 in
2835 1389 3012 1453 parte,
3058 1395 3274 1452 quoquo
3311 1379 3474 1435 modo
3505 1377 3766 1442 violare;
3793 1385 3844 1432 et

2244 1471 2316 1538 si,
2347 1471 2491 1542 quod
2539 1486 2646 1526 non
2686 1470 2976 1535 credimus,
3036 1469 3322 1526 temerario
3361 1483 3502 1523 ausu
3551 1466 3842 1538 quisquam

2245 1563 2331 1619 vel
2380 1579 2524 1620 nunc
2557 1563 2645 1619 vel
2673 1578 2912 1633 unquam
2957 1561 3280 1632 transgredi,
3304 1569 3696 1623 contemnere,
3739 1557 3844 1612 vio-

2247 1653 2392 1722 lare,
2444 1664 2536 1710 aut
2586 1655 2727 1710 hanc
2775 1662 3015 1709 nostram
3065 1652 3486 1724 praeceptionem
3549 1649 3848 1719 infringere

557 1743 642 1801 dis
690 1746 998 1816 apostolicae
1025 1786 1040 1813 ,
1089 1745 1309 1802 cuilibet
1351 1744 1557 1817 indigni
1601 1759 1837 1816 praeesse
1877 1742 2148 1815 dignosci-
2183 1817 2202 1819 Α
2248 1746 2675 1819 praesumpserit,
2702 1753 2884 1802 etnon
2918 1744 2973 1800 in
3000 1744 3254 1800 omnibus
3281 1741 3687 1804 observaverit,
3719 1738 3848 1794 sciat

558 1847 710 1900 mur,
763 1835 1006 1905 recipere
1071 1834 1448 1906 dignaremur,
1499 1834 1856 1891 decernentes
1897 1834 2148 1898 scilicet,
2177 1817 2311 1896 3'53
2365 1817 2726 1896 anathematis
2783 1838 3015 1896 vinculis
3069 1838 3434 1895 innodandum
3463 1878 3480 1903 ,
3531 1846 3589 1893 et
3626 1852 3660 1891 a
3689 1851 3848 1906 regno

558 1931 724 1995 atque
771 1923 1065 1994 apostolica
1113 1925 1438 1982 auctoritate
1489 1925 1666 1980 modis
1725 1924 1980 1981 omnibus
2031 1933 2144 1981 sta-

562 2022 778 2071 tuentes
827 2024 885 2071 ut
926 2024 983 2070 et
1027 2015 1169 2072 idem
1221 2015 1610 2072 monasterium
1661 2015 1926 2088 privilegii
1978 2017 2152 2072 nostri

563 2104 763 2162 decore
791 2104 1056 2162 ﬁnetenus
1110 2107 1308 2180 vigeat,
1360 2116 1416 2163 et
1459 2107 1730 2169 monachi,
1763 2107 1855 2178 qui
1900 2106 2010 2162 illic
2047 2107 2156 2163 De-

564 2195 715 2252 mino
757 2197 1088 2272 quotidianis
1130 2197 1382 2254 laudibus
1429 2196 1787 2265 famulantur,
1828 2197 1895 2252 de
1919 2199 2153 2270 propriae

566 2290 1002 2369 congregationis
1047 2290 1277 2363 collegio
1315 2299 1440 2362 post
1470 2298 1621 2347 tuum
1660 2291 1958 2362 discessum
1995 2292 2151 2348 dein-

566 2393 720 2450 ceps,
751 2397 914 2452 quem
949 2381 1233 2438 divinitate
1261 2398 1474 2439 summa
1503 2392 1774 2439 annuente
1801 2398 1996 2440 onmes
2019 2399 2156 2442 con-

567 2473 808 2530 corditer
834 2474 1117 2547 elegerint,
1147 2475 1435 2533 ordinandi
1457 2475 1696 2533 habeant
1719 2474 2050 2532 facultatem.
2090 2476 2158 2532 Et

567 2566 697 2639 quia
732 2567 932 2624 asseris
974 2569 1215 2634 nomina,
1265 2578 1378 2625 tum
1408 2569 1584 2641 ipsum
1616 2571 2008 2626 monasterium
2040 2585 2157 2626 mu-

569 2657 845 2714 nificentia
871 2660 1174 2732 principum
1197 2661 1251 2717 in
1278 2662 1605 2733 prazdiorum
1637 2661 1988 2718 facultatibus
2016 2662 2156 2718 dita-

572 2755 687 2804 tum
722 2749 888 2807 fuisse
917 2751 1059 2823 petis
1088 2761 1144 2808 et
1164 2753 1432 2825 suggeris,
1462 2761 1524 2808 ut
1554 2760 1664 2808 tam
1695 2753 1818 2820 hoc,
1849 2751 1994 2823 quod
2015 2767 2160 2808 nunc

553 2843 835 2912 possidet,
866 2860 1028 2916 quam
1055 2845 1221 2902 etiam
1269 2845 1413 2916 quod
1443 2860 1474 2900 a
1505 2843 1753 2914 fidelibus
1781 2841 1888 2900 illis
1912 2841 2161 2898 fortassis

555 2935 814 3018 .oblatum
855 2937 971 2994 sive
1007 2937 1268 2994 collatum
1313 2936 1498 3005 fuerit,
1543 2936 1746 2993 emissa
1797 2935 2162 3008 praeceptione

551 3023 899 3090 confirmare
941 3026 1292 3084 nihilominus
1338 3027 1716 3099 dignaremur;
1765 3039 1930 3098 super
1961 3024 2160 3096 quibus

561 3131 682 3187 Anon
730 3116 906 3172 solum
958 3118 1014 3175 in
1069 3119 1296 3176 Domino
1321 3120 1495 3192 gavisi
1541 3135 1748 3186 sumus,
1777 3134 1964 3175 verum
1994 3117 2158 3174 etiam

563 3207 705 3284 quia
735 3209 823 3280 pia
849 3223 975 3266 esse
1006 3211 1410 3282 conspeximus,
1440 3220 1502 3267 ut
1535 3211 1705 3268 moris
1733 3219 1817 3268 est
1843 3210 2159 3283 apostolica,

565 3302 648 3367 ,ad
677 3303 774 3360 tibi
802 3305 918 3362 hac
947 3304 1305 3377 impendenda
1331 3318 1521 3361 amore
1549 3305 1645 3364 Dei
1673 3302 1858 3370 illecti,
1889 3303 2032 3360 votis
2057 3303 2165 3358 tuis

577 3396 763 3454 favere
804 3397 1162 3455 decrevimus.
1199 3397 1541 3471 Quapropter
1566 3413 1596 3452 a
1621 3395 1875 3468 praesenti
1905 3403 2059 3452 sexta
2081 3394 2165 3450 in-

581 3489 822 3547 dictione
845 3491 958 3564 jam
1000 3489 1207 3546 dictum
1241 3489 1627 3546 monasterium
1652 3489 1704 3544 in
1729 3487 2037 3560 apostolica:
2065 3501 2165 3542 au-

581 3581 854 3638 ctoritatis
911 3581 1281 3656 defensionem
1329 3582 1441 3637 imo
1494 3588 1814 3653 perpetuam
1862 3577 2169 3650 recepimus

583 3669 891 3743 tuitionem,
933 3684 991 3735 et
1030 3675 1213 3732 omnia
1255 3675 1459 3746 praedia
1507 3674 1650 3730 illius
1701 3683 1812 3728 tam
1859 3688 1949 3739 ea,
1989 3685 2110 3743 quae
2135 3685 2168 3726 a

577 3763 838 3834 gloriosis
873 3765 1245 3836 principibus,
1293 3765 1378 3821 vel
1431 3765 1552 3821 aliis
1591 3764 2045 3826 Christifidclibus
2096 3763 2168 3818 ibi

577 3857 783 3920 collata
826 3867 954 3914 sunt
995 3867 1051 3913 et
1089 3873 1374 3922 concessa,
1403 3874 1563 3928 quam
1600 3857 1708 3934 .lla,
1744 3873 1864 3927 quae
1892 3854 2168 3924 deinceps,

583 3955 884 4020 praestante
951 3947 1215 4012 Domino,
1265 3946 1501 4002 conferri
1550 3959 1808 4018 poterunt
1852 3955 1908 4002 et
1949 3938 2171 4002 concedi

588 4036 815 4109 ibidem,
840 4036 952 4093 sive
978 4037 1195 4116 mobilia
1223 4036 1339 4092 sive
1365 4036 1683 4103 immobilia,
1713 4036 2172 4101 confirmavimus,

582 4137 646 4194 ,οι
674 4139 734 4186 ut
767 4145 797 4184 a
846 4130 1087 4201 quolibet
1134 4144 1243 4186 non
1284 4135 1632 4200 usurpentur,
1684 4127 2032 4195 invadantur,
2082 4135 2176 4182 aut

588 4223 908 4294 rapiantur,
966 4223 1296 4279 auctoritate
1363 4221 1662 4292 apostolica
1731 4219 2170 4292 promulgamus,

584 4314 841 4385 iubemus
892 4329 958 4370 ac
1013 4313 1344 4380 definimus,
1393 4312 1745 4368 nihilominus
1794 4311 2176 4368 inviolabiliter

591 4405 943 4476 apostolicam
982 4420 1267 4472 censuram
1294 4404 1361 4460 ad
1381 4413 1583 4460 nostrae
1620 4403 1889 4459 mercedis
1914 4416 2174 4474 augmen-

593 4504 707 4549 tum
757 4494 1123 4560 decernimus,
1152 4503 1215 4550 ut
1237 4508 1399 4550 omne
1439 4492 1522 4548 fas
1569 4501 1735 4564 atque
1768 4506 1984 4547 omnem
2013 4489 2176 4546 licen-

596 4585 726 4642 tiam
756 4586 993 4640 haheant
1022 4585 1270 4642 monachi
1299 4583 1539 4657 ejusdem
1576 4582 1887 4639 monasterii
1917 4581 2078 4637 talem
2108 4581 2175 4637 de

594 4675 710 4731 suis
756 4675 1007 4730 abbatem
1052 4675 1309 4744 deligere,
1351 4673 1571 4744 qualem
1617 4672 1858 4727 omnium
1889 4680 2012 4726 vota
2040 4685 2173 4724 con-

594 4767 829 4823 corditer
876 4750 1286 4837 postulaverint,
1333 4774 1388 4820 et
1435 4765 1538 4820 sibi
1585 4763 1987 4834 pricficiendum
2036 4760 2175 4827 fore,

597 4872 706 4914 uno
729 4858 933 4921 animo,
966 4856 1138 4928 gratia
1167 4855 1225 4912 S.
1261 4855 1494 4927 Spiritus
1523 4853 1878 4926 suffragante,
1921 4852 2030 4907 illic
2069 4851 2177 4906 Do-

597 4951 746 5005 tnino
775 4948 1100 5004 famulantes
1126 4947 1416 5012 voluerint,
1450 4962 1552 5004 nec
1575 4945 1860 5015 quisquam
1887 4952 2180 5015 pratsutnat

599 5039 836 5095 alienum
881 5055 976 5095 seu
1009 5048 1332 5094 extraneum
1365 5037 1472 5092 illic
1501 5052 1738 5106 unquam
1767 5035 2018 5091 abbatem
2048 5048 2179 5088 con-

599 5128 827 5184 stituere
870 5136 965 5182 aut
1015 5127 1378 5183 introducere.
1415 5125 1544 5193 Sed,
1583 5126 1726 5181 sicut
1765 5125 2019 5190 diximus,
2049 5122 2185 5178 tales

601 5220 670 5277 de
706 5220 822 5292 ipsa
864 5221 1284 5294 congregatione
1305 5219 1396 5292 qui
1432 5219 1605 5275 cidem
1648 5217 1981 5275 monasterio
2027 5230 2189 5284 regu-

603 5314 791 5371 lariter
829 5314 1070 5386 praesint,
1119 5330 1242 5371 cum
1289 5314 1372 5372 vel
1419 5323 1471 5369 tu
1511 5315 1579 5369 de
1608 5313 1711 5370 hac
1737 5313 1844 5368 vita
1872 5320 2095 5368 vocatus
2119 5310 2186 5364 ad

677 5459 708 5491 ι
748 5447 874 5504 Haec
923 5447 1149 5516 epistola
1198 5455 1380 5503 exstat
1429 5446 1482 5501 in
1535 5441 2192 5516 BritannicauArgentraai

608 5515 870 5582 Historia,
901 5512 1090 5588 estque
1137 5519 1372 5572 maxime
1419 5516 1606 5588 dubiae
1641 5515 1786 5588 fidei.
1845 5512 1990 5568 Eam
2027 5512 2190 5588 inea

605 5581 952 5646 conclusione
982 5581 1101 5658 qua:
1131 5588 1243 5658 agit
1270 5587 1337 5642 de
1372 5586 1552 5658 pallio,
1585 5585 1774 5658 falsam
1803 5593 1858 5658 et
1895 5581 2193 5658 suppositi-

611 5659 744 5714 tiam
776 5670 939 5730 atque
975 5651 1266 5730 a'qttod'am
1313 5651 1601 5730 P_.f_cl_ericq
1643 5654 1858 5730 Dolensi
1885 5651 2191 5730 confictam

611 5721 907 5784 declaravit
957 5721 1300 5785 Innocentius
1345 5727 1409 5781 ιιι
1454 5728 1505 5781 in
1565 5725 1838 5781 definitiva
1884 5722 2044 5792 hujus
2083 5721 2196 5792 litis

615 5799 880 5854 sententia
927 5818 938 5853 :

2187 3183 2236 3249 c
2335 3161 2548 3208 ADIUANI
2585 3163 2733 3205 PAPE
2777 3162 2814 3202 ll
2850 3159 3108 3201 EPISTOLA
3145 3157 3213 3197 AD

2821 3228 3199 3249 ...ιιι-ιιιτιιηιπγυ

2253 1931 2348 1988 Dei
2378 1931 2592 2002 penitus
2618 1930 3089 2002 sequestrandum.
3125 1929 3226 1998 Qui
3258 1941 3439 1985 autem
3467 1943 3642 1985 verus
3673 1936 3849 1982 custos

2253 2019 2415 2091 hujus
2465 2021 2777 2090 apostolicae
2815 2019 3226 2093 praesanc‘tionis
3268 2019 3552 2088 studiosus
3594 2019 3850 2084 observa-

2255 2120 2344 2166 tor
2402 2110 2712 2176 exstiterit,
2771 2109 3208 2166 benedictionem
3266 2118 3321 2164 et
3375 2106 3860 2177 misericordiam,

2254 2202 2530 2272 vitamque
2566 2209 2825 2256 aeternam
2866 2215 2898 2256 a
2931 2201 3164 2257 Domino
3212 2200 3321 2256 Deo
3363 2208 3564 2254 nostro
3595 2197 3850 2266 consequi

2255 2303 2552 2352 mereatur.
2604 2294 2878 2366 Scriptum
2924 2309 3025 2366 per
3070 2309 3303 2350 manum
3334 2290 3636 2362 Stephani,
3663 2291 3848 2344 notarii

2257 2401 2488 2444 camera:
2535 2402 2705 2444 sacrae
2762 2386 3019 2443 Romana:
3061 2383 3334 2450 Ecclesiae,
3402 2383 3722 2453 imperante
3766 2381 3851 2448 do-

2259 2482 2408 2536 mino
2453 2489 2663 2544 nostro,
2709 2478 2977 2550 piissimo,
3029 2475 3420 2548 perpetualiter
3463 2473 3721 2542 Augusto
3755 2470 3852 2526 Lu-

2259 2573 2454 2628 dovico
2478 2586 2508 2625 a
2538 2572 2648 2626 Deo
2673 2575 2954 2633 coronato,
2994 2581 3188 2638 magno
3215 2565 3569 2636 imperatore,
3601 2579 3749 2616 anno
3777 2562 3850 2622 I8,

2259 2673 2314 2720 et
2333 2673 2453 2736 post
2488 2661 2825 2719 consulatum
2853 2661 2974 2730 ejus
2994 2674 3136 2715 anno
3155 2658 3230 2714 24'
3250 2672 3435 2713 mense
3471 2655 3753 2719 Octobris,
3783 2654 3852 2707 in-

2259 2757 2496 2813 dictione
2544 2755 2598 2811 6.
2646 2755 2792 2810 Bene
2835 2753 3030 2809 valete.
3086 2751 3220 2807 Data
3264 2750 3390 2806 ldus
3437 2749 3702 2806 Octobris
3765 2762 3854 2817 per

2261 2867 2454 2909 manus
2499 2848 2699 2921 Sergii,
2744 2841 3054 2918 primicerii’
3086 2843 3433 2900 defensorum
3469 2849 3680 2896 sancte
3721 2837 3858 2894 sedis

2265 2942 2594 3017 apostolicae.
2695 3009 2700 3013 ι

3251 3154 3579 3198 διιοιοκειι
3617 3153 3838 3206 nec“,

2821 3228 3199 3272 BBITANNORUI
3254 3223 3303 3266 ⁸.

2843 3330 3024 3402 (Anno
3037 3324 3304 3416 867-72.)

2270 3443 2432 3501 Mittit
2463 3444 2509 3500 ei
2539 3441 2810 3498 brachium
2858 3438 3048 3494 Leonis
3079 3453 3230 3510 pupa;
3265 3431 3360 3490 ΙΙΙ
3401 3430 3733 3500 valliumque
3763 3428 3862 3483 Da-

2834 3510 2968 3565 lcnsi
3003 3507 3247 3563 antistiti.

2403 3708 2410 3718 Ι
2451 3629 2628 3703 [Apud
2657 3627 2916 3692 Martem,
2951 3623 3106 3680 Thes.
3143 3623 3370 3688 Anecd.,
3403 3628 3534 3675 tom.
3571 3615 3688 3687 ιιι]

2343 3719 2707 3798 Dilectissimo
2750 3737 2864 3793 filio
2907 3733 3394 3803 amantissimoque
3423 3728 3708 3785 SALOIOM
3753 3722 3866 3777 Bri-

2275 3834 2475 3890 tanniae
2501 3831 2622 3889 duci
2651 3845 2773 3886 cum
2805 3828 3058 3884 omnibus
3103 3825 3218 3881 suis
3251 3822 3520 3885 fidelibus,
3563 3821 3862 3879 Αωιιωεῠς,

2275 3933 2407 3978 nutu
2440 3921 2534 3976 Dei
2563 3935 2720 3990 papa,
2747 3929 3044 3988 perennem
3080 3915 3134 3970 in
3167 3913 3393 3968 Domino
3427 3910 3686 3966 salutem.
3725 3905 3748 3918 '

2269 4063 2272 4066 .
2347 4011 2665 4068 Sublimitas
2693 4017 2889 4066 vestra:
2915 4007 3198 4078 potestatis
3230 4004 3499 4075 intelligat
3521 4017 3627 4058 nos
3655 4000 3866 4055 veraci-

2277 4113 2360 4159 ter
2383 4119 2481 4174 per
2525 4101 2771 4158 inducias
2814 4109 3022 4171 septem
3069 4098 3277 4154 dierum
3327 4109 3358 4150 a
3401 4095 3514 4149 Deo
3567 4089 3868 4162 postulasse

2273 4197 2600 4269 condignum
2629 4202 2826 4250 vestra:
2852 4191 3131 4264 petitionis
3172 4201 3516 4260 responsum.
3553 4183 3868 4240 Transactis

2277 4300 2460 4348 autem
2483 4295 2689 4360 septem
2725 4285 2936 4352 diebus,
2967 4282 3121 4340 nobis
3145 4289 3200 4337 et
3227 4279 3481 4337 omnibus
3523 4275 3792 4331 Romanis
3817 4273 3868 4327 in

2273 4385 2523 4440 oratione
2560 4389 2619 4437 et
2650 4377 2858 4450 jejunio
2900 4373 3348 4450 perdurantibus,
3393 4370 3574 4426 visum
3625 4375 3712 4422 est
3743 4363 3868 4419 mihi

2277 4487 2332 4534 et
2356 4477 2530 4534 tribus
2557 4473 2692 4530 meis
2718 4471 3101 4535 cardinalibus,
3126 4467 3332 4538 Spiritu
3355 4472 3544 4520 sancto
3569 4460 3868 4521 revelante,

2205 4539 2254 4598 θ
2281 4579 2343 4626 ut
2369 4571 2437 4626 de
2465 4580 2690 4640 corpore
2731 4565 2793 4620 Β.
2840 4562 3040 4618 Leonis
3071 4573 3224 4631 ρεδρεθ
3267 4557 3423 4612 “bis
3465 4551 3868 4640 “angnia”?

2283 4676 2424 4726 mus,
2452 4637 2578 4730 quia
2628 4655 2834 4728 grande
2877 4667 3075 4709 munus
3123 4657 3227 4706 cst.
3277 4646 3447 4718 Igitur
3488 4651 3681 4699 notum
3723 4637 3869 4694 vobis

2282 4754 2375 4820 sit,
2431 4751 2504 4807 (ili
2569 4746 2932 4811 cbarissime,
2983 4742 3343 4810 omnibusque
3389 4733 3727 4793 Christianis
3772 4730 3870 4785 illic

2286 4839 2679 4904 habitantibus,
2711 4835 2855 4908 quod
2903 4848 3003 4889 nos
3031 4847 3154 4887 cum
3198 4839 3512 4886 nostrorum
3553 4821 3872 4879 auctoritate

2285 4934 2567 4992 brachium
2596 4927 2888 5000 supradicti
2915 4924 3114 4980 Leonis
3133 4925 3282 4993 papa:
3308 4919 3375 4974 ad
3403 4915 3865 5000 illuminationem.

2287 5024 2636 5096 adiutorium,
2664 4997 2726 5076 et
2769 5016 3143 5072 defensionem
3184 5019 3380 5066 vestra:
3427 5004 3669 5076 regionis
3709 4997 3866 5057 ehari

2287 5119 2452 5175 tative
2480 5114 2858 5185 dirigeremus.
2909 5107 3016 5162 Pro
3041 5115 3194 5160 certo
3227 5102 3373 5157 enim
3421 5114 3520 5170 per
3563 5097 3722 5185 illum
3758 5108 3874 5164 pro-

2287 5208 2536 5267 bavimus
2576 5184 2862 5260 Dominum
2919 5197 3112 5252 fecisse
3149 5192 3317 5248 multa
3365 5187 3657 5244 mirabilia.
3711 5184 3776 5238 Et
3819 5188 3870 5232 ut

2290 5304 2426 5360 fides
2445 5308 2625 5355 vestra
2663 5293 2836 5365 magis
2883 5305 2949 5346 ac
2995 5288 3167 5361 magis
3197 5286 3251 5357 in
3297 5284 3388 5340 illo
3431 5286 3732 5342 accrescat,
3769 5279 3874 5346 ipso

2296 5439 2441 5495 illius
2478 5434 2691 5500 litteras
2716 5425 3068 5500 proferrent,
3113 5418 3557 5500 responderunt:
3608 5411 3869 5500 Regesne-

2296 5481 2999 5580 {nouitium
3046 5481 3311 5580 501955.343

2297 5552 2838 5637 mritis—Vitalianus.
2867 5566 3002 5632 Quae
3044 5552 3210 5637 verba
3257 5562 3308 5615 in
3357 5557 3672 5637 membrana
3714 5552 3874 5637 Ture:

2298 5628 2607 5706 densi—huic
2635 5628 2986 5710 praztigunittr
3013 5633 3295 5710 epistolzuh:
3329 5644 3450 5698 quae
3499 5636 3678 5710 tamen
3695 5628 3872 5710 exstat

2301 5692 2612 5788 533363121;
2637 5692 2831 5788 'ttotatu.
2852 5692 3210 5772 chartulario.‘
3239 5692 3562 5768 lictbneusi,
3621 5692 3713 5751 sed
3765 5692 3874 5746 sine

1003 5776 1510 5856 £é1t"éi"'iiot'c'iiséé
1566 5776 1849 5862 ﬁliifiii
1884 5776 2198 5866 reriginalcs
2301 5776 2558 5868 pt'mtlicta
2593 5776 2983 5865 conclusione.-
