3930 5690
122 447 242 510 1932

625 454 920 512 ΔΡΡΕΝΙ).
961 457 1052 512 Αἰ)
1092 459 1264 528 ΞᾹΞΟ,
1299 461 1389 517 IX.
1428 493 1495 504 —-
1537 464 1739 522 SUPPI

1778 469 1875 523 ΞΜ.
1916 470 2007 524 ΑΙ)
2048 472 2336 532 SClilP'l'A
2374 478 2643 538 PONTIF.
2689 484 2851 541 [{OM.

3231 490 3370 546 1022

121 586 590 644 «iunctissimus
628 588 762 656 Leo,
793 593 885 662 qui
909 609 1007 664 per
1035 595 1289 651 invidiam
1319 596 1682 653 Romanorum
1708 592 1739 644 ἰ’

1787 584 1956 653 pedit,
2017 589 2188 646 tribus
2227 592 2435 648 vicibus
2484 596 2738 664 reliquias
2787 593 2930 654 illius
2978 599 3030 655 in
3083 615 3226 657 anno
3253 603 3367 660 tre-

119 675 277 732 oculis
300 677 596 751 linguaque
619 682 881 752 privatus,
935 686 1108 756 gratia
1157 685 1252 742 Dei
1292 697 1550 756 operante
1585 688 1688 744 fuit

121 769 430 829 mirabiliter
491 783 865 842 restauratus,
935 787 1202 848 quatenus
1270 781 1689 849 septempliciter

121 859 306 913 eisdem
335 859 515 916 oculis
545 863 743 920 clarius
771 865 997 932 videret,
1026 875 1081 922 et
1117 868 1303 923 eadem
1351 866 1531 939 lingua
1564 885 1687 923 ver-

119 951 232 1008 bum
258 953 351 1010 Dei
395 955 738 1027 eloquentius
765 961 1082 1030 praedicaret
1126 961 1356 1033 Ideoque
1393 966 1688 1020 auctoritas

119 1041 343 1098 Romana
377 1045 434 1099 in
461 1061 530 1102 eo
556 1049 622 1103 de
650 1049 761 1106 Deo
796 1053 1096 1120 praesumit,
1125 1062 1185 1109 ut
1207 1055 1395 1111 omnes
1422 1071 1450 1109 a
1487 1047 1691 1127 Ligeris

1773 691 2082 749 .quentent;
2111 692 2165 737 et
2197 684 2319 740 inde
2341 696 2524 742 votum
2567 687 2796 745 Romam
2825 693 3008 760 eundi,
3032 696 3174 764 quod
3202 712 3368 754 vove-

1763 780 1938 836 .runt,
1971 781 2155 827 nostro
2199 773 2353 830 libitu
2399 785 2454 832 et
2497 779 2821 835 auctoritate
2858 781 3203 852 adimpleant.
3246 785 3366 842 Pal-

1791 858 1922 916 lium
1993 878 2242 934 quoque,
2295 868 2438 937 quod
2495 869 2649 925 fratri
2701 880 2757 927 et
2803 871 3122 944 coepiscopo
3185 888 3369 933 nostro

1792 950 2106 1028 Festiniano
2156 956 2493 1026 postulastis,
2547 974 2670 1015 cum
2717 962 2996 1034 privilegio
3043 979 3140 1020 suo
3177 976 3371 1024 vestrae

1792 1049 2075 1119 dirigimus
2119 1049 2395 1105 charitati.
2431 1052 2620 1109 Valete
2664 1054 2718 1109 in
2747 1054 2985 1125 Christo,
3026 1055 3211 1113 ﬁdeles
3248 1057 3370 1114 Bri-

115 1129 263 1187 ﬂuvio
299 1149 440 1204 quos
471 1146 568 1193 aut
592 1149 726 1196 aetas
749 1149 843 1196 aut
864 1157 1025 1199 sexus
1048 1155 1140 1200 aut
1179 1160 1408 1215 persona
1449 1161 1559 1202 non
1593 1146 1695 1201 im-
1801 1141 1999 1197 tanniie
2028 1139 2382 1196 habitatores.
2419 1146 2422 1150 '

144 1280 3334 1316 MM

1045 1387 2134 1706 BTEPHEDIUS
2207 1595 2402 1706 ν.

1494 1748 1957 1764 ——__

118 1815 354 1878 artsrou
410 1815 673 1855 STEPHANI
716 1816 747 1852 v
789 1817 854 1854 an
908 1817 1252 1859 ADA‘LGABIUI
1314 1820 1688 1863 ARCBIEPISCO-
1719 1813 1764 1871 Β
1795 1809 1992 1865 bilibus
2019 1811 2102 1865 vel
2142 1810 2527 1879 immobilibus,
2585 1827 2708 1868 cum
2759 1814 3044 1886 mancipiis
3089 1815 3378 1888 utriusque

596 1887 701 1926 PUI
751 1888 1192 1928 llANBUBGENSl-JII.

709 1960 888 2033 (Anno
925 1962 1075 2034 89L)

309 2054 712 2128 [Lappenberg,
743 2043 1187 2126 Ha'mburgisches
1217 2053 1480 2128 Urkund.]

183 2163 491 2220 S-rspmzws
520 2163 828 2235 episcopus,
876 2179 1066 2221 servus
1119 2179 1400 2219 servorum
1443 2165 1561 2232 Dei,
1595 2181 1684 2222 re-

117 2257 488 2314 verendissimo
509 2266 564 2314 et
591 2258 936 2314 sanctissimo
965 2257 1298 2323 Amccsmo,
1341 2268 1546 2315 sancta:
1579 2260 1688 2315 lia-

121 2351 478 2422 maburgensis
558 2351 812 2407 Ecclesiae
862 2352 1268 2424 archiepiscopo
1322 2362 1376 2410 et
1425 2353 1685 2410 confratri

99 2451 302 2510 nostro,
325 2452 372 2498 et
400 2453 526 2514 post
559 2453 612 2499 te
641 2446 695 2499 in
729 2445 918 2500 eadem
958 2445 1222 2511 Ecclesia,
1247 2446 1300 2500 in
1339 2454 1680 2517 perpetuum.

175 2533 296 2594 Cum
320 2534 423 2604 pia:
452 2535 781 2590 desiderium
811 2535 1105 2592 voluntatis
1128 2546 1183 2592 et
1210 2536 1493 2592 laudanda:
1519 2537 1684 2593 devo-

119 2626 262 2701 tionis
304 2627 542 2682 intentio
588 2628 902 2699 apostolicis
944 2629 1014 2684 sit
1060 2643 1277 2698 semper
1304 2629 1495 2685 studiis
1526 2627 1681 2698 adju-

119 2718 291 2783 vanda,
322 2733 455 2773 cura
500 2726 585 2774 est
631 2719 1016 2775 sollicitudinis
1042 2720 1344 2775 adhibenda
1378 2727 1436 2774 ut
1469 2735 1533 2775 ea
1563 2735 1683 2790 qua:

119 2805 334 2878 legaliter
373 2819 658 2880 geruntur,
705 2821 760 2866 et
804 2811 1074 2881 aequitatis
1104 2809 1292 2866 forma:
1319 2811 1670 2876 conveniunt,

119 2897 240 2951 nulla
267 2891 487 2954 valeant
512 2900 878 2972 refragatione
911 2903 1247 2972 perturbari,
1276 2902 1370 2958 sed
1398 2901 1680 2973 irrefraga-

1790 1915 1952 1955 sexus
1979 1901 2254 1971 possidere
2281 1910 2336 1956 et
2363 1910 2562 1972 tenere,
2598 1918 2760 1973 quam
2796 1905 2896 1974 piae
2931 1907 3204 1962 memoria:
3237 1906 3374 1964 Gre-

1793 1990 1998 2060 gorius,
2027 1999 2342 2046 antecessor
2365 2000 2570 2058 noster,
2598 1993 2881 2064 Ansgario,
2912 1997 3246 2051 antecessori
3279 2007 3371 2067 tuo

1789 2095 1948 2150 quem
2003 2083 2467 2154 archiepiscopum
2519 2084 2572 2139 in
2625 2094 2715 2141 tua
2765 2087 3037 2142 ordinavit
3084 2088 3367 2154 Ecclesia,

1787 2173 2082 2238 concessit,
2135 2173 2373 2230 Stabilito
2429 2173 2636 2242 scilicet
2667 2165 2790 2246 jure
2838 2185 2891 2232 et
2935 2178 3148 2233 cunctis
3175 2177 3373 2234 ﬁnibus

1769 2259 1924 2334 'qnas
1967 2262 2293 2330 Ludovicus,
2317 2257 2424 2336 piae
2455 2267 2730 2321 memoriae
2761 2266 3078 2337 imperator,
3103 2276 3164 2344 et
3193 2267 3370 2323 Ludo-

1764 2357 1963 2424 'vicus,
1988 2358 2106 2428 ejus
2129 2357 2295 2424 ﬁlius,
2338 2365 2484 2412 tuam
2521 2358 2806 2414 voluerunt
2835 2360 3038 2414 habere
3069 2358 3369 2414 Ecclesium

1785 2458 1840 2504 et
1886 2449 2151 2518 imperiali
2195 2448 2521 2504 diﬁinierunt
2564 2459 2843 2520 potestate.
2887 2452 3239 2506 Decernimus
3267 2436 3367 2506 au-

1785 2549 1916 2606 tem,
1942 2549 1998 2595 ut
2031 2549 2352 2612 potestatem
2377 2541 2581 2597 habeas
2601 2542 2885 2596 ordinandi
2915 2543 3197 2613 episcopos
3215 2541 3360 2596 infra

1758 2639 1931 2686 "tuam
1963 2630 2278 2700 parochiam
2310 2639 2366 2686 et
2393 2631 2690 2697 diuacesim,
2719 2632 2789 2687 ita
2823 2640 3026 2696 tamen,
3049 2640 3109 2686 ut
3133 2632 3237 2687 sub
3273 2640 3363 2685 tua

1766 2729 1992 2790 tuaeque
2041 2720 2319 2787 Ecclesiae,
2377 2720 2523 2776 salva
2574 2721 2833 2792 dignitate
2879 2723 3068 2800 ipsius,
3108 2733 3365 2777 maneant

1781 2818 2066 2879 potestate.
2100 2809 2156 2865 Si
2179 2811 2300 2880 quis
2327 2819 2505 2865 autem
2532 2819 2721 2866 contra
2748 2809 2908 2881 hujus
2937 2819 3137 2866 nostrae
3171 2819 3360 2865 aucto-

1781 2901 1957 2955 ritatis
1999 2899 2340 2970 privilegium
2367 2900 2446 2956 ire
2472 2902 2776 2962 tentaverit,
2804 2908 2858 2955 et
2880 2900 3257 2970 quoquomodo
3298 2901 3353 2956 in

117 2987 196 3043 bili
217 2988 352 3059 jure,
391 2993 505 3048 Deo
546 3002 785 3061 auctore,
834 2994 1068 3051 debeant
1111 3009 1450 3064 permanere.
1497 2995 1565 3050 Et
1611 2995 1682 3050 ob
1777 2999 1931 3061 parte
1963 2990 2045 3046 vel
2083 2990 2137 3046 in
2179 2998 2294 3046 toto
2333 2981 2580 3060 frangere
2625 2990 2776 3045 nisus
2819 2989 2998 3054 fuerit,
3036 2990 3356 3072 sitqexcom-

118 3079 204 3135 hoe
253 3083 565 3153 apostolicis
624 3085 978 3157 promulgatis
1035 3086 1408 3142 sanctionibus
1460 3086 1678 3157 propria
1781 3081 2084 3136 municatus
2130 3097 2160 3135 a
2203 3096 2431 3151 corpore
2477 3089 2533 3136 et
2575 3080 2789 3136 viviﬁco
2834 3081 3097 3152 sanguine
3141 3081 3360 3137 Domini

119 3170 380 3244 unicuique
400 3189 524 3244 qua:
550 3175 744 3230 rationi
765 3185 1078 3248 suppetunt,
1105 3177 1429 3246 possidenda
1461 3175 1541 3232 fas
1565 3177 1679 3232 exi-
1707 3183 1751 3244 ί]
1784 3172 1956 3228 nostri
1992 3171 2120 3228 Jesu
2149 3169 2375 3238 Christi,
2405 3178 2461 3227 et
2489 3178 2690 3226 sanctae
2718 3169 2812 3225 Dei
2844 3169 3100 3226 Ecclesia:
3124 3170 3275 3244 aditu
3305 3178 3363 3225 et

117 3261 178 3330 git
197 3264 524 3320 conﬁrmari.
562 3267 629 3321 Et
657 3269 915 3338 quoniam
944 3268 1227 3340 postulasti
1255 3277 1315 3324 ut
1341 3269 1677 3340 privilegium
1784 3264 2140 3321 conventione
2199 3271 2506 3332 separatus.
2573 3248 2904 3318 Observator
2957 3271 3140 3316 autem
3195 3260 3362 3331 hujus

117 3359 204 3406 tuae
231 3353 537 3414 faceremus
567 3359 822 3416 Ecclesia:
853 3370 908 3416 et
937 3361 1230 3432 apostolica
1264 3363 1490 3419 tuitione
1521 3363 1678 3418 robo-
1781 3363 1981 3411 nostra:
2010 3353 2395 3410 admonitionis
2422 3360 2478 3408 et
2507 3351 2771 3421 jussionis
2801 3351 2996 3407 habeat
3030 3351 3362 3407 benedictio-

117 3446 442 3514 ravissemus,
493 3452 738 3511 eamdem
786 3453 841 3507 in
876 3453 1164 3522 pristinum
1213 3467 1433 3508 manere
1476 3461 1674 3507 statum
1780 3462 1904 3502 nem
1931 3444 2316 3516 omnipotentis
2340 3443 2456 3508 Dei.
2488 3443 2878 3512 beatorumque
2908 3440 3280 3512 θροεῑυίοτυω
3305 3448 3362 3497 ει

117 3539 460 3596 concedimus.
492 3542 558 3596 Et
584 3542 880 3615 apostolico
922 3542 1044 3612 iure
1083 3543 1366 3601 ﬁrmamus
1410 3543 1508 3599 tibi
1541 3553 1671 3598 ωαξ-
1775 3549 2039 3603 nostram,
2062 3537 2154 3609 qui
2182 3552 2368 3593 eorum
2394 3536 2669 3607 fungimur
2689 3535 3064 3590 vicariatione.

117 3639 204 3694 que
238 3639 440 3685 sancta:
478 3631 907 3703 Hamabur-gensi
945 3633 1201 3688 Ecclesiae
1239 3632 1672 3688 successoribus-
1848 3629 2119 3699 Scriptum
2166 3642 2266 3697 per
2314 3641 2530 3681 manum
2568 3623 2813 3689 Joannis,
2852 3623 3120 3680 seriniarii
3158 3630 3359 3677 sanctae

115 3729 202 3791 que
245 3719 344 3774 tuis
395 3722 541 3777 illam
591 3723 908 3795 dignitatem
956 3732 1012 3779 et
1059 3725 1192 3778 lines
1236 3723 1505 3794 proprios,
1547 3737 1670 3778 cum
1779 3720 2034 3776 Romana;
2078 3716 2354 3782 Ecclesiae,
2381 3717 2433 3771 in
2485 3731 2671 3772 mense
2700 3714 2860 3782 Maio,
2917 3713 3212 3769 indictione
3258 3727 3357 3766 un~

113 3809 308 3873 praediis
333 3813 589 3868 omnibus
611 3821 664 3868 et
691 3813 964 3884 parochiis
991 3822 1045 3868 ct
1069 3813 1336 3868 omnibus
1365 3814 1528 3868 rebus
1558 3827 1674 3866 mo-
1778 3811 2006 3866 decima.

941 3971 2477 4214 ἒῦΙῖὗῐΕΜΕΝΤΠΜ
2619 4057 2622 4059 λ

532 4292 666 4440 ΑΙ)
750 4293 1376 4423 SCRIPTORES
1457 4292 2264 4422 ECCLESIASTICOS
2323 4291 2686 4421 SZEGULI
2766 4291 2906 4420 IX.

1077 4478 1427 4575 QUORUM
1461 4486 1736 4560 ANNUS
1769 4480 2140 4561 EXPRIMI
2148 4499 2326 4596 wn.

119 3937 3340 3985 W

1363 4699 1535 4760 saxo
1601 4709 1831 4761 DOMINI
1876 4715 2105 4759 ncccc.
2160 4681 2162 4684 ﬁ

1275 4835 1928 4950 MONACHI
2017 4834 2123 4953 s.
2219 4833 2907 4948 MAXIMINI

1461 5029 1994 5107 PIUEFATIO
2573 5141 2576 5144 ψ

906 5163 1007 5260 ΙΝ
1084 5162 1801 5262 EXPOSITIONEM
1875 5164 2516 5272 PSALMOBUM.

858 5301 1150 5381 Exponit
1193 5320 1376 5382 quam
1417 5303 1598 5363 utilis
1641 5303 1726 5362 sit
1766 5303 2154 5380 psalmorum
2196 5301 2557 5374 meditatio.

1124 5426 1287 5492 (Apud
1323 5410 1554 5486 Martem,
1589 5421 1748 5486 Ampl.
1775 5423 1917 5489 Coll.,
1945 5430 2064 5476 tom.
2092 5425 2133 5488 ι,
2155 5427 2260 5484 63.)

482 4834 1193 4958 SMARAGDI

157 5560 318 5651 incipit
344 5565 576 5636 praefatio
599 5579 627 5608 ει
653 5563 937 5636 Smaragdi
964 5571 1291 5644 presbyteri.

751 5658 1018 5690 “colu-nn...“
1027 5683 1073 5690 -..
1112 5666 1175 5690 Δ..

1758 5591 1876 5629 rum
1907 5575 1960 5630 in
1991 5575 2141 5630 brevi
2171 5570 2508 5642 collegimus
2549 5579 2788 5648 patrum,
2839 5591 2904 5638 ut
2945 5582 3062 5655 ejus
3099 5563 3366 5628 breviatio

3007 5687 3019 5690 -
3065 5657 3364 5690 ..ι-Λίῖοιιιηιι

1915 5682 2003 5690 .-.ιιι
2036 5664 2210 5690 ,ιιι-...ιιι
2244 5660 2439 5690 r-‘ol:.l‘
2523 5687 2536 5690 _
2596 5669 2644 5690 Α.
2678 5666 2825 5690 ’.Λ-..³2

1208 5669 1359 5690 .I:-.:-
1387 5669 1617 5690 ...1-...ε-..-
1754 5669 1912 5690 ..ιιι-ζ..
