4012 6300
559 426 700 484 1025

1247 428 1539 484 APPEND.
1579 430 1672 484 AD
1707 429 1878 489 δερ.
1918 429 2008 485 lx.
2046 459 2114 470 -
2150 427 2242 482 AD
2273 410 2480 486 A'ucr.
2522 428 2705 494 ANNO
2744 428 3108 488 SlGNAT-OS.

3696 425 3833 488 £021

557 549 719 596 acuat
766 549 822 596 et
860 538 1070 610 aperiat
1115 540 1471 607 intellectum,
1501 551 1562 597 ut
1587 556 1652 597 ea
1679 557 1801 614 qua:
1831 543 1885 598 in
1913 541 2138 612 psalmis
2163 542 2218 604 Α
2243 541 2369 596 dum
2403 557 2622 613 semper
2655 542 2904 601 fidelibus
2952 553 3130 614 aptus,
3183 552 3240 600 et
3273 545 3394 601 sine
3431 544 3662 601 defectu
3705 545 3837 600 hau-

558 628 661 686 suh
713 629 1017 686 litterarum
1044 630 1282 702 tegmine
1317 631 1534 687 latitant
1558 632 1761 698 clausa,
1789 633 1946 688 ocius
1969 633 2020 688 ei
2046 648 2143 704 pa-

561 719 760 776 tefacta
781 719 1104 776 clarescant.
1138 721 1326 778 Brevis
1347 724 1546 779 etenim
1581 723 1743 780 lectio
1773 725 1984 781 avidius
2011 725 2145 797 legis

562 819 672 871 tur.
717 809 880 865 citius
926 809 1268 883 intelligitur,
1315 820 1372 867 et
1421 815 1696 870 memoriae
1743 813 1957 871 facilius
1996 830 2143 872 com-

559 903 868 966 mendatur,
898 914 955 958 et
986 903 1215 961 firmiter
1237 906 1525 962 retinetur.
1553 906 1785 966 Necesse
1815 919 1899 965 est
1928 924 2058 981 ergo
2086 919 2146 966 ut

559 991 678 1049 haec
727 992 990 1064 spiritalis
1041 995 1312 1066 expositio
1365 995 1698 1066 psalmorum
1749 995 2062 1069 frequenter
2113 1015 2143 1054 a

559 1082 811 1139 tidelibus
851 1083 1085 1154 legatur,
1129 1094 1185 1140 et
1221 1087 1322 1158 ipsi
1371 1087 1566 1158 psalmi
1602 1088 1898 1160 sapienter,
1928 1090 2146 1147 assidue

558 1183 616 1232 et
656 1176 937 1233 humiliter
983 1179 1304 1250 recitentur,
1351 1180 1479 1252 quia
1532 1195 1748 1254 semper
1788 1184 1841 1238 in
1885 1183 1966 1239 eis
2012 1200 2144 1240 cura

562 1265 789 1330 mentis,
830 1267 1036 1323 sanitas
1079 1269 1281 1335 cordis,
1317 1279 1371 1325 et
1409 1270 1604 1326 anima:
1645 1272 1912 1328 medicina
1941 1274 2149 1344 reperi-

559 1362 668 1408 tur.
713 1354 808 1408 Est
843 1355 990 1410 enim
1021 1355 1076 1410 in
1111 1357 1192 1412 eis
1237 1357 1540 1414 consolatio
1588 1375 1783 1432 magna
1825 1359 2146 1434 lugentium,

563 1459 688 1514 spes
714 1443 871 1500 beata
895 1444 1187 1515 iustorum,
1233 1448 1439 1504 sanitas
1487 1447 1849 1516 infirmorum,
1889 1450 2150 1508 fortitudo

563 1541 621 1588 et
651 1533 916 1603 refugium
946 1535 1395 1606 periclitantium,
1424 1545 1482 1595 et
1511 1540 1830 1611 spiritaliter
1856 1542 2152 1598 convivan-

563 1622 696 1678 tium
727 1623 984 1681 deliciosa
1009 1627 1172 1682 nimis
1200 1627 1254 1682 in
1278 1627 1357 1684 eis
1381 1629 1714 1700 comperitur
1742 1631 1998 1702 epulatio.
2045 1630 2152 1688 Per

561 1717 838 1772 assiduam
883 1719 1029 1774 enim
1055 1719 1386 1792 psalmorum
1424 1723 1830 1780 meditationem
1861 1740 1955 1781 cor
1981 1727 2152 1798 poeni-

563 1809 729 1864 tenlis
757 1811 1157 1882 compungitur,
1188 1821 1244 1868 et
1277 1815 1552 1885 proficuus
1594 1817 1662 1872 ab
1691 1833 1756 1873 eo
1781 1815 2143 1890 lacrymarum

2245 633 2510 690 rientibus
2535 635 2608 690 ad
2624 636 2922 706 potandum
2945 635 3252 693 mellifluus.
3289 636 3386 692 Est
3423 634 3704 693 ferculum
3731 634 3836 690 Do-

2244 723 2377 778 mini
2423 723 2760 794 spiritalibus
2800 723 3010 781 deliciis
3041 725 3267 797 .plenum
3292 735 3350 782 et
3366 726 3637 783 omnibus
3661 725 3840 780 vitali-

2243 814 2344 870 bus
2366 815 2636 880 alimentis
2663 815 2944 872 refertum.
2974 816 3082 872 Per
3106 816 3292 882 suavia
3316 817 3466 874 enim
3499 814 3844 886 psalmorum

2247 920 2457 964 canora
2479 905 2879 962 alternantibus
2915 906 3101 962 choris
3133 905 3316 962 divina
3349 906 3404 962 in
3429 904 3696 962 Ecclesia
3729 917 3846 975 per-
3951 922 3953 934 ε

2244 1005 2480 1067 aguntur
2508 995 2703 1053 ofﬁcia.
2741 996 2846 1058 Per
2871 1011 2968 1054 eos
2992 1005 3255 1053 nocturna
3297 996 3420 1053 laus
3467 1011 3604 1052 cum
3651 993 3848 1050 mentis
3953 1006 3955 1022 '

2245 1087 2526 1144 alacritate
2553 1088 3004 1152 Dominocanere
3023 1089 3298 1161 incipitur,
3322 1098 3384 1144 et
3403 1087 3652 1148 dimisso
3679 1084 3849 1142 noctis
3955 1092 3957 1098 '

2246 1178 2466 1236 silentio
2505 1178 2746 1236 fidelium
2789 1195 2888 1236 ora
2924 1178 3236 1238 mellifluam
3261 1187 3576 1252 erumpunt
3596 1178 3658 1233 in
3691 1176 3847 1232 musi-

2245 1283 2389 1324 cam.
2434 1268 2543 1326 Per
2582 1269 2704 1326 illos
2741 1269 2919 1326 laudis
2964 1270 3174 1326 diurnae.
3203 1271 3490 1326 meditatio
3509 1268 3686 1326 horis
3710 1280 3852 1323 com-

2245 1361 2558 1432 petentibus
2609 1361 3032 1432 peragitur,‘et
3077 1377 3178 1434 per
3218 1375 3408 1432 eorum
3467 1358 3856 1423 sacratissima
3963 1428 3965 1444 Ι

2247 1451 2412 1506 verba
2453 1452 2716 1508 memoria
2757 1451 2974 1508 Domini
2995 1451 3062 1507 ad
3086 1466 3188 1507 cor.
3211 1451 3516 1516 reducitur,
3549 1457 3622 1504 ut
3649 1449 3702 1504 ei
3734 1463 3852 1503 cum

2248 1541 2544 1612 gratiarum
2595 1542 2810 1597 actione
2850 1541 3055 1612 iugiter
3089 1540 3206 1596 laus
3245 1539 3523 1608 indefessa
3570 1547 3849 1595 cantetur.
3967 1596 3969 1598 η

2247 1631 2353 1688 Per
2380 1647 2476 1688 eos
2508 1629 2823 1704 hymnidica
2859 1629 3091 1686 dulciter
3128 1639 3536 1699 componuntur
3577 1628 3846 1690 carmina,

2246 1733 2302 1780 et
2349 1721 2659 1780 mellifluum
2703 1720 2874 1778 melos
2915 1721 2970 1775 in
3001 1720 3174 1790 juhilo
3217 1721 3432 1786 canitur
3482 1718 3740 1782 alleluia,
3777 1728 3848 1798 et,

2249 1823 2310 1870 ut
2354 1814 2595 1870 breviter
2641 1813 2839 1878 dicam,
2883 1812 2937 1866 in
2967 1810 3298 1883 psalmorum
3328 1809 3665 1866 dulcissimo
3691 1819 3850 1864 cantu

560 1899 736 1955 imber
772 1902 1137 1970 profunditur.
1185 1903 1241 1958 In
1279 1905 1503 1975 psalmis
1533 1907 1676 1962 enim
1705 1908 1992 1978 promissio
2019 1909 2145 1964 vitae
2175 1892 2223 1952 Β
2249 1921 2373 1963 cum
2420 1904 2672 1962 laudibus
2697 1944 2714 1970 ,
2754 1903 2974 1976 hymnis
3015 1911 3071 1958 et
3115 1902 3344 1959 canticis
3388 1898 3750 1972 Spiritalibus
3797 1900 3846 1953 in

557 1999 776 2046 aeternae
813 1991 1030 2064 legitur,
1073 2003 1128 2050 et
1177 2011 1300 2067 spes
1339 1998 1487 2069 regni
1532 1997 1770 2055 cmlestis
1818 1998 2046 2055 firmiter
2084 1999 2141 2056 in

563 2083 764 2138 animo
803 2086 1179 2142 confirmatur.
1239 2089 1508 2145 Remissio
1562 2101 1910 2159 peccatorum
1961 2093 2013 2146 in
2062 2092 2144 2149 eis

571 2174 796 2230 concedi
839 2174 1198 2246 promittitur,
1232 2187 1300 2236 tet
1347 2179 1722 2237 laborantibus
1761 2181 1988 2239 refectio
2018 2198 2144 2239 cum

569 2264 740 2336 gloria
794 2275 1050 2337 perpetua
1103 2267 1336 2325 feliciter
1375 2281 1729 2342 praeparatur.
1783 2271 1882 2328 Est
1917 2275 2062 2329 enim
2091 2274 2146 2330 in

559 2354 648 2410 eis
695 2355 982 2412 thesaurus
1021 2357 1300 2429 sapientia:
1323 2368 1378 2416 et
1400 2361 1640 2416 scientiae
1668 2363 1766 2418 sub
1799 2363 2033 2434 tegmine
2063 2363 2151 2420 lit-

562 2453 802 2500 terarum
851 2447 1219 2515 absconditus,
1263 2450 1352 2521 qui
1398 2450 1564 2508 vitam
1609 2461 1868 2508 aeternam
1906 2452 2154 2512 fidelibus

563 2535 841 2590 ministrat
877 2537 1146 2593 detectus.
1175 2537 1274 2594 Est
1301 2541 1491 2596 hortus
1518 2542 1827 2606 conclusus.
1862 2551 1915 2598 ul
1952 2544 2150 2600 talibus

562 2627 719 2695 aquis
764 2626 1024 2699 irriguus,
1071 2636 1127 2684 et
1179 2629 1490 2688 aromaticis
1520 2631 1744 2690 floribus
1785 2636 2144 2706 constipatus.

562 2711 665 2776 Est
713 2713 833 2771 fons
881 2718 1128 2790 signatus
1167 2719 1372 2776 caelesti
1401 2723 1594 2794 poculo
1621 2723 1834 2794 plenus,
1861 2726 1928 2780 ad
1957 2734 2147 2798 potan-

566 2824 844 2906 Dichaelis
875 2827 1173 2906 adﬂasam
1222 2829 1392 2906 abbas
1421 2833 1652 2906 exstitit,
1677 2836 2002 2906 scripsitque
2025 2836 2147 2892 Dia-

567 2895 728 2976 ticma
746 2900 1160 2976 monachorum,
1181 2902 1274 2958 sed
1296 2895 1651 2976 Smaragdum
1673 2895 1844 2976 sancti
1869 2895 2145 2961 Maximini

570 2962 914 3025 Trevirensis
951 2962 1296 3028 monachum.
1332 2962 1760 3044 cujus'memiuit
1787 2974 2144 3042 Trithemius,

2250 1996 2494 2054 Ecclesia
2543 2004 2687 2052 totus
2726 1994 3008 2064 incipitur,
3045 1992 3320 2065 peragitur
3362 1999 3534 2063 atque
3563 1988 3848 2060 perﬁcitur

2252 2094 2496 2143 ornatus.
2529 2085 2629 2142 Est
2661 2095 2715 2140 et
2741 2081 2887 2140 aliud
2918 2083 2971 2140 in
2997 2081 3330 2154 psalmorum
3369 2079 3642 2159 thesauro
3691 2078 3846 2133 mira-

2253 2177 2434 2233 biliter
2476 2177 2544 2232 ab
2591 2173 2798 2247 Spiritu
2840 2181 3029 2230 sancto
3069 2171 3424 2244 compositum
3456 2178 3632 2240 atque
3663 2183 3845 2224 recon-

2256 2271 2454 2337 ditum,
2497 2277 2557 2324 ut
2597 2266 2908 2339 quicunque
2954 2264 3281 2337 psalmorum
3327 2263 3504 2319 verba
3542 2269 3848 2318 cantataat

2261 2363 2478 2428 recitat,
2524 2359 2638 2416 sive
2681 2359 2738 2415 in
2776 2357 3116 2416 orationibus
3151 2370 3248 2427 pro
3276 2352 3524 2427 peccatis
3547 2351 3852 2423 praeteritis

2259 2453 2564 2520 abluendis,
2605 2452 2719 2509 sive
2772 2451 2827 2506 in
2878 2447 3344 2506 obsecrationibus
3393 2461 3498 2517 pro
3550 2442 3848 2498 virtutibus

2257 2543 2637 2618 adipiscendis,
2687 2541 2800 2598 sive
2832 2541 2886 2596 in
2927 2540 3223 2612 gratiarum
3268 2536 3579 2593 actionibus
3618 2547 3723 2605 pro
3739 2531 3844 2603 jam

2255 2638 2487 2711 adeptis,
2534 2650 2641 2692 nor.
2691 2635 2847 2708 quasi
2890 2635 3068 2690 aliena
3099 2632 3406 2705 prophetia,
3431 2630 3530 2686 sed
3558 2628 3726 2700 quasi
3755 2640 3842 2682 sua

2255 2737 2310 2785 et
2331 2727 2548 2800 propria
2575 2726 2741 2782 verba
2767 2732 2948 2780 cantat
2974 2731 3029 2779 et
3053 2731 3269 2780 reeitat.

2253 2841 2488 2921 marime
2517 2852 2642 2894 cum
2683 2849 2822 2909 opus
2845 2833 2990 2892 istud
3013 2835 3156 2907 apud
3182 2843 3428 2892 sanctum
3451 2831 3846 2889 Maximum!!-

2252 2919 2528 2981 periatur.

580 3175 3841 3206 MM

1737 3341 1906 3385 ANNO
1951 3341 2182 3386 DOMINI
2224 3341 2656 3387 DCCCXXXVII.

1592 3497 2833 3616 AU'I'HPEBTI

1893 3735 2145 3780 ΔΒΒΑτιε
2188 3735 2577 3781 CASSINENSIS

1132 3897 1600 4029 SERMO
1683 3901 1866 4016 DE
1954 3898 2516 4016 SANCTO
2599 3901 3298 4018 MATTHIA.

1471 4122 1633 4196 (Apud
1657 4123 1898 4188 Bolland.,
1916 4123 2036 4178 Acta
2060 4125 2175 4187 88.,
2198 4123 2346 4178 Febr.
2367 4133 2486 4178 tom.
2509 4123 2602 4190 Ill,
2623 4137 2740 4192 pag.
2756 4123 2896 4190 487.)

566 4425 698 4484 Car.
726 4425 769 4482 I.
811 4455 880 4467 —
921 4423 980 4481 S.
1013 4425 1250 4482 Hermia
1282 4426 1476 4503 electio
1504 4427 1562 4503 in
1597 4423 1925 4503 discipulum
1950 4433 1999 4481 et
2032 4422 2156 4490 dein
2182 4427 2230 4492 C
2257 4420 2432 4494 gratia
2475 4419 2840 4493 dispensante,
2880 4421 2949 4478 ad
2993 4421 3347 4491 apostolicam
3375 4424 3700 4496 dignitatem
3736 4427 3841 4482 ele-

1097 4497 1388 4568 apoatolum
1413 4497 1630 4553 Christi.

639 4607 694 4663 I.
725 4620 752 4648 ι
782 4606 1034 4663 Matthias
1063 4607 1346 4676 Hebraice,
1373 4607 1567 4664 Latine
1588 4607 1784 4665 dicitur
1819 4607 1850 4649 δ
1889 4605 2153 4682 Donatus,

565 4705 631 4766 ιιι
657 4698 1010 4755 subaudiatur
1041 4714 1142 4770 pro
1169 4698 1308 4755 Juda
1335 4699 1606 4756 Scarioth.
1645 4699 1752 4755 Iste
1779 4681 2001 4753 enimin
2034 4681 2166 4752 loco.

567 4787 687 4861 ejus
733 4787 1083 4845 duodecimus
1127 4790 1196 4845 ab
1235 4789 1492 4861 apostolis
1535 4789 1742 4846 electus
1767 4796 1872 4853 est,
1897 4801 2020 4843 cum
2053 4800 2156 4857 pro

569 4879 778 4944 duobus
808 4895 929 4936 sors
976 4880 1302 4936 mitteretur.
1335 4878 1434 4935 Hic
1461 4880 1578 4936 sine
1609 4889 1630 4918 ο
1662 4879 1979 4951 cognomine
2007 4877 2164 4947 solus,

570 4971 800 5044 liahetur
841 4974 928 5029 cui
979 4974 1139 5028 datur
1185 4972 1460 5043 Evangelii
1500 4972 1810 5042 praedicatio
1844 4971 1897 5025 in
1931 4969 2152 5027 Iudaea:

569 5061 727 5134 cujus
747 5062 944 5120 festum
965 5064 1275 5120 celebratur
1301 5072 1456 5118 sexto
1477 5061 1747 5118 Kalendas
1767 5060 1987 5116 Martias
2011 5079 2024 5114 :
2055 5060 2157 5120 fuit

567 5155 733 5231 etiam
770 5155 837 5211 de
859 5157 1199 5228 septuaginta
1228 5154 1509 5226 discipulis
1538 5169 1698 5209 unus.

640 5244 697 5298 2.
726 5242 754 5284 ά
783 5243 1040 5316 Inclytam
1063 5254 1119 5300 et
1138 5244 1429 5317 gloriosam
1462 5243 1811 5300 festivitatem
1831 5239 1892 5296 B.
1919 5241 2166 5300 Matthiae.

569 5336 799 5406 apostoli
829 5337 1041 5392 Domini
1082 5337 1251 5393 nostri
1274 5336 1423 5394 'Jesu
1448 5335 1651 5392 Christi
1685 5342 1833 5390 tanta
1865 5332 2164 5393 devotione.

569 5429 817 5492 venerari
859 5437 914 5484 et
936 5427 1240 5499 glorificare
1263 5437 1497 5500 oportet,
1529 5435 1732 5498 quanta
1764 5425 1936 5491 illum,
1966 5425 2155 5494 divina

642 5557 668 5586 ιι
702 5544 796 5599 Est
820 5543 911 5600 hic
932 5542 1188 5616 prologus
1209 5543 1278 5616 in_
1291 5557 1392 5616 ms.
1419 5549 1607 5598 nostro
1637 5549 1694 5597 et
1727 5541 2063 5616 Momhritio,
2096 5550 2152 5616 et

571 5615 628 5686 in
652 5615 889 5686 antiquis
935 5612 1223 5670 Breviariis
1267 5613 1462 5686 legitur
1483 5631 1509 5686 :_
1536 5627 1652 5686 non
1693 5621 1872 5670 tamen
1903 5612 2154 5670 meminit

572 5681 858 5755 Batonius.
891 5681 1334 5755 Desumplusgcst‘
1353 5699 1419 5738 ex
1445 5682 1672 5755 Isidoro.

645 5756 673 5794 ι’
710 5753 966 5820 Isidorus,
995 5751 1200 5812 lib.’vu.
1214 5753 1359 5823 Orig.
1373 5793 1388 5816 ,
1407 5751 1620 5824 cap.79i:
1635 5752 1935 5824 «Matthias,
1952 5752 2148 5824 inquit,

573 5824 668 5894 qui
691 5827 828 5880 inter
860 5825 1130 5896 apostolos
1157 5825 1275 5879 sine
1298 5822 1618 5893 Coguoiniuc
1645 5823 1794 5880 solus
1813 5822 2150 5890 habetur,in-

2257 4518 2406 4575 ctum
2432 4524 2554 4566 esse
2573 4509 2970 4582 cognoscimus.
2997 4509 3106 4568 Sed
3125 4512 3380 4582 qualiter,
3407 4514 3494 4570 vel
3518 4531 3634 4586 quo
3655 4518 3848 4572 ordino

2259 4617 2356 4680 per
2384 4610 2603 4658 sanctos
2643 4602 2917 4674 apostolos
2946 4612 3218 4675 patratum
3262 4605 3368 4672 sit,
3405 4615 3462 4662 et
3484 4608 3620 4678 quid
3651 4609 3848 4664 exinde

2259 4679 2433 4757 sancti
2463 4691 2652 4749 Patres
2677 4693 2732 4750 in
2754 4693 2872 4764 ejus
2899 4693 3058 4751 laude
3085 4695 3312 4752 mirifice
3341 4698 3676 4768 protulerint
3695 4740 3713 4764 ,
3751 4715 3848 4771 per

2251 4797 2428 4856 sacrae
2463 4783 2759 4857 Scriptura;
2787 4785 2983 4842 seriem
3012 4786 3249 4856 pandere
3275 4802 3550 4844 curamus.
3592 4788 3848 4844 Salvator

2260 4874 2404 4950 enim
2443 4874 2704 4942 Dominus
2731 4884 2917 4932 noster
2943 4873 3099 4932 Jesus
3126 4875 3394 4943 Christus,
3421 4875 3650 4932 humani
3683 4892 3850 4950 gene-

2263 4967 2338 5036 ris
2385 4967 2634 5023 conditor
2663 4974 2825 5037 atque
2870 4967 3200 5038 redemptor,
3237 4981 3360 5022 cum
3408 4968 3769 5039 propensiore
3796 4977 3848 5022 et

2257 5057 2710 5134 arcapo'consilio
2731 5057 3034 5132 censuisset
3068 5057 3327 5113 mundum
3369 5057 3692 5130 languidum
3734 5059 3844 5114 cle-

2258 5147 2598 5206 mentissime
2631 5147 2880 5218 visitare,
2921 5162 3189 5219 suumque
3232 5147 3436 5228 plasma
3456 5149 3525 5203 de
3572 5158 3844 5220 potestate

2256 5234 2772 5316 diabolictefraudis
2797 5238 3118 5309 mirabiliter
3136 5229 3348 5308 eripere
3368 5238 3536 5316 (quod
3565 5251 3666 5308 per
3688 5239 3821 5308 quin

2253 5315 2359 5402 que
2396 5330 2566 5406 millia
2600 5339 2658 5386 et
2697 5345 2764 5386 eo
2799 5329 3030 5401 amplius
3069 5344 3335 5384 annorum
3367 5315 3712 5399 possederat)
3761 5328 3843 5385 ille

2253 5424 2488 5496 quierat
2531 5423 2646 5498 Rex
2690 5437 2878 5501 regum
2926 5430 2982 5490 et
3025 5420 3286 5494 Dominus
3308 5419 3706 5490 dominantium
3745 5419 3845 5476 sub

2261 5546 2596 5611 terpretatnr
2614 5537 2878 5611 Donatus,
2907 5533 3647 5611 ιι)’ξιιδθιιὰἰεειιτμργρλκέω
3817 5552 3837 5587 ι

2331 5604 2366 5650 ε’
2399 5610 2523 5680 Hoc.
2550 5609 2620 5680 ab
2653 5607 2860 5680 Isidoro
2886 5606 3106 5662 additur
3139 5604 3282 5676 quod
3298 5604 3402 5680 _ab.
3415 5604 3836 5668 aliisZachazu's.

2259 5689 2352 5736 aut
2382 5675 2654 5742 Barnabas
2682 5677 2968 5747 habeatur,
2993 5684 3054 5730 ut
3090 5675 3254 5747 supra
3282 5675 3485 5747 dictum
3509 5684 3615 5747 est.

2259 5820 2274 5873 l
2331 5750 2362 5831 «1.
2402 5747 2511 5805 Hoc
2537 5749 2751 5806 initiqu
2777 5748 2920 5824 citat.
2933 5743 3198 5803 Batonius
3218 5746 3271 5803 in
3300 5743 3456 5802 Notis
3479 5745 3546 5801 ad
3577 5743 3833 5814 Martyru-

2279 5837 2481 5873 omum.

2279 5837 2481 5892 tignum.
