3930 5388
63 398 166 455 illi!)

889 392 1283 449 AUTIIPERTI
1323 394 1586 452 CASSIN.
1629 394 1835 451 SER“.
1873 394 1960 449 DE
1998 395 2057 450 S.
2102 395 2431 452 MATTHIA.

3107 397 3261 455 i026

58 517 272 585 potestate
303 505 523 562 humani
565 506 736 577 regis,
770 507 1055 563 Octaviani
1097 508 1307 565 scilicet
1334 507 1584 594 Augusti,
1614 520 1663 579 Α
1689 507 1884 579 gratia,
1917 508 1988 563 sit
2026 518 2321 579 patratum,
2350 510 2476 579 quia
2516 518 2722 581 magna:
2760 512 3099 569 auctoritatis
3140 529 3260 570 ma-

58 601 286 660 humiliter
307 598 456 653 nasci
487 597 739 669 dignatus
770 608 887 665 est;
914 612 940 640 ι
965 608 1019 655 et
1041 599 1131 654 ille
1156 598 1247 670 qui
1273 608 1389 655 erat
1417 598 1583 656 Crea-

57 709 119 753 tor
136 694 239 751 coali
258 699 308 747 et
326 700 483 747 terrae
508 693 689 757 carnis
714 702 916 749 nostra:
939 693 1285 766 fragilitatem
1311 694 1585 764 suscipere

54 803 133 842 non
161 792 233 839 est
256 782 590 853 dedignatus.
622 784 693 837 At
731 784 953 854 perinde
986 800 1083 856 per
1107 785 1441 841 incrementa
1466 799 1583 842 cre-

51 890 199 938 scens,
224 881 278 927 ut
302 870 550 927 effectum
592 886 733 928 verte
772 873 1163 929 incarnationis
1192 889 1304 929 sua:
1327 874 1581 929 ostende-

54 976 137 1030 ret;
165 963 401 1035 quoniam
430 964 650 1034 quidem
690 964 779 1021 ille
805 975 947 1021 esset
976 981 1135 1022 verus
1162 967 1307 1031 dies,
1335 967 1427 1037 qui
1452 966 1583 1021 duo-

50 1056 184 1111 decim
228 1056 370 1110 horis
415 1054 665 1122 lucebat,
718 1056 1001 1111 duodecim
1058 1056 1333 1126 apostolos
1382 1057 1582 1127 eligere

49 1146 247 1201 censuit:
293 1142 488 1199 deinde
536 1143 605 1199 ad
644 1143 1051 1201 similitudinem
1079 1148 1417 1217 septuaginta
1444 1146 1582 1202 dua-

49 1253 137 1291 rum
161 1236 472 1305 linguarum,
503 1236 843 1306 septuaginta
875 1235 1009 1291 duos
1041 1236 1331 1307 discipulos
1359 1254 1578 1294 assum-

46 1331 142 1401 psit,
194 1328 445 1398 binosque
493 1326 643 1383 misit
678 1328 747 1383 ad
785 1328 1208 1399 praedicandum.
1264 1328 1410 1384 lnter
1444 1345 1580 1400 quos

45 1418 260 1489 siquidem
297 1416 358 1472 Β.
390 1416 646 1475 Matthias
671 1427 871 1475 sanetae
893 1419 1291 1489 praedicationis
1335 1419 1580 1476 ministe-

42 1510 148 1564 rium
172 1507 460 1578 suscipiens
478 1546 495 1574 ,
522 1508 595 1563 ita
624 1524 684 1564 se
713 1508 909 1565 divinis
948 1509 1221 1566 humiliter
1250 1518 1417 1565 totum
1448 1510 1577 1568 sub-

43 1604 143 1658 didit
181 1602 452 1673 praaceptis
474 1643 490 1669 ,
520 1611 580 1658 ut
605 1603 836 1661 fideliter
880 1604 1223 1674 praedicando
1262 1604 1329 1661 ad
1375 1614 1578 1662 sanctae

40 1696 190 1751 matris
227 1693 477 1751 Ecclesiae
501 1696 799 1766 gremium,
827 1695 1102 1752 ethnicum
1137 1695 1390 1767 populum
1442 1710 1568 1766 per-

41 1790 195 1843 ducere
219 1794 451 1843 curaret.
480 1786 636 1843 Unde
679 1788 968 1842 admodum
1017 1786 1367 1858 aceeptabilis
1395 1796 1448 1842 et
1480 1788 1573 1843 de-

1685 614 1909 671 gruequc
1941 600 2269 657 excellentia:
2312 610 2712 657 sacramentum
2744 611 2847 669 est,
2880 613 2933 658 et
2965 620 2995 657 a
3030 604 3089 658 Β.
3114 604 3261 661 Luca

1682 689 2011 760 evangelista
2074 699 2393 759 narratum;
2448 692 2516 747 ad
2564 691 2775 747 laudem
2828 694 3039 749 Domini
3088 698 3260 753 nostri

1681 778 1809 837 Jesu
1835 780 2036 835 Christi
2068 790 2231 851 atque
2277 782 2444 853 ipsius
2481 784 2653 839 sancti
2692 792 2747 838 ct
2778 784 2998 854 gloriosi
3034 787 3261 857 apostoli

1681 869 1907 940 gloriam
1930 871 2208 928 decentius
2234 876 2495 929 condecet
2516 890 2707 929 enarra
2718 890 2793 930 rc.
2816 876 2909 930 Ait
2927 877 3071 932 enim
3099 893 3261 933 cvan-

1681 958 1874 1027 gelista
1900 977 1914 1013 :

1748 1049 1803 1104 At.
1839 1068 1859 1102 ι
1893 1051 2201 1123 Exsurgens
2253 1062 2432 1108 autem
2474 1054 2665 1111 Petrus
2699 1056 2754 1112 in
2800 1058 2981 1113 medio
3006 1058 3256 1127 fratrum,

1680 1141 1814 1203 dixit
1848 1146 1990 1212 (erat
2014 1154 2191 1199 autem
2215 1148 2370 1200 turba
2401 1146 2677 1202 hominum
2699 1148 2859 1203 simul
2890 1149 3005 1206 fere
3041 1161 3261 1207 centum

1682 1232 1893 1305 viginti)
1924 1251 1938 1288 :
1964 1233 2098 1299 Viri,
2146 1234 2362 1300 fratres,
2407 1244 2620 1306 oportet
2669 1237 2880 1307 impleri
2917 1238 3256 1310 Scripturam

1677 1337 1836 1392 quam
1850 1325 2346 1396 prmdixitSpiritus
2370 1334 2588 1382 sanctus
2610 1343 2705 1398 per
2727 1344 2788 1383 os
2811 1327 3005 1397 David,
3028 1328 3095 1385 de
3116 1322 3255 1385 Juda

1676 1416 1767 1485 qui
1819 1416 1920 1471 fuit
1971 1418 2080 1472 dux
2121 1432 2309 1473 eorum
2361 1419 2452 1488 qui
2483 1420 3006 1488 comprehenderunt
3048 1418 3253 1487 Jesum,

1675 1505 1768 1575 qui
1810 1517 2233 1564 conuumeratus
2258 1517 2379 1563 erat
2428 1508 2481 1563 in
2515 1509 2693 1575 nobis,
2730 1519 2786 1564 et
2815 1511 3041 1566 sortitus
3061 1518 3147 1566 est
3178 1510 3255 1566 lo-

1674 1609 1798 1651 cum
1821 1596 2105 1653 ministerii
2134 1597 2291 1667 hujus
2315 1616 2327 1652 :
2352 1610 2407 1652 et
2436 1599 2524 1653 hic
2548 1600 2764 1669 quidem
2800 1603 3042 1671 possedit
3064 1618 3255 1675 agrum

1672 1688 1741 1743 de
1770 1690 2015 1745 mercede
2040 1689 2363 1760 iniquitatis,
2387 1700 2441 1746 et
2464 1708 2758 1763 suspensus
2783 1694 2998 1751 medius
3015 1698 3251 1767 crepuit,

1673 1786 1727 1831 et
1750 1776 1944 1833 ditl‘usa
1972 1788 2099 1834 sunt
2117 1780 2298 1835 omnia
2327 1782 2536 1837 viscera
2562 1781 2711 1852 ejus;
2740 1793 2794 1839 et
2835 1796 3018 1840 notum
3048 1785 3253 1843 factum

36 1880 301 1935 rarissimus
338 1878 561 1935 Christo
612 1878 808 1945 factus,
857 1895 982 1934 cum
1024 1878 1253 1933 tradilor
1291 1877 1380 1933 ille
1403 1876 1569 1933 Iudas
1596 1864 1645 1925 Β
1672 1877 1757 1922 est
1782 1868 2035 1924 omnibus
2060 1869 2431 1926 habitantibus
2469 1871 2769 1929 Jerusalem
2797 1873 2846 1927 ἀ.
2877 1874 3147 1946 Scriptum
3172 1885 3257 1932 est

38 1966 169 2026 Deum
200 1971 449 2041 proderet
472 1969 748 2026 Christum
770 2010 787 2036 ,
828 1970 1023 2039 suique
1047 1968 1317 2025 homicida
1346 1968 1571 2025 effectus

36 2063 344 2133 apostolatum
372 2064 657 2141 perderet;
706 2062 808 2121 iste
830 2064 914 2118 vir
946 2062 1156 2117 Domini
1188 2062 1241 2117 in
1265 2058 1389 2118 ioco
1427 2062 1570 2118 illius

33 2165 145 2211 sorte
161 2164 210 2211 et
222 2156 469 2212 oratione
495 2165 809 2211 sanctorum
831 2154 1197 2225 apostolorum
1222 2153 1569 2209 duodecimus

32 2246 259 2315 apostolus
300 2247 624 2302 ordinatur:
656 2246 743 2302 cui
774 2247 932 2302 datur
958 2245 1099 2301 sacri
1134 2242 1569 2316 Evangelii'prte-

30 2336 191 2392 dicatio
222 2337 271 2392 in
298 2335 484 2393 Iudaea
505 2377 520 2403 ,
547 2338 705 2393 sicuti
736 2337 940 2394 sanctis
967 2335 1227 2407 apostolis
1257 2336 1310 2390 in
1341 2335 1568 2405 singulis

31 2428 315 2497 regionibus.

78 2520 120 2573 3.
162 2517 572 2585 Verumtamen,
624 2520 668 2575 si
718 2519 771 2574 in
832 2519 1055 2590 regione
1117 2518 1564 2576 Christicolarum

27 2612 219 2668 omnium
250 2611 390 2668 festa
425 2621 739 2669 sanctorum
764 2612 1025 2668 celebrari
1055 2611 1334 2677 condecet,
1362 2620 1567 2682 quanto

30 2707 166 2777 magis
189 2705 469 2761 beatorum
497 2703 908 2776 apostolorum?
934 2703 1036 2772 Qui
1064 2702 1372 2774 specialiter
1402 2702 1563 2757 Chri—

24 2804 85 2850 sto
122 2797 487 2861 adbreserunt,
543 2796 873 2867 colloquium
926 2810 1050 2850 cum
1099 2795 1191 2849 illo
1236 2794 1561 2863 habuerunt,

22 2887 328 2942 comederunt
362 2901 429 2943 ac
456 2886 1075 2955 biberunt,omnemque
1105 2885 1246 2940 illius
1270 2884 1562 2941 etlicaciam

22 2975 248 3031 sitibundo
278 2986 501 3047 pectore
542 2977 879 3032 hauserunt:
923 2976 1123 3045 quique
1153 2975 1317 3029 etiam
1353 2976 1421 3029 ab
1450 2976 1564 3045 ipso

21 3066 205 3125 Domino
249 3068 456 3125 fratres
480 3079 537 3125 et
569 3069 730 3124 amici
766 3067 1028 3139 appellari
1062 3076 1408 3133 meruerunt,
1439 3084 1563 3123 cum

21 3161 183 3215 diceret
206 3179 220 3215 :
249 3160 378 3216 lam
417 3176 522 3215 non
550 3160 725 3213 dicam
752 3175 840 3214 vos
859 3174 1052 3223 servos,
1088 3158 1179 3212 sed
1206 3157 1399 3211 amicos
1423 3174 1562 3212 meos

1673 1961 1820 2014 enim
1868 1960 1921 2015 in
1968 1960 2104 2017 libro
2138 1961 2476 2019 Psalmorum
2512 1963 2688 2035 (Psal.
2728 1982 2919 2034 LXVIII,
2966 1968 3057 2041 26)
3089 1987 3101 2022 :
3130 1969 3256 2025 Fiat

1670 2052 1934 2110 habitatio
1976 2069 2164 2112 eorum
2196 2056 2432 2123 deserta,
2460 2066 2514 2111 et
2546 2074 2653 2113 non
2681 2063 2751 2115 sit
2779 2060 2871 2131 qui
2898 2060 3165 2117 inhabitet
3196 2062 3253 2118 in

1668 2156 1756 2209 ea,
1782 2152 1839 2198 et
1865 2143 2238 2214 episcopatum
2263 2146 2381 2216 ejus
2412 2147 2645 2218 accipiat
2673 2150 2828 2205 alter.
2866 2150 3093 2221 Oportet
3122 2166 3252 2223 ergo

1667 2248 1735 2288 ex
1765 2235 1853 2289 his
1882 2234 2014 2290 viris
2035 2236 2125 2304 qui
2156 2236 2438 2292 nobiscum
2475 2239 2788 2310 congregati
2836 2249 2963 2294 sunt
3005 2240 3059 2295 in
3102 2242 3253 2296 omni

1671 2334 1932 2397 tempore,
1968 2342 2074 2396 quo
2109 2327 2335 2383 intravit
2382 2338 2439 2384 et
2487 2329 2658 2384 exivit
2684 2330 2826 2387 inter
2858 2346 2958 2388 nos
2992 2332 3253 2388 Dominus

1665 2414 1847 2485 Jesus,
1871 2418 2137 2489 incipiens
2166 2434 2197 2473 a
2227 2419 2552 2489 baptismate
2587 2417 2809 2475 Joannis
2833 2435 3003 2491 usque
3029 2422 3084 2475 in
3108 2423 3251 2485 diem

1666 2523 1775 2578 quo
1812 2516 2124 2580 assumptus
2166 2517 2248 2565 est
2287 2524 2318 2562 a
2356 2510 2532 2577 nobis,
2584 2518 2777 2565 testem
2836 2513 3250 2569 resurrectionis

1666 2598 1784 2668 ejus
1820 2600 2102 2655 nobiscum
2158 2600 2277 2655 fieri
2324 2616 2490 2655 unum
2538 2617 2606 2656 ex
2650 2602 2788 2657 istis.
2840 2602 2908 2657 Et
2940 2611 3250 2660 statuerunt

1666 2696 1821 2761 duos,
1848 2707 1872 2735 ο
1900 2694 2102 2766 Ioseph
2148 2694 2241 2765 qui
2285 2694 2577 2750 vocabatur
2604 2695 2893 2762 Barsabas,
2930 2698 3020 2766 qui
3049 2712 3251 2769 cogno-

1664 2786 1901 2842 minatus
1911 2785 2207 2850 estJustus,
2222 2795 2279 2842 et
2298 2784 2597 2840 Matthiam.
2616 2786 2681 2841 Et
2701 2796 2919 2842 orantes
2951 2788 3205 2843 dixerunt
3230 2805 3244 2842 :

1672 2897 1690 2930 ς
1729 2877 1828 2943 Τυ,
1864 2880 2106 2943 Domine,
2135 2878 2229 2947 qui
2277 2877 2416 2933 nosti
2479 2878 2643 2932 corda
2684 2878 2998 2947 hominum,
3023 2879 3248 2935 ostende

1665 2985 1825 3040 quem
1852 2970 2078 3040 elegeris
2122 2984 2191 3024 ex
2216 2968 2302 3022 his
2341 2967 2550 3022 duobus
2582 2984 2769 3033 unum,
2794 2969 3042 3039 accipere
3063 2970 3244 3024 locum

1668 3059 1952 3113 ministerii
1984 3058 2143 3130 hujus
2170 3067 2225 3112 et
2251 3057 2584 3128 apostolatus
2618 3058 2683 3113 de
2717 3074 2826 3129 quo
2856 3061 3246 3129 prwvaricatus

1667 3162 1750 3206 est
1800 3150 1967 3205 Judas
2000 3160 2057 3204 ut
2088 3150 2263 3204 abiret
2318 3150 2371 3203 in
2424 3149 2603 3205 locum
2640 3165 2820 3205 suum.
2868 3152 2935 3205 Et
2986 3152 3252 3208 dederunt

22 3252 163 3319 (toan.
186 3214 272 3317 xv,
311 3252 440 3324 15)..
466 3252 534 3307 Ει
559 3251 722 3307 alibi:
757 3250 828 3305 Hi
857 3261 976 3306 sunt
1001 3214 1195 3321 fratres
1224 3250 1324 3305 mei
1348 3248 1559 3318 (Matth.
1589 3214 1636 3277 C
1665 3252 1864 3307 sortes,
1892 3252 1947 3296 et
1998 3241 2200 3297 cecidit
2231 3256 2351 3297 sors
2395 3257 2559 3311 super
2580 3239 2884 3308 Matthiam,
2916 3253 2969 3299 et
2990 3261 3251 3300 annuute~

21 3360 88 3406 tu,
134 3345 240 3417 t9).
306 3345 667 3417 Magnamque
715 3344 936 3414 insuper
980 3341 1404 3397 vicissitudinem
1456 3341 1564 3396 illis

22 3435 291 3493 roufcrens:
318 3435 580 3502 Gaudete,
611 3435 807 3507 inquit,
832 3445 879 3488 et
901 3433 1178 3498 exsultate,
1200 3434 1325 3503 quia
1349 3433 1563 3486 nomina

22 3540 144 3582 cura
166 3532 365 3601 scripta
403 3538 525 3585 sunt
554 3530 609 3583 in
636 3528 777 3584 cwlis
829 3526 979 3599 (Luc.
1011 3543 1075 3590 x,
1109 3525 1223 3596 20).
1274 3525 1385 3580 Hoc
1434 3524 1559 3593 quia

26 3635 102 3687 μεθ
143 3629 417 3678 annuente
455 3621 532 3676 ita
563 3620 837 3685 convenit,
884 3626 1103 3689 propter
1125 3617 1265 3671 hanc
1291 3614 1561 3670 excellen-

22 3710 111 3764 iam
141 3711 355 3768 illorum
394 3711 763 3767 solemnitates
792 3709 892 3765 sub
916 3724 1020 3764 una
1045 3707 1340 3763 festivitate
1366 3706 1562 3761 merito

22 3798 238 3856 relebrari
277 3815 581 3872 congruum
612 3799 807 3865 fuerat,
844 3798 1003 3853 sicuti
1027 3810 1370 3853 communem
1392 3796 1560 3850 vitam

22 3899 137 3959 utque
180 3891 520 3948 consortium
565 3904 689 3946 cum
722 3890 951 3945 Domino
974 3889 1301 3945 habuerunt.
1344 3887 1477 3942 Nam
1508 3896 1563 3943 et

22 3980 49 4035 Β.
73 3982 431 4056 Hieronymus
474 3984 578 4038 hoc
616 3990 864 4038 astruens
898 3982 953 4036 in
998 3979 1380 4053 Martyrologio
1418 3981 1560 4050 quod

22 4072 287 4131 lhromatio
337 4083 395 4131 et
417 4074 709 4131 Heliodoro
744 4073 1010 4144 episcopis
1030 4071 1219 4138 edidit,
1247 4072 1561 4143 conjunctos

22 4181 72 4221 os
98 4169 308 4225 censuit
354 4167 609 4223 ordinare
632 4206 648 4232 ,
683 4166 905 4222 dicens:
951 4164 1097 4219 Sane
1127 4164 1180 4219 in
1209 4165 1382 4235 prima
1408 4174 1561 4235 parte

22 4259 134 4316 belli
182 4260 291 4317 mei
330 4261 577 4317 omnium
620 4259 991 4330 apostolorum
1033 4256 1172 4313 festa
1210 4258 1561 4329 opportunis-

22 4349 108 4404 ime
130 4350 454 4422 scripsimus
484 4365 499 4404 :
546 4349 575 4390 δ
603 4358 663 4404 ιιι
683 4350 871 4405 diebus
903 4348 1071 4404 variis
1116 4363 1225 4403 non
1279 4349 1563 4405 videantur

24 4438 132 4494 ividi
152 4454 294 4511 quos
319 4456 428 4495 una
448 4439 685 4511 dignitas
704 4438 1035 4509 apostolatus
1063 4439 1118 4493 in
1146 4438 1355 4494 caelesti
1389 4438 1559 4509 gloria

1663 3344 1816 3389 rattts
1837 3343 1921 3389 est
1944 3350 2067 3389 cum
2094 3334 2343 3389 undecim
2373 3336 2633 3404 apostolis
2657 3334 2797 3405 (Act.
2824 3350 2865 3399 ι,
2896 3334 2962 3388 15
2980 3344 3029 3388 et
3054 3336 3241 3405 κατὰ.»

1733 3425 1785 3479 5.
1828 3425 1884 3479 ln
1910 3426 2015 3480 hac
2047 3425 2231 3494 itaque
2273 3425 2729 3496 el.ctione.liujus
2762 3426 3087 3480 sanctissimi
3111 3438 3246 3496 apo-

1662 3519 1786 3574 stoli
1805 3519 2197 3574 consideranda
2239 3527 2323 3574 est
2348 3528 2403 3574 et
2450 3520 2770 3574 admiranda
2806 3519 3135 3589 dispensatio
3162 3519 3248 3575 di-

1661 3612 1801 3666 vina:
1821 3612 2076 3680 potentia:
2097 3620 2259 3680 atque
2294 3612 2541 3666 humanae
2568 3612 2752 3684 gloria:
2785 3629 2800 3667 :
2834 3612 3091 3683 quoniam
3117 3614 3243 3682 qui-

1661 3703 1810 3769 dem,
1838 3704 1980 3759 sicut
2015 3703 2199 3757 divina
2222 3702 2505 3774 Scriptura
2535 3705 2840 3773 denuntiat,
2877 3722 2982 3760 non
3000 3707 3141 3760 sicut
3166 3706 3248 3760 vi-

1662 3796 1752 3852 det
1782 3797 1960 3860 homo,
1993 3796 2068 3850 ita
2119 3797 2382 3867 praevidet
2427 3795 2568 3851 Deus
2612 3794 2734 3867 (Job
2762 3813 2817 3863 x,
2847 3798 2921 3867 4).
2958 3796 3049 3852 llle
3098 3796 3245 3851 enim

1660 3888 1880 3960 Ioseph,
1915 3888 2008 3960 qui
2047 3888 2345 3944 vocabatur
2376 3888 2668 3954 Barsabas,
2698 3890 2789 3960 qui
2831 3890 3247 3959 cognominatus

1661 3990 1746 4037 est
1767 3980 1974 4047 Justus,
2006 3983 2073 4037 ab
2116 3982 2428 4037 hominibus
2471 3991 2556 4037 est
2592 3982 2796 4037 electus
2826 4000 2839 4036 :
2871 3981 3124 4037 Matthias
3150 3998 3249 4037 au-

1662 4080 1770 4127 tem
1827 4072 1919 4144 qui
1964 4072 2353 4142 interpretatur
2386 4071 2405 4111 ¹
2440 4071 2535 4128 Dei
2590 4088 2810 4142 parvus,
2851 4074 2967 4127 sive
2993 4073 3245 4138 donatus,

1662 4164 1897 4235 Spiritus
1925 4164 2099 4219 sancti
2143 4163 2408 4220 electione
2433 4164 2606 4219 factus
2629 4174 2711 4219 est
2760 4180 3004 4236 magnus.
3038 4165 3083 4220 Ο
3113 4180 3244 4221 vere

1661 4260 1919 4330 parvum!
1980 4273 2014 4314 ο
2058 4273 2187 4314 vere
2227 4275 2503 4330 magnum,
2560 4261 2651 4330 qui
2687 4276 2793 4315 non
2846 4261 2967 4315 ideo
3019 4276 3246 4332 magnus

1660 4352 1787 4423 quia
1808 4351 2004 4415 elatus,
2024 4350 2117 4404 sed
2140 4350 2261 4405 ideo
2283 4366 2512 4420 magnus
2536 4350 2789 4419 quoniam
2812 4351 3031 4405 humilis
3048 4351 3241 4417 factus,

1660 4445 1917 4497 sectando
1965 4441 2234 4511 siquidem
2284 4441 2511 4510 vestigia
2569 4441 2781 4496 Domini
2831 4443 2914 4497 sui
2968 4443 3239 4499 dicentis:

22 4532 101 4585 :cit
142 4546 264 4588 esse
317 4532 599 4589 sublimes.
656 4529 764 4586 Sed
803 4530 928 4601 quia
980 4544 1105 4585 mox
1158 4529 1396 4585 obtinuit
1418 4539 1442 4570 ε
1501 4530 1555 4584 in
1586 4570 1634 4630 Β
1666 4555 1683 4588 ι
1709 4534 1821 4589 Νοη
1848 4535 1995 4589 venit
2017 4533 2160 4588 filius
2179 4534 2414 4588 hominis
2439 4534 2763 4599 ministrari,
2790 4536 2883 4590 sed
2908 4536 3243 4603 ministrare,

22 4631 150 4677 aucta
198 4622 449 4680 Ecclesia
516 4631 577 4678 ut
647 4621 1071 4693 uniuscujusque
1129 4619 1357 4691 apostoli
1420 4620 1555 4675 festa

21 4717 282 4784 pecialiter
321 4733 432 4788 quo
458 4718 546 4774 die
575 4717 713 4774 caelo
740 4718 813 4774 sit
854 4726 1013 4773 natus
1044 4724 1100 4773 et
1135 4724 1427 4773 coronatus
1452 4756 1468 4781 ,
1501 4718 1555 4773 in

24 4808 65 4863 lo
85 4809 471 4876 celebrentur;
519 4826 619 4866 nos
653 4810 913 4868 hodierna
948 4810 1034 4866 die
1062 4809 1124 4865 Β.
1156 4809 1397 4866 Matthiae
1425 4811 1560 4866 duo-

21 4904 161 4959 ecimi
200 4903 441 4974 apostoli
486 4902 725 4959 natalem
753 4912 902 4959 tanta
939 4904 1287 4960 veneratione
1309 4904 1557 4960 excolere

21 4994 251 5061 ebemus,
283 5005 512 5066 quanta,
546 5004 605 5050 ut
631 4996 945 5067 praedictum
975 5003 1078 5063 est,
1114 4996 1257 5051 inter
1283 4997 1557 5067 apostolos

21 5086 303 5143 rirabiliter
332 5084 567 5142 electum
590 5101 713 5142 esse
742 5086 1125 5158 comperimus.
1162 5087 1269 5144 Sed
1296 5089 1558 5157 quemad-

21 5180 187 5235 rodum
219 5179 287 5234 Β.
321 5176 470 5236 Petri
501 5178 726 5250 apostoli
760 5178 953 5251 elogio,
988 5178 1097 5236 imo
1125 5178 1357 5252 Spiritus
1383 5183 1559 5238 sancti

1365 5304 1380 5320 ί»
1430 5295 1531 5323 ην.

1659 4635 1716 4682 et
1761 4624 1893 4680 dare
1942 4624 2178 4678 animam
2226 4638 2378 4680 suam
2426 4624 2851 4694 redemptionem
2904 4641 3003 4695 pro
3064 4626 3246 4682 multis

1660 4716 1879 4789 (Matth.
1910 4731 2005 4782 xx,
2049 4712 2164 4787 28).
2221 4734 2239 4768 ι
2269 4714 2338 4769 Ει
2372 4714 2501 4771 illud
2527 4716 2669 4786 quod
2700 4716 2754 4770 in
2784 4716 2891 4771 alio
2935 4717 3054 4774 loco
3088 4718 3243 4784 dicit,

1662 4824 1783 4865 cum
1815 4812 1840 4850 8
1870 4807 2115 4863 Zebedtei
2149 4806 2288 4862 ﬁlios
2330 4806 2397 4860 ad
2438 4815 2681 4863 sanctam
2712 4818 2931 4880 cogeret
2972 4809 3249 4865 humilita-

1664 4911 1771 4957 tem
1804 4920 1815 4955 :
1851 4919 1868 4953 ι
1902 4899 2003 4969 Qui
2034 4915 2093 4956 se
2119 4901 2325 4955 exaltat
2353 4899 2746 4966 humiliabitur,
2781 4910 2836 4956 et
2861 4902 2951 4971 qui
2977 4917 3037 4957 se
3068 4904 3250 4957 humi-

1668 4993 1764 5048 liat
1790 4991 2118 5049 exaltabitur
2144 4990 2296 5065 (Luc.
2327 5006 2442 5058 xiv,
2484 4995 2542 5050 il
2568 5010 2584 5059 ;
2610 4992 2852 5065 vruuld).
2877 5012 2895 5046 ι
2918 4992 2983 5048 Et
3010 4996 3253 5052 Donatus

1672 5087 1813 5142 idem
1858 5084 2112 5141 Matthias
2162 5086 2407 5142 dicitur:
2446 5102 2479 5143 a
2517 5078 2645 5160 quo,
2675 5086 2755 5140 vel
2783 5090 2984 5158 quare?
3032 5090 3115 5146 Ab
3138 5089 3259 5159 ipso

1671 5182 1856 5252 utique
1880 5178 2105 5236 Domino
2124 5178 2253 5236 .Iesu
2292 5176 2520 5238 Christo
2550 5198 2563 5234 :
2594 5177 2686 5247 qui
2720 5193 2843 5234 cum
2869 5182 3260 5256 praecognitum

1736 5311 1760 5322 ..
1785 5293 2081 5328 Ινιηηιιέιιιηο
2109 5305 2186 5328 ιιι-ι
2217 5295 2307 5328 Ιιῖη
2362 5290 2549 5332 Ϊηοηηιι
2580 5290 2955 5331 Μαι-ΙνιιΛΙΛι-ἷη
2990 5299 3254 5342 ΏΛνῃςιηη-
