3930 5614
71 356 212 414 1029

69 481 189 532 tum
221 471 516 539 viderunt;
548 469 719 527 sancti
752 479 930 527 autem
959 473 1185 541 apostoli
1216 473 1640 528 incarnationem
1670 483 1717 540 Α

65 562 188 632 ejus
220 573 274 618 et
317 563 568 617 viderunt
599 568 654 616 et
691 561 1034 616 crediderunt
1060 601 1075 626 ,
1133 563 1479 618 comederunt
1523 579 1645 617 cum

66 651 160 706 illo
189 660 241 708 et
279 652 550 716 biberunt,
589 659 664 716 et,
692 659 749 705 ut
793 651 1106 722 praedictum
1153 661 1255 718 est,
1292 653 1451 709 amici
1479 654 1546 708 ab
1579 669 1645 709 eo

61 741 322 812 appellari
357 749 705 795 meruerunt:
744 740 964 810 insuper
993 743 1156 796 etiam
1183 759 1280 813 pro
1310 745 1429 813 ejus
1460 758 1644 798 amore

60 829 383 900 sanguinem
406 845 562 884 suum
596 828 868 883 fuderunt.
893 828 1169 899 Approbat
1191 831 1292 885 hoc
1325 832 1464 886 idem
1490 832 1644 887 Chri-

59 928 180 974 stus
205 920 482 992 Dominus,
516 908 636 973 cum
663 919 792 973 dicit
823 935 835 970 :
875 937 893 969 ε
927 919 1073 973 Multi
1105 935 1259 991 reges
1287 932 1339 975 et
1370 924 1646 992 propheta:

57 993 559 1065 volueruntividere
588 1023 708 1078 quae
750 1023 845 1063 vos
881 1008 1106 1073 videtis,
1141 1018 1197 1064 et
1219 1026 1327 1066 non
1369 1013 1641 1079 viderunt,

56 1109 114 1153 et
139 1101 329 1156 audire
345 1116 463 1170 qua:
489 1099 708 1164 auditis,
727 1108 781 1154 et
806 1114 912 1155 non
939 1101 1393 1174 audierunt(Luc.
1410 1119 1464 1170 x,
1481 1105 1593 1177 24).
1618 1125 1636 1158 ι

57 1182 161 1257 Qui
209 1200 389 1245 autem
429 1188 528 1245 hoc
571 1200 825 1262 proterve
875 1191 1186 1261 improbare
1213 1194 1504 1262 voluerint,
1553 1214 1643 1252 ca-

54 1291 222 1335 veant
251 1281 473 1336 omnino
518 1297 585 1336 ne
613 1282 824 1336 veritati
870 1283 1162 1350 resistant,
1188 1293 1242 1339 et
1269 1301 1336 1340 ne
1363 1302 1393 1340 a
1416 1290 1643 1343 veritate

55 1372 337 1436 recedant,
367 1387 485 1441 qua:
514 1381 599 1427 est
625 1371 892 1427 Christus.
925 1373 1043 1444 lpse
1085 1374 1228 1429 enim
1249 1375 1387 1433 hanc
1425 1387 1643 1434 senten-

52 1461 187 1514 tiam
237 1461 556 1528 confirmat,
610 1463 860 1532 inquiens
894 1464 1196 1534 apostolis:
1242 1484 1261 1519 ι
1299 1465 1356 1522 Si
1403 1468 1640 1541 diligetis

51 1565 159 1612 me,
193 1551 446 1606 mandata
477 1565 598 1605 mea
644 1559 857 1607 servate
883 1568 896 1604 :
928 1561 984 1608 et
1017 1567 1117 1626 ego
1147 1556 1351 1627 rogabo
1379 1555 1596 1613 Patrem
1621 1600 1636 1625 ,

47 1650 105 1694 et
139 1640 311 1694 alium
369 1635 705 1696 Paracletum
735 1641 886 1699 dabit
917 1643 1091 1710 vobis,
1122 1651 1180 1700 ut
1217 1655 1435 1702 maneat
1460 1649 1641 1704 vobis-

46 1747 174 1786 cum
191 1732 244 1786 in
269 1740 533 1786 aeternum
561 1732 872 1803 (Joan.x1v,
897 1734 1007 1805 15).
1035 1753 1054 1788 ι
1083 1735 1637 1795 Animadvertendum

891 359 1320 418 —AUTllPERTl
1361 361 1626 419 CASSIN.
1667 362 1872 418 Si-LRM.
1913 365 2000 420 DE
2039 367 2096 422 S.
2141 365 2470 427 MATTHIA.

3185 383 3322 440 1050
3369 418 3377 436 η.

1872 476 2004 554 inter
2028 487 2289 554 utrumque
2319 486 2472 554 perit;
2497 484 2644 537 nullis
2663 487 2912 554 condenda
2933 491 3172 554 sepulcris

1868 538 2064 590 Viscera
2087 538 2228 604 rupta
2252 538 2430 596 cadunt
2459 538 2737 610 tenuesque
2763 538 2959 612 elapsus
2971 538 3196 604 milia:
3223 551 3270 618 Ι,

1745 635 1760 649 ο
1829 637 1842 649 ο
1866 637 1925 672 -.ο
1996 638 2010 650 ο
2079 637 2092 652 α
2163 639 2176 652 ο
2246 642 2258 654 ι
2326 643 2342 658 ο
2408 643 2421 656 ο
2489 639 2506 656 ο
2570 642 2586 657 ο
2652 643 2670 659 ο
2735 647 2747 658 ο
2815 645 2830 659 ο
2898 647 2913 662 ο
2981 645 3000 664 ο
3064 651 3079 666 ο
3145 653 3160 665 σ
3226 651 3242 668 ο
3304 651 3326 672 ο

1864 661 2002 734 ljlunc
2024 676 2144 734 opus
2165 672 2241 716 est
2269 669 2410 734 votis,
2431 669 2561 734 quod
2587 671 2732 734 verba
2758 661 3038 734 prophetica
3059 661 3284 730 clamant.

1865 724 2188 800 [Qucm‘liceat
2211 724 2618 800 supplere'vices.
2639 724 2775 782 Tunc
2797 724 2978 800 summa
3008 724 3289 800 precantes,

1863 785 2172 861 {totistituere
2212 785 2584 861 du'tis,_.loseph,
2609 798 2901 861 cognomine
2924 785 3137 861 iustum,

1865 845 2210 923 hiatthiamque
2236 865 2249 899 :
2287 845 2378 900 Dei
2406 845 2600 923 parva
2626 845 2752 923 quod
2779 867 2973 910 noznen.
2998 845 3254 923 υίᾜῖυηι,

1869 908 2083 982 Hebraeo
2103 908 2326 982 sermone
2375 908 2891 982 sonathhumilemque
2935 908 3167 982 vocando,

1866 968 2171 1042 comprobat.
2195 972 2491 1042 O_quan_tum
2509 968 2687 1026 distant
2713 968 2919 1042 humana
2937 968 3168 1042 supernis

1869 1029 2094 1099 iudieiis!
2125 1035 2254 1099 parvi
2278 1029 2830 1099 inerito_tran=ceuditur
2857 1039 2962 1099 ille,

1867 1089 2036 1169 gaude
2055 1089 2307 1169 hominum
2331 1099 2431 1167 Iqtti
2456 1097 2615 1169 justus
2647 1109 2752 1169 erat
2770 1115 2790 1169 ,τ
2817 1089 3043 1169 duodena
3067 1105 3322 1169 refulgent

1863 1151 2014 1216 Signa
2044 1154 2198 1217 chori,
2224 1151 2471 1220 teris-me
2486 1158 2628 1220 jubar
2655 1160 2894 1222 jaculatur
2917 1151 3114 1227 olympi.

1811 1265 1898 1320 10.
1939 1265 2321 1322 Verumtamen
2358 1271 2403 1324 si
2434 1271 2599 1342 aliqui
2657 1274 2890 1346 imperiti
2919 1286 2974 1332 et
3012 1289 3324 1336 sanctarum

1741 1352 2126 1423 scripturarum
2154 1355 2340 1413 minus
2357 1359 2532 1415 idonei
2555 1361 2990 1430 documentis,de
3019 1368 3178 1439 hujus
3203 1385 3329 1426 san-

1739 1443 1964 1499 ctissimi
2002 1447 2227 1516 apostoli
2275 1449 2539 1506 electione
2571 1453 2833 1510 obsistere
2878 1456 3188 1524 voluerint,
3237 1460 3326 1514 di-

1741 1543 1952 1594 centes:
2001 1536 2046 1590 si
2075 1535 2137 1591 B.
2171 1537 2425 1595 Matthias
2455 1543 2770 1598 duodenarii
2804 1548 3021 1602 mtmeri
3049 1549 3323 1618 apostola-

1744 1633 1856 1678 tum
1895 1626 2150 1695 explevit,
2191 1638 2247 1685 et
2275 1631 2628 1690 duodecimus
2669 1636 2875 1691 sedebit
2922 1654 3046 1694 cum
3096 1641 3326 1698 Domino

1740 1714 1806 1768 ad
1847 1715 2236 1785 iudicandum:
2281 1738 2412 1794 ergo
2442 1724 2504 1779 Β.
2535 1724 2738 1782 Paulus
2777 1731 3052 1798 apostolus
3096 1732 3164 1788 ab
3206 1735 3324 1804 ipsa

44 1833 130 1877 est
175 1823 365 1893 utique
406 1818 659 1898 quidsit
705 1825 756 1880 in
794 1836 1055 1883 aztermtm
1102 1829 1339 1885 manere.
1379 1830 1518 1899 Quid
1556 1841 1638 1888 est
1672 1847 1715 1906 Β
1743 1808 1983 1906 φθεῖοηθ
2028 1824 2404 1906 -δθίιυθδίτθίυδ
2453 1819 2596 1885 emi
2650 1823 2901 1877 ηονθΐῖηι
2936 1824 3141 1895 "lique,
3195 1831 3322 1898 (Ιυίτι

42 1907 191 1968 enim
238 1906 292 1970 in
323 1924 584 1970 aeternum
626 1919 892 1972 manere?
925 1918 1034 1975 Hoc
1067 1929 1151 1975 est
1181 1922 1322 1992 quod
1361 1938 1637 1993 nunquam

42 2005 233 2058 ﬁnitur
255 2046 271 2071 ,
318 2007 460 2076 quod
496 2022 769 2075 nunquam
818 2010 1056 2075 recedit,
1089 2027 1193 2065 non
1225 2011 1429 2068 habens
1477 2012 1638 2069 linem

41 2109 222 2164 neque
253 2109 527 2150 occasum.
565 2095 630 2149 Et
680 2111 869 2152 revera
907 2115 1012 2152 non
1045 2101 1144 2164 ait,
1168 2101 1329 2156 hodie
1361 2101 1445 2156 vel
1477 2118 1598 2159 cras
1620 2144 1635 2170 ,

39 2184 126 2237 vel
175 2193 255 2239 tot
275 2185 468 2240 diebus
512 2185 598 2241 vel
639 2187 814 2252 annis,
849 2188 943 2242 sed
987 2189 1038 2244 in
1063 2199 1343 2246 aeternum.
1373 2190 1488 2250 Hoc
1513 2209 1636 2250 sen-

41 2276 188 2330 tiens
243 2275 436 2330 beatus
489 2275 846 2347 Hieronymus
893 2277 1124 2335 atiirmat
1164 2281 1292 2337 illud
1337 2283 1389 2336 in
1427 2285 1634 2340 duobus

36 2367 437 2435 quaestionibus
485 2366 702 2422 indubie
737 2365 921 2424 dicens
955 2389 967 2423 :
1005 2370 1115 2442 Ego
1144 2373 1327 2444 utique
1375 2376 1633 2432 audacter

35 2471 102 2510 ac
129 2458 249 2510 tota
275 2456 525 2511 libertate
547 2459 855 2528 pronuntio,
889 2475 954 2514 ex
991 2476 1056 2516 eo
1079 2471 1318 2532 tempore
1349 2480 1454 2532 quo
1507 2467 1639 2534 apo;

38 2543 168 2599 stoli
224 2545 280 2599 in
328 2543 556 2600 Domino
601 2546 971 2610 crediderunt,
1005 2564 1219 2620 semper
1256 2565 1351 2605 eos
1381 2552 1634 2609 habuisse

33 2635 312 2707 Spiritum
343 2647 612 2705 sanctum,
653 2654 754 2694 nec
778 2640 1018 2710 potuisse
1042 2642 1192 2714 signa
1222 2642 1399 2699 facere
1427 2645 1633 2714 absque

35 2728 282 2800 Spiritus
307 2729 402 2786 Dei
443 2730 633 2802 gratia.
682 2731 746 2786 Et
776 2732 915 2787 infra
948 2734 1011 2787 de
1054 2734 1224 2805 gratia
1261 2735 1499 2790 omnium
1523 2736 1629 2792 lin-

31 2837 271 2890 guarum
303 2839 318 2876 :
353 2819 542 2894 Magis,
585 2823 782 2896 inquit,
830 2823 1086 2894 apostolis
1118 2827 1482 2882 necessarium
1527 2826 1629 2882 fuit

29 2913 363 2986 varietatem
412 2909 717 2987 linguarum
760 2917 1133 2973 universarum
1181 2919 1420 2988 gentium
1461 2920 1635 2990 loqui,

28 3015 89 3058 ut
133 3005 520 3060 annuntiaturi
551 3006 828 3062 Christum
874 3007 1020 3064 nullo
1060 3020 1282 3079 egerent
1313 3010 1654 3081 interpreteﬁ

1 3093 192 3151 'Unde
231 3097 284 3151 in
321 3096 594 3168 Lycaonia
622 3113 744 3154 cum
785 3098 1062 3154 audissent
1093 3101 1287 3155 accolae
1318 3100 1543 3156 Paulum
1573 3113 1628 3158 et

1744 1899 2109 1959 duodenarius
2160 1923 2418 1962 numerus
2448 1909 2500 1963 in
2543 1908 2647 1967 hac
2694 1927 2754 1969 re
2784 1914 2866 1969 vel
2894 1909 3106 1972 caeteris
3154 1934 3324 1976 sacrae

1740 1992 2024 2063 scripturae
2079 1996 2316 2069 elogiis,
2373 2004 2667 2057 secundum
2717 2013 2931 2076 tropum
2983 2010 3074 2079 qui
3127 2011 3324 2067 dicitur

1739 2085 2112 2156 synecdoche,
2161 2105 2285 2158 pars
2334 2108 2430 2160 pro
2482 2103 2596 2150 toto
2642 2098 2946 2168 accipitur:
2978 2115 3083 2170 qua
3115 2104 3325 2161 ratione

1735 2175 1922 2246 procul
1951 2176 2114 2232 dubio
2143 2189 2197 2237 et
2236 2181 2294 2234 Β.
2326 2181 2527 2238 Paulus
2559 2187 2856 2256 apostolus,
2886 2199 2941 2244 et
2973 2193 3156 2248 cmteri
3196 2207 3324 2250 san-

1736 2264 1808 2319 cti
1865 2266 2126 2322 sedebunt
2186 2283 2308 2323 cum
2369 2270 2597 2329 Domino
2644 2277 2713 2330 ad
2757 2276 3139 2346 judicandum.
3209 2281 3325 2338 Hoc

1737 2371 1969 2427 namque
1997 2359 2278 2415 verissime
2307 2365 2568 2432 approbat
2596 2365 2657 2419 Β.
2688 2367 3021 2439 Augustinus
3049 2371 3103 2425 in
3132 2373 3321 2443 expla-

1735 2448 1962 2501 natione
2001 2448 2275 2519 Evangelii
2313 2448 2386 2506 de
2411 2446 2592 2510 villico
2627 2447 2793 2527 ’(Luc.
2837 2458 2949 2529 tm)
2974 2501 2988 2523 ,
3025 2461 3272 2531 inquiens
3303 2481 3317 2518 :

1735 2534 1992 2590 Videmus
2025 2538 2329 2606 apostolum
2369 2540 2582 2597 Domini
2623 2543 2847 2600 Paulum
2890 2548 3005 2604 sine
3050 2549 3156 2604 ulla
3204 2566 3323 2606 am-

1733 2625 1992 2698 biguitate
2036 2629 2236 2684 dixisse
2271 2648 2286 2685 :
2324 2632 2546 2689 Nescitis
2570 2637 2694 2707 quia
2722 2640 2934 2710 angelos
2953 2643 3317 2713 judicabimua

1733 2715 1792 2788 (1
1835 2714 1958 2771 Cor.
1994 2734 2062 2779 ιι,
2094 2719 2198 2791 5)?
2247 2721 2394 2788 Quos
2431 2725 2616 2794 utique
2663 2730 2904 2798 angelos,
2963 2733 3068 2789 nisi
3122 2735 3315 2797 malos.

1731 2814 1789 2860 et
1817 2807 1990 2876 ipsum
2021 2822 2208 2863 eorum
2241 2812 2540 2883 principem
2564 2818 2780 2885 posuit?
2803 2820 3020 2890 (Matth.
3050 2839 3165 2886 χιχ,
3202 2825 3317 2896 28.)

1732 2899 1876 2968 Ergo
1916 2901 2126 2957 sedebit
2185 2905 2300 2974 ipse
2345 2908 2618 2976 apostolus
2664 2910 2718 2964 in
2774 2911 3057 2970 duodecim
3101 2917 3320 2973 sedibus

1731 2991 1796 3046 de
1810 2991 2017 3061 quibus
2056 2993 2316 3050 Dominus
2346 2998 2423 3052 ait
2461 3016 2476 3052 :
2510 2998 2782 3058 Sedebitis
2811 3018 2976 3075 super
3004 3007 3160 3063 sedes
3189 3009 3322 3064 duo-

1729 3081 1926 3148 decim,
1966 3082 2274 3153 iudicantes
2304 3087 2585 3144 duodecim
2620 3091 2798 3148 tribus
2827 3093 3015 3150 lsrael.
3050 3095 3159 3151 Sed
3202 3097 3320 3168 ipse

24 3181 345 3244 Barnabam
384 3185 527 3256 loqui
557 3185 752 3258 linguis
775 3186 912 3254 suis,
943 3187 1076 3243 deos
1097 3189 1261 3242 etiam
1301 3188 1352 3242 in
1380 3189 1627 3246 homines

1739 3189 1838 3228 non
1875 3183 1991 3229 erat
2022 3176 2163 3230 inter
2184 3177 2464 3233 duodecim
2494 3181 2786 3250 apostolos.
2809 3183 2935 3240 Ideo
2957 3200 3210 3258 suggero,
3261 3198 3321 3243 ut

23 3290 338 3347 conversos
383 3291 477 3331 eos
521 3277 926 3331 existimabant.
957 3277 1209 3347 Idemque
1243 3279 1534 3349 Apostolus
1571 3281 1626 3337 in

22 3362 279 3434 Epistola
311 3381 406 3420 sua
438 3366 541 3422 hoc
574 3367 879 3438 approbans
903 3367 978 3422 ait
1006 3385 1018 3422 :
1061 3387 1079 3420 ε
1116 3367 1333 3426 Gratias
1356 3386 1456 3443 ago
1485 3373 1628 3441 Deo,

21 3455 176 3524 quod
209 3456 458 3510 omnium
504 3457 743 3527 gentium
791 3457 986 3528 linguis
1038 3457 1231 3529 loquor
1259 3459 1307 3532 (ι
1337 3460 1459 3516 Cor.
1496 3478 1587 3518 xtv
1610 3504 1625 3529 ,

25 3545 182 3616 18).»
216 3543 336 3600 Hoc
369 3544 487 3601 ideo
509 3542 833 3601 insinuando
855 3546 1248 3617 protulimusut
1269 3551 1628 3623 intelligamus

19 3638 90 3691 ad
140 3647 414 3707 quantam
471 3637 816 3708 perfectionis
861 3640 1094 3710 gratiam
1143 3641 1203 3695 Β.
1245 3641 1497 3700 Matthias
1545 3654 1629 3701 est

15 3728 242 3784 electus
309 3729 399 3799 qui
459 3729 598 3785 inter
645 3730 928 3786 duodecim
986 3731 1261 3802 apostolos
1319 3735 1623 3792 duodecimi

14 3818 377 3891 apostolatus
418 3819 630 3876 culmen
696 3822 961 3875 scandere
1000 3822 1244 3878 meruit:
1296 3838 1362 3878 ac
1399 3825 1628 3894 proinde

12 3928 148 3967 cum
204 3913 472 3968 Dominus
512 3913 582 3967 ‘ad
605 3911 870 3982 judicium
899 3915 1141 3980 venerit,
1187 3915 1453 3987 gloriosus
1499 3933 1623 3974 cum

13 4002 119 4057 illo
143 4003 405 4058 residens
422 4015 462 4065 ,α
501 4003 802 4074 apparebit.
839 4003 913 4059 De
957 4003 1116 4073 hujus
1141 4021 1355 4077 quoque
1394 4009 1624 4078 apostoli

10 4093 275 4148 Matthiae
302 4093 536 4149 mirabili
570 4094 836 4150 electione
863 4108 930 4150 ac
969 4094 1122 4151 Judze
1155 4098 1434 4154 traditoris
1481 4097 1628 4168 deje-

7 4187 213 4240 ctione
238 4184 529 4253 textumB.
546 4184 702 4240 Luca:
719 4183 1064 4257 evangelistze’
1077 4199 1407 4258 prosequens
1426 4189 1627 4246 Arator

7 4285 238 4330 sanctae
261 4274 526 4330 Romanae
553 4275 814 4333 Ecclesiae
835 4276 1200 4333 subdiaconus
1219 4319 1235 4342 ,
1267 4277 1408 4348 quod
1437 4279 1499 4334 Β.
1521 4280 1624 4335 Pe-

7 4376 138 4420 trus
159 4364 450 4436 apostolus
480 4365 508 4405 ιι
533 4380 692 4437 prosa
715 4366 966 4422 oratione
993 4366 1293 4436 perdocuit,
1322 4367 1412 4424 ille
1443 4380 1466 4410 ο
1496 4385 1619 4426 ver-

5 4456 174 4512 sibus
209 4457 452 4514 heroicis
474 4456 809 4529 deprompsit
833 4457 1022 4512 dicens
1057 4475 1070 4511 :
1232 4464 1234 4466 '

67 4608 124 4657 9.
153 4606 360 4672 Primus
392 4607 678 4672 apostolico,
703 4621 849 4670 parva
877 4609 939 4658 de
964 4621 1127 4672 puppe
1161 4615 1375 4672 vocatus,

143 4671 371 4737 Agmine
401 4669 581 4737 Petrus
613 4669 758 4737 erat:
784 4681 881 4737 quo
923 4669 1158 4737 piscatore
1192 4669 1380 4737 solebat

139 4729 401 4791 squamea
426 4732 568 4782 turba
587 4733 716 4793 capi,
751 4729 1000 4782 subito'de
1042 4732 1204 4782 littore
1226 4733 1356 4782 visus
1377 4731 1404 4771 ἀ

144 4855 350 4916 Surgit,
378 4861 433 4905 et
459 4856 706 4918 insinuans
722 4853 884 4918 divina
907 4854 1126 4918 negotia,
1150 4866 1310 4918 coram

137 4919 230 4966 Sic
258 4915 573 4967 venerandus
596 4917 664 4966 ait
697 4928 711 4965 :
737 4915 915 4972 Nostis,
939 4919 1053 4977 quia
1089 4915 1304 4976 proditor
1327 4929 1496 4969 amens

134 4979 443 5030 Hercedem
465 4977 675 5027 sceleris
696 4978 837 5026 solvit
854 4977 966 5036 sibi,
994 4978 1119 5026 todia
1143 4988 1283 5026 nom
1309 4979 1336 5011 ⁸

133 5040 372 5102 Horruit,
395 5041 504 5105 ipse
525 5049 666 5089 suam
681 5038 932 5101 stringens
955 5039 1001 5086 in
1022 5045 1218 5100 gutture
1241 5051 1433 5095 vocem.

3 5135 17 5150 ⁸
87 5136 101 5148 ’
131 5134 303 5216 ﬁeri;
326 5137 377 5215 in
397 5139 562 5216 medio
583 5133 1080 5220 communiponeret
1098 5134 1234 5209 hosti.
1262 5135 1275 5147 ’
1352 5145 1366 5157 ’
1437 5144 1447 5156 ’
1515 5139 1534 5157 ⁸
1608 5136 1622 5150 ’

136 5223 334 5278 Debita
360 5238 502 5293 pana
521 5229 689 5278 locum
717 5221 877 5272 :coelo
896 5227 1135 5285 terraeque
1158 5233 1371 5284 perosus

71 5386 100 5414 ι
147 5373 258 5430 Ms.
285 5373 536 5431 Clarebit.

71 5442 102 5484 δ
146 5445 354 5503 Momb.
379 5461 497 5500 sua.

67 5529 96 5558 ε
143 5499 538 5572 ᾔᾮςδῖιηειε
572 5501 750 5574 elegia
783 5499 1044 5566 inscripsit
1086 5499 1266 5569 Vigilio
1355 5505 1570 5572 ommci
1598 5542 1616 5568 ,

197 5534 256 5576 0‘
312 5532 441 5614 »έιη
502 5584 725 5614 ...ηνιηη
753 5586 816 5608 ι...
876 5568 972 5604 κρυ-ς
1025 5571 1116 5606 ομι.
1157 5585 1262 5610 mm
1306 5530 1614 5614 Enn“...

1370 5589 1614 5614 nninl'ﬂln

312 5568 441 5614 13m
502 5568 725 5614 ωηνΐιῖη
753 5586 816 5608 nn
876 5568 972 5604 ἔξω(
1025 5571 1116 5606 cnh

1651 4549 1705 4608 D

1734 3265 2000 3321 noveritis
2022 3266 2323 3337 intelligere
2353 3269 2632 3326 duodecim
2669 3274 2848 3330 sedes.
2892 3274 3150 3334 Novimus
3174 3280 3318 3334 enim

1733 3359 1858 3429 quia
1905 3359 2159 3428 primitus
2216 3377 2245 3415 a
2286 3362 2515 3419 Domino
2540 3365 2729 3422 electis
2774 3368 3058 3441 duodecim
3112 3371 3314 3426 excidit

1735 3449 1965 3506 traditur
1985 3449 2014 3505 J
2022 3450 2177 3516 udas,
2204 3452 2255 3506 in
2285 3451 2404 3508 loco
2423 3453 2538 3522 ejus
2566 3456 2893 3528 subrogatus
2914 3458 2972 3512 Β.
3000 3459 3252 3516 Matthias
3267 3463 3315 3515 ε.

1732 3538 1789 3595 Si
1820 3539 1963 3594 enim
1993 3539 2188 3612 singuli
2228 3541 2281 3595 in
2323 3543 2550 3613 singulis
2599 3543 2816 3600 sedibus
2853 3547 3158 3614 sedebunt,
3202 3549 3318 3620 jam

1732 3631 1982 3704 impletus
2011 3642 2094 3688 est
2146 3649 2405 3689 numerus
2439 3653 2452 3688 :
2486 3636 2576 3692 ubi
2617 3651 2748 3708 ergo
2784 3639 2996 3695 sedebit
3042 3643 3318 3712 apostolus

1726 3720 1963 3776 Paulus?
2014 3722 2094 3776 An
2142 3721 2280 3778 forte
2332 3723 2628 3780 indebitam
2667 3727 2768 3781 sibi
2805 3729 2986 3784 sedem
3016 3733 3314 3803 usurpavit,

1727 3812 1943 3882 quando
1985 3812 2169 3867 dixit:
2209 3811 2441 3870 Nescitis
2473 3815 2600 3884 quia
2645 3819 2864 3888 angelos
2906 3819 3320 3888 iudicabimus!

1727 3901 2016 3958 Duodecim
2059 3917 2190 3974 ergo
2231 3903 2390 3960 sedes
2425 3905 2690 3964 universae
2733 3918 2862 3964 sunt
2905 3911 3063 3967 sedes
3113 3912 3166 3968 in
3197 3914 3318 3984 qui-

1726 3993 1828 4048 bus
1855 4001 1910 4048 et
1945 3992 2171 4063 apostoli
2202 4001 2256 4048 et
2296 3995 2478 4050 caeteri
2517 3997 2694 4052 sancti
2741 4001 3015 4056 sedebunt
3047 4017 3173 4058 cum
3214 4003 3317 4060 Do-

1736 4083 1883 4140 mino
1922 4083 1988 4140 ad
2025 4083 2401 4155 judicandum.

1795 4193 1923 4250 Car.
1974 4192 2060 4249 Ill.
2089 4205 2159 4235 —‘-
2185 4195 2240 4252 S.
2281 4196 2524 4285 Matt/tite
2563 4209 2708 4270 gesta
2749 4201 2970 4272 reliqua.
3023 4203 3233 4257 Obitus.
3315 4207 3318 4212 ’

1794 4306 1880 4360 tt.
1924 4287 2019 4361 His‘
2048 4307 2121 4361 ita
2153 4295 2421 4372 deﬁnitis,
2453 4291 2695 4364 breviter
2733 4310 2801 4365 ad
2833 4309 3042 4363 laudem
3077 4311 3137 4365 Β.
3170 4310 3311 4365 ttat-

1721 4395 1851 4452 thin:
1886 4396 2122 4467 apostoli
2171 4397 2521 4454 devotissime
2548 4408 2905 4455 revertamur.
2933 4400 3314 4457 Gloriticemus

1730 4487 1902 4553 illum,
1935 4497 1989 4541 et
2027 4503 2371 4556 veneremur,
2402 4505 2466 4545 ac
2498 4491 2808 4560 triumphali
2841 4491 2997 4548 laude
3035 4495 3312 4563 perpetuis

1731 4582 2013 4652 praaconiis
2046 4581 2402 4637 declarenius.
2455 4582 2735 4639 lmitantcs
2790 4586 3008 4641 interim
3054 4597 3304 4642 sanctam

1728 4671 1870 4727 illius
1910 4670 2294 4736 humilitatem,
2328 4688 2448 4741 qua:
2477 4682 2560 4728 est
2601 4682 2779 4729 mater
2814 4677 3054 4731 omnium
3097 4685 3306 4731 sancta-

1730 4776 1846 4815 rum
1871 4762 2133 4817 virtutum
2172 4779 2185 4815 :
2217 4776 2506 4817 caveamus
2535 4762 2862 4832 superbiam,
2896 4779 3017 4835 quae
3047 4773 3130 4820 est
3160 4767 3313 4821 radix

1728 4854 1970 4909 omnium
2015 4852 2281 4908 malorum
2315 4871 2329 4905 :
2362 4868 2523 4922 quam
2556 4855 2834 4922 sequendo
2869 4855 2955 4912 ille
2986 4857 3078 4927 qui
3107 4856 3316 4924 primus

1730 4944 1930 5014 ejcclus
1963 4953 2048 5002 est
2087 4952 2144 4999 et
2187 4944 2439 5016 princeps
2485 4943 2696 4998 exstitit
2756 4948 2998 5001 omnium
3050 4945 3318 5001 malorum

1724 5033 1779 5088 in
1840 5049 2100 5096 aeternam
2151 5033 2528 5107 prmcipitatus
2573 5041 2655 5087 est
2701 5029 3130 5094 damnationem.
3164 5036 3320 5090 linde

1727 5123 1874 5182 Deus
1926 5134 2112 5185 noster
2161 5125 2406 5183 clemens
2433 5137 2488 5184 et
2529 5117 2890 5192 omnipotens,
2957 5143 3065 5184 non
3114 5132 3326 5179 tantum
3391 5205 3396 5211 ι

1682 5253 1684 5256 μ
1725 5226 1922 5282 passus
1969 5222 2023 5276 in
2051 5217 2261 5273 caelesti
2291 5223 2480 5285 patria
2502 5225 2823 5287 permanere
2847 5218 2876 5258 ιι
2906 5217 3137 5277 ruinam,
3167 5229 3337 5269 novos

1689 5435 1692 5437 Δ
1722 5381 1942 5434 versus.

1800 5431 2058 5514 uterum
2099 5445 2336 5510 quatuor
2376 5431 2962 5514 νονευξρπηῖιιυηιιπο

1804 5513 1824 5550 ί
1873 5517 1980 5573 Alii
2011 5508 2201 5568 decem
2233 5520 2450 5571 versus
2472 5508 2817 5573 omittuntur.

1801 5584 1829 5614 R
1874 5570 2088 5614 i;:;n1\n
2158 5588 2204 5614 οι
2251 5577 2374 5614 ηυδε
2434 5570 2571 5614 ;..,g.c
2598 5570 2718 5606 ὅηΑο
2749 5579 2990 5614 ρΔρῖΑιηρῖΙ
3049 5585 3094 5614 ρο
3131 5571 3241 5606 Mn.-
3284 5573 3340 5606 ἶ-
