3948 5520
555 332 688 390 10⁸51

1071 328 1359 386 APPEND.
1400 329 1490 384 AD
1529 329 1702 388 SEC.
1738 329 1832 402 IX,
1871 364 1939 375 —
1975 325 2311 388 SUPPLEM.
2344 324 2434 379 AD
2467 322 2672 381 AUCT'.
2713 319 3076 381 CERTIORIS
3107 321 3288 379 ANNI.

3673 323 3792 382 £032

553 457 776 530 angelos
806 470 1081 523 recreans,
1130 471 1431 526 novamque
1475 471 1784 517 creaturam
1829 462 1895 519 ad
1940 463 2128 534 imagi-
2157 447 2204 503 Α
2380 435 2745 534 ⁰Ρθτ³ξξ¹⁵ξί²⁶
2787 435 2917 490 Nam
2941 434 3596 534 “tiq‘ffﬁmeriuofentt
3623 437 3792 506 Ψ¹ίδ³³

555 567 679 608 nem
742 559 796 604 et
851 547 1258 604 similitudinem
1310 562 1461 602 suam
1530 550 1802 606 hominem
1856 551 2126 622 plasmare

554 643 806 714 dignatus
861 651 945 696 est
996 658 1009 694 :
1059 654 1126 694 ex
1177 640 1330 710 cujus
1380 643 1678 712 progenie,
1750 653 1932 700 tantos
1999 645 2126 700 illuc

551 737 845 792 ascendere
873 735 1064 789 statuit
1109 749 1231 788 cum
1276 733 1392 803 ipsa
1434 735 1685 792 videlicet
1732 737 2126 795 instauratione

549 826 744 883 decimi
773 825 1000 889 ordinis,
1033 833 1266 894 quantos
1296 823 1408 878 illic
1429 832 1648 882 sanctos
1668 827 1888 898 angelos
1910 843 2127 882 reman-

548 919 686 974 sisse
732 917 999 982 creditur,
1053 916 1281 972 docente
1326 925 1516 973 sancto
1562 919 1823 989 propheta
1871 933 1886 972 :
1937 920 2129 974 statuit

549 1012 812 1076 terminos
854 1011 1095 1080 gentium
1138 1011 1431 1066 secundum
1475 1027 1759 1066 numerum
1811 1013 2126 1084 angelorum

547 1101 668 1159 Dei.
697 1102 781 1158 Ab
812 1103 916 1158 ista
944 1117 1178 1172 namque
1207 1103 1364 1156 ruina
1392 1102 1658 1172 superbiae
1683 1101 1945 1158 Dominus
1970 1103 2127 1158 Chri-

547 1204 662 1252 stus
691 1195 984 1268 discipulos
1027 1209 1156 1251 suos
1196 1210 1390 1250 eruere
1430 1210 1760 1265 praecavens,
1787 1211 1909 1252 cum
1955 1197 2124 1252 dixis-

548 1296 668 1344 sent
711 1288 758 1344 ei
794 1305 808 1342 :
853 1305 872 1338 ι
909 1288 1175 1352 Domine,
1227 1287 1392 1342 ctiam
1447 1288 1713 1344 daemonia
1766 1290 2128 1361 subjiciuntur

548 1379 722 1444 nobis,
750 1379 826 1434 ait
855 1378 963 1434 illis
990 1397 1002 1432 :
1030 1378 1290 1434 Videbam
1339 1377 1508 1434 Satan
1557 1379 1699 1436 sicut
1726 1379 1905 1452 fulgur
1927 1383 2128 1438 caden-

549 1478 654 1523 tem
687 1469 753 1524 de
788 1467 925 1525 ctelo
973 1467 1125 1538 (Luc.
1161 1484 1212 1531 x,
1257 1469 1322 1523 17
1359 1478 1407 1523 et
1439 1468 1550 1541 18).
1591 1491 1610 1522 ι
1653 1470 1732 1527 Ac
1768 1472 1815 1527 si
1861 1473 2068 1529 diceret
2107 1491 2122 1528 :

549 1561 774 1617 Studele
809 1560 863 1615 in
891 1559 1144 1615 omnibus
1171 1560 1449 1615 humiliter
1474 1561 1678 1626 vivere,
1709 1571 1764 1618 et
1799 1563 1866 1618 de
1891 1564 2128 1619 miracu-

548 1646 613 1704 lis
641 1648 809 1705 nolitc
837 1648 1080 1720 gloriari,
1111 1664 1179 1704 ne
1210 1649 1699 1706 cadatissimiliter
1725 1651 1867 1706 sicut
1904 1651 1995 1708 ille
2033 1653 2125 1722 qui

547 1739 672 1794 taha
710 1738 915 1794 dilexit.
959 1736 1194 1792 Proinde
1237 1739 1348 1794 hoc
1379 1749 1710 1812 praeceptum
1743 1741 1956 1796 Domini
2000 1742 2127 1798 bea-

2223 527 2470 583 Christus
2500 527 2687 582 tribuit
2711 536 3032 598 potestatem
3059 528 3244 584 dicens
3268 545 3281 583 :
3320 545 3340 580 t
3382 527 3555 599 Signa
3579 541 3694 599 qua:
3711 533 3795 600 ego

2224 617 2382 683 facio,
2411 626 2467 674 et
2496 631 2590 673 vos
2618 615 2826 674 facietis
2849 616 3160 689 (Joan.|xtv,
3187 619 3297 689 12);-
3325 637 3344 670 ι
3368 615 3427 672 et
3457 618 3511 672 in
3538 617 3648 672 alio
3662 618 3790 672 loco:

2231 725 2249 758 ι
2277 706 2333 762 Si
2351 706 2596 762 dixeritis
2621 709 2787 762 monti
2806 707 2952 773 huic,
2983 707 3176 762 Transi
3198 707 3346 773 hinc,
3373 705 3798 762 commovehitse

2225 799 2292 854 de
2320 799 2434 854 loco
2459 813 2555 855 suo
2582 798 2796 870 (Matth.
2827 815 2956 863 xvu,
2986 798 3094 872 19).
3125 819 3143 850 ι
3204 817 3222 849 ι
3249 797 3553 853 ldentidem
3579 816 3592 851 :
3623 795 3798 852 Habete

2222 898 2543 960 potestatem
2577 889 2817 945 calcandi
2837 906 2998 960 super
3017 892 3216 947 bestias
3236 901 3284 947 et
3319 891 3648 960 scorpiones
3669 889 3795 960 (Luc.

2223 997 2280 1048 ι,
2309 981 2417 1053 19).
2464 1001 2484 1034 ι
2513 981 2571 1036 Si
2617 983 2760 1037 enim
2807 982 3022 1038 Christo
3074 992 3389 1049 attestante,
3418 984 3514 1054 qui
3553 984 3801 1037 veraciter

2224 1074 2429 1129 veritas
2468 1082 2574 1136 est,
2603 1075 2669 1129 de
2716 1074 3101 1130 miraculorum
3144 1076 3439 1131 virtutibus
3479 1074 3800 1130 retinendum

2224 1175 2324 1228 est,
2371 1166 2514 1237 quod
2555 1167 2656 1223 iste
2706 1168 2792 1223 vir
2840 1168 3047 1223 Domini
3082 1168 3226 1222 inter
3262 1175 3495 1223 caeteros
3549 1168 3800 1237 apostolos

2223 1267 2475 1328 operatus
2516 1258 2586 1315 sit
2625 1277 2639 1313 :
2679 1269 2910 1330 quantas
2967 1258 3115 1314 illum
3172 1259 3447 1315 credimus
3512 1260 3802 1314 exercuisse

2223 1351 2450 1406 virtutes
2479 1351 2891 1416 miraculorum;
2933 1351 2987 1405 in
3027 1351 3300 1421 provincia
3343 1349 3558 1405 scilicet
3601 1348 3804 1412 Iudaea-,-

2224 1455 2344 1510 quae
2366 1438 2439 1494 illi
2463 1440 2513 1494 in
2541 1449 2686 1495 sorte
2724 1441 3117 1513 prmdicationis
3156 1442 3417 1496 advenit?
3457 1439 3648 1510 Neque
3677 1441 3802 1495 enim

2225 1531 2558 1588 incredulum
2592 1533 2844 1604 populum
2875 1533 2941 1588 ad
2969 1530 3124 1589 fidem
3155 1532 3356 1588 Christi
3383 1542 3708 1588 convertere
3725 1548 3803 1586 ro.

2226 1626 2414 1682 luisset
2448 1628 2562 1681 sine
2583 1625 2961 1682 miraculorum
2989 1626 3323 1697 patratione,
3355 1626 3499 1681 sicut
3523 1626 3595 1679 de
3618 1624 3804 1680 sanctis

2227 1716 2479 1786 apostolis
2506 1717 2750 1789 legimus.
2807 1737 2825 1769 ‹
2851 1717 2954 1773 Per
2998 1733 3190 1773 manus
3219 1725 3402 1772 autem
3447 1716 3804 1787 apostolorum

545 1831 784 1886 tissimus
834 1828 928 1886 Dei
979 1830 1254 1899 apostolus
1328 1807 1584 1888 Matthiae
1643 1832 2016 1903 amplectendo
2069 1842 2125 1889 et

2230 1807 2427 1862 ﬂebant
2452 1808 2604 1880 signa
2633 1818 2686 1863 ct
2721 1810 2959 1882 prodigia
2989 1809 3123 1881 (Act.
3162 1825 3215 1874 v,
3246 1809 3336 1880 12)
3367 1825 3382 1874 ;
3423 1827 3444 1862 ι
3485 1816 3540 1863 et
3567 1808 3637 1863 de
3660 1808 3805 1863 beato

545 1921 857 1983 retinendo,
916 1919 968 1974 in
1007 1919 1290 1975 charitatis
1337 1917 1688 1976 fundamento
1735 1921 2021 1988 solidatas,
2069 1922 2124 1978 in

543 2007 850 2064 humilitate
871 2015 1087 2062 nectare
1107 2007 1218 2081 [Ρη
1232 2008 1403 2081 arcte]
1425 2023 1698 2066 connexus
1716 2051 1732 2074 ,
1755 2011 1834 2068 sic
1852 2010 2128 2068 humiliter

545 2099 729 2153 vivere
785 2097 1013 2164 studuit,
1044 2106 1102 2151 ut
1130 2097 1270 2152 inter
1309 2099 1652 2170 septuaginta
1667 2099 1801 2155 duos
1837 2100 2127 2171 discipulos

543 2186 721 2241 divina
753 2187 924 2256 gratia
966 2186 1172 2243 electus
1213 2188 1282 2242 ad
1323 2189 1655 2259 apostolatus
1697 2189 1922 2260 gloriam
1971 2206 2126 2260 econ-

546 2275 806 2332 scendere
830 2277 1110 2332 meruerit.
1285 2335 1287 2337 ,
1393 2293 1396 2296 '

616 2365 703 2420 l2.
749 2365 923 2421 Habet
950 2381 1080 2438 ergo
1105 2367 1380 2438 apostolus
1405 2369 1615 2425 Domini
1643 2370 1931 2443 gloriosus,
1964 2373 2124 2430 habet

545 2452 789 2524 profecto
828 2456 1242 2526 praerogativam
1279 2457 1653 2515 excellentiam
1691 2461 2007 2532 apostolicae
2044 2464 2124 2518 di-

541 2543 785 2614 gnitatis,
816 2559 921 2598 non
974 2560 1140 2615 supra
1161 2561 1372 2614 omnes,
1402 2548 1495 2603 sed
1540 2564 1663 2604 cum
1691 2553 1941 2608 omnibus
1971 2570 1986 2608 :
2013 2567 2122 2608 non

541 2645 567 2674 α
591 2633 944 2692 excellentior
965 2639 1196 2706 cunctis,
1231 2641 1324 2696 sed
1355 2643 1606 2706 omnibus
1624 2646 1930 2717 comqnalis.
1946 2646 2125 2713 Quare

542 2725 690 2781 hoc?
729 2725 834 2782 Pro
865 2743 930 2783 eo
958 2730 1165 2800 u'ique,
1207 2733 1350 2802 quod
1385 2733 1641 2792 Dominus
1684 2738 1951 2804 Christus,
1999 2755 2122 2795 cum

541 2827 864 2889 potestatem
929 2821 1191 2879 tribueret
1254 2824 1316 2880 Β.
1392 2825 1553 2883 Petro
1612 2829 1856 2898 apostolo
1924 2830 2122 2903 ligandi

543 2917 707 2980 atque
734 2911 976 2968 solvendi
1026 2915 1081 2968 in
1107 2916 1260 2971 caelis
1302 2924 1360 2971 et
1402 2916 1456 2972 in
1483 2926 1646 2984 terra,
1674 2934 1782 2975 non
1813 2920 1886 2976 illi
1920 2921 2125 2977 solum-

543 3001 703 3056 modo
736 3001 844 3057 tale
878 3003 1216 3075 privilegium
1244 3007 1496 3074 contulit,
1541 3008 1638 3064 sed
1681 3011 1933 3068 omnibus
1959 3012 2121 3067 nimi-

543 3098 663 3144 rttm
709 3092 988 3160 apostolis,
1020 3094 1378 3167 omnibusque
1409 3097 1461 3152 in
1502 3099 1826 3154 sacerdotali
1863 3101 2124 3172 dignitate

2227 1897 2500 1969 Stephano
2545 1901 2803 1970 scriptum
2851 1913 2971 1956 est:
3010 1919 3028 1951 ‹
3061 1901 3368 1972 Stephanus
3408 1912 3596 1955 autem
3628 1899 3804 1968 plenus

2224 1991 2398 2062 gratia
2423 2000 2476 2046 et
2506 1990 2816 2047 fortitudine
2839 1994 3069 2048 faciebat
3085 1991 3330 2063 prodigia
3357 2000 3415 2047 et
3439 1991 3596 2063 signa
3627 2007 3802 2063 magna

2227 2080 2521 2152 in‘pdpulo
2566 2082 2698 2152 (Act.
2739 2098 2814 2146 vt,
2862 2081 2937 2156 8).
2968 2102 2985 2134 ι
3031 2081 3133 2138 Sed
3171 2082 3296 2153 quia
3341 2083 3572 2137 minimc
3613 2084 3802 2152 scripta

2225 2157 2351 2240 sunt
2374 2171 2630 2226 miracula
2656 2171 2714 2226 S.
2744 2171 2998 2239 Matthiae,
3025 2188 3130 2227 non
3155 2181 3282 2227 sunt
3309 2171 3686 2227 incredulitali
3710 2173 3802 2226 dis-

2223 2263 2478 2331 putanda,
2522 2263 2615 2318 sed
2647 2263 2882 2328 veritati,
2927 2279 3048 2318 cum
3085 2264 3150 2318 de
3187 2264 3303 2334 ipso
3349 2263 3588 2320 Domino
3635 2263 3803 2319 Salva-

2227 2361 2342 2407 tore
2367 2352 2624 2422 scriptum
2653 2352 2721 2408 sit
2752 2368 2767 2408 :
2803 2371 2822 2404 ι
2853 2351 3015 2406 Multa
3043 2344 3258 2423 quidem
3284 2361 3339 2410 et
3369 2354 3478 2409 alia
3507 2355 3665 2426 signa
3693 2354 3804 2411 fecit

2223 2440 2378 2498 Iesus
2407 2443 2458 2497 in
2490 2451 2778 2512 conspeclu
2823 2442 3204 2514 discipulorum
3253 2459 3482 2499 suorum
3535 2461 3660 2514 qua:
3710 2459 3804 2499 nan

2225 2543 2353 2589 sunt
2381 2534 2579 2604 scripta
2607 2534 2658 2588 in
2680 2533 2816 2590 libro
2842 2534 2945 2589 hoc
2975 2533 3154 2606 (Ioan.
3184 2550 3275 2600 xx,
3302 2533 3418 2605 '50).
3451 2554 3472 2587 ι
3516 2535 3588 2590 Et
3623 2545 3683 2589 ut
3719 2550 3802 2606 po.

2225 2625 2362 2681 tiora
2391 2625 2705 2691 inferamus,
2739 2625 3012 2681 sciendum
3037 2633 3121 2681 est
3147 2626 3358 2695 utique,
3394 2627 3541 2695 quod
3571 2634 3652 2682 tot
3681 2642 3807 2681 more

2227 2731 2346 2775 tuos
2369 2717 2710 2773 suscitaverit
2733 2727 2864 2788 quot
2890 2716 2956 2772 ab
2986 2725 3200 2772 teterna:
3221 2715 3600 2773 damnationis
3629 2727 3804 2780 morte,-

2225 2808 2500 2863 salutifera
2539 2806 2942 2879 praedicatione,
2966 2806 3227 2877 eripuerit
3257 2823 3271 2860 :
3301 2806 3446 2875 quod
3491 2821 3594 2876 per
3640 2805 3804 2860 omnia

2223 2898 2575 2954 excellentius
2607 2907 2768 2968 atquc
2797 2895 3082 2969 gloriosius
3127 2910 3247 2951 esse
3291 2895 3614 2950 decernitur
3639 2911 3670 2950 a
3698 2911 3810 2966 pec-

2225 2991 2335 3047 cati
2385 3000 2558 3047 morte
2608 2990 2841 3044 animam
2899 2987 3202 3043 defunctam
3259 2986 3485 3042 Christo
3535 2987 3809 3043 restituere

2224 3097 2383 3153 quam
2432 3080 2695 3137 morituro
2741 3081 2954 3150 corpori
3006 3078 3169 3134 vitam
3224 3079 3453 3134 donare.
3496 3078 3641 3147 Quid
3681 3080 3808 3134 enim

543 3179 758 3236 locatis.
794 3171 947 3238 Unde
977 3183 1119 3248 sicut
1140 3185 1209 3240 ad
1236 3186 1662 3258 increpationem
1703 3189 1766 3245 Β.
1816 3171 1965 3247 Petri
1999 3208 2123 3263 apo-

2226 3176 2510 3246 gloriosius
2546 3185 2707 3246 atque
2737 3174 3080 3246 praestantius
3119 3187 3282 3244 quam
3333 3173 3675 3229 mternaliter
3699 3188 3807 3228 cum

531 3271 666 3336 ,stoli
697 3272 938 3329 Ananias
953 3283 1008 3330 et
1032 3273 1288 3346 Saphira,
1316 3287 1456 3337 teste
1480 3281 1540 3335 Β.
1564 3279 1836 3340 Benedicti
1867 3259 2121 3342 abbatisb
2225 3259 2439 3324 Chiis“)
2457 3267 2663 3333 νῖνετθν
2685 3283 2803 3322 cum
2825 3265 3040 3322 Chrisw
3061 3264 3322 3336 εθυάθνθ»
3345 3263 3575 3319 εωιθδίθ
3600 3279 3811 3336 τεετιιιηι

545 3363 759 3436 regula,
804 3379 1040 3434 corpore
1076 3367 1263 3437 utique
1287 3407 1303 3434 ,
1355 3384 1462 3424 non
1503 3371 1686 3426 anima
1740 3374 1941 3429 mortui
1997 3384 2125 3431 sunt
2224 3357 2348 3418 cum
2369 3361 2590 3432 θηϐθιίεν
2617 3375 2740 3417 cum
2767 3360 2967 3416 εθηοῑῖε
2985 3360 3236 3415 omnibus
3260 3358 3550 3429 Ροεείάενε
3567 3359 3592 3411 ῗ
3613 3357 3813 3425 Quti

543 3455 683 3526 (Act.
732 3471 787 3524 v,
818 3455 908 3528 6);
963 3457 1038 3512 ita
1074 3467 1131 3514 et
1161 3459 1533 3531 increpatione
1580 3462 1640 3518 Β,
1691 3461 1844 3520 Pauli
1893 3467 2120 3537 εροεωιί
2225 3441 2368 3509 enim
2397 3453 2590 3508 melius
2624 3461 2785 3523 atque
2814 3451 3090 3506 decentius
3118 3450 3502 3506 beatissimum
3531 3448 3756 3503 Paulum
3784 3461 3810 3499 a

544 3544 795 3617 Barjesus
834 3547 1053 3617 quidam
1103 3549 1322 3621 Elymas
1372 3567 1564 3624 magus
1625 3553 1828 3610 lumine
1872 3546 2125 3626 'privatus

2226 3555 2401 3602 morte
2425 3546 2619 3600 anima:
2643 3545 3044 3608 resuscitatum,
3073 3557 3237 3614 quam
3279 3542 3552 3598 Lazarum
3588 3557 3619 3596 a
3651 3549 3814 3598 morte

541 3647 626 3693 est
682 3638 832 3708 (Act.
891 3641 1062 3711 xm):
1115 3640 1370 3712 idemque
1416 3644 1710 3713 Apostolus
1761 3655 2123 3717 stupratorem
2225 3637 2469 3708 corporis
2490 3637 2754 3692 Videmus-

543 3743 788 3784 novercze
814 3745 926 3785 suae
948 3730 1059 3785 sola
1087 3731 1346 3789 missione
1371 3733 1623 3804 Epistolae
1645 3735 1875 3793 daemoni
1907 3740 2128 3796 tradidit
2296 3752 2383 3808 η,
2432 3749 2642 3806 Interea
2699 3761 2874 3817 neque
2914 3746 3017 3802 hoc
3063 3745 3131 3800 dc
3170 3742 3332 3812 hujus
3374 3742 3609 3814 apostoli
3655 3741 3814 3812 gloria

543 3817 594 3889 (I
626 3818 748 3874 Cor.
800 3835 852 3887 v,
904 3821 992 3892 1),
1039 3830 1094 3877 et
1140 3836 1382 3896 rursum,
1427 3839 1549 3880 cum
1580 3825 1769 3891 voluit,
1803 3832 2125 3886 restauravit

2225 3842 2764 3917 praetermittendum,
2799 3839 3054 3909 quoniam
3079 3837 3319 3907 quidem,
3349 3849 3684 3906 quamquam
3706 3849 3816 3888 om

542 3911 730 4004 dicens
761 3929 773 3966 ζ
813 3931 837 4004 t-
870 3911 1202 4004 Confirmate
1237 3914 1293 3970 in
1335 3915 1482 3972 illum
1510 3917 1855 3986 charitatem,
1882 3938 1950 3978 ne
1985 3921 2126 3978 forte
2224 3911 2322 3992 hes
2356 3933 2581 4004 apostoli
2621 3942 2748 3987 ante
2797 3929 2991 3986 smeula
3023 3929 3183 3986 elccli
3223 3944 3253 3982 δ
3295 3927 3532 3984 Domino
3555 3942 3675 3983 esse
3699 3941 3816 3982 οη.

543 4001 930 4093 abundantiori
977 4004 1195 4058 tristitia
1228 4004 1608 4074 absorbeatur,
1636 4009 1728 4079 qui
1755 4009 2018 4080 ejusmodi
2043 4023 2127 4070 est
2224 4001 2452 4092 dantur,
2487 4025 2713 4082 docente
2747 4021 3007 4093 Apostolo
3032 4036 3097 4076 ac
3125 4020 3340 4076 dicente
3369 4037 3384 4074 :
3413 4018 3521 4086 Qui
3545 4017 3701 4088 elegit
3729 4031 3817 4070 nos

541 4087 628 4158 (11
653 4089 776 4145 δον·
804 4106 864 4156 ιι,
889 4091 967 4163 7)·
1003 4111 1021 4144 ³
1048 4093 1308 4150 Simili“?
1329 4104 1508 4152 amem
1537 4096 1812 4153 Simone"
1842 4099 1988 4155 illum
2015 4101 2127 4156 Ma'
2225 4127 2350 4175 ante
2379 4087 2564 4174 mundi
2595 4087 3034 4173 constitutionem
3065 4125 3129 4169 ut
3165 4127 3414 4169 essemus
3442 4123 3620 4166 sancti
3638 4087 3698 4164 et
3723 4110 3818 4163 im-

539 4197 695 4278 gnm,
720 4182 806 4278 de
861 4185 1075 4240 sublimi
1116 4199 1246 4240 aere
1291 4202 1412 4242 cum
1463 4190 1774 4260 coapostolo
1816 4207 1916 4248 suo
1962 4191 2125 4249 Petro
2224 4207 2478 4264 maculari
2508 4208 2561 4263 in
2588 4213 2884 4278 conspectu
2909 4204 3028 4272 ejus
3057 4202 3274 4274 (Ephcs.
3311 4212 3351 4265 t,
3391 4201 3485 4274 4);
3513 4202 3610 4257 sed
3641 4211 3816 4256 tamen

542 4275 865 4369 mirabiliter
903 4278 1290 4369 praecipita-vit.
1320 4278 1530 4335 Dehinc
1561 4297 1682 4336 cum
1718 4281 1836 4338 illos
1875 4282 2125 4340 Christus
2224 4313 2332 4354 non
2359 4299 2425 4354 de
2451 4275 2960 4369 quolibeh—sicmde
2987 4294 3087 4350 hoc
3115 4301 3306 4349 sanch
3349 4291 3624 4363 προδιοιο,
3648 4289 3819 4344 pomi-

520 4363 856 4430 .instrueret,
885 4366 1266 4434 dicensthni
1293 4369 1542 4439 creditjn
1571 4386 1856 4442 me,opera
1885 4388 2004 4443 qum
2023 4386 2124 4445 ego
2224 4411 2326 4451 nus
2364 4363 2610 4450 Chr-imus
2658 4391 2885 4446 contum
2933 4387 3281 4449 mentionem,
3325 4401 3451 4440 cum
3509 4385 3713 4439 diceret
3767 4382 3814 4434 in

541 4455 684 4511 facio
712 4455 828 4526 ipse
856 4455 1041 4523 faciet,
1072 4466 1128 4513 et
1157 4459 1361 4529 majora
1392 4460 1587 4515 horum
1618 4461 1776 4518 faciet
1794 4462 1977 4534 (Joan.
2006 4481 2117 4530 xw,
2149 4525 2198 4560 η
2226 4486 2514 4560 Evangelio
2557 4503 2570 4538 ε
2633 4501 2651 4534 ι
2679 4481 2867 4538 Nonne
2912 4479 3197 4536 duodecim
3249 4478 3398 4532 hora:
3450 4485 3582 4530 sunt
3626 4473 3769 4528 diei?
3793 4491 3808 4520 ι

544 4545 656 4618 12),
691 4565 709 4599 ι
736 4547 928 4644 ,[ίιξιοά
975 4550 1059 4644 de_
1084 4525 1434 4644 semicinctio
1479 4525 2000 4644 etumbra‘postea
2046 4525 2120 4609 ίειλ
2148 4525 2198 4585 D
2225 4525 2514 4640 61,222:
2539 4525 3813 4644 uiginti;iisiis;agragianas...

540 4643 688 4690 ctum
736 4634 990 4709 legimus,
1038 4637 1182 4693 Luca
1230 4639 1500 4694 referente
1550 4641 1601 4695 in
1648 4642 1873 4697 Actibus
1911 4655 2127 4714 apostoa

543 4723 716 4779 lorum
765 4726 921 4797 (Act.
995 4743 1111 4794 nx,
1163 4727 1247 4793 12;
1308 4743 1363 4794 v,
1415 4728 1556 4801 15),
1611 4746 1718 4785 non
1765 4733 1996 4802 przetulit
2033 4734 2128 4788 ali-

543 4829 742 4884 quem,
808 4817 902 4872 sed
964 4817 1216 4874 omnibus
1275 4819 1558 4890 aequaliter
1620 4821 1767 4876 illam
1829 4825 2126 4880 contribuit

544 4916 890 4976 potestatein.

617 5017 703 5072 15.
747 5019 804 5075 Si
845 5031 1024 5078 autem
1058 5033 1369 5104 quaeritur:
1401 5004 1709 5081 utrumnam
1739 5028 2120 5086 miraculorum

450 5173 453 5175 _
547 5109 855 5177 virtutibus,
873 5122 1050 5171 tantus
1071 5117 1340 5186 apostolus
1362 5116 1568 5174 Domini
1591 5121 1897 5188 specialiter
1920 5122 2128 5180 clarue-

551 5196 645 5262 rit,
669 5198 941 5254 sciendum
972 5213 1054 5257 est
1075 5219 1173 5273 per
1205 5206 1406 5271 omnia,
1438 5207 1564 5276 quia
1597 5208 1795 5264 multas
1820 5219 1876 5266 et
1903 5219 2124 5282 stupen-

2225 4677 2280 4723 et
2307 4666 2500 4722 Judam
2540 4668 2680 4722 inter
2710 4666 2850 4721 illos.
2889 4663 2946 4719 Si
2978 4663 3123 4719 enim
3152 4662 3303 4718 horae
3329 4669 3512 4722 erant,
3554 4658 3616 4714 S.
3641 4659 3811 4723 Augu-

2226 4759 2369 4815 stino
2397 4758 2648 4823 docente,
2679 4757 3038 4814 lucebantxsi
3093 4754 3366 4816 lucebant,
3409 4752 3686 4821 quomodo
3727 4747 3814 4803 Ju-

2227 4851 2321 4904 das
2341 4848 2482 4904 diem
2506 4847 2780 4903 Christum
2818 4847 2887 4902 ad
2924 4856 3153 4902 mortem
3206 4842 3501 4898 tradebat?
3539 4841 3683 4910 Ergo
3715 4853 3809 4892 non

2225 4938 2418 4993 Judam
2461 4938 2594 4994 dixit
2628 4939 2682 4994 in
2717 4938 2822 4995 hoc
2867 4937 2986 4995 loco
3031 4935 3389 5002 traditorem,
3443 4933 3544 4986 sed
3585 4931 3647 4986 Β.
3692 4929 3808 4982 llat-

2230 5030 2396 5086 thiam
2426 5044 2793 5087 successorem
2814 5029 2930 5098 ejus
2951 5038 3005 5084 et
3033 5027 3472 5099 prredicatorem.
3501 5023 3675 5078 Hune
3692 5032 3808 5085 ergo

2229 5122 2650 5194 przevidit,'hunc
2679 5122 2990 5187 insinuavit,
3015 5135 3172 5191 quem
3198 5119 3250 5174 in
3280 5117 3398 5173 loco
3428 5113 3579 5172 illius
3603 5111 3807 5168 alterius

2232 5225 2414 5286 postea
2464 5216 2782 5272 mirabiliter
2819 5215 3106 5270 ordinavit.
3165 5213 3283 5282 Ipse
3324 5211 3533 5266 etenim
3589 5211 3640 5263 in
3686 5203 3807 5260 culo

551 5289 649 5344 das
676 5290 900 5346 virtutes
935 5308 1055 5348 cum
1095 5298 1308 5353 caeteris
1351 5299 1672 5370 coapostolis
1719 5310 1776 5358 et
1821 5305 2130 5373 apostolicis
2223 5305 2335 5374 jam
2363 5322 2614 5378 regnans,
2643 5309 2939 5379 apostolum
2966 5307 3110 5361 illum
3134 5305 3420 5360 constituit
3443 5305 3542 5374 qui
3580 5305 3634 5358 in
3667 5298 3808 5356 terris

620 5443 648 5473 ι
677 5429 844 5490 idem,
873 5431 1136 5486 excelsior.

623 5501 652 5520 ._
693 5499 726 5520 ο
795 5499 935 5520 n---

623 5501 652 5520 1.
693 5499 726 5520 ο
795 5499 935 5520 ὩΑΑ.-
961 5501 1104 5520 t!_._._
1267 5506 1326 5520 ι-

2239 5446 2455 5520 tiantur.
2491 5465 2509 5499 ι
2553 5445 2816 5520 Caeterum
2844 5445 2983 5520 quid
2995 5445 3086 5520 _Pa_t
3101 5459 3186 5498 res
3211 5442 3583 5520 senserint_d_e
3609 5442 3804 5520 damna—
