3948 5798
576 347 635 367 ινδ

74 399 205 457 1035

64 516 257 592 positus
291 525 514 576 eteteros
545 516 704 589 elegit
741 515 1013 588 apostolos
1045 533 1057 570 :
1091 530 1216 569 nam
1267 522 1321 569 et
1368 513 1420 568 in
1472 513 1626 569 caelis
1654 527 1704 581 Α

67 606 182 667 tunc
208 628 320 668 cum
357 610 515 665 Patre
545 610 826 682 regnabat,
876 618 931 664 et
970 608 1045 685 iul
1072 606 1231 662 terris
1267 619 1363 661 eos
1388 615 1445 659 ut
1487 596 1627 660 ﬁlios

888 364 1287 453 curarem
1321 392 1585 453 cassus.
1631 394 1839 452 scan.
1879 395 1970 452 DE
2006 360 2063 453 s.
2103 398 2431 455 narrum.

3177 398 3318 455 1034

1806 513 1888 569 16.
1937 492 2118 588 Ergo,
2165 516 2325 571 beate
2377 515 2538 571 nimis
2571 515 2811 586 apostole
2840 494 3040 571 Clu-isti
3071 511 3316 578 Matthia,

1730 607 1938 666 exsulta
1969 606 2022 663 et
2048 608 2280 680 gloriare
2323 607 2377 662 in
2427 607 2654 664 Domino
2684 606 2810 663 Jesu
2849 606 3107 662 ChriSto:
3144 606 3318 677 gaude

64 702 388 773 gubernabat.
438 701 579 757 sicut
625 700 883 770 pollicens
930 698 1143 768 inquit:
1182 695 1315 750 Εσεε
1339 712 1430 766 €90
1456 694 1629 750 υοὺὲε-
1724 702 1836 774 jam
1867 702 2020 757 lactus
2056 701 2250 774 gaudio
2294 702 2666 772 sempiterno:
2701 711 2755 757 et
2795 701 2991 757 merito
3013 741 3027 766 ,
3061 700 3316 770 quoniam

62 812 172 849 cum
198 810 303 852 sum
341 793 582 848 omnibus
610 792 793 848 diebus
846 808 1006 863 usque
1032 790 1100 845 ad
1130 788 1631 845 consummationem

1731 809 1976 866 prtesago
2010 795 2226 850 nomine
2274 795 2542 850 vocitatus
2568 835 2583 859 ,
2631 803 2688 850 et
2735 810 2765 848 a
2800 792 3018 849 Christo
3045 793 3313 856 donatus;

60 883 227 938 steculi
255 882 467 953 (Matth.
493 897 685 949 xxvut,
714 882 826 954 20).
852 882 921 937 At
947 897 1043 954 per
1064 881 1165 937 hoc
1199 881 1356 935 datur
1382 879 1627 951 intelligi,
1726 884 1839 957 jam
1871 900 1978 940 non
2008 900 2205 954 pan-us
2231 925 2246 951 ,
2294 885 2386 941 sed
2417 899 2659 955 magnus,
2705 900 2811 940 ηοη
2839 874 3056 938 inﬁmus
3109 883 3160 937 in
3218 897 3319 936 επ-

60 982 117 1028 ιιι
140 974 284 1029 siculi
314 973 581 1030 decimum
603 973 847 1028 ordinem
879 974 932 1026 in
963 970 1171 1028 caelesti
1197 969 1363 1044 gloria
1394 968 1632 1025 restituit

60 1060 124 1115 de
167 1058 390 1121 humana
460 1060 839 1132 generatione,
884 1060 956 1114 ita
1007 1057 1393 1115 duodeuarium
1440 1072 1629 1113 nume-

60 1167 169 1207 rum
207 1151 267 1208 de
309 1150 368 1206 Β.
418 1151 656 1209 Matthiae
708 1152 864 1223 digna
923 1152 1202 1207 electione.
1246 1168 1253 1175 ν

125 1244 207 1298 15.
233 1244 416 1300 Passio
439 1261 672 1316 namque
696 1244 839 1302 illius
867 1245 913 1301 si
939 1246 1203 1317 quaeritur
1229 1244 1437 1324 haberi,
1468 1245 1632 1302 sicuti

55 1344 356 1390 czeterorum
379 1334 767 1407 apostolorum,
788 1334 1234 1392 manifestissime
1255 1344 1469 1393 constat
1491 1336 1633 1407 quod

56 1427 163 1497 ipse
190 1428 287 1483 sibi
315 1427 562 1484 intulerit
590 1428 899 1498 passionem
939 1444 953 1483 :
996 1436 1047 1483 et
1095 1442 1315 1484 crucem
1358 1443 1513 1487 suam
1558 1427 1636 1482 fe-
1681 1458 1689 1463 -

55 1519 213 1574 reudo
226 1518 498 1575 Christum
517 1517 680 1574 fuerit
697 1529 938 1585 secutus,
957 1518 1186 1575 dicendo
1202 1534 1323 1573 cum
1340 1518 1595 1589 Apostolo
1618 1537 1630 1573 :

53 1611 182 1667 Mihi
206 1622 377 1668 autem
416 1613 550 1669 absit
578 1612 819 1684 gloriari,
844 1613 944 1668 nisi
965 1614 1018 1668 in
1054 1629 1207 1667 cruce
1234 1612 1443 1667 Domini
1471 1613 1635 1667 nostri

50 1704 173 1760 Iesu
198 1704 389 1760 Christi
432 1722 524 1777 per
554 1723 706 1778 quem
735 1706 863 1761 mihi
892 1706 1120 1761 mundus
1147 1706 1429 1775 cruciﬁxus
1459 1717 1557 1773 est,
1587 1716 1635 1761 et
1660 1732 1661 1735 η

51 1813 139 1867 ego
160 1797 345 1851 mundo
371 1796 572 1869 (Galat.
610 1814 687 1865 v1,
719 1797 829 1870 14).
859 1797 993 1854 Cum
1019 1797 1163 1853 enim
1193 1797 1536 1857 manifestum
1565 1797 1638 1855 sit

1731 974 1854 1031 culo
1876 1016 1892 1042 ,
1939 976 2032 1031 sed
2062 973 2326 1046 gloriosus
2360 975 2613 1047 pollesin
2650 975 2808 1032 ccelo.
2861 975 2928 1030 Et
2964 988 3133 1046 quare
3167 973 3315 1028 hoc?

1732 1083 1841 1139 quo
1871 1067 2067 1141 pacto?
2109 1084 2214 1138 qua
2247 1066 2454 1139 gratia?
2499 1064 2606 1121 Pro
2650 1079 2716 1121 eo
2766 1064 3013 1129 scilicet,
3060 1063 3314 1133 quoniam

1734 1177 1856 1217 cum
1875 1177 2023 1218 esses
2044 1161 2263 1218 humilis
2291 1161 2343 1216 in
2370 1161 2532 1217 corde
2558 1168 2669 1226 tuo,
2703 1172 2805 1216 nec
2830 1159 3016 1214 laudes
3038 1158 3315 1213 hominum

1734 1268 1983 1324 cuperes,
2021 1267 2120 1309 nec
2163 1268 2443 1325 pavorem,
2488 1268 2596 1309 non
2647 1267 2864 1318 aurum,
2900 1267 3007 1306 nou
3057 1263 3318 1322 gemmas,

1734 1360 1843 1401 non
1872 1344 2013 1399 ﬂuxa
2043 1345 2222 1402 seaculi
2254 1360 2449 1417 regna;
2480 1360 2579 1416 pro
2609 1354 2825 1400 terreno
2856 1358 3020 1414 regno
3042 1349 3317 1396 etmestem

1734 1437 1997 1508 patriam;
2044 1452 2145 1509 pro
2190 1435 2448 1507 perituris
2490 1435 2698 1507 gaudiis
2746 1435 2972 1504 adeptus
2995 1448 3055 1488 es
3080 1429 3319 1503 paradisi

1735 1528 2125 1583 amoenitatem.
2156 1526 2292 1583 Nam
2328 1535 2382 1584 te
2412 1527 2732 1583 mirabiliter
2756 1535 2813 1581 ut
2843 1524 3142 1597 apostolum
3173 1523 3317 1578 Pau-

1735 1617 1846 1673 lum
1890 1619 2101 1688 placide
2152 1619 2365 1675 vocavit
2415 1635 2447 1675 e
2495 1618 2665 1685 coelo;
2719 1618 2869 1673 illum
2902 1631 3138 1686 namque
3169 1616 3322 1686 prius

1736 1707 1990 1779 pra-clare
2019 1708 2221 1770 lumine
2249 1709 2492 1780 privans,
2527 1709 2595 1763 ad
2624 1700 2887 1780 gremium
2911 1715 3107 1763 sancta‘
3137 1705 3319 1763 Eccleo

1736 1800 1832 1857 sia:
1865 1800 2084 1857 caelitus
2118 1801 2437 1868 deStiuavit;
2485 1811 2537 1857 te
2581 1816 2795 1872 quoque
2844 1814 2943 1871 per
2970 1807 3169 1856 emtum
3199 1813 3323 1853 san-

49 1886 189 1973 quod
217 1886 319 1942 duo
346 1893 475 1961 sunt
498 1902 696 1959 genera
739 1888 1076 1959 passionum,
1108 1903 1273 1963 unum
1321 1888 1373 1943 in
1399 1888 1631 1954 occulto,

1739 1908 1906 1964 ctum,
1924 1913 2020 1969 per
2034 1914 2089 1953 sa
2099 1896 2205 1954 neti
2222 1896 2456 1968 Spiritus
2471 1903 2651 1950 aetum
2673 1894 2877 1950 celsum
2901 1901 2956 1948 et
2969 1891 3324 1962 apostolicum

49 1990 101 2035 et
132 1978 353 2034 alterum
402 1979 455 2034 in
489 1979 823 2053 manifesto;
871 1990 1023 2053 patet
1068 1981 1323 2037 nimirum
1375 1982 1629 2053 quoniam

48 2072 258 2143 quidem
288 2071 363 2128 illi
394 2073 628 2130 mundus
659 2082 778 2130 erat
823 2073 1137 2141 cruciﬁxus,
1176 2075 1301 2145 quia
1329 2074 1456 2130 odio
1482 2074 1629 2130 illum

47 2163 298 2231 habebat,
331 2174 387 2221 et
416 2173 671 2237 tanquam
703 2174 974 2222 mortuum
1002 2167 1327 2222 aestimabat.
1371 2165 1633 2224 Similiter

46 2264 102 2310 ct
127 2255 213 2311 ille
240 2257 439 2313 mundo
466 2274 479 2312 :
503 2256 629 2329 quia
658 2257 808 2314 illum
837 2259 906 2313 ad
933 2273 1031 2314 sua
1059 2258 1252 2329 gaudia
1284 2259 1501 2315 trahere
1524 2275 1630 2314 non

44 2349 273 2405 valebat.
291 2348 422 2418 Quis
444 2351 641 2407 etenim
661 2353 877 2423 sapiens
903 2352 1115 2423 ignorat
1138 2351 1359 2408 duriora
1371 2367 1492 2408 esse
1507 2368 1633 2422 sup-

44 2439 230 2502 plicia,
261 2440 505 2510 quotidie
538 2441 891 2512 spiritualiter
919 2443 972 2498 in
1013 2442 1128 2498 acie
1159 2454 1326 2509 stare,
1356 2442 1633 2499 diabolicae

42 2532 218 2588 traudi
254 2534 528 2600 resistere,
556 2550 716 2606 quam
747 2551 854 2592 uno
883 2545 1155 2591 momento
1198 2535 1484 2607 tyranuieo
1515 2536 1632 2606 gla-

41 2628 130 2683 dio
160 2629 327 2683 vitam
360 2628 535 2685 ﬁnire.
577 2628 691 2685 Hoc
715 2630 956 2686 sentiens
990 2629 1180 2685 beatus
1214 2628 1491 2699 apostolus
1526 2626 1629 2682 Pe-

42 2732 179 2787 trus,
205 2738 552 2780 commonere
577 2724 802 2779 curabat
827 2723 1045 2779 dicens:
1075 2721 1421 2776 Adversarius
1448 2727 1635 2777 noster

40 2814 313 2882 diabolus,
345 2825 597 2890 tanquam
634 2816 713 2872 leo
751 2818 962 2889 rugiens
1003 2817 1185 2871 circuit
1216 2830 1453 2885 quttrens
1480 2830 1632 2885 quem

37 2908 272 2970 deraret,
304 2909 390 2961 cui
421 2909 645 2964 resistite
677 2907 838 2979 fortes
884 2910 936 2963 in
961 2909 1068 2979 ﬁde
1115 2906 1166 2979 (1
1193 2905 1336 2961 Petr.
1364 2921 1416 2972 v,
1440 2905 1517 2976 8).
1568 2905 1638 2961 Et

39 3001 237 3056 beatus
262 2999 463 3059 Paulus
494 2998 742 3056 similiter
765 3015 779 3055 :
808 3000 977 3068 State,
1004 2999 1197 3070 inquit,
1220 2998 1470 3054 succincti
1494 2996 1634 3052 lum-

36 3094 128 3149 bos
157 3105 359 3148 vestros
390 3094 444 3148 in
474 3084 707 3159 veritate,
744 3102 798 3147 ut
838 3093 1046 3163 possitis
1082 3091 1259 3145 omnia
1295 3089 1398 3144 tela
1429 3089 1633 3160 nequis-

32 3186 157 3240 simi
184 3187 340 3255 ignea
366 3185 696 3256 exstinguere
723 3197 741 3238 :
770 3193 818 3239 et
843 3183 1047 3256 galeam
1075 3182 1261 3237 salutis
1289 3181 1559 3245 assumite,
1584 3189 1633 3234 et

1676 2034 1694 2043 λ.
1736 1988 1866 2044 fecit
1890 1990 2257 2045 conscendere
2284 1988 2558 2043 thronum.
2584 1985 2677 2042 llle
2705 1994 2757 2041 te
2785 1984 3039 2039 nimirum
3070 1983 3231 2053 elegit
3255 1982 3323 2037 de

1735 2101 1898 2157 grege
1930 2083 2338 2155 discipulorum,
2368 2083 2462 2152 qui
2504 2081 2724 2137 Petrum
2755 2089 2810 2134 et
2832 2077 3129 2142 Andream,
3159 2076 3322 2135 Jaco-

1735 2178 1863 2233 bum
1895 2185 1948 2230 et
1975 2175 2237 2230 Joannem
2270 2174 2336 2229 de
2359 2172 2541 2228 littore
2571 2171 2931 2227 ethnicorum.
2962 2168 3164 2225 Plaude
3194 2184 3325 2241 ergo

1734 2269 1900 2325 nimis
1919 2309 1933 2335 ,
1975 2267 2170 2340 plaude
2200 2281 2298 2338 per
2330 2274 2522 2322 cuneta
2562 2264 2756 2319 beattts
2786 2280 2800 2317 :
2825 2261 2938 2332 jam
2965 2261 3197 2317 coetibus
3224 2277 3325 2316 au-

1734 2359 1923 2432 gelicis
1952 2358 2193 2416 sociatus
2212 2398 2227 2424 ,
2252 2357 2368 2428 jam
2398 2354 2599 2411 Christi
2630 2363 2849 2410 nectare
2882 2353 3110 2408 satiatus
3137 2368 3151 2405 :
3183 2350 3327 2406 inter

1738 2448 2063 2521 apostolicas
2091 2448 2247 2504 sedes
2276 2448 2330 2503 in
2357 2446 2561 2520 judicio
2589 2445 2682 2501 illo
2718 2458 2933 2515 magno,
2964 2457 3086 2499 eum
3113 2440 3328 2510 judica-

1735 2543 1810 2598 hit
1842 2540 2027 2597 orbem
2058 2548 2218 2596 terra:
2246 2538 2298 2594 in
2324 2538 2578 2609 aequitate
2601 2578 2617 2603 ,
2658 2550 2781 2593 cum
2830 2534 3050 2590 Christo
3096 2532 3325 2590 Domino

1735 2632 2029 2689 exaltatus.
2084 2630 2191 2687 Sed
2217 2614 2345 2702 quia
2383 2630 2489 2686 hoc
2521 2638 2693 2685 totum
2739 2628 2963 2685 donavit
3008 2627 3104 2683 tibi
3146 2627 3321 2698 gratia

1734 2724 1977 2791 Christi,
2022 2723 2336 2797 suppliciter
2362 2724 2617 2795 petimus,
2659 2721 2936 2778 humiliter
2964 2719 3321 2793 postulamus,

1736 2832 1842 2888 quo
1886 2831 2008 2871 eum
2054 2830 2155 2887 pro
2201 2815 2360 2872 nobis
2409 2827 2636 2870 exorare
2681 2813 2964 2885 digneris:
2996 2821 3057 2866 ut
3092 2826 3190 2868 nos
3217 2810 3327 2866 cle—

1735 2921 1950 2968 menter
1974 2911 2229 2967 exaudiat
2254 2910 2589 2983 postulantes
2612 2950 2628 2976 ,
2678 2917 2735 2964 et
2769 2908 2979 2979 placide
3013 2915 3326 2962 remuneret

1736 3007 2097 3063 decertantes.
2139 3005 2432 3076 Postquam
2467 3018 2598 3060 vero
2621 3015 2647 3044 ι
2696 3000 2915 3074 reliquit
2955 2999 3196 3056 Judmam
3226 3014 3329 3069 pa-

1736 3097 1897 3153 triam
1925 3095 2271 3170 praedicando
2296 3110 2457 3166 quam
2488 3094 2541 3150 iu
2569 3102 2716 3149 sorte
2740 3090 3141 3162 praedicationis
3167 3103 3325 3144 acce-

1736 3199 1919 3261 perat,
1963 3198 2019 3246 et
2059 3189 2320 3261 plurimos
2372 3187 2618 3243 ethnicos
2664 3185 2732 3241 ad
2787 3184 2947 3241 {idem
2996 3181 3320 3239 catholicam

31 3278 279 3348 gladium
313 3274 564 3347 Spiritus,
607 3275 745 3346 quod
774 3284 849 3330 est
890 3273 1114 3330 Verbum
1140 3274 1240 3329 Dei
1291 3273 1309 3344 (
1334 3272 1526 3343 Ephes.
1556 3286 1635 3339 Vl,

1741 3282 2008 3340 convertit
2059 3283 2249 3337 beatus
2316 3279 2570 3336 Matthias
2633 3276 2908 3349 apostolus
2958 3273 3210 3344 migravit
3256 3273 3324 3326 ad

33 3370 126 3441 is,
164 3369 259 3435 16,
298 3371 405 3441 t7).
431 3368 619 3425 Nonne
648 3384 873 3441 magnus
919 3367 1152 3424 Iacobus
1197 3367 1374 3439 gladio
1403 3365 1635 3421 Herodis

32 3464 346 3519 trucidatus
378 3482 391 3518 :
428 3462 524 3518 sed
571 3461 798 3519 dilectus
837 3463 1122 3517 admodum
1156 3461 1369 3516 Christo
1399 3457 1634 3516 Joannes

28 3555 373 3625 evangelista
415 3569 708 3626 germanus
753 3555 871 3627 ejus
903 3556 954 3609 in
985 3570 1117 3626 pace
1148 3564 1348 3611 sanctae
1379 3551 1633 3608 Ecclesia!

29 3660 59 3699 a
92 3646 323 3700 Christo
352 3652 581 3701 vocatus
608 3654 662 3699 et
691 3655 983 3701 coronatus
1013 3646 1132 3701 est?

101 3773 128 3801 ο
170 3761 339 3817 Deest
368 3762 476 3817 hoc
508 3762 732 3817 verbum
775 3770 831 3816 et
874 3759 1180 3817 Mombritio
1204 3767 1262 3817 et
1288 3775 1414 3829 ms,
1446 3758 1540 3817 sed
1566 3770 1635 3817 es

24 3833 267 3905 antiquo
298 3831 583 3888 Breviario
609 3831 903 3888 Morinensi
928 3832 1170 3903 apposui.

1739 3373 2026 3430 Dominum
2054 3382 2295 3429 nostrum
2318 3369 2500 3426 Jesum
2525 3368 2797 3424 Christum
2819 3366 2847 3406 ι)
2879 3374 3031 3421 sexto
3058 3362 3328 3417 Kalendas

1736 3464 1979 3531 Martias,
2011 3464 2255 3535 quicum
2303 3462 2462 3517 Patre
2507 3470 2560 3516 et
2607 3459 2817 3531 Spiritu
2865 3466 3055 3514 sancto
3092 3454 3225 3511 vivit
3274 3464 3332 3509 et

1735 3566 1926 3631 regnat
1951 3558 2094 3613 Deus
2119 3571 2216 3627 per
2244 3554 2452 3611 inﬁnita
2478 3552 2671 3609 saecula
2698 3551 3039 3608 sreculorum.

1744 3828 1793 3885 Μ
1815 3758 1843 3799 b
1865 3758 2043 3843 .Deest
2072 3751 2380 3810 Mombritio
2410 3753 2559 3821 dies;
2614 3752 2810 3826 legitur
2850 3750 2903 3807 in
2953 3763 3055 3805 ms.
3084 3753 3139 3802 et
3166 3741 3328 3799 Brev.
3356 3732 3369 3743 τ

1800 3844 2054 3885 ormeusn.

1800 3844 2054 3887 ormeusn.

820 4010 3332 4037 mw

1262 4169 1431 4216 anno
1486 4151 1718 4214 nomn:
1772 4168 2114 4214 nccexux.
3253 4182 3304 4225 με

790 4329 1658 4447 ΗΔιιιοιιἪ

1740 4290 1745 4295 ’
1806 4327 2633 4444 animus

659 4560 1046 4648 VERSUS
1104 4535 1241 4647 AD.
1291 4558 1821 4671 TUMULUM
1882 4558 2247 4641 SANCTI
2308 4556 2748 4639 BEMIGII.

1200 4739 1362 4807 (Apud
1387 4738 1594 4801 Mabill.,
1622 4735 1873 4802 Analect.,
1896 4749 2008 4805 pag.
2034 4736 2167 4800 425.)

388 4810 418 4823 ς

92 5032 431 5089 Haldoinus
453 5074 468 5100 ,
509 5025 785 5102 quondam
823 5026 986 5084 abbas
1023 5028 1339 5085 monasterii
1378 5029 1639 5086 Altivilla-
1667 5033 1719 5093 D
1748 5029 1951 5091 tionem
1978 5041 2347 5107 paganorum,
2377 5030 2593 5090 occulto
2618 5022 2712 5080 Dei
2738 5024 2941 5096 judicio
2970 5027 3099 5083 sinit
3124 5036 3184 5079 se
3213 5025 3343 5083 inde

11 5124 221 5181 rensis
260 5136 324 5191 8,
357 5116 810 5179 hoc'memoriale
840 5118 1091 5190 disgessit
1129 5136 1204 5175 xu
1232 5120 1484 5177 videlicet
1521 5136 1646 5176 ver-

11 5233 196 5272 suum
221 5259 240 5283 ,
275 5217 323 5272 si
351 5217 639 5289 episcopus
667 5209 991 5268 Hincmarns
1016 5213 1306 5281 voluisset,
1334 5215 1389 5272 in
1415 5216 1648 5292 circuitu

11 5312 272 5381 scrinii,
309 5312 401 5369 ubi
438 5316 672 5367 sanctus
712 5301 990 5376 Remigius
1025 5308 1459 5377 transponendus
1494 5314 1646 5372 erat,

11 5403 81 5456 de
115 5402 525 5462 transferendo
555 5409 799 5464 corpore
824 5398 1059 5466 pretioso
1082 5398 1322 5469 ejusdem
1354 5400 1583 5474 Remigii
1616 5414 1647 5453 a

11 5495 226 5556 Carolo
287 5514 419 5571 rege
465 5493 795 5567 pariterque
830 5490 1053 5560 prmfato
1088 5493 1378 5550 Ilincmaro
1414 5491 1646 5567 praesule

11 5602 69 5641 :0
105 5590 249 5650 loco
272 5608 397 5667 quo
425 5585 671 5646 exstitit,
696 5595 975 5653 quousque
1002 5599 1142 5641 anno
1170 5584 1294 5654 881,
1323 5585 1392 5642 ob
1425 5587 1645 5643 infesta-

71 5715 102 5744 ι
149 5700 576 5787 Monasterium
630 5680 1034 5787 Qitf‘fillhareuse
1080 5693 1634 5787 inagronlih‘emen‘si

330 5790 354 5798 ι.
420 5767 772 5798 ηηΙηΙιιηὶίιιηὶ
821 5771 901 5798 ne!
961 5773 1034 5798 νηί
1048 5766 1260 5798 νηοῖο-ιο
1302 5764 1636 5798 Ρηίιι..ρηη1,.ἶ

1751 5134 1959 5206 levari,
1993 5143 2049 5194 et
2086 5131 2225 5186 ultra
2264 5128 2573 5194 Matronam
2604 5125 2669 5181 ad
2705 5143 2877 5197 usque
2906 5127 3130 5186 Orbacis
3158 5142 3350 5183 mona-

1753 5243 1987 5300 sterium
2019 5235 2352 5308 nequiquam
2386 5230 2660 5313 deportari
2690 5233 2947 5303 pertulit,
2987 5231 3351 5309 hymuizaudo

1752 5354 1989 5402 exorsus
2017 5347 2105 5398 est
2133 5355 2146 5392 :

1750 5473 1963 5538 Doctor
1991 5477 2327 5534 Francorum
2373 5480 2588 5548 primus
2623 5474 2916 5540 pastorque
2953 5471 3280 5526 Rhemorum

1821 5578 1946 5640 lloe
1977 5576 2202 5639 recubat
2232 5578 2399 5632 sacro
2435 5569 2713 5643 Remigius
2745 5572 2970 5630 tumulo.

1743 5705 2011 5751 vc"Suum
2064 5684 2367 5758 condilori.
2415 5684 2747 5758 commissus
2795 5681 2867 5735 ab
2923 5682 3208 5758 llincmal‘g
3250 5680 3364 5758 ςξι.

1748 5759 1857 5798 "nc
1906 5776 2100 5798 ..Ληριια
2140 5751 2472 5798 ΙΙὶιιρηιείιι..ρ
2515 5751 2723 5798 mmuln
2767 5756 2941 5798 sancti
2979 5751 3205 5798 Remitzlt
3248 5755 3366 5798 nou
