4012 6300
645 355 783 429 mss

639 483 851 545 Limina
881 494 1040 554 quem
1068 480 1253 554 templi
1287 482 1558 555 quondam
1589 489 1812 538 tenuere
1838 479 2111 555 sepultum
2130 520 2145 548 ,

710 572 1028 631 Servantem
1058 570 1269 631 Domini
1300 580 1467 643 saepta
1496 585 1821 643 gregemque
1847 571 1960 635 sui,

639 663 923 738 Extemplo
953 672 1011 720 ut
1044 662 1275 736 populus
1300 661 1461 733 hujus
1484 662 1597 734 jam
1628 662 1882 732 dogmate
1909 660 2104 733 plenus

706 756 999 815 Conerevit
1022 795 1039 825 ,
1071 755 1279 829 pariter
1306 755 1479 812 crevit
1506 764 1562 812 et
1592 755 1692 811 ista
1724 755 1915 811 domus
1946 772 1961 809 :

636 846 937 913 Transtulit
964 855 1019 903 et
1049 855 1297 903 sanetum
1325 845 1543 903 sublimi
1573 845 1701 902 sede
1726 844 1966 909 locavit,

703 940 969 997 Cerneret
994 946 1057 995 ut
1083 935 1327 1009 plebem,
1356 936 1511 1011 plebs
1539 950 1754 1009 quoque
1792 934 1897 992 fide
1930 934 2171 993 Patrem.

636 1031 748 1088 Rex
780 1045 965 1088 verum
993 1028 1219 1088 Carolus
1246 1026 1507 1087 Ludovici
1534 1027 1767 1087 Caesaris
1793 1028 1970 1085 almus

1167 356 1458 425 appono;
1494 365 1589 424 an
1620 363 1796 425 we.
1834 363 1928 422 rx.
1954 395 2026 408 —
2062 362 2400 427 suarm.
2439 366 2536 425 an
2569 366 2777 429 war.
2815 367 3181 432 cannons
3215 356 3397 431 sum:

2242 485 2294 547 Α
2389 480 2590 549 Filius,
2619 494 2683 538 ae
2710 483 2907 555 praesul
2935 482 3194 543 Binemar
3218 488 3407 563 utique
3432 502 3589 547 sacra

2316 569 2480 628 Tecta
2500 583 2698 647 augent
2715 574 3081 651 decorantque
3096 577 3281 646 simul,
3307 580 3575 652 bustaque
3592 580 3902 641 recondunt

2393 662 2731 724 Francorum
2767 684 3023 743 maguum
3050 670 3359 745 pontificale
3386 672 3577 733 decus.

2383 848 2541 907 Anno
2570 864 2599 905 a
2631 846 2925 908 Nativitate
2953 849 3167 910 Domini
3195 850 3333 920 852,
3362 868 3415 910 tv
3443 850 3563 910 Kal.
3597 852 3751 913 Junii
3769 896 3785 922 ,
3816 871 3897 913 ra-

2313 939 2405 1012 gni
2432 955 2562 997 vero
2590 938 2771 999 Caroli
2796 957 2875 999 xtl
2892 982 2908 1009 ,
2941 943 3284 1002 ordinatione
3309 960 3525 1019 quoque
3549 947 3900 1021 episcopatus

2311 1026 2589 1089 Hiucmari
2621 1048 2755 1100 χιιι,
2786 1028 3081 1092 indictione
3108 1050 3201 1093 xv.

1866 1294 2037 1342 ANNO
2078 1293 2310 1353 ιιοιιιιιι
2352 1296 2633 1342 ιιοοοιν.

1262 1686 2353 1781 ARCHIEPISCOPUS
2445 1688 3281 1773 TURONENSIS.

1640 1952 2149 2061 MIRACULA
2215 1950 2317 2060 B.
2394 1957 2815 2063 MARTINI

628 2134 779 2200 Ροὲι
822 2154 953 2221 ejus
998 2125 2151 2234 reversionerngiuecorporisipsius
2189 2139 2639 2234 dispositionem
2674 2142 2880 2234 facta;
2934 2136 3100 2232 edita
3280 2134 3607 2234 genetiuo
3634 2180 3653 2213 ,
3709 2137 3884 2220 prius

1129 2219 1344 2284 abbate
1368 2220 1639 2304 Majoris

1742 2216 2066 2295 anasterii,
2094 2225 2241 2303 post
2257 2216 2733 2301 archiepiscopo
2780 2219 3054 2283 Turonis
3090 2216 3402 2283 civitatis.

1521 2372 1687 2440 (Apud
1706 2372 1900 2440 Dalu.,
1925 2372 2240 2447 tri-aetnaea
2261 2384 2426 2434 saera,
2448 2378 2568 2426 ωω.
2590 2372 2659 2440 ιι,
2688 2385 2803 2440 pag.
2822 2372 2962 2438 suo.)

688 2616 888 2675 Absida
917 2617 1200 2690 siquidem,
1234 2617 1325 2675 ubi
1357 2632 1554 2692 corpus
1578 2618 1723 2676 beati
1769 2618 1983 2676 Martini
2017 2618 2193 2676 conti-
2220 2621 2268 2687 Β
2294 2615 2508 2675 fuerant
2528 2617 2758 2682 evocati,
2784 2612 3021 2671 maxime
3039 2627 3169 2672 vero
3193 2615 3430 2675 barones
3453 2614 3723 2674 Turonici
3744 2619 3875 2689 pagi,

621 2712 868 2778 nebatur,
912 2726 1075 2783 quam
1118 2711 1278 2767 etiam
1313 2709 1622 2770 detulerant
1675 2711 1747 2769 ab
1794 2712 2191 2791 Antissiodoro,

618 2799 793 2857 fusilis
811 2809 929 2856 erat
949 2815 1015 2857 ex
1042 2815 1174 2859 auro
1198 2811 1253 2859 et
1276 2810 1498 2877 argento
1523 2805 1665 2876 quod
1688 2805 1884 2861 dicitur
1907 2805 2190 2871 electrum,

618 2892 969 2964 spissitudinc
998 2895 1227 2952 duorum
1266 2896 1575 2969 digitorum,
1606 2907 1990 2970 auctoremque
2012 2896 2193 2970 operis

618 2987 836 3042 beatum
881 2987 1206 3059 Perpetuam
1259 2989 1647 3061 insculptarum
1690 3006 1866 3048 ac.....
1908 2991 2192 3065 designans

617 3077 874 3151 suﬂ‘ragio
923 3078 1225 3137 litterarum
1277 3089 1333 3138 et
1376 3097 1649 3149 versuum,
1709 3099 1810 3140 nec
1859 3092 1977 3141 erat
2032 3083 2190 3151 rima,

616 3168 884 3237 foramen,
906 3168 1140 3228 fenestra
1160 3180 1215 3227 et
1239 3173 1435 3229 ostium
1466 3174 1519 3229 in
1545 3189 1628 3230 ea.
1658 3172 1807 3231 Hanc
1834 3184 2013 3230 autem
2044 3173 2190 3230 fece-

616 3268 703 3315 rat
730 3259 923 3318 beatus
968 3260 1285 3333 Perpetuus,
1322 3263 1539 3334 quando
1583 3263 1813 3320 elevavit
1846 3279 2040 3335 corpus
2076 3264 2192 3333 ejus

615 3368 646 3409 a
678 3361 841 3419 terra,
873 3352 1170 3409 involutum
1210 3354 1362 3427 prius
1402 3354 1455 3410 in
1494 3369 1730 3426 purpura
1766 3355 1952 3421 rubea,
1983 3365 2036 3411 et
2065 3354 2189 3410 dili-

614 3452 805 3513 genter
848 3452 1159 3509 consutum,
1202 3444 1390 3517 sicque
1434 3444 1486 3500 in
1530 3443 1669 3501 hanc
1700 3443 1940 3501 absidam
1987 3445 2184 3515 posuit.

614 3532 938 3591 Fecitetiam
955 3534 1464 3607 altarequadratum
1486 3543 1542 3593 et
1565 3550 1817 3593 coronam
1843 3535 2190 3608 exlapidibus

612 3625 885 3694 tabulatis,
914 3627 1055 3698 quod
1083 3642 1275 3700 magna
1303 3626 1483 3684 tabula
1513 3626 1811 3699 cooperuit,
1850 3636 2044 3683 etcum
2069 3627 2190 3683 aliis

617 3717 977 3775 cmmentavit.
1026 3717 1178 3773 Fecit
1222 3718 1384 3773 etiam
1440 3719 1586 3774 intus
1627 3718 1787 3775 aliam
1834 3717 2075 3773 absidam
2121 3732 2191 3773 ex

614 3809 943 3875 aurichalco,
967 3825 1135 3882 cupro
1157 3818 1211 3867 et
1233 3820 1446 3877 stanno,
1470 3808 1702 3876 fusilem,
1725 3811 1930 3868 habens
1953 3810 2188 3883 palmum

614 3901 669 3957 in
692 3901 1038 3974 spissitudine
1072 3916 1194 3959 cum
1219 3903 1360 3960 ostio
1401 3901 1575 3971 fusili;
1621 3904 1910 3974 gumpbiis,
1944 3913 2000 3959 et
2030 3904 2189 3960 virte-

2297 2710 2638 2769 fuadaveruut
2659 2709 2972 2766 societatem
2995 2718 3052 2766 et
3074 2710 3395 2767 beneficium
3417 2711 3675 2769 ecclesiae
3702 2713 3871 2786 largiti

2297 2809 2445 2857 sunt.
2473 2797 2713 2872 Contigit
2733 2806 2915 2855 autem
2938 2799 3124 2856 eodem
3148 2815 3351 2865 mense,
3374 2800 3507 2857 dum
3532 2812 3686 2873 esset
3706 2804 3881 2859 consul

2293 2890 2625 2965 Iugelgerius
2675 2889 2927 2959 Turonis,
2981 2890 3316 2949 Adalaudum
3378 2895 3698 2951 confectum
3740 2898 3881 2951 senio

2294 2985 2436 3041 viam
2459 2984 2723 3041 universae
2748 2985 2929 3042 carnis
2955 2984 3178 3041 intrare.
3251 2984 3591 3059 lngelgerius
3614 3003 3743 3043 vero
3762 3005 3881 3044 eon-

2294 3074 2400 3139 sul,
2442 3073 2738 3131 auxiliante
2778 3072 2889 3132 Deo
2918 3083 2974 3132 et
3008 3074 3375 3132 intercedente
3416 3076 3587 3133 beato
3638 3077 3877 3143 lartino,

2291 3165 2680 3236 Opitulantibus
2701 3168 2863 3222 etiam
2897 3165 3130 3232 clericis,
3162 3181 3374 3221 necnon
3413 3171 3877 3224 consentientibus

2295 3255 2504 3311 civibus
2532 3255 2819 3311 Turonica:
2843 3256 3100 3320 civitatis,
3132 3254 3523 3312 intltronizavit
3567 3269 3628 3313 et
3670 3260 3725 3313 in
3760 3262 3873 3313 sc.le

2292 3343 2580 3416 episcopali
2608 3344 2921 3401 sublimavit
2960 3343 3292 3410 Hebernum,
3324 3362 3538 3411 senem,
3566 3348 3714 3404 beati
3742 3347 3875 3401 Har-

2293 3438 2390 3493 tini
2419 3436 2640 3508 majoris
2668 3437 2981 3494 monasterii
3010 3438 3259 3493 abbatem
3281 3445 3337 3493 et
3359 3439 3701 3494 ministrum.
3736 3440 3855 3495 Dcni

2292 3546 2399 3601 que
2427 3539 2549 3600 post
2576 3529 2718 3587 beati
2748 3528 2963 3585 Martini
2988 3530 3055 3585 ab
3081 3528 3461 3588 Antissiodoro
3490 3533 3874 3597 reversionem,

2292 3622 2407 3676 sive
2430 3630 2550 3692 post
2585 3621 2831 3693 corporis
2873 3621 2992 3694 ejus
3017 3622 3430 3694 depositionem,
3464 3624 3537 3680 ob
3567 3625 3742 3696 ipsius
3778 3642 3872 3681 me-

2292 3712 2396 3767 rita
2424 3711 2578 3783 longe
2601 3711 2814 3784 lateque
2844 3712 3200 3784 propalanda,
3231 3714 3603 3771 creberrimas
3627 3716 3873 3773 Dominus

2292 3804 2360 3861 ad
2383 3804 2496 3873 ejus
2517 3805 2822 3878 sepulcrum
2848 3804 3184 3862 venerabiles
3202 3806 3434 3864 virtutes
3455 3810 3677 3881 Operari
3704 3811 3871 3883 digna-

2296 3904 2403 3951 tur.
2439 3897 2514 3953 Dc
2548 3897 2746 3967 quibus
2774 3898 2991 3970 quidem
3023 3899 3316 3956 virtutibus
3357 3900 3524 3956 multa
3574 3901 3871 3974 frequenter

611 3992 798 4061 vellis;
826 4001 886 4051 et
903 4001 1136 4066 quatuor
1157 3993 1399 4051 clavibus
1420 3993 1752 4051 firmabatur.
1782 3994 1935 4050 Fecit
1952 3993 2189 4065 denique
2214 3980 2261 4046 C
2288 3988 2615 4045 audivimus.
2650 3988 2757 4044 Sed
2782 3989 2849 4046 de
2874 3989 3123 4062 plurimis
3152 3991 3415 4049 nonnulla
3448 3995 3719 4051 miracula
3766 4010 3873 4067 qua

612 4086 819 4143 fredam
867 4086 1100 4159 desuper
1137 4100 1270 4141 auro
1306 4086 1512 4158 optimo
1548 4095 1603 4142 et
1643 4083 1909 4156 lapizlibus
1934 4085 2187 4157 pretiosis

615 4188 766 4236 tanto
804 4179 1083 4237 sacerdote
1122 4177 1463 4250 condignam.
1510 4177 1750 4248 Denique
1804 4178 2004 4233 meruit
2042 4178 2185 4234 idem

613 4269 804 4327 consul
836 4285 957 4327 cum
973 4270 1372 4327 venerabilibus
1407 4269 1676 4342 episcopis
1706 4268 1980 4325 Adalaudo
2007 4269 2184 4327 Turo-

613 4360 786 4427 nensi,
830 4368 887 4416 et
916 4359 973 4416 S.
999 4348 1165 4430 Lupo
1188 4358 1585 4432 Andegavensi,
1627 4367 1681 4417 et
1721 4354 1989 4417 Mainoldo
2015 4356 2183 4418 Ceno-

612 4450 985 4517 mannensi,et
1007 4449 1269 4508 Raimone
1290 4450 1683 4519 Aurelianensi,
1705 4467 1900 4524 corpus
1926 4468 2065 4522 saepe
2091 4467 2187 4507 no-

613 4542 853 4599 minandi
880 4542 1205 4600 confessoris
1226 4542 1440 4600 Martini
1468 4542 1606 4600 iufra
1633 4544 1893 4601 ambitum
1923 4545 2108 4601 altaris
2129 4545 2184 4603 in

612 4635 783 4692 altera
830 4635 1018 4692 absida
1067 4650 1428 4707 componere,
1487 4636 1769 4708 ipsumque
1814 4638 2011 4693 ostium
2060 4654 2184 4694 eum

611 4727 821 4785 absida~
851 4727 1238 4802 sigillaverunt,
1289 4728 1365 4784 ita
1409 4735 1470 4783 ut
1509 4742 1611 4785 nec
1655 4737 1868 4801 pateret
1913 4729 2090 4785 aditus
2128 4736 2187 4786 et

612 4821 885 4878 introitus.
915 4819 1052 4878 Cum
1075 4821 1223 4877 omni
1250 4829 1430 4877 autem
1460 4821 1690 4878 consilio
1715 4820 1982 4877 dederunt
2010 4821 2183 4891 lngel-

611 4913 761 4986 gerio
789 4911 973 4970 comiti
996 4913 1341 4984 praebendam
1368 4912 1509 4969 beati
1547 4911 1764 4969 Martini
1793 4913 1890 4984 ipsi
1929 4916 1985 4969 et
2010 4912 2183 4970 lucre-

612 5006 771 5062 dibus
817 5003 935 5076 ejus
982 5004 1036 5061 in
1081 5012 1396 5077 perpetuum
1441 5004 1838 5075 possidendam.
1868 5005 2005 5074 Quia
2054 5021 2183 5063 vero

611 5095 840 5153 ecclesia
867 5095 1106 5169 ejusdem
1135 5095 1304 5152 sancti
1354 5104 1481 5151 tunc
1511 5094 1768 5167 temporis
1810 5095 2031 5152 carebat
2070 5097 2183 5151 the-

614 5186 860 5243 saurario
879 5196 934 5243 et
945 5188 1166 5253 aedituo,
1187 5185 1460 5243 consulem
1476 5185 1829 5258 lngelgerium
1853 5186 2184 5241 iuthroniza-

614 5284 824 5342 verunt,
852 5284 908 5332 et
932 5277 1330 5334 tbesaurarium
1350 5276 1745 5332 constituerunt
1768 5284 1823 5330 et
1843 5273 2179 5331 defensorem

2289 4080 2525 4137 vidimus
2552 4081 2831 4140 declarare
2857 4083 3214 4141 decrevimus.

2360 4175 2402 4231 Ι.
2443 4176 2738 4249 Episcopus
2772 4176 3012 4243 Leodiei,
3051 4177 3323 4235 Hildricus
3354 4181 3599 4247 nomine,
3627 4183 3717 4237 vir
3755 4198 3863 4238 tuo-

2287 4282 2408 4322 rum
2438 4267 2720 4323 honestate
2750 4266 3057 4334 laudabilis,
3079 4268 3293 4325 occulto
3317 4267 3411 4324 Dei
3436 4269 3647 4341 judicio
3670 4271 3867 4333 morbo.
3978 4278 3979 4285 ‘

2288 4361 2380 4433 qui
2409 4360 2569 4433 vulgo
2596 4360 2754 4434 lupus
2776 4360 2991 4428 dicitur,
3017 4362 3402 4421 miserabiliter
3422 4365 3535 4422 imo
3562 4367 3865 4423 mirabiliter

2287 4449 2586 4508 laborabat.
2615 4450 2928 4509 Patiebatur
2950 4462 3132 4509 autem
3173 4455 3226 4510 in
3263 4454 3499 4512 natibus.
3552 4456 3688 4513 Erat
3718 4458 3867 4529 igitur
3972 4440 3975 4529 ἶ

2286 4543 2471 4601 videre
2506 4544 2746 4603 miseria.
2784 4542 2918 4601 'l'am
2954 4547 3196 4618 graviter
3228 4548 3375 4605 enim
3409 4548 3492 4605 vis
3549 4524 3863 4607 valetudinis
3970 4524 3973 4618 λ

2286 4634 2637 4706 grassabatur
2666 4644 2725 4689 ut
2756 4635 2954 4691 mirum
2998 4637 3050 4692 in
3097 4638 3315 4694 modum
3357 4653 3558 4697 carnes
3590 4642 3697 4697 viri
3728 4654 3862 4697 more

2284 4723 2472 4798 lupino
2516 4735 2883 4793 consumeret,
2928 4729 3263 4795 corroderet,
3309 4729 3622 4796 devoraret,
3668 4731 3857 4787 solum-

2284 4833 2390 4890 que
2417 4818 2692 4885 solatium,
2731 4833 2837 4874 non
2866 4817 3084 4891 quidem
3115 4835 3240 4891 spes
3270 4820 3568 4877 eradenda:
3594 4822 3859 4895 aegritudi-

2284 4909 2392 4974 nis,
2441 4909 2534 4965 sed
2561 4907 2750 4964 saltem
2793 4909 2979 4966 dilatio
3029 4910 3242 4977 mortis,
3288 4918 3410 4967 erat
3433 4912 3580 4982 quod
3624 4913 3853 4984 quotidie

2284 5000 2391 5057 duo
2432 4999 2563 5072 pulli
2604 4999 2926 5071 gallinarum
2961 5000 3243 5073 explumes
3268 5011 3325 5059 et
3351 5000 3647 5059 eviscerati
3692 5018 3849 5067 mane.

2284 5086 2496 5160 duoque
2556 5104 2821 5162 vespere,
2881 5091 3000 5147 vice
3058 5092 3302 5149 carnium
3350 5092 3454 5147 viri
3514 5094 3850 5152 wnsumendi

2282 5182 2491 5253 morbo,
2534 5196 2598 5237 ac
2627 5182 2670 5238 si
2713 5180 2911 5253 lupina:
2951 5180 3145 5250 rabiei,
3184 5184 3626 5255 apponebantur.
3657 5186 3761 5242 Nec
3782 5186 3849 5242 sic

2281 5274 2528 5331 cessabat
2552 5274 2894 5346 consumptio
2914 5276 3154 5332 carnium
3177 5274 3313 5345 ejus.
3336 5273 3702 5334 lnvisceratus
3720 5276 3844 5332 enim

613 5369 855 5428 ecclesiae
885 5368 1142 5435 fecerunt,
1178 5378 1235 5426 et
1262 5377 1489 5426 tutorem
1514 5368 1754 5425 omnium
1784 5368 2181 5439 possessionum
2210 5352 2263 5413 ι)
2287 5368 2534 5435 morbus,
2566 5364 2669 5422 etsi
2709 5366 2995 5439 aliquando
3026 5367 3359 5425 extrinsecus
3395 5368 3739 5440 pascebatur,
3773 5369 3843 5424 iu-

612 5461 751 5531 ejus,
803 5460 1108 5532 ubicunque
1149 5469 1350 5526 essent,
1399 5460 1794 5532 delegaverant.
1845 5460 1946 5529 Qui
1994 5460 2179 5517 sedem

614 5553 933 5609 tbesaurarii
976 5560 1032 5607 et
1074 5552 1259 5609 domos
1284 5568 1407 5610 cum
1451 5544 1765 5620 redditibus,
1805 5554 2039 5625 quandiu
2084 5553 2180 5608 ad-

614 5645 765 5707 vixit,
788 5642 1040 5700 obtinuit.
1073 5641 1272 5700 Omnes
1298 5654 1475 5699 autem
1504 5646 1595 5716 qui
1625 5660 1746 5700 eum
1772 5643 1990 5701 consule
2010 5642 2180 5714 lngel-

614 5734 761 5806 gerio
787 5741 964 5803 erant,
1000 5743 1057 5811 et
1081 5732 1147 5788 ad
1172 5747 1366 5805 corpus
1394 5734 1531 5793 beati
1569 5734 1781 5791 Martini
1815 5732 2179 5792 reducendum

2294 5455 2580 5514 triusecam
2610 5467 2785 5514 tamen
2819 5459 3100 5515 materiam
3130 5456 3451 5516 familiarius
3491 5462 3841 5518 consumebat.

2286 5550 2424 5620 Quid
2464 5551 2657 5624 plura?
2694 5550 3113 5621 Desperantibus
3153 5550 3397 5619 medicis,
3438 5566 3573 5609 cura
3621 5554 3839 5610 omnia

2287 5641 2549 5698 inutiliter
2578 5641 2884 5714 frustraque
2908 5654 3248 5714 consumpta,
3270 5644 3575 5715 episcopus,
3608 5645 3717 5701 acsi
3740 5659 3839 5700 mo-

2286 5735 2512 5802 riturus,
2540 5736 2608 5793 ab
2636 5737 2869 5793 humana
2910 5734 3082 5792 salute
3122 5736 3334 5809 penitus
3360 5736 3686 5793 destituitur.
3724 5732 3833 5799 Sed.
