3948 5578
146 413 282 478 1037

1045 421 1343 480 HEBEBNI
1385 422 1644 482 TURON.
1685 421 1776 480 DE
1815 421 2047 486 MIRAC.
2083 429 2145 484 Β.
2188 429 2496 488 MARTINI.

3249 433 3389 495 1058

137 542 196 589 ut
223 534 300 588 ait
323 531 602 601 Dominus,
629 550 745 605 qme
772 534 1112 607 impossibilia
1153 548 1274 591 sunt
1299 539 1440 609 apud
1468 537 1720 602 homines,
1753 541 1799 599 A
1829 555 1935 612 quo
1979 543 2205 614 populus
2249 546 2532 601 universus
2571 545 2661 616 qui
2701 553 2844 602 tuam
2875 557 3101 604 noverat
3127 551 3403 610 insanabi-

138 625 404 692 possibilia
440 635 557 678 sunt
589 625 729 695 apud
761 624 923 679 Deum
953 623 1106 694 (Luc.
1138 643 1295 692 xvnt,
1325 629 1432 699 27).

206 716 448 770 Audiens
494 725 670 770 autem
702 717 841 772 idem
882 718 1166 789 episcopus
1210 723 1376 790 quod,
1405 730 1527 792 post
1575 721 1720 776 beati

131 803 355 861 Martini
392 807 461 862 ab
483 807 859 862 Antissiodoro
898 808 1426 875 reversionem,.sive
1455 821 1576 881 post
1597 817 1722 868 cor-

129 899 279 968 poris
303 896 423 967 ejus
452 901 867 970 depositionem,
895 893 964 955 ob
987 901 1156 972 ipsius
1179 904 1368 958 merita
1404 904 1558 976 longe
1587 905 1714 961 late-

130 1001 234 1056 que
284 989 617 1059 propalanda
660 989 1019 1046 creberrimas
1058 993 1314 1046 Dominus
1361 994 1425 1047 ad
1473 993 1718 1062 ejusdem

129 1078 442 1132 venerabile
497 1079 801 1148 sepulcrum
835 1080 1067 1135 virtutes
1111 1082 1323 1152 operari
1374 1083 1717 1152 dignabatur,

129 1169 272 1235 quod
302 1167 500 1236 spiritu
544 1169 645 1224 sibi
672 1169 955 1225 intimante
981 1172 1281 1226 sentiscens
1319 1172 1621 1244 episcopus,
1653 1174 1721 1231 de

130 1253 345 1310 Martini
371 1256 627 1329 suffragio
654 1273 804 1328 spem
827 1259 975 1314 velut
999 1270 1186 1315 contra
1217 1275 1365 1331 spem
1389 1264 1714 1332 concipiens,

127 1347 197 1400 ad
220 1348 399 1417 ipsum
433 1356 602 1412 totus,
641 1356 697 1402 et
737 1364 804 1403 ex
847 1358 958 1404 toto
986 1352 1150 1404 corde
1191 1353 1544 1420 convertitur,
1576 1366 1716 1425 prae-

128 1451 350 1492 sumens
381 1453 482 1510 per
511 1452 637 1492 eum
679 1453 838 1508 posse
874 1440 990 1493 fieri
1019 1441 1162 1509 quod
1194 1457 1284 1496 ars
1327 1443 1559 1498 humana
1611 1459 1717 1500 non

126 1542 363 1602 poterat.
406 1532 544 1587 Volo
580 1533 760 1602 itaque
798 1548 855 1588 se
887 1534 1091 1605 obligat
1140 1535 1358 1591 Martini
1408 1538 1716 1607 sepulcrum

125 1641 188 1681 se
215 1626 588 1690 visitaturum,
631 1627 698 1680 ab
732 1641 796 1680 eo
836 1625 1069 1681 fideliter
1107 1642 1165 1682 se
1220 1629 1520 1698 periturum
1552 1646 1714 1700 quam

127 1725 252 1785 post
288 1713 462 1771 Deum
488 1715 557 1770 ab
588 1716 710 1786 ipso
747 1715 848 1771 sibi
891 1717 1006 1770 dari
1046 1719 1331 1772 sanitatem
1381 1719 1740 1776 solummodo.

119 1810 512 1880 pmsumebat.
537 1807 645 1862 Nec
670 1823 816 1863 mora
842 1821 858 1862 :
879 1807 1026 1877 pium
1048 1817 1230 1862 votum
1251 1810 1336 1879 pia
1351 1809 1598 1864 voluntas
1620 1825 1715 1865 ex-

121 1900 390 1971 sequitur.
410 1899 692 1970 Adjunctis
706 1899 806 1953 sibi
827 1899 990 1970 igitur
1001 1899 1713 1966 honestissimiscomitibus,
1739 1894 1794 1957 ’Β

123 1992 450 2064 prmparatis
463 1993 678 2048 abunde
692 2007 812 2064 qua:
830 2002 988 2047 erant
1011 1994 1338 2057 necessaria,
1363 1994 1465 2047 iter
1478 1995 1718 2064 aggredi-

121 2090 235 2152 tur,
251 2099 598 2158 summopere
615 2099 913 2156 procurans
934 2094 992 2139 ut
1014 2085 1080 2138 ad
1099 2083 1292 2139 festum
1309 2087 1502 2140 summi
1529 2085 1716 2140 Ponti-

124 2177 267 2242 ﬁcis,
299 2177 444 2247 quod
463 2176 800 2240 imminebat,
815 2185 1142 2231 occurreret.
1162 2177 1313 2244 Quod
1329 2188 1382 2231 et
1395 2177 1593 2232 lactant
1611 2186 1714 2234 est.

123 2267 236 2324 Nec
253 2268 428 2324 latere
453 2269 628 2340 potuit
657 2269 738 2323 vel
766 2269 1084 2339 :egrotantis
1109 2269 1416 2325 sublimitas
1443 2270 1527 2324 vel
1555 2279 1717 2326 tantze

121 2359 482 2416 sublimitatis
505 2359 815 2415 inﬁrmitas.
840 2359 1054 2427 Quanto
1069 2361 1212 2416 enim
1235 2361 1357 2430 quis
1371 2361 1716 2429 eminentior,

123 2459 279 2508 tato
332 2451 451 2520 ejus
514 2449 811 2506 infortunia
857 2450 1019 2506 latius
1083 2452 1448 2524 divulgantur.
1507 2451 1717 2524 Quippe

123 2547 268 2600 fama
332 2544 569 2602 fortuna:
626 2561 849 2612 comes,
913 2561 1073 2616 quem
1132 2547 1222 2600 illa
1279 2546 1530 2611 subruit,
1600 2548 1716 2603 haec

120 2639 393 2696 didamat.
460 2639 726 2697 Intererat
792 2641 955 2714 igitur
1013 2642 1366 2698 moribundus
1432 2640 1731 2712 episcopus

122 2735 368 2806 episcopi
404 2734 624 2790 Martini
661 2734 799 2790 vivis
844 2733 1095 2790 laudibus
1136 2743 1192 2788 et
1225 2731 1434 2788 fcstivis
1464 2751 1476 2786 :
1510 2733 1624 2797 sed,
1656 2741 1716 2787 ut

122 2827 349 2892 dicitur,
403 2827 452 2882 ei
505 2827 684 2898 posite
718 2827 770 2882 in
822 2825 966 2880 luctu
1012 2825 1214 2881 musica
1249 2833 1370 2880 erat
1408 2825 1713 2895 importuna

120 2916 388 2972 narratio.
451 2917 717 2972 Vincebat
771 2925 952 2970 tamen
1008 2915 1295 2970 devotione
1354 2915 1709 2980 maestitiam,

118 3022 224 3062 nec
278 3021 520 3076 unquam
569 3007 851 3062 nocturnis
898 3005 1093 3077 vigiliis
1138 3006 1328 3061 abesse
1385 3005 1710 3075 patiebatur.

121 3100 290 3156 Multa
321 3101 708 3157 eanonicorum
738 3100 884 3154 circa
926 3115 1048 3155 eum
1079 3097 1409 3169 compassio,
1456 3097 1589 3151 mira
1621 3095 1712 3150 be-

115 3193 432 3251 nevolentia
481 3200 622 3250 erat.
675 3192 789 3263 Ipse
839 3203 1018 3247 autem
1059 3199 1304 3248 sanctum
1337 3189 1596 3244 tmnulum
1630 3188 1710 3242 in-

113 3286 331 3340 somnis
354 3299 664 3356 pronusque
693 3283 1066 3355 pernoctabat,
1093 3283 1220 3352 quia
1248 3281 1459 3336 nonnisi
1486 3294 1687 3351 pronus
1712 3274 1714 3276 ’
1737 3271 1783 3332 C

114 3389 352 3450 urgente
381 3379 738 3443 incommodo,
774 3378 984 3432 valebat
1011 3378 1328 3434 subsistere.
1365 3376 1708 3434 Continuatis

115 3471 308 3541 itaque
332 3479 539 3541 septem
567 3469 755 3526 diebus
786 3469 1234 3530 solemnitatibus,
1263 3469 1444 3526 clerus
1467 3478 1522 3524 et
1544 3483 1710 3539 pupu-

115 3562 209 3616 Ins
236 3575 389 3616 more
415 3562 596 3616 debito
645 3560 982 3615 laetabantur.
1034 3559 1154 3630 Ipse
1202 3575 1330 3613 vero
1364 3575 1468 3613 non
1497 3559 1708 3624 diebus,

113 3668 232 3708 non
280 3652 568 3716 noctibus,
621 3667 650 3705 a
698 3651 954 3723 laerymis
1007 3658 1062 3704 et
1121 3650 1368 3704 oratione
1439 3649 1707 3704 cessabat.

113 3743 370 3814 Septima
399 3743 615 3798 demum
657 3750 835 3806 nocte,
865 3741 1112 3798 oratione
1140 3740 1394 3796 continua
1423 3748 1477 3794 et
1507 3740 1710 3794 doloris

115 3833 383 3906 fatigatus
411 3833 730 3900 acerbitate,
767 3843 825 3888 ut
851 3841 970 3888 erat
1012 3844 1140 3890 ante
1182 3842 1587 3888 sacrosanctum
1621 3842 1708 3886 tu-

113 3927 330 3983 mulum
353 3935 684 3998 prostratus,
717 3925 992 3996 paululum
1043 3924 1392 3988 obdormivit,
1425 3939 1549 3979 cum
1581 3939 1707 3978 ecce

111 4019 462 4090 signipotens
487 4017 772 4083 Martinus,
806 4016 1102 4087 pontiﬁcali
1131 4016 1417 4072 decoratus
1444 4014 1630 4080 infula,
1656 4015 1707 4070 ei

112 4117 274 4170 visus
296 4123 381 4171 est
404 4115 664 4172 astitisse.
697 4114 866 4182 Quem
901 4124 962 4168 ut
1003 4124 1211 4185 patrem
1245 4113 1418 4180 lilius,
1451 4123 1510 4168 ut
1543 4115 1707 4170 disci-

111 4207 282 4277 pulus
307 4215 690 4278 praeceptorem
703 4215 941 4266 .sanctus
990 4205 1233 4261 Briccius
1274 4205 1623 4276 sequebatur,
1651 4213 1711 4260 et

114 4301 239 4368 ipse
289 4308 470 4354 tatuen
515 4297 893 4369 episcOpaliter
941 4299 1242 4354 redimitus.
1296 4298 1378 4352 Ad
1424 4314 1586 4368 quem
1634 4299 1708 4354 ita

115 4390 431 4445 Martinus:
461 4388 620 4457 Quid,
651 4388 820 4444 frater
845 4389 1060 4446 Bricei?
1110 4387 1395 4446 Justumne
1435 4390 1527 4444 tibi
1562 4389 1707 4446 vide-

116 4489 210 4536 tnr
235 4488 296 4534 ut
323 4495 467 4550 aeger
494 4480 581 4535 hic
606 4487 847 4550 optatam
877 4480 1105 4552 recipiat
1129 4480 1436 4543 sanitatem,
1471 4481 1562 4550 qui
1597 4488 1707 4536 tam

113 4572 352 4627 devotus
375 4584 443 4625 ex
465 4579 575 4626 tam
597 4570 904 4642 longinquis
927 4571 1169 4644 partibus
1196 4572 1263 4626 ad
1291 4580 1536 4626 nostrum
1562 4572 1708 4626 venit

114 4663 392 4719 tumulum
419 4703 434 4728 ,
485 4671 595 4718 tam
642 4664 975 4733 suppliciter,
1011 4675 1117 4718 tam
1162 4674 1574 4735 perseveranter
1609 4677 1708 4719 no-

110 4761 297 4809 stram
335 4767 492 4823 opem
516 4752 776 4824 expetiit?
814 4753 882 4809 Et
910 4753 1195 4810 Briccius:
1229 4753 1474 4818 Domine,
1512 4754 1706 4822 inquit,

107 4843 156 4898 si
192 4844 378 4912 placet
415 4852 610 4901 vestrae
633 4844 850 4914 pietati,
880 4847 1080 4902 bonum
1106 4854 1188 4902 est
1213 4855 1271 4901 ut
1295 4847 1398 4901 iste
1423 4845 1708 4915 pristinam

109 4937 420 4994 sanitatem
464 4940 712 5010 recipiat,
748 4942 1045 5011 praesertim
1078 4941 1238 4996 homo
1281 4939 1455 4998 nostri
1478 4940 1706 5006 ordinis,

109 5038 172 5084 et
211 5027 371 5098 cujus
408 5031 518 5084 vita
563 5031 815 5087 ordinem
866 5047 974 5087 non
1031 5033 1301 5102 deturpat.
1351 5033 1501 5089 Tunc
1543 5033 1710 5105 igitur

111 5118 391 5174 Mart-inus
411 5135 707 5175 conversus
735 5122 801 5177 ad
829 5137 1061 5193 aegrum,
1091 5132 1146 5180 et
1181 5123 1446 5183 familiare
1476 5129 1580 5185 sibi
1610 5143 1704 5183 no-

109 5224 253 5265 men
307 5211 481 5265 crucis
521 5224 617 5265 ore
664 5224 820 5266 sacro
856 5213 1208 5283 depromens,
1251 5216 1525 5290 ipsamque
1583 5234 1707 5274 cru-

109 5315 247 5356 cem
301 5314 459 5370 super
500 5314 623 5356 eum
649 5301 942 5374 depingens
971 5319 986 5358 :
1020 5303 1285 5373 Heldrice,
1327 5309 1520 5380 inquit,
1548 5320 1708 5366 sanat

113 5405 175 5451 te
208 5395 471 5451 Dominus
498 5396 656 5452 Iesus
684 5397 947 5454 Christus.
993 5398 1161 5473 Surge
1188 5417 1369 5472 sanus,
1403 5419 1459 5464 et
1498 5407 1707 5463 vocatis

110 5487 348 5534 φιιλνίδῖθ
395 5489 524 5526 τηε-δί’
624 5489 897 5534 ἰηηηιρςορ
953 5492 1058 5532 illic
1099 5494 1218 5532 nulla

1275 5499 1416 5534 τινοΛῖ
1425 5502 1520 5536 huc
1573 5500 1704 5532 ιηοῖι·

1823 637 1930 692 Iem
1960 639 2353 709 aegritudinem,
2384 640 2501 695 viso
2529 648 2580 694 te
2611 641 2814 711 sospite
2856 642 2912 696 in
2947 643 3127 700 missae
3153 645 3399 701 celebra-

1824 728 1988 792 tione,
2021 737 2073 783 et
2102 730 2267 784 Deum
2295 730 2577 800 glorificet,
2612 739 2668 785 et
2696 733 2762 786 de
2789 742 2974 788 nostra
3005 734 3400 795 intercessiom

1827 822 2124 878 fiducialius
2151 831 2460 895 praesumat.

1895 917 1990 972 His
2022 917 2180 973 dictis
2214 918 2384 973 morbi
2416 917 2594 973 locum
2641 917 2818 974 baculi
2867 919 3154 989 pastoralis
3179 921 3404 992 cuspide

1820 1009 1970 1065 visus
2017 1017 2101 1065 est
2147 1009 2401 1079 tetigisse.
2453 1008 2533 1062 Ad
2563 1009 2718 1078 cujus
2748 1017 2948 1064 tactum
2977 1018 3030 1065 et
3053 1010 3189 1066 visio
3217 1012 3399 1083 dispan

1820 1103 1952 1167 ruit,
1981 1109 2035 1157 et
2079 1115 2300 1156 somnus
2329 1101 2568 1156 secessit.
2621 1101 2898 1158 Excitatus
2931 1103 3213 1174 episcopus
3239 1115 3404 1176 expec

1820 1192 2030 1248 rientize
2059 1207 2219 1247 causa
2248 1191 2369 1248 loco
2397 1189 2636 1246 vulneris
2673 1207 2888 1248 manum
2918 1195 3158 1265 apponit.
3200 1194 3270 1249 At
3295 1196 3399 1250 mi-

1822 1283 1979 1338 nistri
2026 1282 2141 1350 ejus
2165 1323 2179 1349 ,
2229 1281 2319 1352 qui
2368 1296 2537 1353 prope
2569 1285 2940 1352 excubabant,
2977 1283 3230 1342 timentes
3256 1296 3400 1343 tactu

1819 1374 2153 1444 pruriginem
2187 1373 2424 1438 irritare,
2453 1373 2813 1444 prohibebant
2847 1389 2991 1429 eum.
3024 1373 3230 1443 Quibus
3261 1376 3350 1432 ille
3384 1394 3400 1432 :

1820 1461 2015 1528 Nolite,
2049 1464 2244 1536 inquit,
2286 1465 2496 1520 timere.
2542 1465 2780 1520 Domnus
2823 1466 2966 1523 enim
3017 1465 3285 1524 Martinus
3315 1484 3404 1525 me

1820 1558 2041 1613 sanitati
2070 1558 2331 1614 restituit.
2382 1557 2589 1625 Quibus
2629 1559 2990 1616 excitantibus
3037 1575 3106 1616 ne
3140 1561 3282 1618 forte
3307 1577 3405 1632 per

1819 1652 2088 1706 somnium
2136 1651 2468 1722 loqueretur,
2523 1650 2834 1717 Accendite,
2883 1653 3079 1724 inquit,
3129 1654 3399 1716 lucernas.

1817 1746 2000 1802 venite
2027 1753 2082 1800 et
2114 1745 2290 1802 videte
2320 1745 2494 1801 locum
2535 1746 2624 1802 ubi
2657 1745 2834 1800 fuerat
2863 1746 3100 1801 morbus.
3149 1745 3227 1800 Illi
3257 1747 3402 1800 dicto

1818 1837 1980 1894 citius
2006 1844 2154 1908 (nam
2175 1853 2341 1893 morte
2365 1837 2656 1908 impatiens
2675 1836 3000 1892 desiderium
3024 1835 3128 1907 est)
3160 1836 3403 1892 accensis

1818 1925 2173 1982 lnminaribns
2217 1935 2546 1996 praeeuntem
2587 1934 2916 1997 sequuntur,
2963 1926 3126 1997 inque
3168 1925 3402 1996 capitqu

1817 2017 2063 2074 ecclesia:
2111 2018 2487 2074 substiterunt.
2544 2017 2694 2073 Tunc
2740 2031 2869 2074 vero
2904 2018 3177 2074 resolvunt
3206 2017 3402 2074 fascias

1817 2107 2033 2178 quibus,
2065 2115 2123 2162 ut
2153 2121 2270 2164 mos
2301 2115 2416 2172 est,
2449 2107 2738 2179 ligabatur,
2771 2106 3054 2177 pullosque
3096 2123 3233 2178 quos
3278 2123 3402 2164 sero

1819 2202 2013 2257 morbo
2042 2201 2189 2257 velut
2235 2200 2526 2257 insatiabili
2574 2200 2764 2256 belluse
2809 2198 3121 2267 objecerant
3168 2199 3402 2256 intactos

1815 2291 2117 2362 reperiunt,
2146 2305 2368 2347 carnem
2402 2291 2740 2346 subcrevisse
2766 2289 2970 2360 reliqua
3022 2289 3074 2344 in
3124 2289 3268 2344 nullo
3303 2290 3402 2346 hu-

1815 2383 2084 2439 miliorem
2135 2383 2436 2447 inveniunt,
2469 2397 2568 2437 nec
2598 2382 2668 2436 ab
2691 2397 2754 2436 ea
2785 2381 2998 2436 differre
3027 2389 3226 2450 praeter
3256 2384 3399 2451 quod

1817 2470 2012 2529 lineola
2061 2474 2306 2544 quedam
2369 2473 2666 2528 rubicunda
2730 2473 2856 2528 hinc
2906 2473 3180 2528 cicatricis
3233 2473 3398 2527 alter-

1815 2578 1995 2624 utram
2041 2567 2334 2622 dividebat.
2383 2566 2518 2633 Quid
2562 2566 2777 2620 moror?
2825 2563 3042 2621 Clamor
3087 2565 3396 2625 mirantium

1815 2661 2055 2717 simulet
2083 2659 2430 2732 gaudentium
2472 2659 2540 2712 ad
2569 2668 2715 2714 astra
2746 2657 3065 2712 sustollitur.
3114 2656 3394 2722 Canonici,

1815 2759 1906 2828 qui
1935 2757 2226 2812 matutinos
2255 2755 2483 2826 hymnos
2525 2770 2622 2823 pro
2669 2753 2892 2808 solemni
2943 2767 3094 2808 more
3141 2753 3398 2808 decanta-

1815 2848 1967 2912 bant,
1991 2847 2154 2902 exciti
2178 2845 2402 2900 vocibus
2423 2855 2732 2905 accurrunt,
2767 2859 2990 2914 remque
3015 2845 3230 2915 dignam
3265 2843 3398 2898 satis

1815 2939 2080 2995 miraculo
2106 2937 2280 2995 oculis
2309 2937 2740 3005 comprobantes,
2776 2936 3044 2990 neminem
3084 2944 3396 2990 sanctorum

1815 3032 2088 3102 signorum
2117 3028 2354 3082 efﬁcacia
2385 3026 2802 3096 comparabilem
2853 3025 3081 3081 Martino
3128 3032 3398 3096 protesta-

1814 3127 2030 3182 bantur.
2079 3123 2368 3179 Pulsantur
2395 3121 2559 3192 igitur
2589 3120 2762 3190 signa,
2797 3118 2866 3174 'l‘e
2911 3119 3077 3174 Deum
3114 3119 3395 3180 laudamus

1815 3215 2072 3272 alacriter
2111 3215 2450 3268 decantatur.
2497 3211 2650 3266 Mane
2689 3211 2812 3266 dato
2845 3217 3142 3266 conventus
3174 3209 3398 3265 canoni-

1813 3322 2002 3363 corum
2055 3306 2107 3360 in
2155 3304 2450 3374 capitulum
2495 3311 2824 3358 convocatur
2859 3301 3152 3360 :Jussione
3179 3302 3396 3359 Martini

1812 3406 2070 3468 accepta,
2119 3396 2430 3466 episcopum
2483 3404 2730 3450 sanatum
2777 3395 3094 3450 canonicum
3145 3393 3393 3462 faciunt;

1811 3491 1902 3560 qui
1933 3499 1986 3545 et
2013 3490 2204 3544 eodem
2234 3489 2340 3551 die,
2383 3497 2441 3541 nt
2471 3487 2572 3542 sibi
2609 3495 2830 3542 sanctus
2853 3487 3111 3557 jusserat,
3151 3485 3394 3552 Domini-

1809 3581 1934 3640 eam
1967 3583 2185 3637 missam
2215 3581 2362 3635 clero
2400 3579 2719 3650 pupillisque
2755 3562 3056 3634 astantibus
3081 3578 3392 3634 celebravit.

1811 3677 2017 3744 Quibus
2049 3676 2150 3730 rite
2177 3673 2432 3744 perfectis
2455 3714 2469 3736 ,
2523 3672 2676 3728 laetus
2703 3679 2759 3726 et
2808 3671 3090 3727 incolumis
3133 3671 3395 3727 remeavit

1811 3772 1878 3824 ad
1911 3769 2146 3839 propria.
2196 3767 2300 3822 Sed
2346 3781 2451 3822 non
2485 3766 2758 3837 ingratus,
2793 3765 2877 3821 vel
2911 3766 3086 3821 sancti
3130 3765 3394 3822 beneficio

1809 3861 1896 3916 vel
1919 3860 2302 3914 canonicorum
2325 3873 2550 3914 suorum
2573 3858 2852 3928 obsequio,
2879 3858 2977 3927 ipsi
3005 3866 3191 3914 sancto
3213 3866 3393 3914 vestes

1811 3956 2014 4011 sericas
2045 3955 2310 4023 pretiosas
2339 3968 2576 4023 vasaque
2606 3965 2769 4007 aurea
2801 3962 2850 4006 et
2883 3962 3161 4022 argentea,
3197 3952 3393 4023 quibus

1810 4049 2081 4116 hodieque
2110 4046 2334 4102 Domino
2365 4055 2419 4100 et
2449 4054 2637 4099 sancto
2666 4043 2796 4098 inibi
2827 4043 3189 4108 ministratur,
3219 4043 3392 4098 trans;

1812 4138 1960 4193 misit
1988 4137 2323 4208 singulisque
2352 4134 2628 4190 canonicis
2661 4133 2869 4203 singula
2897 4133 3122 4188 donaria
3152 4133 3393 4190 destina-

1810 4231 1904 4284 vit.
1940 4229 2122 4299 Neque
2163 4229 2266 4284 boc
2289 4228 2462 4282 visum
2493 4237 2574 4282 est
2600 4227 2650 4281 ei
2695 4227 2846 4280 satis.
2893 4226 3154 4281 Processu
3206 4226 3391 4296 itaque

1812 4320 2072 4389 temporis
2103 4321 2154 4372 in
2187 4318 2405 4377 dioecesi
2458 4333 2554 4371 sua
2603 4315 2886 4371 ecclesiam
2933 4315 2983 4370 in
3016 4316 3220 4370 honore
3247 4316 3389 4372 beati

1814 4411 2025 4465 Martini
2051 4408 2371 4471 construxit,
2395 4422 2556 4476 quam
2587 4407 2754 4462 tantis
2778 4405 3078 4464 redditibus
3096 4409 3389 4464 cumulavit

1809 4510 1868 4554 ut
1896 4498 2286 4569 quinquaginta
2323 4497 2570 4552 canonici
2609 4495 2663 4550 in
2703 4511 2766 4552 ea
2811 4497 2918 4554 Deo
2943 4507 3002 4554 et
3027 4508 3220 4556 sancto
3250 4499 3391 4556 Mar-

1813 4593 1928 4645 tino
1954 4589 2320 4644 deservientes
2348 4586 2828 4645 abundantissimis
2853 4591 3154 4661 sumptibus
3179 4601 3390 4649 susten-

1815 4691 2019 4738 ῑεηιιιτ.

1886 4775 1948 4830 II.
2003 4773 2323 4830 Marchisius
2369 4775 2434 4829 de
2481 4771 2904 4840 Monteferrato,
2950 4774 3260 4832 Bonifacius
3295 4793 3392 4836 no-

1814 4866 1996 4929 mine,
2045 4865 2199 4920 bona!
2242 4863 2545 4920 devotionis
2587 4868 3033 4926 consuetudinem
3081 4866 3288 4924 fecerat
3336 4879 3395 4926 ut

1815 4957 1974 5012 annis
1994 4955 2216 5026 singulis
2234 4953 2300 5008 ad
2321 4953 2466 5012 diem
2489 4953 2684 5010 festum
2707 4954 2851 5014 beati
2873 4959 3108 5024 Martini,
3132 4960 3395 5018 tumulum

1813 5045 1933 5114 ejus
1957 5052 2358 5104 sacrosanctum
2380 5053 2677 5119 expeteret.
2719 5044 2834 5103 Non
2875 5053 3017 5108 enim
3046 5049 3257 5105 itineris
3284 5051 3401 5106 lon-

1812 5138 2000 5208 gitudo
2028 5147 2080 5191 et
2109 5135 2394 5206 asperitas,
2424 5152 2528 5194 non
2566 5134 3004 5204 interjacentium
3045 5141 3282 5196 hostium
3321 5144 3405 5198 in—

1810 5227 1988 5292 sidiae,
2019 5242 2121 5281 non
2159 5222 2427 5283 bellorum
2457 5227 2710 5294 frequens
2747 5225 3015 5300 incursio,
3049 5245 3152 5286 non
3176 5231 3409 5303 denique

1812 5317 1922 5373 ulla
1954 5327 2202 5390 poterant
2237 5313 2503 5383 impedire
2552 5314 2766 5382 negotia
2819 5327 2954 5392 quin
2986 5323 3053 5379 ad
3089 5320 3259 5375 sancti
3293 5321 3408 5377 suf-

1812 5405 1990 5482 fragia
2043 5408 2406 5480 promerenda
2464 5416 2797 5465 occurreret.
2879 5418 3028 5473 Adeo
3096 5409 3233 5466 fideli
3294 5413 3414 5467 viro

1812 5501 2151 5546 ηυηηροῖιιηῂ
2175 5498 2317 5534 οιισιίί
2357 5501 2468 5546 Dr“
2489 5510 2636 5536 nanrn
2663 5497 2822 5522 τηε-ηυγ
2862 5524 2876 5528 -
