3948 5760
589 305 732 366 1039
1116 272 1407 365 APPEND.
1443 306 1536 365 AD
1573 304 1749 364 SEC.
1789 304 1881 362 IX.
1920 333 1990 347 ι·-
2031 302 2375 365 SUPPLEM.
2413 306 2507 365 AD
2542 305 2748 365 AUCT.
2786 304 3154 393 CEQTIORIS
3191 309 3377 367 ANNI.
3688 361 3699 371 .
3730 316 3836 373 lilio

584 424 925 498 interpositis
948 424 1106 483 simul
1131 424 1557 495 fideijussorihus
1582 423 1788 490 multis,
1809 432 1864 479 et
1886 432 2011 499 tunc
2038 421 2174 494 ejus-
2201 432 2251 507 Α
2276 421 2490 479 laudem
2521 423 2694 480 sancti
2723 422 2938 481 Martini
2980 423 3138 482 floret
3172 426 3383 500 religio,
3412 426 3732 501 Christique
3751 447 3838 487 ser-

584 521 708 576 dem
732 517 1018 577 reddendae
1037 518 1279 590 pecunia:
1302 517 1420 573 dies
1439 516 1722 573 condictus
1746 514 2003 571 instabat.
2029 514 2169 582 Quid
2274 517 2418 572 vitus
2447 516 2686 595 liberalis
2730 518 2783 573 in
2818 519 2935 576 dies
2979 519 3294 576 exsolvitur.
3328 520 3702 592 Crediturque
3727 526 3836 595 quod

580 609 828 666 faceret?
853 608 910 665 Si
938 608 1085 664 enim
1110 622 1262 665 more
1286 608 1466 663 avium
1489 606 1803 679 pernicibus
1825 605 1927 663 alis
1953 605 2171 662 evolare
2240 634 2248 679 ς
2272 606 2501 663 illustris
2529 606 2804 666 Marchisii
2831 649 2846 676 ,
2885 610 2986 666 etsi
3014 611 3295 682 sanguinis
3324 614 3701 685 generositate
3735 616 3837 672 inle-

578 709 785 772 posset,
819 714 918 755 nec
946 699 1027 755 sic
1060 698 1276 769 quidem
1316 697 1383 753 ad
1415 698 1693 770 praeﬁxum
1723 705 1938 770 poterat
1975 712 2168 755 oceur-
2236 748 2241 753 .
2270 700 2402 767 rior,
2436 718 2650 786 morum
2690 712 2868 760 tamen
2913 702 3217 786 nobilitate,
3245 707 3528 776 praecipue
3554 707 3705 763 circa
3731 707 3839 764 Mar-

558 802 703 852 -rcre
729 796 894 852 diem.
926 794 1081 869 Quod
1112 794 1277 864 igitur
1300 792 1475 849 solum
1500 793 1605 849 sibi
1632 793 1897 860 restabat,
1931 792 2000 849 ad
2027 791 2170 847 Mar—
2240 792 2370 849 .tini
2403 782 2661 852 honorem
2685 835 2701 862 ,
2746 811 2806 851 se
2835 782 3091 873 probavit
3116 797 3432 869 ingenuum.
3484 797 3629 854 Nam
3659 809 3713 855 et
3752 801 3839 872 ipso

579 890 680 946 tini
704 888 958 961 suffragia
984 887 1254 959 poscenda
1279 896 1425 943 totus
1442 887 1799 957 convertitur.
1826 885 1982 941 illum
2004 885 2164 965 votis,
2269 885 2504 956 propriis
2549 887 2852 958 sumptibus
2898 887 2953 942 in
3004 887 3220 944 Martini
3274 889 3546 945 honorem
3581 876 3837 947 ecclesiam

573 982 729 1038 illum
755 990 947 1037 exorat
972 980 1261 1053 gemitibus
1293 986 1355 1034 ut
1393 978 1448 1034 in
1492 985 1653 1041 tanta
1681 979 2006 1035 necessitate
2035 994 2164 1035 cou-
2235 977 2596 1047 ,construxit,
2626 977 2713 1033 cui
2756 985 2964 1033 tantmn
2995 978 3300 1045 reddituum
3354 979 3658 1049 acquisivit
3700 998 3837 1052 quan.

572 1072 763 1128 stituto
790 1063 1110 1145 subveniat;
1154 1084 1223 1126 ne
1252 1068 1479 1135 scilicet,
1509 1068 1602 1140 qui
1637 1084 1759 1126 sese
1787 1078 1844 1125 et
1869 1085 1965 1126 sua
1996 1085 2163 1140 nego-
2267 1076 2380 1123 tum
2407 1069 2697 1126 conventui
2745 1071 3133 1126 monachorum
3186 1071 3391 1127 ibidem
3440 1071 3561 1128 Deo
3610 1080 3667 1127 et
3709 1072 3838 1128 beato

570 1165 647 1220 tia
667 1164 738 1221 ob
757 1164 875 1234 ejus
906 1163 1249 1227 devotionem
1279 1162 1483 1218 oblitus
1509 1161 1706 1228 fuerat,
1736 1163 1804 1235 ab
1829 1162 1947 1234 ipso
1973 1163 2165 1219 oblivi-
2264 1158 2498 1217 Martino
2530 1146 2880 1243 servientium
2930 1162 3274 1234 plenissimos
3319 1175 3581 1236 sumptus
3617 1164 3840 1221 subicere

570 1268 780 1325 scatur,
827 1273 895 1315 ne
926 1255 1304 1327 ﬁdejussorum
1338 1263 1396 1312 et
1423 1270 1576 1333 suam
1618 1256 1789 1327 ipsius
1828 1256 1990 1313 ﬁdem
2016 1257 2163 1328 peri-
2234 1254 2546 1325 potuisset.
2593 1255 2814 1312 Floreat
2849 1265 3031 1313 autem
3066 1245 3336 1329 hodieque
3383 1259 3566 1314 ambae
3596 1259 3836 1324 ecclesia,

565 1349 968 1416 clitari‘sinat;
1023 1351 1116 1406 sed
1170 1364 1323 1407 more
1373 1364 1472 1406 suo
1515 1348 1777 1404 divinitus
1826 1348 1993 1405 faciat
2036 1338 2160 1407 esSe
2260 1359 2381 1415 quae
2409 1346 2837 1419 ingredientibus
2865 1348 3021 1406 nobis
3050 1348 3262 1405 Italiam
3310 1350 3523 1420 perviae
3570 1359 3739 1418 sunt,
3773 1368 3833 1406 vr

540 1458 591 1497 'c
628 1443 1056 1517 possibilezquod
1080 1442 1225 1516 apud
1253 1457 1445 1499 omnes
1491 1440 1828 1512 impossibile
1862 1451 1944 1499 est
1980 1440 2157 1517 (Han:
2257 1437 2396 1495 cina:
2426 1439 2636 1497 scilicet
2665 1438 2889 1498 Susensi
2920 1456 3078 1512 pago.

561 1551 620 1604 ι,
652 1534 767 1608 27).
800 1537 827 1589 ἰ
1049 1542 1053 1547 ·
1168 1554 1172 1558 Α
1396 1548 1397 1551 η
1474 1590 1481 1601 ,
1566 1592 1571 1595 _
2332 1528 2418 1585 ΙΙΙ.
2460 1529 2517 1586 ln
2544 1530 2733 1587 diebus
2764 1531 2871 1588 illis
2896 1534 2964 1589 ad
2987 1532 3130 1590 beati
3172 1533 3271 1591 viri
3297 1544 3729 1602 sacrosanctum
3767 1545 3814 1593 tu

633 1626 690 1682 In
728 1626 1287 1698 haesupplicatione,
1317 1640 1480 1698 quam
1511 1626 1645 1683 dura
1689 1612 1993 1683 necessitas
2017 1640 2155 1698 prae-
2258 1622 2462 1678 mulum
2507 1624 2863 1697 undecunque
2899 1626 3087 1698 patriar.
3120 1630 3481 1701 energumeni
3523 1629 3839 1689 ferebantur.

562 1722 867 1788 tendebat;
886 1721 979 1776 diu
1031 1720 1286 1792 fatigatus
1307 1761 1322 1787 ,
1362 1718 1577 1776 tandem
1611 1718 1976 1787 obdormivit;
2028 1734 2150 1775 cum
2224 1712 2451 1771 -Mirum
2482 1715 2536 1771 in
2570 1717 2788 1783 modum
2825 1719 3024 1775 mortui
3052 1718 3225 1775 virtus
3255 1721 3408 1778 circa
3444 1722 3602 1780 vivos
3630 1723 3840 1779 salutem

557 1806 689 1869 ecce
729 1812 1065 1884 signipot'eus
1111 1812 1200 1868 ille
1241 1811 1546 1875 Martinus,
1613 1821 1673 1867 ut
1732 1818 1880 1867 totus
1933 1826 2152 1883 semper
2180 1809 2606 1881 nuperabatur,
2647 1824 2750 1866 nec
2786 1810 3070 1882 quisquam
3115 1819 3301 1883 aptata
3353 1813 3600 1870 sanitate
3631 1813 3840 1869 frustra-

554 1906 861 1963 visceribus
891 1904 1177 1961 ebaritatis
1202 1903 1474 1971 allluebat,
1504 1905 1759 1961 devotum
1795 1904 1898 1961 sibi
1923 1905 2151 1962 misera-

536 2010 669 2068 tus,
702 2003 753 2057 in
779 2002 897 2057 visu
921 2002 969 2058 ei
997 2002 1167 2057 astitit
1201 2000 1604 2073 pontiﬁcalibus
1631 2000 1918 2058 redimitus
1939 1998 2146 2066 infulis,

536 2094 787 2151 ’duohus'
820 2086 1047 2167 pariter'
1071 2096 1354 2167 episcopis
1393 2095 1684 2152 comitatus
1735 2094 2020 2166 visumque
2064 2104 2151 2151 est

534 2188 677 2242 'viro
703 2189 844 2258 quod
873 2188 978 2242 duo
1008 2186 1083 2242 illi
1112 2202 1211 2258 pro
1236 2184 1303 2243 eo
1331 2186 1564 2243 Martino
1594 2186 1981 2258 supplicarent,
2013 2201 2147 2259 quo-

554 2294 676 2333 rum
706 2279 957 2349 precibus
993 2287 1214 2335 sanctus
1254 2278 1466 2335 liberali
1496 2278 1780 2335 hilaritate
1809 2293 2054 2336 annuens
2082 2279 2148 2333 ﬁ-

532 2372 675 2427 ‘dem
709 2373 903 2444 jubet,
951 2372 1210 2427 auxilium
1248 2371 1554 2442 pollicetur.
1614 2370 1724 2428 Nec
1770 2386 1955 2437 mora;
2005 2371 2144 2428 visio

551 2478 882 2532 smnimsque
910 2462 1115 2532 pariter
1146 2461 1527 2517 terminantur.
1571 2461 1744 2518 Mento
1773 2462 1984 2518 excitus
2009 2477 2141 2519 con-

550 2554 810 2625 gratulari
843 2562 1085 2626 coeperat
1112 2554 1328 2610 visioni.
1359 2553 1464 2610 Sed
1494 2553 1711 2609 Martini
1738 2553 2024 2626 promissio
2052 2570 2141 2611 re-

547 2648 782 2702 vertitur
814 2648 867 2702 in
898 2645 1174 2703 eﬁ‘ectum.
1224 2646 1361 2702 Nam
1411 2656 1631 2719 repente
1664 2647 1770 2703 duo
1815 2661 1943 2703 vasa
1974 2662 2140 2703 aurea

544 2755 717 2813 prope
744 2756 803 2796 se
840 2741 1014 2812 posita
1061 2741 1144 2796 vir
1177 2740 1403 2798 illustris
1440 2741 1646 2813 reperit
1689 2756 1956 2797 summam
1986 2756 2140 2795 umn-

549 2848 764 2889 morum
809 2832 1140 2889 continentia
1193 2849 1291 2905 pro
1345 2834 1541 2904 quibus
1593 2832 1855 2889 sollicitus
1908 2832 2139 2889 Martino

520 2925 969 2996 'supplicaverat.
1019 2926 1150 2993 Quae
1176 2924 1336 2980 simul
1367 2934 1425 2980 ut
1454 2925 1708 2997 aspexit,
1753 2932 2008 2981 servante
2040 2938 2138 2980 ue-

542 3017 713 3083 mine,
744 3017 931 3071 mirari
973 3032 1157 3072 secum
1183 3058 1198 3082 ,
1250 3016 1672 3088 circumquaque
1698 3015 2035 3088 prospicere,
2067 3029 2135 3070 ne
2206 3038 2211 3039 ί

520 3107 684 3163 ‘forte
710 3109 778 3163 ad
819 3108 901 3164 sui
933 3108 1284 3163 tentationem
1315 3108 1599 3179 pecuniam
1643 3116 1848 3164 tantam
1888 3108 2009 3177 quis
2038 3122 2136 3178 ap~

2217 1934 2223 1939 ›
2250 1903 2433 1969 batur,
2464 1904 2567 1960 nisi
2597 1905 2754 1975 cujus
2804 1904 2937 1961 ﬁdes
2991 1905 3205 1961 infirma
3233 1907 3303 1963 de
3332 1906 3560 1965 Martini
3619 1912 3841 1981 potentia

2251 1994 2559 2052 haesitabat.
2601 1996 2736 2052 Erat
2778 2004 2907 2053 tunc
2932 1997 3194 2069 temporis
3232 1998 3615 2079 dreinoniacus
3642 2004 3839 2074 quidam

2218 2128 2225 2135 .
2250 2095 2413 2144 tetate
2450 2088 2689 2159 juvenis,
2722 2087 2979 2145 militaris
3004 2091 3285 2161 progenie,
3316 2090 3487 2147 Gimo
3524 2093 3759 2156 nomine,
3786 2092 3841 2148 de

2260 2188 2445 2236 castro
2474 2180 2723 2237 Prierato
2767 2181 3052 2238 oriundus.
3101 2180 3258 2238 Hunc
3310 2193 3579 2254 parentes
3622 2185 3839 2240 vinctam

2214 2274 2462 2331 .catenis
2503 2275 2877 2341 ministrorum
2919 2273 3182 2345 obsequio
3229 2274 3299 2330 ad
3339 2277 3527 2333 sancti
3579 2277 3837 2334 basilicam

2213 2381 2218 2389 '
2247 2366 2496 2425 exhiberi
2531 2368 2803 2423 fecerunt.
2828 2367 3045 2423 Daemon
3068 2378 3251 2425 autem
3276 2370 3372 2441 qui
3403 2388 3533 2427 eum
3566 2372 3834 2439 invaserat,

2212 2468 2305 2513 :et
2360 2459 2533 2514 durus
2566 2461 2849 2530 posseSsor
2898 2459 3244 2533 praesidebat,
3307 2461 3408 2518 illo
3438 2464 3512 2518 ad
3562 2464 3834 2519 multem

2211 2551 2641 2618 confusionem,
2688 2560 2749 2608 ut
2788 2553 3009 2623 proprio
3050 2566 3279 2622 organo,
3320 2554 3683 2619 abutebatur.
3722 2556 3809 2624 Qui

2245 2656 2459 2712 cunque
2500 2642 2644 2697 enim
2691 2642 2747 2698 in
2789 2639 2906 2710 ejus
2932 2642 3171 2697 venisset
3198 2645 3561 2715 przcsentiam
3610 2646 3832 2716 capitalis

2242 2733 2490 2790 criminis
2518 2749 2658 2790 nnxe
2687 2734 2973 2801 obnoxius,
3005 2736 3190 2791 statim
3223 2745 3468 2808 tempus,
3504 2738 3706 2804 iocum,
3730 2756 3829 2810 per

2243 2843 2458 2895 sonam,
2494 2829 2826 2899 modumque
2858 2829 3114 2886 facinoris
3141 2831 3355 2888 daemon
3397 2834 3456 2889 in
3500 2832 3623 2903 ejus
3661 2833 3831 2890 faciem

2240 2921 2607 2980 irreverenter
2628 2942 2816 2983 coram
2846 2929 3097 2984 omnibus
3125 2931 3443 3000 exponebat

2323 3014 2494 3071 Tanta
2518 3027 2638 3073 erat
2666 3019 2720 3074 in
2749 3020 2989 3077 daemone
3018 3023 3360 3093 perspicaeia
3390 3025 3668 3083 scelerum
3691 3030 3819 3098 quod

2239 3104 2457 3174 quidam
2504 3107 2736 3166 clericus
2782 3113 2980 3177 sancti,
3025 3111 3344 3168 Fridericus
3377 3116 3649 3182 nomine,
3700 3119 3828 3173 dives

538 3198 831 3271 posuisset.
884 3197 1134 3254 Haerebat
1162 3199 1327 3270 igitur
1352 3208 1595 3269 stupens.
1637 3198 1806 3267 Quem
1834 3199 2134 3255 servientes
2161 3182 2208 3246 C
2237 3216 2423 3273 opum,
2456 3202 2590 3259 clari
2615 3207 2918 3278 sanguinis,
2944 3208 3261 3265 nonnullius
3281 3211 3457 3279 etiam
3483 3212 3754 3284 dignitatis
3778 3215 3825 3268 in

520 3293 529 3329 -’
542 3292 645 3356 sui,
670 3293 761 3364 qui
788 3291 905 3362 ejus
926 3292 1190 3349 orationis
1218 3292 1380 3348 ﬁdem
1408 3293 1621 3349 eminus
1651 3293 2128 3364 praestolabantur,

516 3383 833 3441 ‘sollicitum'
862 3376 1260 3457 perpendentes
1288 3385 1508 3455 propius
1535 3386 1820 3451 accedunt,
1858 3386 2129 3443 neminem

516 3503 524 3509 ν
546 3477 785 3534 adfuisse
809 3491 928 3533 sese
947 3477 1337 3535 excubantibus
1351 3478 1443 3548 qui
1476 3492 1541 3533 ea
1563 3477 1893 3549 deposuerit,
1908 3494 2014 3533 non
2032 3477 2130 3533 mi-

518 3562 523 3571 ’
537 3589 642 3628 nus
659 3571 920 3629 miraculo
935 3587 1095 3643 quam
1110 3571 1303 3642 gaudio
1315 3570 1488 3627 allecti
1503 3572 1961 3642 prolestabantur.
1978 3571 2128 3628 Tunc

534 3664 864 3721 Marcbisius
891 3679 906 3719 :
939 3665 1307 3737 Signipotens,
1336 3664 1535 3737 inquit,
1565 3664 1827 3721 Martinus
1855 3665 1923 3721 de
1959 3665 2120 3722 coale-

535 3757 733 3821 stibus,
773 3756 956 3819 credo,
1019 3756 1288 3811 thesauris
1339 3756 1470 3811 mihi
1519 3757 1728 3827 pondus
1775 3757 2123 3829 pecuniarum

534 3847 734 3918 quibus
764 3846 978 3902 debitor
1002 3847 1089 3902 his
1118 3847 1307 3903 diebus
1339 3856 1527 3903 teneor
1570 3847 1784 3903 coalitus
1811 3847 2120 3903 destinavit.

531 3940 579 3997 Ο
607 3942 651 3997 si
689 3948 746 3998 et
771 3941 1098 3997 creditorem
1129 3940 1446 4005 exhiberet,
1478 3953 1547 4003 ne
1576 3940 1693 4011 ejus
1719 3940 1962 3996 visitatio
1989 3940 2122 3996 mihi

507 4032 628 4088 'ﬁat
654 4032 868 4088 occasio
900 4031 1022 4087 ﬁdei
1052 4030 1424 4101 infringenda}.
1477 4029 1573 4086 His
1600 4031 1794 4097 dictis,
1834 4032 2121 4102 pecuniam

508 4122 708 4193 'colligi
735 4130 791 4177 et
815 4121 882 4176 ad
924 4119 1216 4191 hospitium
1242 4119 1397 4189 jubet
1427 4121 1721 4191 deportari,
1755 4137 1878 4177 cum
1913 4138 2041 4179 ecce
2067 4123 2122 4179 in

529 4213 700 4283 ipsius
727 4211 972 4270 ecclesim
1002 4208 1226 4267 introitu
1257 4211 1411 4266 adest
1440 4211 1766 4281 improvisus
1793 4212 1882 4269 ille
1912 4214 1999 4269 cui
2030 4214 2122 4269 de-

526 4302 676 4361 bitor
722 4297 1023 4361 tenebatur.
1079 4302 1232 4359 Tunc
1278 4303 1362 4358 vir
1408 4303 1678 4358 exclamat
1722 4320 1833 4374 pne
1878 4304 2116 4376 gaudio;

527 4398 849 4454 miraculum
901 4397 1175 4467 explicat;
1225 4396 1511 4451 Martiuum
1550 4396 1776 4460 attollit;
1826 4396 2117 4471 Martinam

502 4489 827 4556 inclamat;
880 4488 1097 4544 Martini
1142 4487 1276 4543 facit
1323 4490 1497 4543 audiri
1535 4488 1825 4556 mirabilia.
1875 4488 2115 4545 Tandem

2235 3293 2469 3350 ecclesia
2509 3296 2659 3367 (nam
2718 3298 3058 3354 subdecanus
3104 3301 3247 3369 erat)
3296 3302 3583 3369 audiens,-
3612 3306 3825 3375 gravitet

2233 3386 2377 3454 tulit,
2409 3396 2615 3444 tantam
2659 3390 2867 3447 scilicet
2906 3407 2939 3447 a
2965 3393 3076 3449 Deo
3116 3392 3336 3449 diabolo
3367 3399 3700 3469 permissam
3741 3415 3823 3469 μῦς

2231 3487 2485 3536 testatem
2516 3494 2578 3537 ut
2617 3482 2889 3551 homines,
2930 3487 3238 3557 praesertim
3283 3486 3661 3557 Christianos,
3699 3505 3825 3546 ceae

2231 3573 2537 3630 muniearet
2586 3574 2845 3632 infamiae.
2903 3576 3145 3647 Denique
3198 3579 3253 3633 in
3301 3583 3605 3651 pmenﬁa
3643 3585 3821 3638 duo.

2229 3663 2373 3720 niaci
2403 3681 2525 3721 cum
2555 3657 2659 3722 hac
2686 3664 2907 3738 querela
2936 3670 3106 3725 venit.
3144 3669 3202 3724 In
3234 3686 3405 3741 quem
3432 3674 3703 3739 diabolus,
3722 3672 3820 3742 ejus

2227 3755 2469 3828 dirigens
2493 3757 2680 3813 oculos
2707 3774 2870 3829 quem
2896 3770 3280 3832 occupaverat,
3311 3778 3415 3833 per
3437 3778 3505 3820 os
3532 3765 3703 3836 ipsius
3726 3765 3818 3819 ait:

2225 3846 2294 3903 Et
2326 3858 2380 3903 tu
2413 3850 2481 3905 de
2536 3864 2672 3905 sano
2712 3852 2894 3923 capite
2938 3867 3037 3908 nos
3086 3853 3369 3925 objurgas,
3403 3856 3502 3925 qui
3546 3858 3652 3913 hac
3684 3863 3822 3911 nocte

2194 3966 2197 3973 -
2228 3936 2332 3992 tale
2360 3937 2573 3994 facinus
2618 3955 2741 3995 cum
2787 3943 2878 3996 tali
2908 3956 3164 4012 persona,
3217 3944 3313 3999 tali
3358 3945 3511 4012 loco,
3544 3948 3815 4015 admisisti.

2223 4026 2456 4083 Erubuit
2506 4028 2772 4099 clericus;
2827 4032 3212 4104 divertensque
3255 4034 3327 4090 ab
3374 4051 3445 4092 eo
3498 4036 3816 4094 sacerdme

2222 4122 2441 4191 evocat,
2478 4125 2531 4179 in
2576 4134 2791 4196 partem
2844 4129 3071 4196 secedit,
3120 4130 3335 4188 crimen
3388 4146 3419 4184 a
3452 4131 3699 4187 daznione
3724 4128 3817 4184 sibi

2221 4216 2517 4287 objectum,
2546 4219 2673 4274 etsi
2725 4235 2832 4290 qua
2876 4220 3018 4277 forte
3042 4224 3375 4292 premebant
3413 4224 3813 4285 conscientiam,

2186 4330 2191 4335 ο
2222 4309 2419 4380 spiritu
2449 4312 2690 4365 contrito
2714 4312 2956 4377 damnat,
3003 4327 3138 4369 voce
3177 4313 3372 4369 humili
3403 4316 3717 4379 conﬁtetur,
3738 4314 3815 4381 ju-

2219 4398 2361 4455 dicio
2389 4416 2449 4457 se
2472 4403 2778 4460 sacerdotis
2805 4404 3010 4471 subdit,
3040 4405 3480 4461 satisfactionem
3509 4408 3615 4463 sibi
3651 4406 3814 4475 injun-

2219 4502 2362 4548 ctam
2390 4504 2638 4565 prompta
2665 4496 2951 4552 alacritate
2977 4498 3351 4570 amplectitur.
3378 4500 3585 4572 Sicque
3611 4501 3809 4556 tandem

526 4579 782 4635 creditori
853 4579 1198 4650 reconsignat
1274 4578 1578 4647 pecuniam.
1660 4554 1818 4634 Plebs
1910 4580 2114 4635 urbana
2144 4550 2194 4611 D
2221 4586 2342 4642 lldei
2390 4550 2594 4643 virtute
2639 4590 3022 4647 animatusad
3053 4550 3374 4648 (ἵκωοηὶθοί
3416 4550 3639 4650 rediens
3680 4610 3808 4664 pr:-

498 4671 805 4726 'concurrit
875 4678 932 4725 et
1002 4670 1240 4736 rustica,
1317 4669 1462 4725 clero
1531 4680 1913 4740 praecenantc,
1974 4687 2111 4742 pra:-

525 4771 681 4818 sente
733 4760 1022 4817 Marchisio
1065 4761 1346 4817 simulet
1406 4770 1743 4831 protestantc
1796 4761 2113 4816 miraculum

525 4854 832 4923 exponitur.
856 4852 1057 4909 Christi
1087 4852 1280 4924 gloria,
1309 4851 1524 4907 Martini
1553 4853 1727 4924 pietas
1754 4853 1809 4908 in
1840 4853 2112 4910 communi

496 4965 501 4970 '
528 4948 800 5002 laudatur.

599 5040 695 5093 Vir
726 5039 889 5111 igitur
933 5040 1249 5110 praeclarus,
1275 5057 1436 5114 quem
1477 5052 1531 5098 et
1560 5044 1862 5115 ingenuitas
1888 5054 1942 5101 et
1972 5045 2108 5102 libe-

527 5126 718 5183 ralitas
746 5133 1061 5198 exornabat,
1101 5139 1153 5187 et
1199 5133 1412 5189 Martini
1456 5145 1755 5206 prmrngata
1803 5137 2110 5192 humanitas

530 5221 599 5275 ad
628 5219 818 5274 melius
859 5220 1160 5290 incitabat,
1210 5240 1489 5296 regressus
1520 5227 1586 5281 ad
1635 5229 1852 5298 propria
1879 5269 1892 5294 ,
1933 5230 2106 5285 sancti

529 5308 808 5365 beneﬁciis
837 5309 980 5365 haud
1013 5312 1254 5383 ingratus
1297 5317 1526 5371 exstitit.
1578 5317 1780 5387 Netnpe
1818 5320 2104 5376 ecclesiam

528 5404 584 5458 in
611 5404 818 5458 honore
839 5400 1020 5458 domui
1056 5404 1268 5462 Martini
1294 5408 1346 5462 in
1374 5410 1590 5480 proprio
1620 5409 1864 5467 fundavit
1888 5413 2103 5480 allodio,

530 5508 759 5564 eamque
786 5492 853 5548 de
877 5495 1109 5565 propriis
1136 5498 1431 5555 redditibus
1461 5517 1561 5556 sua
1591 5504 1958 5560 muniﬁcentia
1986 5519 2105 5560 am-

531 5586 740 5659 pliavit,
774 5594 832 5639 ut
860 5593 1128 5641 conventu
1176 5592 1562 5648 monachorum
1602 5593 1732 5648 inibi
1762 5606 2102 5666 congregato,

530 5684 589 5732 et
616 5674 838 5746 prmlato
879 5677 959 5732 eis
1004 5676 1162 5731 Patre
1210 5681 1479 5737 abbatiam
1528 5683 1643 5741 fore
1691 5686 1741 5739 in
1790 5696 2107 5756 perpetuum

2220 4681 2474 4747 sentiam,
2509 4681 2577 4736 Et
2600 4683 2669 4737 de
2696 4696 2803 4746 me,
2832 4678 3392 4754 inquit,'quid‘dicis?
3425 4685 3486 4741 In
3525 4702 3685 4756 quem
3710 4686 3805 4747 ilic.

2219 4780 2278 4824 ut
2327 4787 2482 4827 suum
2543 4782 2684 4837 erat,
2736 4783 2919 4830 torvos
2970 4772 3257 4831 intendens
3309 4777 3524 4841 oculos,
3552 4778 3625 4832 Et
3678 4790 3807 4846 sepe

2218 4862 2363 4917 hunc
2393 4862 2618 4918 multum
2650 4875 2975 4935 respectans,
3004 4864 3237 4931 Recede,
3269 4868 3470 4938 inquit,
3500 4884 3533 4921 a
3559 4883 3668 4931 ιιιο,
3691 4867 3807 4937 quia,

2218 4951 2349 5007 nihil
2400 4963 2648 5010 nostrum
2687 4956 2741 5010 in
2795 4967 2847 5011 te
2879 4957 3109 5028 reperio.
3156 4958 3275 5026 Quo
3321 4959 3566 5016 clericus
3612 4959 3802 5020 audito,

2215 5044 2416 5102 Christi
2446 5046 2672 5117 gloriam
2702 5058 3009 5118 sanctaque
3038 5050 3400 5106 con'essionis
3419 5052 3685 5107 virtutem
3704 5065 3807 5105 sua

2216 5142 2510 5211 prcherens
2538 5142 2867 5206 confusioni,
2916 5143 3242 5198 exclamavit
3273 5154 3334 5199 et
3370 5145 3514 5200 dixit
3544 5165 3557 5199 :
3602 5144 3803 5203 Audite.

2216 5233 2424 5298 fideles,
2454 5225 2732 5297 attendite,
2759 5225 2960 5302 pepuli,
2986 5241 3190 5303 quanta
3215 5234 3293 5289 sit
3322 5234 3449 5288 ﬁdei
3472 5245 3674 5290 nostra
3700 5234 3805 5287 vir-

2216 5333 2322 5392 tus,
2351 5340 2512 5396 quam
2537 5323 2871 5383 admirabilis
2898 5342 3170 5398 quamque
3193 5326 3389 5383 efﬁcax
3415 5329 3493 5383 sit
3518 5328 3808 5386 confessio-

2212 5417 2298 5472 nis
2326 5417 2597 5472 indicibile
2623 5428 3044 5474 sacramentum.
3070 5419 3315 5475 Audistis
3336 5422 3486 5476 enim
3508 5422 3606 5493 qui
3632 5434 3805 5478 eor-an

2214 5508 2450 5563 aderatis
2503 5523 2664 5578 quam
2704 5509 2879 5579 turpia
2930 5503 3066 5565 mihi
3114 5511 3521 5583 improperavit
3578 5515 3801 5571 damon.

2210 5597 2301 5667 qui
2337 5598 2482 5652 hunc
2533 5598 2803 5654 hominem
2848 5598 3083 5665 obsidet,
3127 5610 3183 5656 et
3212 5601 3407 5671 utique
3448 5618 3613 5658 vera.
3662 5602 3804 5657 Nune

2213 5680 2391 5746 autem
2417 5689 2558 5746 facta
2587 5691 2950 5760 confessione,
2978 5701 3031 5749 et
3060 5694 3356 5750 criminum
3386 5711 3520 5750 vera
3551 5696 3621 5751 de
3649 5694 3805 5750 corde
