4012 6300
130 393 267 460 1οΗ
318 388 327 399 ’

1040 391 1342 455 HEBERNI
1378 394 1637 457 TliliON.
1676 397 1766 456 DE
1798 396 2033 461 MIRAC.
2074 400 2134 457 Β.
2179 400 2483 458 MARTINI.

3264 400 3407 464 1042

125 518 471 589 Quapropter
495 512 780 569 unanimes
806 512 977 570 Deum
1008 508 1365 586 deprecemur
1383 515 1615 571 ﬁdeliter
1648 522 1706 571 ιιι
1733 517 1785 581 Α
1807 521 2045 581 ostenso,
2072 522 2183 572 tres
2201 515 2390 573 obolos
2410 525 2597 572 mutuo
2619 512 2868 588 sumpsit,
2898 515 3094 588 quibus
3112 519 3400 577 candelam

125 607 407 664 hominem
456 606 617 663 istum
667 605 859 663 liberet
893 622 923 661 a
969 606 1212 664 dmmoac
1257 624 1365 679 quo
1411 607 1710 665 obsidetur.
1758 642 1765 649 ο

1815 617 2181 680 comparatam
2208 610 2425 668 rediens
2467 611 2534 666 ad
2563 611 2741 667 sancti
2770 600 3009 667 tumbam
3036 611 3254 668 obtulit.
3278 612 3407 671 Hac

123 702 286 759 Tunc
310 703 518 758 dasmon
540 717 636 773 per
653 717 714 758 os
734 701 1083 774 energumeni
1109 721 1122 756 :
1151 701 1279 767 Vos,
1304 702 1500 774 inquit,
1524 717 1712 760 omnes
1814 715 1903 759 res
1927 701 2178 759 omnibus
2201 704 2409 760 civibus
2456 703 2793 762 Turonensis
2833 704 3071 764 civitatis
3098 708 3288 765 eadem
3327 709 3409 765 fe-

121 808 235 848 non
271 794 454 860 timeo,
480 809 581 850 nec
609 808 788 850 meum
813 793 1156 866 palzcstritem
1183 810 1280 866 per
1297 810 1395 852 vos
1416 795 1708 852 dimittam.

122 886 292 944 Solus
318 887 582 946 Martinus
618 890 723 946 hoc
755 889 955 960 poterit
1015 897 1071 946 et
1116 890 1220 946 hoc
1264 899 1444 947 tamen
1489 889 1543 946 ia
1592 890 1710 962 ejus

120 979 336 1037 honore
370 982 535 1038 missa
565 980 864 1037 celebrata.
1657 999 1661 1004 ’

193 1069 352 1138 Quod
403 1071 684 1127 audientes
730 1070 947 1139 clerici,
998 1072 1226 1129 consilio
1274 1073 1407 1129 inito
1455 1073 1597 1129 inter
1649 1086 1709 1129 se

113 1165 375 1222 dixerant
404 1181 419 1220 :
455 1165 567 1221 Etsi
595 1165 839 1222 diabolus
862 1154 1091 1222 mendax
1110 1162 1223 1234 'est,
1252 1174 1404 1223 certe
1426 1164 1513 1221 vel
1537 1180 1708 1237 quan-

115 1255 301 1324 doque
342 1253 523 1309 dicere
568 1268 758 1310 verum
807 1254 1037 1326 cogitur.
1091 1252 1209 1310 Non
1261 1255 1428 1326 igitur
1470 1254 1539 1311 ab
1589 1255 1708 1327 ipso

112 1346 284 1419 ﬁdem
318 1347 619 1417 capientes,
662 1346 758 1403 sed
790 1347 858 1403 ab
884 1363 950 1404 co
986 1348 1071 1402 cui
1106 1347 1307 1404 invitus
1335 1349 1705 1404 testimonium
1750 1356 1759 1377 ³

111 1439 394 1512 perhibet,
425 1440 479 1496 in
514 1441 598 1497 his
634 1456 733 1498 nos
775 1441 956 1497 domui
988 1440 1201 1497 Martini
1235 1441 1455 1513 gloriosi
1486 1443 1705 1498 missam

109 1530 477 1597 cclcbrcmus,
529 1532 813 1588 credentes
863 1532 917 1587 in
974 1547 1096 1588 eam
1142 1532 1232 1603 qni
1267 1541 1324 1588 et
1374 1532 1531 1590 malis
1568 1534 1707 1588 bene

110 1620 309 1676 utitur.
358 1621 468 1678 Nec
506 1638 685 1688 mora;
732 1622 928 1679 festiva
973 1623 1028 1678 in
1060 1623 1302 1680 crastino
1347 1624 1512 1680 missa
1561 1624 1706 1681 cele-

108 1713 309 1768 bratur
334 1714 385 1769 in
411 1714 616 1771 honore
642 1716 837 1771 sancti.
857 1714 1103 1787 Dumque
1126 1724 1248 1787 post
1270 1718 1704 1773 communionem

106 1819 353 1873 sacmm,
380 1806 642 1862 Martinus
664 1808 889 1863 Aera/ue
903 1809 1021 1863 sinu
1050 1808 1203 1863 (rem:
1223 1808 1500 1880 excipitur,
1526 1808 1704 1865 clerus

1812 790 1958 851 mina
1992 792 2265 852 referente
2290 796 2546 852 innotuit.

1876 881 1969 940 Vl.
2003 883 2117 942 Sub
2146 885 2264 958 ipso
2301 896 2545 960 tempore
2572 889 2677 946 alia
2706 890 2927 959 femina,
2958 893 3177 950 nomine
3200 894 3404 965 Agnes,

1756 978 1763 985 '
1812 974 1893 1031 de-
1906 977 2103 1048 oppido
2132 976 2280 1035 Faize
2308 978 2528 1037 manum
2574 980 2879 1054 pedumque
2915 982 3092 1041 oﬂlcio
3117 1000 3217 1057 per
3245 986 3406 1043 bien-

1810 1066 2269 1140 niam'destituta,
2296 1085 2358 1128 ut
2382 1073 2451 1129 ad
2488 1074 2795 1146 sepulcrum
2838 1076 2980 1133 beati
3000 1074 3259 1135 antistitis
3281 1089 3408 1151 post

1809 1160 1997 1229 longos
2026 1161 2240 1220 labores
2263 1165 2439 1236 potuit
2466 1166 2747 1234 accedere,
2772 1175 2882 1222 tam
2930 1166 3031 1224 fuit
3059 1169 3135 1225 illi
3171 1170 3282 1228 cito
3311 1187 3404 1230 so-

1808 1254 2057 1326 spitatem
2086 1257 2327 1329 recipere
2357 1274 2518 1328 quam
2552 1258 2872 1331 postulasse.

1876 1347 1989 1407 .Vll.
2015 1349 2149 1406 Cum
2196 1351 2379 1422 itaque
2405 1368 2505 1422 pro
2534 1353 2699 1409 tantis
2732 1363 2783 1409 et
2818 1362 2927 1409 tam
2966 1355 3274 1415 manifestis
3296 1358 3403 1414 mi-

1808 1441 2010 1498 raculis
2040 1442 2223 1499 clerici
2251 1444 2402 1516 signa
2424 1443 2724 1515 pulsarent,
2762 1455 2818 1501 et
2844 1447 3105 1519 hymnum
3137 1447 3207 1505 Te
3228 1448 3405 1506 Deum

1806 1531 2090 1590 lutulentus
2108 1532 2369 1604 jucundis
2395 1536 2622 1592 vocibus
2648 1537 3023 1605 decantarent,
3048 1540 3270 1610 quidam
3293 1540 3407 1598 cle-

1808 1622 1956 1680 ricus
1980 1623 2047 1681 de
2070 1624 2301 1683 ecclesia
2340 1626 2483 1682 beati
2508 1625 2655 1683 Petri
2682 1627 2939 1699 puellaris
2967 1630 3021 1686 in
3047 1631 3185 1703 pede
3213 1631 3404 1690 cancri

1808 1715 1993 1772 ulcere
2023 1731 2345 1787 percussus,
2387 1719 2570 1775 audita
2599 1720 2937 1776 cantantium
2962 1737 3110 1788 voce,
3146 1724 3269 1781 nisu
3291 1739 3402 1795 quo

1809 1809 2002 1881 potuit,
2039 1811 2298 1867 comitum
2337 1818 2677 1867 sustentatus
2718 1812 2941 1880 auxilio,
2988 1813 3246 1869 miracula
3278 1830 3404 1886 quas

105 1899 449 1964 decantaret,
474 1900 723 1957 diabolus
746 1916 851 1957 non
880 1899 1063 1957 ferens
1088 1908 1291 1956 tantam
1318 1899 1531 1957 laudem
1563 1896 1701 1956 Mar—
1730 1889 1781 1953 Β
1808 1899 1883 1956 ibi
1912 1900 2118 1957 ﬁebant
2138 1902 2375 1967 visurus,
2407 1903 2686 1960 basilicam
2715 1903 2859 1959 beati
2891 1902 3109 1961 Martini
3133 1905 3401 1976 introivit,

106 1992 234 2058 tini,
292 2002 490 2048 tetrum
520 1993 816 2050 clamorem
862 1994 1137 2060 emittens,
1183 2003 1492 2065 tetrnmque
1536 1994 1703 2051 relin-

104 2100 284 2155 quens
336 2085 556 2142 adorem
584 2126 599 2152 ,
658 2086 727 2143 ab
778 2100 1144 2159 encrgamcno
1199 2084 1519 2153 discedens,
1574 2100 1700 2142 eam

106 2189 304 2231 sanum
334 2185 389 2232 et
417 2176 617 2233 invitus
659 2177 919 2234 deseruit.
943 2178 1096 2247 Quod
1123 2177 1352 2234 clericus
1381 2177 1569 2234 videns
1591 2193 1699 2236 non

105 2267 212 2322 fuit
259 2269 312 2324 ei
358 2271 491 2326 satis
535 2272 636 2326 sub
684 2271 957 2328 communi
1010 2270 1331 2328 clericorum
1366 2273 1477 2328 vita
1508 2260 1699 2332 sancto

104 2360 387 2416 deservire
422 2359 675 2429 Martino,
706 2364 802 2419 sed
833 2364 1088 2436 placitam
1121 2363 1337 2420 Martini
1365 2365 1534 2421 vitam
1573 2380 1700 2437 pro-

101 2450 308 2533 fessus,
340 2452 395 2508 in
435 2452 625 2523 majori
674 2456 1003 2512 monasterio
1038 2458 1415 2513 monachicum
1453 2456 1697 2513 habitum

98 2545 550 2616 monaclmmque
575 2545 779 2604 virtute
804 2549 1063 2620 suscepit,
1096 2558 1151 2604 et
1178 2549 1474 2606 monachus
1502 2550 1696 2618 factus,

99 2638 364 2692 monachi
411 2638 652 2711 vigilavit
700 2640 752 2695 in
786 2650 959 2707 aetas,
1015 2643 1151 2698 adeo
1181 2652 1239 2699 ut
1282 2651 1467 2715 postea
1514 2653 1697 2702 custos

97 2728 317 2785 ordinis
348 2731 401 2786 in
433 2732 623 2789 eodem
652 2735 984 2790 titoaasterio
1032 2750 1143 2807 pra:
1171 2736 1460 2794 sanctitate
1487 2738 1613 2794 vitae
1642 2748 1695 2795 et

97 2822 385 2895 religionis
413 2825 658 2881 custodia
690 2836 1006 2896 poneretur.
1038 2830 1082 2886 0
1107 2828 1395 2886 Martinam
1428 2831 1558 2887 nulli
1583 2831 1697 2889 fere

98 2925 426 2969 sanctorum
472 2916 684 2973 meritis
717 2917 1053 2987 inferiorem,
1097 2920 1227 2977 nulli
1261 2924 1556 2979 secundum
1601 2939 1697 2996 po-

98 3006 355 3073 tentiam,
395 3008 524 3063 nulli
568 3011 871 3067 visceribus
932 3013 1218 3069 charitatis
1262 3014 1549 3083 minorem,
1601 3015 1695 3086 qui

98 3098 428 3156 mirabiliter
465 3100 854 3159 dzcmoniacum
895 3106 1126 3173 curavit,
1158 3115 1213 3163 et
1247 3106 1363 3178 ejus
1403 3107 1692 3165 sanitatem

96 3192 306 3248 clerico
340 3209 441 3251 suo
475 3196 902 3254 misericorditer
938 3214 1079 3257 vera:
1106 3200 1298 3257 salutis
1326 3216 1545 3257 causam
1571 3216 1694 3259 esse

96 3285 347 3341 donavit.
370 3285 656 3344 Martinam
681 3289 843 3362 igitur
858 3293 1210 3365 energnmeni
1235 3293 1421 3349 laudat
1458 3293 1685 3349 medela.
1718 3263 1766 3329 ο

97 3376 393 3433 Martinam
442 3380 751 3452 ntagniilcat
794 3382 965 3454 plebis
1013 3384 1301 3441 admiratio
1344 3394 1399 3442 et
1451 3385 1684 3444 devotio.

94 3467 392 3525 Martinam
420 3484 548 3527 veru
590 3472 862 3545 glorificat
899 3474 1084 3532 clerici
1125 3477 1513 3535 ad'Dominnm
1557 3497 1691 3537 con-

95 3564 283 3619 vet-sio
309 3563 567 3637 perfecta.
602 3566 669 3622 Et
692 3568 891 3640 ubique
921 3577 1072 3625 tanto
1094 3570 1395 3628 mirabilior
1426 3572 1689 3632 Martinus

94 3646 336 3712 habetur
383 3667 588 3730 quanto
631 3661 972 3731 poscentium
1004 3662 1138 3719 fides
1179 3664 1247 3720 ad
1295 3664 1583 3722 Dominum
1618 3666 1688 3724 ad

95 3748 388 3821 ipsumque
426 3750 641 3808 devotio
668 3763 1029 3825 promeretur.

168 3838 260 3896 iV.
289 3839 396 3895 Per
443 3841 586 3898 idem
625 3855 837 3917 tempus
863 3843 1203 3904 Sanubertus
1231 3848 1450 3920 quidam
1481 3849 1688 3907 diutino

93 3931 363 4005 languore
406 3943 756 4004 contractus,
804 3938 891 3994 cui
929 3937 1089 4011 Inulla
1148 3941 1387 3997 remedia
1437 3940 1689 3999 valebant

92 4020 389 4101 prolicere,
427 4045 551 4086 cum
585 4032 654 4089 ad
681 4033 944 4091 tumulum
986 4035 1131 4092 beati
1177 4035 1393 4096 Martini
1450 4040 1504 4096 in
1548 4041 1687 4099 lecto

94 4120 291 4179 fuisset
338 4120 555 4193 allatus,
583 4126 817 4198 primum
845 4128 993 4185 circa
1021 4145 1216 4203 genua,
1251 4132 1303 4188 in
1344 4134 1541 4205 quibus
1564 4151 1689 4207 gra-

90 4210 301 4272 viorem
328 4217 636 4288 patiebatur
672 4219 934 4289 dolorem,
980 4223 1178 4280 sudore
1204 4224 1371 4296 caepit
1393 4241 1499 4282 non
1521 4242 1687 4298 parvo

92 4304 410 4367 madescere
438 4310 630 4368 deinde
659 4311 939 4385 tepefactis
959 4316 1135 4382 venis,
1158 4317 1530 4388 reparatisque
1565 4333 1688 4375 ner-

92 4400 196 4467 vis,
239 4400 512 4459 redivivos
554 4403 721 4475 pedes
748 4406 1014 4463 extendit.
1055 4407 1167 4465 Nec
1218 4409 1390 4466 multo
1417 4419 1539 4482 post
1566 4427 1686 4467 cer-

92 4502 257 4571 nente
310 4496 530 4567 populo,
587 4498 827 4555 surrexit
864 4498 1172 4566 incolumis,
1217 4501 1550 4573 pedibusque
1574 4505 1688 4560 suis

87 4589 161 4659 ad
222 4590 463 4677 prapria.
505 4591 766 4649 remeavit
818 4592 912 4665 qui
972 4594 1224 4652 manibus
1269 4594 1463 4653 allatas
1507 4595 1685 4654 fuerat
1706 4629 1764 4692 υ

89 4679 311 4737 alienis.

156 4770 228 4829 ν.
262 4772 402 4855 Item
429 4774 675 4847 quasdam
699 4780 910 4843 muher,
944 4777 1165 4837 nomine
1188 4777 1493 4848 Roscelina,
1519 4796 1684 4853 quam

86 4863 367 4938 malignus
391 4866 614 4937 spiritus
656 4883 754 4940 per
789 4869 1218 4942 quinquennium
1263 4869 1598 4939 possederat,
1630 4878 1685 4928 et

84 4956 159 5041 ab
179 4956 337 5013 omni
359 4959 729 5031 membrorum
758 4960 1025 5033 privatam
1047 4960 1329 5033 obsequio,
1360 4962 1428 5018 ab
1457 4962 1683 5019 introitu

85 5063 316 5120 quoque
354 5048 600 5107 ecclesiae
627 5051 737 5131 diu.
764 5053 1135 5123 prohibuerat,
1182 5062 1468 5127 postquam
1501 5053 1685 5113 basili-

81 5157 214 5198 cam
245 5141 423 5221 sancti
467 5143 729 5223 antistitis
768 5145 1036 5223 introivit,
1091 5147 1349 5204 continuo
1397 5146 1624 5204 liberata
1650 5164 1683 5205 a

84 5220 385 5302 daemonio,
428 5220 593 5292 totius
612 5220 858 5315 corporis
876 5220 1214 5296 alacritatem
1236 5255 1344 5297 non
1368 5239 1488 5298 sine
1511 5241 1711 5305 admi-,

86 5326 309 5382 ratione
338 5328 629 5385 multorum
654 5329 756 5388 sub
780 5338 1058 5388 momento
1103 5334 1328 5406 recepit.
1368 5334 1468 5392 Cui
1488 5335 1682 5394 deinde

86 5418 318 5474 domum
365 5420 663 5477 revertenti
690 5414 763 5477 ut'
790 5422 1074 5480 candelam
1119 5433 1470 5496 praepararet,
1516 5442 1679 5498 quem

84 5526 219 5568 cum
252 5511 375 5569 aliis
403 5512 651 5572 ﬁdelibus
670 5515 895 5574 veniens
921 5514 1161 5583 oﬂ'erret,
1192 5517 1286 5574 sed
1313 5518 1455 5574 unde
1474 5528 1682 5577 emeret

84 5604 318 5661 omnino
366 5620 472 5662 non
521 5606 779 5676 haberet,
818 5609 1037 5685 quidam
1083 5609 1384 5667 monachus
1433 5611 1677 5682 angelica

81 5696 294 5754 canitie
319 5697 610 5756 decoratus
636 5700 690 5755 in
715 5699 924 5759 foribus
959 5700 1203 5758 ecclesia:
1222 5701 1483 5769 obviavit,
1518 5688 1676 5761 dans'

1802 1992 2121 2064 statimque,
2170 1993 2316 2065 quod
2363 1994 2614 2051 mirabile
2648 1994 2817 2059 dicta,
2874 1996 3187 2064 sanitatem,
3233 2012 3403 2068 quam

1801 2097 1910 2141 non
1948 2086 2189 2155 petebat.
2223 2085 2413 2141 eadem
2446 2086 2580 2143 hora
2608 2086 2836 2158 adipisci
2874 2089 3207 2158 promeruit.

1876 2172 2005 2229 Vill.
2033 2173 2141 2232 Sed
2163 2182 2220 2231 et
2253 2175 2454 2246 puella,
2486 2178 2705 2234 nomine
2730 2173 2970 2245 Osanna,
2999 2193 3123 2250 quae.
3143 2193 3259 2251 pra:
3280 2180 3403 2238 diu-

1801 2277 1963 2325 turno
2013 2268 2295 2325 ambarum
2352 2278 2565 2325 tumore
2616 2284 2876 2326 manuum
2928 2269 3191 2341 operandi
3231 2258 3395 2330 usum

1800 2360 2084 2428 amiserat,
2137 2358 2394 2433 sull‘ragio
2421 2362 2597 2418 sancti
2626 2361 2727 2418 viri
2754 2362 2861 2419 fide
2897 2362 3093 2420 devota
3123 2364 3397 2435 invocato,

1744 2442 1751 2451 ’
1798 2465 1899 2522 per
1923 2451 2356 2509 immutationem
2379 2451 2618 2509 dextera
2642 2453 2845 2511 excelsi
2863 2454 3112 2527 pristinae
3141 2457 3392 2514 restituta

1798 2557 1884 2602 est
1911 2546 2180 2618 sospitati.

1866 2637 1962 2695 IX.
1991 2639 2195 2697 Eodem
2226 2638 2583 2696 nihilominus
2627 2638 2715 2697 die
2744 2639 2964 2710 quidam
2993 2656 3147 2713 puer,
3176 2642 3405 2721 nomine

1797 2729 2111 2799 Gaufridus,
2163 2732 2460 2789 contractis
2508 2732 2735 2805 genibus
2773 2746 2872 2804 per
2901 2732 3196 2807 triennium
3254 2735 3394 2791 info-

1795 2821 1919 2879 licia
1946 2824 2188 2880 membra
2216 2824 2409 2881 baculo
2426 2832 2847 2881 sustentaverat.
2868 2823 2993 2903 Qui,
3017 2826 3217 2903 virtute
3240 2827 3385 2884 beati

1796 2912 2013 2970 Martini
2076 2925 2385 2981 renovatus,
2443 2914 2635 2972 baculo
2678 2930 2787 2987 quo
2825 2930 2923 2987 pro
2988 2917 3125 2988 pede
3177 2919 3251 2975 uti
3297 2934 3390 2977 so-

1795 3008 2065 3091 lebat,.in
2106 3010 2332 3067 basilica
2375 3010 2908 3087 saneticonfessoris
2945 3013 3013 3068 ad
3064 3016 3382 3072 memoriam

1795 3110 2139 3172 posterorum
2188 3101 2459 3174 deposito,
2510 3110 2568 3158 et
2620 3117 2653 3157 a
2686 3103 2839 3158 trabe
2864 3118 3156 3174 suspenso,
3201 3116 3390 3177 gratu-

1795 3194 2064 3252 labundus
2092 3202 2148 3253 et
2189 3195 2475 3253 incolumis
2505 3194 2703 3269 populo
2747 3204 3026 3267 spectante
3072 3197 3142 3254 ad
3178 3214 3275 3255 sua
3305 3215 3393 3257 rc-

1795 3287 2031 3359 pedavit.

1867 3377 1938 3433 Χ.
1969 3378 2103 3436 Item
2133 3377 2277 3435 aliud
2303 3377 2432 3434 huic
2468 3375 2645 3434 simile
2677 3392 2785 3434 non
2815 3387 2899 3435 est
2927 3378 3195 3436 silendum
3221 3380 3389 3453 mira-

1796 3473 1999 3531 culum.
2049 3472 2182 3529 Nam
2221 3473 2466 3544 quaedam
2524 3472 2742 3539 mulier,
2797 3473 3018 3530 nomine
3062 3472 3256 3541 Maria,
3297 3475 3388 3532 cui

1738 3554 1746 3577 '
1794 3568 1879 3623 vir
1898 3581 2052 3634 suus,
2087 3566 2350 3622 suadente
2400 3563 2635 3630 diabolo,
2684 3579 2885 3622 nervos
2932 3565 3189 3621 tibiarum
3238 3566 3386 3625 ferro

1795 3662 2124 3729 absciderat,
2140 3662 2341 3718 amisso
2366 3660 2648 3733 gradiendi
2678 3676 2778 3717 usu
2798 3675 2898 3731 per
2925 3661 3216 3718 triennium
3239 3660 3388 3718 domi
3414 3714 3419 3721 .

1793 3757 2127 3828 elanguerat.
2175 3757 2325 3826 Quae,
2353 3756 2542 3812 audita
2588 3762 2670 3811 tot
2717 3755 2995 3825 signorum
3034 3754 3295 3826 potentia,
3323 3770 3384 3811 se

1795 3860 2106 3909 sustentans
2127 3849 2339 3916 baculo,
2370 3849 2491 3906 nisu
2525 3862 2635 3919 quo
2653 3847 2833 3920 potuit
2869 3846 2938 3904 ad
2964 3847 3230 3903 tumulum
3256 3861 3386 3903 san-

1732 3938 1741 3945 ’
1794 3944 1865 3999 cti
1917 3942 2017 3999 viri
2051 3944 2312 3999 accedere
2338 3957 2445 3998 non
2493 3938 2724 4005 distulit,
2750 3938 2907 4010 juxta
2949 3953 3111 4009 quem
3146 3938 3385 3995 orationi

1793 4051 1916 4092 eam
1938 4035 2193 4108 lacrymis
2221 4034 2423 4091 diutius
2448 4032 2713 4091 incubuit.
2740 4029 2879 4086 Mira
2902 4029 3159 4102 deinceps
3183 4046 3272 4088 res
3293 4046 3387 4088 se-

1736 4112 1743 4123 ’
1793 4135 1920 4184 cata
1947 4136 2050 4184 cst.
2115 4127 2375 4184 Oratione
2408 4141 2647 4198 namque
2672 4126 2963 4198 completa,
2986 4125 3172 4183 multis
3192 4126 3387 4183 viden-

1795 4219 1960 4284 tibus,
1989 4216 2249 4287 rcjunctis
2288 4217 2469 4273 nervis
2511 4216 2848 4289 genibusque
2888 4216 3171 4286 reparatis,
3204 4216 3386 4272 subito

1794 4307 1988 4363 mulier
2014 4321 2074 4363 sc
2098 4306 2292 4363 erexit.
2339 4305 2572 4377 Moxque
2598 4306 2813 4362 concito
2832 4290 3001 4376 gradu
3035 4292 3254 4361 domum
3283 4321 3382 4362 vc-

1793 4399 1974 4464 nit,ct
2002 4398 2190 4454 eadem
2239 4397 2372 4452 hora
2419 4396 2656 4463 rediens,
2702 4395 2995 4464 cortinam,
3042 4410 3205 4467 quam
3235 4396 3382 4453 domi

1794 4490 2052 4556 habebat,
2076 4489 2385 4547 laetabunda
2431 4487 2635 4554 attulit,
2686 4487 2906 4544 allatam
2951 4490 3019 4544 ad
3062 4490 3383 4555 memoriam

1794 4581 1968 4639 sancti
1994 4581 2095 4637 viri
2122 4596 2246 4638 cum
2275 4580 2475 4652 gaudio
2501 4590 2559 4636 et
2588 4579 2874 4637 devotione
2896 4578 3113 4635 obtulit.

1855 4671 1948 4729 XI.
1979 4670 2251 4729 Praeterea
2276 4669 2612 4742 lledigunnis
2665 4671 2885 4742 quidam
2931 4670 3263 4743 sagenarins,
3288 4671 3381 4728 cui

1787 4766 1961 4822 amba!
1982 4779 2175 4821 manus
2194 4772 2434 4822 curvata:
2458 4762 2622 4821 simul
2641 4771 2697 4821 et
2726 4763 3031 4819 tumcf-actae
3051 4762 3209 4834 longo
3233 4772 3372 4821 tem-

1785 4873 1919 4932 pore
1961 4875 2118 4917 usum
2161 4859 2406 4932 piscandi
2454 4867 2805 4931 negaverant,
2851 4873 2977 4915 mox
3030 4867 3090 4914 ut
3134 4858 3374 4915 tumbam

1785 4953 1963 5011 sancti
1992 4951 2254 5009 antistitis
2288 4951 2445 5007 firma
2490 4950 2605 5007 llde‘
2631 4950 2826 5023 tetigit,
2855 4951 2907 5006 in
2953 4957 3244 5021 conspectu
3274 4966 3373 5022 po-

1784 5047 1896 5122 puli
1929 5046 2355 5113 circumstantis,
2384 5045 2665 5118 utriusque
2687 5045 2879 5117 palma:
2922 5043 3111 5100 sedato
3139 5052 3372 5111 tumore,

1784 5150 1840 5200 et
1868 5140 2094 5214 expulso
2142 5140 2347 5207 dolore,
2397 5139 2684 5196 sanitatem
2725 5153 2885 5210 quam
2912 5152 3048 5210 paro
3081 5138 3243 5194 corde
3279 5152 3372 5209 po-

1784 5243 2038 5308 poscerat
2062 5235 2389 5309 impetravit,
2422 5233 2768 5305 redivivaque
2808 5233 3053 5297 dextera,
3083 5232 3371 5317 tota'plebc

1784 5329 1839 5387 in
1888 5328 2139 5387 laudibus
2180 5328 2276 5385 Dei
2311 5327 2648 5385 acclamante
2700 5335 2755 5384 et
2786 5342 2900 5399 pra:
2940 5325 3136 5399 gaudio
3187 5324 3370 5395 flente,

1801 5423 1952 5482 ibere
1973 5436 2032 5479 se
2050 5421 2304 5492 signavit.

1798 5507 1804 5513 ’
1858 5512 1967 5568 XII.
2006 5511 2118 5569 Nec
2168 5512 2347 5569 minus
2390 5511 2476 5568 his
2515 5511 2807 5584 gloriosum
2858 5503 3162 5569 addendam
3205 5508 3370 5565 credo

1782 5607 2122 5664 miraculum.
2172 5604 2275 5663 Tot
2312 5604 2493 5677 itaque
2530 5614 2586 5661 et
2630 5613 2898 5662 tantorum
2944 5604 3366 5675 circumquaque

1781 5682 2117 5758 discurrente
2156 5699 2429 5770 praeconio
2456 5699 2756 5767 signorum,
2784 5699 2927 5755 inter
2959 5706 3182 5753 caeteros
3216 5692 3366 5753 debi-

81 5801 201 5859 quc
255 5784 329 5842 illi
372 5789 647 5857 parissimi
679 5790 933 5847 candoris
983 5807 1290 5860 nummum,
1336 5790 1515 5849 subito
1564 5810 1674 5851 non
1777 5794 1856 5852 les
1882 5794 1949 5851 ad
1979 5792 2293 5849 memoriam
2314 5791 2490 5849 sancti
2520 5791 2778 5849 antistitis
2820 5789 3056 5862 undique
3089 5782 3362 5843 continen-

82 5882 418 5954 comparuit.
444 5878 679 5957 Accepto
709 5885 904 5943 mulier
939 5880 1179 5955 nummo,
1221 5895 1278 5946 et
1301 5886 1676 5948 nummulariis
1776 5898 1879 5957 tes,
1897 5884 2050 5945 alluit
2068 5895 2123 5947 et
2144 5887 2387 5959 quaedam
2412 5885 2725 5945 calamitosa
2749 5881 3183 5957 puella,nomine
3196 5876 3369 5937 Theo.
