4012 6300
547 395 571 448 I
583 391 688 448 045

1057 387 1343 443 APPEND.
1386 387 1474 441 AI)
1513 383 1682 439 SEC.
1729 381 1817 438 IX.
1849 409 1918 422 -ι-
1947 372 2284 434 SUPPLEM.
2323 374 2416 430 AD
2452 371 2656 430 AUCT.
2697 368 3019 429 CERTIORI
3058 366 3237 424 ANNI.

3673 362 3826 420 10“

546 506 760 578 pbeuia,
807 503 1002 560 damno
1029 501 1164 556 aridi
1208 502 1314 554 imo
1358 497 1666 570 praemortui
1708 493 1948 566 corporis
1991 501 2116 546 nota
2143 486 2497 578 Ameditate,
2530 486 2713 542 multis
2741 485 3042 541 astantibus
3079 494 3137 540 et
3170 497 3282 550 prae
3307 482 3503 553 gaudio
3527 481 3824 542 ﬂentibus.

548 599 750 654 multis.
793 597 942 653 Illam
971 594 1166 664 quippe
1209 591 1520 648 insanabilis
1549 589 1784 652 morbus,
1824 588 1914 658 qui
1944 600 1976 640 a
2005 599 2120 639 me.

547 690 683 744 dicis
729 686 901 743 fistula
942 685 1138 739 dicitur
1162 725 1176 747 ,
1228 683 1556 753 consumptis
1605 680 1828 736 omnino
1866 675 2126 734 carnibus

547 790 603 834 et
633 779 812 835 scabie
846 792 942 848 per
971 775 1136 831 multa
1169 773 1431 830 foramina
1459 774 1660 844 iugiter
1696 770 1984 831 diﬁluente,
2022 783 2118 824 ex-

550 885 805 942 sanguem
830 877 886 924 et
911 867 1251 924 macilentam
1277 866 1596 922 reddiderat.
1637 864 1762 920 Haec
1788 863 1949 934 igitur
1974 858 2122 918 omni

547 975 770 1032 prorsus
809 975 904 1030 spe
947 959 1325 1030 recuperandae
1369 956 1656 1028 aliquando
1689 953 1937 1011 sanitatis
1978 951 2128 1008 frau-

551 1053 674 1106 data
731 1050 938 1107 meritis
994 1049 1134 1106 beati
1201 1047 1413 1103 Martini
1472 1046 1834 1116 integritatem
1883 1044 2124 1100 omnium

550 1144 912 1198 membrorum
973 1149 1124 1211 peste
1182 1140 1360 1213 fugata
1425 1139 1525 1196 sub
1579 1146 1852 1195 momento
1900 1135 2123 1206 recepit.

622 1257 757 1312 XIII.
815 1257 928 1313 Sub
976 1258 1090 1328 ipso
1136 1267 1376 1328 tempore
1420 1257 1660 1326 quaedam
1703 1254 2124 1320 adulescentula,

553 1350 768 1404 nomine
795 1347 1107 1415 Petronilla,
1144 1357 1305 1404 tanta!
1331 1348 1619 1404 debilitatis
1657 1347 1995 1402 vinciebatur
2039 1347 2124 1401 in-

553 1443 834 1499 commodo
869 1451 925 1496 ut
962 1442 1156 1512 plantae
1190 1443 1380 1512 pedum
1429 1442 1494 1496 ad
1534 1441 1760 1512 poplites
1797 1439 2005 1495 reﬂexae
2030 1453 2128 1496 suo

553 1534 944 1590 frustrarentur
973 1533 1164 1588 oliicio.
1207 1533 1330 1588 Haec
1362 1532 1544 1602 itaque
1567 1532 1773 1586 duobus
1800 1531 1979 1602 lignis,
2010 1529 2129 1600 qui-

553 1625 654 1680 bus
676 1639 771 1695 pro
797 1625 1022 1694 pedibus
1051 1624 1324 1688 utebatur,
1359 1623 1597 1678 membra
1628 1622 1891 1676 vectitans
1918 1619 2130 1690 paraly-

553 1715 681 1779 tica,
710 1715 778 1769 ad
804 1713 1133 1768 mausoleum
1162 1712 1302 1768 beati
1328 1711 1540 1767 Martini
1572 1711 1724 1766 firma
1752 1711 1857 1766 fide
1881 1710 2125 1766 accessit.

555 1806 708 1875 Quod
748 1807 938 1861 devote
979 1805 1307 1876 amplectens
1353 1813 1407 1860 et
1451 1821 1573 1860 cum
1615 1804 1867 1873 laerymis
1904 1803 2130 1857 deoscu-

555 1895 694 1960 lans,
746 1896 991 1951 invocato
1031 1895 1201 1950 sancti
1247 1893 1568 1951 confessoris
1616 1895 1850 1955 nomine,
1892 1900 2130 1962 optatam

559 1989 647 2041 diu
691 1996 745 2044 et
791 1988 1055 2060 integram
1102 1990 1290 2046 eadem
1335 1990 1468 2046 hora
1522 1987 1721 2045 meruit
1776 1986 2000 2058 adipisci
2047 2001 2134 2043 sa-

557 2077 798 2135 nitatem.

629 2188 767 2245 XIV.
808 2191 916 2248 Nec
945 2194 1120 2250 minus
1153 2201 1208 2250 et
1241 2202 1484 2250 matrona
1534 2194 1798 2265 quaedam,
1839 2192 2134 2251 Galliciana

563 2283 796 2346 nomine,
828 2297 931 2338 non
955 2286 1141 2340 humili
1165 2293 1284 2341 orta
1309 2287 1580 2358 progenie,
1609 2296 1732 2341 nota
1761 2287 1973 2356 quidem
1998 2285 2136 2342 mul-

563 2372 650 2436 tis,
684 2387 780 2442 pro
816 2373 1040 2430 honesta
1089 2378 1499 2432 conversatione
1549 2378 1815 2441 amabilis,
1868 2377 1964 2433 sed
2015 2377 2134 2432 diu-

561 2471 719 2518 turna
755 2464 917 2520 totius
941 2466 1179 2537 corporis
1206 2467 1520 2525 infirmitate
1549 2466 1819 2533 confecta,
1837 2468 2137 2539 proximam

564 2557 722 2610 morti
771 2557 1142 2614 calamitosam
1203 2559 1501 2615 deducebat
1559 2569 1746 2615 vntam.
1801 2560 1857 2615 Si
1919 2561 2135 2630 quidem

565 2647 750 2717 sopitis
799 2647 1061 2715 faucibus,
1110 2649 1491 2722 obstrictisque
1558 2652 1787 2722 gutturis
1845 2653 2133 2720 meatibus,

563 2751 716 2791 usum
758 2739 960 2808 pariter
994 2748 1050 2795 et
1083 2739 1377 2812 appetitum
1414 2741 1725 2797 comedendi
1763 2742 1974 2812 penitus
2001 2743 2139 2797 ami-

564 2837 727 2886 serat.
766 2830 891 2888 Haec
947 2833 1162 2888 tandem
1223 2833 1422 2890 salubri
1480 2836 1646 2906 potita
1698 2835 1942 2902 consilio,
1984 2844 2135 2891 vecta

565 2937 726 2992 equo,
764 2932 818 2979 et
880 2923 1132 2980 clientum
1173 2927 1329 2983 ducta
1367 2927 1660 2998 obsequio,
1701 2929 1903 2984 tumulo
1961 2929 2135 2986 sancti

565 3012 778 3068 Martini
806 3015 1184 3084 prosternitur.
1209 3015 1318 3072 Nec
1351 3016 1519 3073 multo
1558 3027 1678 3088 post
1712 3018 1954 3074 oratione
1991 3019 2133 3085 fusa,

566 3105 707 3160 beati
736 3105 950 3160 Martini
981 3107 1190 3163 meritis
1213 3116 1324 3164 toto
1364 3119 1623 3164 renovato
1665 3124 1908 3180 corpore,
1933 3111 2136 3182 gratias

2221 576 2448 633 liberata
2485 586 2568 634 est

2293 668 2435 724 XIX.
2509 667 2664 726 Circa
2724 667 2862 723 idem
2923 676 3134 736 tempus
3188 661 3504 732 virguncula
3559 661 3834 732 quaedam

2223 759 2512 831 Guiburgis
2562 759 2820 824 nomine,
2871 757 2939 812 ab
2989 756 3118 826 ipsis
3168 754 3420 808 uberibus
3456 752 3660 810 matris
3701 766 3836 805 ocu-

2223 851 2399 909 lorum
2439 854 2558 907 luce
2596 852 2801 922 privata
2834 891 2850 915 ,
2891 849 3089 904 auditis
3126 847 3298 904 sancti
3342 843 3683 901 confessoris
3719 843 3834 897 vir-

2225 944 2427 999 tutibus
2457 983 2471 1008 ,
2521 951 2579 996 ut
2625 944 2691 996 ad
2731 943 2898 1011 ipsius
2955 940 3192 993 tumbam
3247 937 3533 994 duceretur
3585 935 3834 991 fideliter

2223 1028 2516 1103 ﬂagitabat.
2561 1029 2675 1098 Quo
2709 1046 2830 1085 cum
2863 1029 3092 1084 adducta
3130 1027 3341 1093 fuisset,
3379 1027 3534 1081 omni
3569 1025 3834 1080 caecitate

2227 1126 2471 1181 discussa
2501 1165 2517 1190 ,
2570 1124 2745 1178 lumen
2799 1123 2890 1177 diu
2935 1130 3177 1192 optatum
3215 1120 3332 1176 sine
3376 1134 3532 1174 mora
3570 1117 3832 1186 recepit.

2226 1215 2572 1290 gaudensque
2605 1223 2660 1271 et
2693 1214 2894 1286 gratias
2927 1228 3094 1283 agens
3121 1251 3138 1278 ,
3177 1210 3423 1283 sequenti
3458 1209 3553 1266 die
3600 1207 3678 1264 ad
3727 1220 3832 1262 sua

2227 1305 2521 1378 repedavit.

2298 1397 2416 1454 XX.
2455 1395 2758 1455 Orientium
2786 1410 3001 1467 quoque
3029 1394 3316 1466 quemdam
3343 1407 3577 1466 puerum
3607 1390 3830 1464 paraly-

2229 1491 2339 1547 tico
2368 1490 2553 1546 morbo
2582 1489 2783 1544 diutius
2807 1488 3080 1544 detentum
3102 1526 3118 1552 ,
3147 1502 3271 1542 cum
3293 1486 3442 1542 beati
3467 1486 3573 1540 viri
3609 1499 3830 1540 mauso-

2205 1579 2373 1646 leum
2409 1597 2542 1653 puro
2570 1581 2732 1637 corde
2759 1588 2812 1634 et
2840 1578 2943 1634 tide
2970 1593 3075 1633 non
3101 1575 3224 1633 licta
3253 1577 3542 1647 tetigisset,
3569 1575 3829 1632 Christus

2231 1672 2300 1726 ad
2349 1673 2539 1728 merita
2589 1672 2671 1726 sui
2713 1668 2900 1725 famuli
2949 1669 3122 1741 magis
3160 1668 3436 1740 magisque
3472 1665 3828 1730 declaranda.

2231 1764 2452 1832 expulso
2479 1766 2624 1818 omni
2653 1764 2930 1836 languore,
2958 1764 3162 1836 integre
3190 1763 3427 1820 restituit
3465 1761 3733 1841 sanitati;
3772 1765 3830 1814 et

2160 1853 2208 1916 B
2237 1855 2424 1910 eodem
2449 1854 2532 1910 die
2555 1855 2742 1923 rediit,
2769 1855 2862 1910 oui
2893 1855 3152 1922 maternis
3180 1853 3352 1912 fuerat
3370 1853 3695 1928 deportatus
3716 1848 3829 1907 ofﬁ-

2235 1961 2354 2002 CIIS.

2303 2036 2444 2092 XXI.
2507 2037 2620 2095 Sub
2669 2039 2856 2096 eodem
2915 2045 3157 2108 tempore
3213 2035 3571 2093 Gonerannus
3627 2027 3824 2088 Burelli

2237 2127 2360 2199 (hoc
2415 2137 2532 2184 erat
2582 2145 2777 2186 nomen
2832 2127 3067 2200 infirmo)
3119 2142 3217 2200 per
3259 2127 3478 2184 beatum
3530 2123 3820 2180 Martinam

2235 2219 2449 2276 virtutis
2490 2219 2683 2276 divinae
2731 2220 2958 2292 sumpsit
3014 2220 3329 2276 remedium.
3397 2217 3502 2285 Qui
3549 2233 3681 2272 cum
3729 2231 3823 2286 per

2236 2311 2571 2384 septennium
2615 2312 2771 2367 fracti
2811 2320 2868 2368 et
2905 2311 3124 2368 arefacti
3156 2311 3360 2367 brachii
3383 2309 3562 2368 ollicio
3590 2309 3822 2365 frustra-

2236 2411 2402 2467 retur,
2450 2417 2570 2456 cum
2609 2403 2728 2459 aliis
2762 2401 3005 2460 ﬁdelibus
3033 2402 3100 2459 ad
3126 2402 3332 2476 vigilias
3379 2402 3558 2460 sancti
3612 2399 3822 2459 wifes-

2236 2493 2377 2552 seris
2421 2493 2635 2550 Martini
2684 2503 3094 2565 pernoctaturus
3126 2535 3141 2561 ,
3189 2495 3294 2551 fide
3348 2493 3539 2564 plenus
3588 2492 3820 2548 advenit.

2236 2587 2479 2656 Dumque
2501 2587 2701 2656 ingenti
2740 2585 2865 2642 fletu
2893 2594 2947 2642 et
2973 2586 3172 2656 gemitu
3203 2594 3386 2640 oraret
3430 2595 3491 2640 ut
3529 2584 3638 2640 sibi
3667 2581 3820 2640 Utri-

2237 2687 2351 2733 stus
2375 2677 2674 2748 placaretur
2716 2688 2771 2733 et
2812 2678 3091 2748 pristinam
3121 2678 3369 2734 redderet
3393 2677 3712 2740 sanitatem,
3745 2690 3823 2730 re-

2236 2781 2396 2840 pente
2440 2770 2702 2839 comperit
2748 2785 2903 2824 suum
2953 2769 3204 2832 divinitus
3249 2769 3464 2824 extendi
3518 2768 3822 2832 brachium,

2237 2860 2377 2932 quod
2426 2860 2583 2932 longo
2633 2869 2757 2916 ante
2803 2870 3040 2931 tempore
3085 2860 3258 2916 fuerat
3304 2875 3548 2916 curvum.
3603 2858 3680 2914 De
3723 2871 3825 2930 quo

2236 2954 2423 3007 eadem
2471 2953 2603 3008 hora
2654 2960 2844 3008 sanato
2889 2967 3051 3007 cruor
3101 2952 3370 3007 uberrime
3425 2949 3600 3007 ﬂuens
3633 2949 3826 3020 glorio-

2238 3058 2357 3098 sum
2393 3042 2588 3096 astanti
2623 3042 2817 3112 populo
2863 3050 2918 3096 et
2959 3041 3230 3097 insolitum
3273 3040 3504 3111 praebuit
3548 3049 3826 3111 spectaco.

2240 3135 2370 3190 lum.
2395 3135 2634 3201 Quantas
2664 3146 2786 3190 tunc
2815 3133 2998 3190 laudes
3026 3134 3308 3189 multitudo
3337 3134 3572 3188 fidelium
3608 3133 3826 3188 Domino

567 3207 748 3300 ag?“
778 3213 809 3253 ³
835 3199 1138 3300 ΡΫῩῙΜθηιο
1178 3200 1426 3300 ενίῧίίιξτν
1454 3201 1799 3300 ῧ³¹¹ξ³θ¹¹δίῖ¹¹θ
1821 3210 1890 3300 fit
1934 3202 2137 3258 incon”
2165 3201 2208 3265 ο
2242 3199 2631 3295 decantaverit,
2663 3229 2876 3300 quantis
2901 3227 3265 3283 confessorem
3299 3227 3586 3299 praeconiis
3626 3224 3827 3281 extule-

571 3290 675 3343 mis
694 3297 814 3360 post
843 3289 1145 3358 aliquantos
1167 3289 1281 3346 dies
1303 3291 1367 3345 ad
1392 3291 1606 3361 propria
1640 3293 1946 3346 revertitur.

637 3379 753 3436 XV.
796 3381 994 3437 Eodem
1043 3397 1256 3453 quoque
1299 3382 1383 3438 die
1433 3382 1628 3452 puella,
1681 3383 1893 3437 nomine
1934 3383 2136 3452 Prima,

568 3472 854 3530 debilitate
873 3480 1274 3530 contracturum
1297 3539 1302 3546 _
1315 3488 1546 3547 genuum
1590 3482 1644 3531 et
1655 3484 1707 3529 ‘a
1717 3473 1885 3530 remis
1909 3473 2142 3528 dextera:

570 3566 862 3622 infortunio
894 3567 1084 3632 tristis,
1114 3583 1210 3638 per
1248 3568 1431 3624 decem
1480 3583 1649 3624 annos
1695 3577 1749 3622 et
1795 3579 1918 3622 octo
1967 3564 2141 3624 infeli-

569 3671 688 3711 tem
719 3657 944 3712 duxerat
965 3657 1148 3712 vitam.
1189 3658 1339 3714 I-Ianc
1377 3658 1608 3730 denique
1645 3659 1890 3717 Christus
1936 3670 2141 3716 restau-

573 3748 705 3802 ratis
749 3749 1050 3819 gressibus,
1098 3749 1491 3821 reformataque
1530 3753 1781 3818 dextera,
1831 3754 1900 3809 ob
1951 3731 2140 3807 merita

573 3840 716 3894 servi
766 3841 1084 3897 declaranda
1140 3842 1207 3896 ad
1266 3841 1487 3914 gloriam
1541 3855 1596 3901 et
1644 3845 1856 3902 laudem
1909 3845 2144 3901 nominis

574 3933 656 3986 sui
698 3932 1018 3988 incolumem
1061 3941 1116 3988 et
1162 3933 1517 3990 laetabundam
1563 3937 1772 4002 remisit
1808 3937 1873 3991 ad
1908 3952 2024 3992 sua.

645 4024 924 4081 XVl.-I’er
951 4026 1088 4081 idem
1121 4034 1328 4097 tempus
1357 4037 1474 4083 erat
1500 4036 1554 4083 et
1588 4028 1912 4094 Alexandra,
1951 4027 2144 4084 mulier

577 4118 888 4172 discrimine
919 4118 1052 4172 aridi
1086 4119 1236 4189 pedis
1268 4127 1391 4174 nota
1423 4118 1622 4185 multis,
1651 4133 1769 4189 quae
1797 4118 1863 4172 ad
1887 4133 2146 4189 compago

575 4208 805 4265 viventis
845 4209 1086 4281 corporis
1131 4209 1320 4279 pedem
1366 4219 1687 4275 emortuum,
1737 4225 1841 4265 non
1879 4210 1945 4265 ad
1988 4223 2142 4279 opus,

576 4303 668 4356 sed
711 4303 776 4357 ad
807 4317 960 4368 onus,
1011 4316 1110 4373 per
1153 4303 1443 4357 triennium
1490 4303 1683 4358 misera
1735 4301 2146 4358 circumferebat

577 4407 683 4462 quo
714 4393 888 4464 potius
922 4392 1050 4448 ferri
1080 4393 1357 4449 debuerat.
1399 4389 1523 4448 H:ec
1561 4393 1724 4464 igitur
1753 4392 1856 4448 fide
1895 4392 2144 4448 roborata

577 4485 644 4538 ad
685 4483 987 4554 sepulcrum
1026 4484 1241 4556 gloriosi
1287 4482 1634 4550 confessoris,
1681 4484 1768 4539 ubi
1823 4483 1974 4538 nmlti
2017 4482 2144 4554 aegri

579 4576 819 4645 quotidie
846 4585 1120 4642 sanantur,
1161 4577 1442 4640 accedens,
1472 4576 1775 4646 pavimento
1808 4590 1928 4630 cum
1973 4574 2148 4646 lacry-
2174 4553 2226 4614 Ῑ)

580 4665 684 4720 mis
711 4674 766 4720 et
793 4666 1035 4736 precibus
1073 4668 1447 4736 prosternitur.
1502 4665 1612 4720 Nec
1659 4681 1843 4721 mora:
1877 4674 2150 4736 spectante

579 4756 772 4824 populo
793 4755 930 4826 (dies
949 4757 1090 4811 enim
1114 4757 1386 4814 Dominica
1407 4762 1566 4830 erat),
1590 4757 1850 4829 integram
1874 4773 1904 4812 a
1928 4758 2156 4813 Domino

578 4845 812 4900 obtinuit
836 4847 1140 4912 sanitatem,
1177 4857 1230 4904 et
1253 4849 1418 4905 altera
1446 4851 1532 4906 die
1555 4849 1941 4918 gratulabunda
1967 4849 2031 4903 ad
2054 4863 2149 4903 sua

581 4938 825 4993 recessit.

651 5048 810 5105 XVII.
852 5051 1051 5106 Eodem
1094 5064 1304 5122 quoque
1353 5049 1438 5104 die
1479 5049 1636 5103 aliam
1674 5048 1952 5104 mulierem
1992 5061 2149 5118 para-

584 5150 824 5221 lyticam,
861 5152 1016 5226 longo
1047 5155 1282 5210 omnium
1314 5152 1672 5208 membrorum
1712 5150 1886 5207 cilicio
1927 5149 2152 5207 destituo

587 5252 716 5307 ιίιιιι.
746 5259 866 5298 cum
899 5248 964 5301 ad
1004 5247 1262 5301 tumulum
1290 5245 1459 5302 sancti
1486 5245 1586 5299 viri
1615 5246 1665 5298 in
1693 5245 1915 5314 grabato
1953 5257 1983 5298 a
2027 5239 2154 5297 Iide-

586 5330 726 5386 Iibus
770 5331 941 5388 delata
978 5334 1451 5401 fu'isset,-Christus
1477 5349 1574 5405 per
1606 5334 1705 5388 viri
1739 5334 1910 5388 sancti
1939 5332 2154 5399 merita,

586 5421 807 5493 expulsa
830 5424 976 5478 omni
1005 5425 1342 5496 aegritudine,
1386 5425 1526 5480 diem
1571 5439 1886 5495 comparare
1911 5424 2155 5494 dignatus

585 5521 689 5569 €82.

659 5629 842 5688 XVIII.
901 5629 1010 5688 Nec
1061 5631 1235 5688 minus
1278 5633 1464 5687 eodem
1511 5631 1597 5688 die
1644 5631 1888 5704 quaedam
1935 5630 2159 5702 pulchra

588 5724 725 5777 facie
775 5723 970 5795 puella,
1019 5723 1110 5780 sed
1161 5739 1353 5780 nomen
1410 5726 1696 5790 nescimus,
1753 5723 1968 5797 gloriosi
2018 5722 2160 5777 beati

2241 3321 2332 3386 rit,
2364 3319 2552 3375 lectori
2578 3319 2930 3390 relinquimus
2955 3319 3349 3374 aesﬁmandum.

2310 3409 2472 3466 XXII.
2517 3411 2690 3466 Unum
2729 3411 2868 3465 inter
2907 3421 3098 3465 caetera
3145 3417 3228 3464 est
3275 3408 3415 3482 apud
3465 3425 3565 3464 nos
3609 3407 3828 3492 factum,

2241 3519 2347 3560 non
2373 3502 2545 3572 majus
2565 3518 2722 3571 quam
2755 3501 3000 3572 praedixi,
3028 3502 3120 3557 sed
3145 3513 3253 3555 tam
3283 3500 3486 3555 clarum
3515 3510 3684 3571 atque
3715 3499 3825 3552 illu-

2244 3605 2358 3652 stre
2406 3594 2728 3652 nnraculutn
2766 3602 2824 3650 ut
2849 3593 3082 3660 militiai,
3134 3591 3388 3658 arbitrer,
3439 3591 3494 3647 in
3541 3601 3659 3647 toto
3702 3604 3831 3664 pago

2243 3689 2544 3744 Turoneusi
2587 3689 2676 3759 qui
2718 3688 2821 3745 hoc
2866 3696 2920 3744 et
2963 3703 3067 3742 non
3105 3686 3319 3752 viderit,
3351 3694 3408 3741 et
3434 3684 3709 3740 audiendo
3735 3698 3832 3737 non

2243 3782 2512 3848 didicerit,
2538 3781 2738 3836 nullum
2769 3780 2860 3850 qui
2885 3777 3127 3834 oblivisci
3173 3777 3352 3848 aliqua
3401 3777 3620 3832 ratione
3645 3787 3830 3846 pome-

2244 3874 2318 3930 rit
2363 3873 2447 3928 vel
2500 3873 2764 3928 debuerit.
2827 3869 3054 3940 Quidam
3103 3872 3248 3926 enim
3293 3885 3459 3926 senex
3508 3870 3832 3934 rusticanus,

2244 3967 2464 4023 nomine
2524 3965 2786 4022 Herbetus
2839 3965 2904 4020 de
2953 3964 3070 4019 vico
3115 3964 3207 4034 qui
3262 3963 3462 4018 dicitur
3522 3961 3831 4017 Noviacus:

2245 4073 2371 4114 cum
2415 4057 2500 4112 die
2545 4058 2720 4112 medio
2763 4056 2970 4112 aestatis
3019 4066 3255 4127 tempore
3298 4063 3557 4126 purgaret
3605 4055 3833 4110 triticum

2247 4149 2302 4205 in
2338 4163 2484 4214 area,
2520 4149 2737 4205 invasus
2777 4165 2806 4203 a
2853 4149 3114 4214 daemone,
3158 4163 3413 4218 spumans
3462 4155 3516 4202 et
3564 4160 3836 4211 evomens,

2247 4248 2482 4295 aestuans
2534 4249 2589 4295 et
2633 4240 2909 4306 fremens,
2957 4247 3076 4310 post
3124 4239 3360 4294 triduum
3409 4239 3595 4294 amisit
3649 4238 3835 4310 lingua:

2248 4329 2502 4386 ollicium.
2575 4329 2815 4400 Cumque
2883 4331 3082 4384 nullum
3147 4331 3368 4386 omnino
3426 4343 3522 4402 per
3573 4346 3672 4386 sex
3729 4331 3834 4385 dies

2249 4439 2347 4495 per
2383 4439 2440 4479 se
2473 4435 2710 4479 sumeret
2763 4425 2961 4490 cibum,
3011 4423 3075 4476 ad
3123 4424 3264 4478 beati
3313 4421 3533 4477 Martini
3582 4423 3834 4477 tumulum

2252 4533 2282 4569 a
2332 4515 2444 4570 suis
2487 4516 2776 4591 deductus;
2838 4529 2944 4584 quo
3002 4521 3189 4577 tacto,
3239 4512 3340 4566 tria
3395 4511 3470 4566 ibi
3522 4512 3687 4566 simul
3745 4511 3836 4565 mi-

2255 4607 2437 4664 racula
2490 4609 2589 4663 sub
2643 4615 2913 4662 momento
2961 4605 3206 4662 Christus
3237 4614 3490 4675 operatur
3527 4623 3543 4659 :
3586 4605 3713 4660 dum
3752 4618 3838 4658 ne-

2255 4718 2415 4771 quam
2455 4702 2676 4770 spiritus
2725 4699 3026 4771 eﬂ‘ugatur,
3080 4699 3272 4768 linguae
3326 4713 3497 4752 nexus
3555 4698 3832 4760 enodatur,

2255 4791 2416 4846 homo
2472 4791 2540 4844 ab
2584 4791 2727 4844 enini
2783 4789 3040 4860 languore
3097 4787 3375 4843 liberatur.
3437 4785 3668 4842 Demum
3724 4800 3834 4841 cum

2256 4896 2353 4950 pro
2392 4881 2686 4953 gratiarum
2729 4882 2940 4935 actione
2984 4880 3051 4934 ad
3093 4891 3312 4949 capsum
3357 4877 3530 4933 sancti
3574 4876 3836 4933 confesso-

2201 4961 2208 4968 ’
2258 4974 2336 5028 ris
2392 4973 2715 5038 duceretur,
2765 4971 2986 5043 rogabat
3042 4971 3452 5025 circumstantes
3513 4977 3624 5022 tam
3681 4967 3834 5021 laieos

2255 5080 2417 5136 quam
2467 5065 2811 5135 presbyteros
2847 5077 2913 5117 nc
2957 5062 3164 5117 hostem
3204 5075 3381 5128 suum,
3407 5061 3617 5140 .utique
3645 5061 3836 5116 daemo-

2255 5169 2398 5218 nem,
2453 5161 2575 5225 post
2626 5169 2683 5210 se
2727 5154 2909 5210 venire
2951 5153 3342 5224 permitterent.
3398 5139 3511 5207 Hoc
3561 5139 3728 5223 igitur
3769 5149 3834 5206 si-

2258 5263 2420 5318 gnum
2452 5288 2466 5311 ,
2505 5247 2646 5320 quod
2687 5245 2922 5301 breviter
2951 5244 3105 5317 juxta
3161 5245 3276 5300 veri
3320 5243 3478 5299 fidem
3518 5243 3830 5314 perstrinxi-

2259 5357 2382 5398 mus
2412 5380 2428 5408 ,
2467 5340 2563 5396 toti
2603 5337 2808 5395 civitati
2844 5333 3125 5391 Turonicae
3151 5376 3166 5402 ,
3205 5337 3322 5405 ipso
3361 5344 3654 5402 narrante,
3695 5335 3831 5388 inuo-

2259 5433 2379 5487 tuit.

2331 5523 2516 5581 XXIII.
2570 5524 2628 5578 In
2684 5521 2974 5578 festivitate
3027 5519 3208 5588 itaque
3257 5517 3674 5590 protomartyris
3721 5515 3827 5571 Ste-

2260 5617 2446 5688 phani,
2497 5629 2618 5685 una
2671 5615 2856 5671 aestivo
2909 5622 3152 5685 tempore
3202 5609 3525 5676 celebratur,
3575 5626 3696 5666 eum
3743 5622 3822 5662 no-

2263 5719 2512 5764 cturnam
2548 5709 2791 5780 synaxim
2818 5707 2994 5761 clerici
3027 5709 3398 5769 decantarent,
3438 5702 3656 5775 quidam
3682 5715 3820 5770 para-

593 5793 806 5894 Ilartiui
843 5814 1048 5871 meritis
1076 5814 1142 5870 ad
1171 5813 1604 5871 laudemeristi
1640 5813 1707 5869 ab
1740 5793 1928 5869 eadem
1957 5813 2204 5870 incum»
2266 5801 2459 5875 Inicus
2507 5799 2574 5856 de
2623 5799 2743 5858 vico
2795 5799 2885 5871 qui
2933 5799 3132 5856 dicitur
3177 5797 3446 5866 Puteolus.
3501 5811 3600 5869 per
3648 5793 3821 5850 ωυιισε
