3948 5498
104 296 249 368 t’cts

1004 298 1303 369 HEBEBNI
1346 300 1604 362 TURON.
1644 303 1732 363 DE
1771 301 2006 361 MIRAC.
2046 301 2107 358 Β.
2147 297 2456 359 MARTINL

3249 299 3397 359 ιθκ

95 432 269 475 annos
296 415 446 476 omni
474 406 842 473 membrorum
875 411 1050 471 ofllcio
1086 414 1399 477 destitutus,
1444 413 1512 471 ad
1557 424 1696 471 tum-
1721 420 1775 480 Α
1801 413 2189 472 venerabilium
2218 426 2571 486 personarum
2594 410 2860 470 relatione
2879 427 2966 469 me
2987 412 3242 471 didicisse
3261 431 3395 489 gan-

93 509 218 567 bam
249 509 428 567 sancti
474 524 597 566 cum
641 507 763 565 aliis
802 507 1209 579 quampluribus
1253 508 1550 577 excubans,
1599 507 1701 571 diu
1796 510 1917 566 deo.
1947 508 2320 578 Theophania,
2345 506 2548 564 Christi
2574 505 2799 573 famula,
2821 506 3091 564 abbatissa
3119 519 3396 566 monaste-

100 611 291 675 nptata:
346 601 590 661 redditus
642 596 727 659 esi
786 602 1027 657 sanitati.
1103 599 1273 671 Quem
1330 601 1581 658 Alermus
1625 601 1692 659 de

94 694 448 765 Carenciaeo,
475 696 560 753 vir
605 679 820 762 nobilis,
850 694 1104 751 dominus
1126 693 1264 765 ejus,
1308 695 1573 767 multique
1598 695 1692 753 alii

93 801 215 842 cum
244 786 337 846 illo
368 788 649 859 utriusque
684 801 850 844 sexus
881 796 937 842 et
968 787 1196 843 diversae
1235 787 1430 851 artatis,
1460 798 1692 859 quantas

91 881 165 937 ibi
219 896 333 952 prae
378 880 578 955 gaudio
632 879 904 955 lacrymas
958 879 1237 944 fuderint,
1290 892 1520 953 quantas
1570 880 1693 949 tibi,

87 974 230 1033 bone
256 975 413 1045 Jesu,
451 971 654 1049 gratias
670 962 907 1048 egerint,
936 991 1044 1031 non
1074 985 1159 1032 est
1185 984 1386 1033 nostra:
1417 975 1692 1034 facultatis

86 1069 317 1126 edicere.

156 1166 346 1225 XXIV.
388 1167 615 1226 Petrum
657 1183 874 1241 quoque
911 1183 1201 1240 quemnam
1248 1183 1502 1240 puerum,
1546 1169 1692 1227 notis

82 1261 440 1336 honestisque
463 1264 783 1335 parentibus
810 1263 863 1320 in
898 1262 1136 1320 conﬁnio
1178 1262 1416 1319 civitatis
1450 1262 1691 1319 Aurelia-

80 1353 268 1410 nensis
302 1362 677 1425 procreatum,
727 1370 891 1428 quem
936 1356 1181 1423 morbus,
1210 1371 1315 1411 non
1347 1364 1557 1420 natura,
1592 1370 1692 1426 per

78 1444 360 1503 biennium
405 1456 746 1515 curvaverat,
794 1464 897 1506 nec
946 1448 1134 1506 oculos
1174 1448 1246 1504 ad
1280 1448 1479 1505 caelum
1510 1448 1691 1506 levare

76 1541 456 1610 permittebat,
485 1542 719 1600 vidimus
747 1542 936 1601 eodem
962 1551 1145 1600 erecto
1176 1551 1288 1599 toto
1317 1557 1546 1614 corpore
1574 1542 1683 1598 alae

76 1631 251 1688 criter
299 1634 690 1702 deambulare,
736 1636 1103 1708 virtutemque
1143 1636 1317 1692 sancti
1359 1635 1689 1693 confessoris

74 1725 291 1797 populis
321 1728 564 1800 undique
586 1730 962 1795 advenientes,
1013 1736 1232 1785 ostensa
1282 1728 1684 1794 incolumitate,

75 1819 457 1878 manifestare.

146 1910 316 1969 XXV.
358 1911 472 1970 Nec
496 1913 676 1972 minus
703 1922 759 1971 et
780 1913 918 1969 alius
946 1927 1101 1985 puer,
1125 1913 1194 1969 ab
1223 1912 1357 1968 urbe
1384 1911 1687 1969 Cenoman-

75 2005 197 2060 nica
228 2003 470 2071 delatus,
505 2021 668 2077 quem
697 2005 1029 2077 Ingelgerius
1058 2020 1243 2061 comes
1267 2004 1685 2077 Andegavorum

74 2094 368 2168 diligenter
408 2096 607 2153 nutriri
644 2095 870 2164 fecerat,
918 2107 973 2153 et
1007 2098 1060 2154 in
1105 2097 1275 2153 filium
1305 2097 1684 2168 adoptaverat,

73 2197 135 2242 ut
162 2188 337 2246 sancti
368 2187 705 2245 mausoleum
736 2189 936 2261 attigit,
976 2188 1046 2246 ab
1082 2190 1270 2246 eadem
1322 2188 1683 2246 incommodi-

75 2288 191 2337 tate
219 2296 389 2338 sanus
416 2280 596 2338 factus
623 2290 728 2339 est.

145 2372 341 2430 XXVI.
407 2373 512 2430 Per
563 2374 705 2431 idem
773 2383 985 2448 tempus
1048 2375 1187 2432 alius
1241 2391 1407 2448 puer,
1466 2376 1709 2445 nomine,

72 2462 390 2531 Guiﬁcrius,
444 2465 654 2521 diutina
718 2467 1084 2523 membrorum
1130 2466 1409 2523 debilitate
1448 2476 1686 2523 contra-

73 2565 202 2613 ctus
234 2597 250 2623 ,
305 2570 430 2613 cum
474 2571 504 2611 a
554 2565 732 2614 matre
782 2573 879 2614 sua
939 2573 1036 2630 per
1076 2556 1385 2628 jumentum
1444 2559 1511 2613 ad
1571 2573 1684 2614 me-

72 2648 307 2704 moriam
356 2649 531 2706 sancti
583 2650 963 2718 adduceretur,
1024 2650 1183 2724 longe
1223 2650 1401 2706 adlmc
1452 2650 1681 2720 positus,

70 2735 128 2798 itl
171 2753 257 2799 est
283 2786 301 2814 ,
338 2754 535 2817 quarto
576 2746 645 2802 ab
680 2747 783 2803 hac
823 2745 957 2802 urbe
1010 2745 1264 2801 milliario
1292 2786 1306 2811 ,
1358 2744 1528 2801 sensit
1581 2744 1686 2800 sibi

70 2837 195 2894 dari
253 2839 452 2897 divinae
506 2840 723 2897 virtutis
778 2839 1099 2896 remedium.
1187 2837 1288 2908 Qui
1349 2838 1533 2894 statim
1588 2837 1685 2894 de-

69 2930 343 2989 scendens
393 2932 459 2988 de
505 2931 728 2988 animali
778 2932 864 2988 cui
916 2932 1206 3000 insidebat,
1242 2931 1309 2987 ad
1342 2928 1521 2987 locum
1550 2946 1684 2986 con-

69 3024 301 3081 fessoris
327 3024 544 3082 concito
569 3039 755 3097 gressu
787 3024 1109 3082 sanissimus
1130 3023 1368 3088 advenit,
1391 3033 1689 3080 vetustam"

69 3131 177 3187 que
210 3114 605 3183 infirmitatem,
636 3130 798 3187 quam
832 3131 1121 3188 perpessus
1147 3114 1345 3180 fuerat,
1376 3129 1681 3186 novamque

1797 603 1863 661 rii
1885 604 2055 661 beatae
2088 602 2270 659 Maria:
2290 609 2565 673 perpetuae
2599 596 2855 671 Virginis,
2887 600 3030 671 quod
3050 599 3391 658 Bellusmons

1797 693 2313 773 dicitur,‘religiosis
2354 690 2674 749 muneribus
2713 700 2964 749 sanctum
2996 689 3093 747 Dei
3121 690 3396 749 honorare

1795 791 2065 863 cupiebat.
2090 790 2224 847 Cum
2259 792 2442 864 itaque
2467 806 2658 849 cereos
2681 806 2821 863 quos
2843 799 2904 846 ut
2929 789 3153 847 offerret
3176 790 3227 846 ei
3254 804 3395 861 prac-

1792 892 2034 952 pararet,
2065 882 2476 951 ecclesiasticis,
2507 893 2569 940 ut
2606 882 2826 951 assolet,
2871 891 3134 955 occupata
3159 884 3395 953 negotiis

1794 972 2008 1031 deferre
2046 975 2308 1043 tardaret,
2332 977 2576 1032 -cuidam
2616 976 2861 1051 ejusdem
2900 975 3121 1043 famulo,
3172 977 3394 1033 nomine

1793 1065 2099 1138 Bosogono,
2156 1068 2282 1124 boni
2339 1069 2638 1127 testimonii
2690 1069 2828 1137 viro,
2878 1070 3069 1125 beatus
3126 1069 3399 1126 Martinus

1792 1175 1890 1232 per
1909 1160 2086 1216 visum
2123 1169 2283 1216 noctu
2315 1163 2585 1233 apparuit.
2617 1162 2788 1232 Quem
2827 1163 3057 1235 benigne
3087 1161 3393 1233 alloquens,

1792 1251 2097 1325 blandaque
2134 1269 2298 1309 manu
2345 1263 2509 1325 caput
2557 1255 2675 1327 ejus
2728 1254 3081 1311 demulecns:
3131 1255 3246 1317 Eia,
3302 1253 3391 1309 in-

1792 1344 1930 1416 quit,
1958 1344 2149 1413 frater,
2175 1361 2359 1419 surge,
2381 1356 2438 1402 et
2458 1346 2528 1403 ad
2550 1347 2823 1403 dominam
2848 1357 2992 1402 tuam
3018 1346 3393 1417 proficiscere,

1791 1434 2047 1509 dicesquc
2102 1453 2168 1494 ex
2222 1454 2345 1495 mea
2386 1447 2541 1511 parte
2588 1449 2855 1512 quatenus
2904 1437 3223 1495 munuscula
3270 1451 3396 1509 qua

1791 1527 1923 1583 mihi
1968 1544 2029 1586 se
2069 1530 2317 1586 daturam
2379 1531 2671 1588 devoverat
2722 1533 2949 1588 ulterius
2999 1532 3225 1587 reddere
3279 1544 3389 1585 non

1792 1615 2026 1676 differat.
2055 1619 2175 1690 Quo
2196 1623 2359 1689 dicto,
2386 1638 2508 1678 cum
2526 1622 2842 1694 Bosogouus
2864 1623 3168 1694 evigilat-et,
3185 1631 3239 1677 et
3260 1620 3395 1692 quid

1792 1708 2012 1767 domina
2058 1727 2154 1768 sua
2202 1725 2391 1772 sancto
2446 1714 2744 1772 confessori
2790 1717 3118 1787 promiserat
3175 1713 3395 1784 penitus

1705 1804 1756 1865 B
1783 1801 2080 1875 ignoraret,
2115 1808 2180 1863 ad
2220 1824 2339 1863 eam
2369 1809 2627 1865 velociter
2669 1811 2860 1875 currit,
2892 1818 2947 1864 et
2977 1809 3106 1880 quid
3133 1809 3236 1864 sibi
3262 1822 3392 1863 san-

1789 1906 1912 1955 ctus
1933 1899 2145 1956 dixerat
2195 1902 2474 1959 revelavit.
2519 1902 2969 1960 Sauctimonialisr
3002 1917 3132 1958 vero
3185 1901 3392 1957 femina

1789 2005 1913 2047 cum
1965 1996 2239 2051 narrantis
2295 1994 2460 2051 verba
2517 1996 2777 2062 audisset,
2839 1993 3220 2066 promissionis
3274 2006 3397 2048 sum.

1788 2085 1973 2140 statim
2032 2087 2408 2153 reminiscens,
2456 2102 2624 2158 seque
2675 2087 2740 2141 de
2778 2085 3100 2157 negligentia
3141 2100 3238 2140 sua
3296 2098 3389 2138 re—

1789 2184 2082 2253 dargucns,
2121 2190 2180 2236 ut
2216 2181 2432 2237 tandem
2480 2189 2609 2238 vota
2652 2179 2968 2252 compleret,
3015 2195 3138 2235 cum
3168 2177 3396 2234 festina-

1790 2276 1935 2334 tione
1965 2277 2135 2343 venit,
2186 2290 2488 2347 cereosque
2535 2290 2674 2347 quos
2710 2273 3037 2345 jampridem
3087 2271 3395 2329 confessori

1788 2370 2157 2442 spoponderat
2182 2367 2501 2425 solemniter
2529 2370 2578 2424 ei
2602 2378 2658 2425 et
2685 2368 2880 2425 devote
2907 2367 3161 2425 reddidit.

1861 2462 2052 2518 XXXI.
2089 2461 2332 2518 llerveus
2384 2461 2604 2532 quidam
2649 2461 2865 2533 juvenis
2904 2460 2971 2516 de
3002 2458 3275 2515 territorio
3304 2457 3394 2513 Pi-

1789 2557 2054 2621 ctavensi,
2076 2571 2199 2611 cum
2230 2556 2452 2612 circiter
2478 2557 2661 2612 decem
2703 2570 2803 2626 per
2825 2570 2997 2610 annos
3022 2554 3232 2610 aridum
3264 2554 3395 2610 bra-

1790 2650 1974 2707 chium
2000 2664 2094 2719 spe
2132 2648 2439 2703 obtinendae
2484 2648 2739 2703 sanitatis
2780 2664 2878 2718 per
2907 2646 3138 2717 plurima
3171 2654 3389 2701 sancto-

1791 2759 1912 2801 rum
1954 2741 2071 2797 loca
2121 2741 2394 2804 deferens,
2439 2738 2643 2794 nullum
2676 2740 2852 2794 adlmc
2895 2738 3095 2794 laboris
3142 2738 3223 2793 sui
3274 2738 3392 2794 fru-

1791 2842 1938 2891 ctum
1987 2832 2336 2903 percepisset,
2379 2831 2433 2885 in
2479 2830 2661 2902 vigilia
2714 2831 2888 2886 sancti
2933 2829 3236 2898 Laurentii,
3267 2844 3391 2901 qum

1792 2927 1909 2984 dies
1958 2926 2235 2982 Dominica
2284 2925 2610 2991 habebatur,
2666 2940 2791 2982 cum
2839 2925 2961 2982 aliis
3005 2925 3250 2981 fidelibus
3297 2926 3391 2997 pia

1793 3027 1978 3076 mente
2004 3026 2058 3073 et
2089 3016 2193 3073 fide
2224 3018 2417 3073 devota
2449 3017 2517 3073 ad
2546 3017 2852 3088 sepulcrum
2882 3017 3254 3090 benignissimi
3285 3017 3391 3072 Pa-

1794 3112 1896 3167 tris
1928 3111 2180 3166 accessit.
2212 3109 2364 3178 Quod
2395 3126 2516 3165 cum
2550 3109 2755 3166 factum
2790 3109 3001 3177 fuisset,
3031 3109 3244 3166 meritis
3264 3125 3393 3171 san-

70 3185 530 3276 incolumitatem,
562 3185 725 3281 quam
751 3185 855 3266 sibi
883 3185 1134 3266 Christus
1161 3224 1259 3280 per
1286 3207 1430 3264 beati
1463 3185 1680 3264 Martini
1707 3185 1753 3247 (ἶ
1786 3202 1860 3259 eti
1919 3200 2251 3258 confessoris
2299 3202 2615 3272 sospitatem
2663 3201 2754 3257 diu
2805 3202 3189 3270 desideratam,
3237 3201 3405 3258 omni.

68 3303 272 3357 merita
319 3301 651 3374 praebuerat,
700 3300 947 3358 fidelibus
990 3301 1045 3358 in
1087 3301 1362 3358 communi
1404 3300 1680 3357 audientia

68 3393 350 3465 exposuit.

144 3483 365 3543 XXVII.
405 3484 684 3542 Mulierem
710 3500 929 3559 quoque
959 3487 1025 3543 de
1053 3486 1327 3554 Barbivio,
1363 3487 1452 3544 cui
1481 3502 1684 3545 nomen

71 3586 199 3633 erat
225 3577 630 3650 Ermengardis,
666 3592 793 3634 cum
824 3578 892 3634 ad
925 3579 1245 3637 memoriam
1268 3579 1372 3635 viri
1408 3577 1504 3636 Dei
1528 3594 1685 3636 acce-

69 3671 211 3727 dere
253 3669 558 3737 festinaret,
598 3670 653 3726 in
695 3671 812 3743 ipso
840 3670 1039 3728 itinere
1067 3671 1245 3728 adhuc
1269 3670 1428 3745 longe
1448 3672 1683 3743 positam

68 3764 311 3821 visitavi!
340 3761 532 3821 Oriens
566 3779 633 3820 ea:
655 3763 764 3819 alto
797 3762 949 3837 (Luc.
986 3779 1023 3830 ι,
1063 3762 1173 3837 78).
1232 3763 1467 3835 Egressa
1511 3764 1686 3837 siqui-

70 3858 207 3915 dem
246 3856 319 3913 de
347 3856 510 3914 domo
540 3871 658 3924 sua,
688 3856 831 3913 sicut
852 3857 968 3929 ipsa
999 3864 1258 3913 narrante
1284 3857 1591 3925 didicimus,
1624 3867 1685 3914 ut

70 3950 147 4006 ad
174 3948 393 4022 vigilias
415 3949 591 4006 sancti
622 3957 930 4007 accurreret
948 3989 963 4016 ,
991 3949 1275 4006 oculorum
1300 3949 1505 4018 lumen,
1537 3952 1685 4023 quod

68 4042 243 4115 longo
279 4052 520 4115 tempore
550 4043 881 4116 perdiderat,
924 4043 1266 4114 stupentibus
1312 4046 1403 4117 qui
1452 4047 1683 4101 comita-

68 4134 283 4191 bantur
316 4147 463 4200 eam,
492 4132 548 4191 in
582 4134 669 4190 via
705 4134 931 4206 recepit,
974 4135 1278 4205 ducemque
1324 4136 1411 4192 sui
1457 4136 1686 4195 ulterius

70 4244 187 4285 non
232 4228 541 4299 requirens,
590 4227 658 4285 ad
698 4228 877 4285 locum
908 4244 1068 4300 quem
1098 4239 1381 4300 optaverat
1405 4232 1682 4302 pervenit;

72 4323 170 4379 ubi
227 4321 480 4379 oratione
525 4319 640 4376 fusa
670 4362 686 4387 ,
741 4320 975 4393 dataque
1022 4321 1342 4380 solemniter
1392 4322 1687 4391 oblatione,

1785 3297 1987 3369 popqu
2040 3298 2094 3353 in
2137 3297 2325 3354 laudes
2355 3283 2571 3354 'Christi
2616 3296 2975 3364 acclamante,
3023 3295 3212 3353 eadem
3255 3295 3405 3353 hora

1788 3389 2016 3460 recepit.

1860 3480 2073 3538 XXXII.
2118 3481 2386 3551 “Quodam
2436 3482 2790 3540 nihilominus
2835 3482 2925 3539 die
2974 3483 3082 3539 dno
3137 3481 3389 3554 juvenes,

1787 3574 1937 3630 surdi
1982 3574 2189 3646 pariter
2229 3583 2287 3630 et
2337 3575 2493 3642 muti,
2539 3590 2768 3646 quorum
2821 3575 2961 3631 alter
3013 3575 3188 3633 Draco
3221 3589 3391 3633 voca-

1792 3676 1905 3733 tns,‘
1949 3666 2017 3723 de
2075 3668 2192 3724 vico
2248 3683 2410 3739 quem
2454 3667 2771 3726 Launacum
2816 3676 3035 3735 vocant,
3087 3667 3226 3723 alter
3258 3680 3397 3724 vero

1789 3758 1986 3815 dictus.
2034 3799 2046 3811 .
2089 3800 2100 3811 .
2145 3800 2160 3814 .
2205 3799 2220 3817 .
2260 3759 2328 3816 de
2354 3759 2475 3817 vico
2495 3775 2656 3832 quem
2693 3760 2978 3817 nominant
2999 3758 3392 3827 Cameliacum,

1791 3851 2128 3910 mausoleum
2149 3852 2378 3924 piissimi
2402 3852 2732 3912 confessoris
2761 3853 2985 3924 pulchra
3013 3852 3118 3910 fide
3140 3851 3397 3908 certatim

1790 3945 2190 4012 deosculantes,
2219 3944 2453 4001 cilicium
2478 3945 2675 4020 lingua:
2700 3945 2862 4002 simul
2891 3953 2947 4001 et
2968 3945 3203 4011 aurium,
3227 3959 3395 4015 quem

1794 4047 1993 4095 natura
2056 4040 2137 4095 eis
2191 4040 2576 4112 denegaverat,
2638 4039 2849 4098 meritis
2893 4040 3066 4097 sancti
3124 4039 3223 4095 viri
3283 4053 3394 4094 una

1792 4133 2092 4201 eademque
2121 4133 2252 4187 hora
2280 4131 2563 4202 percipere
2595 4142 2932 4187 meruerunt.
3156 4134 3165 4142 '

1867 4222 2099 4278 XXXIII.
2156 4223 2286 4278 Item
2333 4224 2450 4293 ipso
2489 4224 2597 4289 die,
2652 4225 2900 4293 quaedam
2951 4224 3165 4288 mulier,
3205 4223 3392 4280 Iliide-

1794 4318 1993 4390 gurdus
2042 4319 2283 4384 nomine,
2313 4318 2381 4373 de
2425 4318 2543 4373 vico
2572 4318 2663 4388 qui
2715 4318 2911 4373 dicitur
2954 4317 3137 4374 Novus
3162 4319 3387 4384 hurgus,

73 4432 207 4472 cum
254 4416 557 4488 gratiarum
597 4415 811 4472 actione
853 4417 1101 4488 sequenti
1147 4417 1236 4472 die
1282 4416 1586 4473 laetabunda
1632 4424 1695 4474 et
1794 4410 1983 4467 eodem
2021 4426 2128 4480 quo
2176 4421 2232 4465 et
2273 4410 2480 4480 prtefati
2526 4408 2755 4477 juvenes
2796 4410 3092 4467 infortunio
3134 4411 3392 4466 damnata

74 4512 377 4570 incolumis
411 4512 480 4568 ad
517 4526 615 4568 sua
652 4512 933 4569 remeavit.

147 4602 394 4661 XXVIIL
451 4602 613 4661 Circa
660 4605 806 4661 idem
854 4614 1067 4676 tempus
1120 4604 1241 4660 dum
1296 4603 1687 4660 infelicissima:

74 4698 371 4765 mulieres,
421 4711 655 4767 quarum
702 4697 925 4752 nomina
973 4696 1294 4753 memoriam
1335 4711 1513 4752 meam
1544 4711 1688 4771 pra:-

75 4792 377 4858 terierunt,
407 4787 656 4846 molestia
680 4788 870 4845 ﬁstulae
896 4789 988 4845 diu
1019 4788 1421 4856 laboraverant,
1445 4805 1563 4861 utrm
1593 4804 1691 4861 per

76 4885 415 4957 septimanae
458 4880 725 4938 circulum
760 4890 930 4938 totam
957 4883 1073 4939 suis
1105 4881 1385 4938 basilicam
1422 4883 1692 4954 replentes

77 4975 445 5042 clamoribus,
500 4973 714 5030 viscera
772 4981 957 5029 nostra
1011 4974 1344 5049 calamitosis
1386 4972 1692 5047 planetibus

81 5072 472 5128 turbaverant.
539 5066 785 5138 Denique
839 5065 1004 5123 Pater
1057 5068 1444 5126 misericordiae
1504 5080 1692 5126 earum

81 5165 335 5224 miseriae
383 5173 439 5224 et
475 5172 705 5229 nostrae,
748 5161 988 5233 praestita
1036 5163 1143 5219 illis
1189 5163 1398 5234 pariter
1437 5162 1701 5226 sanitate,

87 5259 269 5314 finem
283 5257 567 5330 imposuit.

168 5347 360 5407 XXIX.
389 5349 503 5408 Sub
549 5348 672 5418 ipso
719 5352 961 5415 tempore
1009 5348 1113 5404 alia
1145 5348 1321 5418 puella
1352 5354 1449 5410 toti
1490 5353 1691 5407 nostra:

93 5442 303 5480 ..ἰνίου-ιζ
346 5458 452 5478 ---n
485 5441 750 5486 diuturna
800 5439 1043 5490 (tacitam
1069 5443 1302 5490 cngniln-
1332 5449 1398 5498 ad
1450 5442 1695 5484 ..ητιηηηι

1716 4539 1769 4600 D
1793 4513 1980 4570 parem
2007 4515 2129 4554 cum
2156 4498 2236 4555 eis
2266 4500 2499 4571 gratiam
2531 4516 2560 4553 a
2591 4499 2810 4556 Christo
2832 4502 3023 4573 adepta
3055 4512 3158 4557 est.

1868 4589 2111 4648 XXXIV.
2166 4592 2362 4648 Postea
2411 4593 2465 4648 in
2516 4592 2858 4650 solcnmitate
2901 4595 3045 4651 beati
3082 4594 3390 4663 Laurentii,

1795 4701 1918 4741 cum
1950 4685 2196 4755 Andreas
2222 4701 2378 4756 puer,
2426 4688 2490 4741 de
2517 4683 2771 4741 Oratorio
2812 4688 3151 4759 scptcnninm
3176 4690 3393 4744 transti-

1796 4796 1948 4851 geus,
1985 4781 2036 4833 in
2061 4778 2244 4837 nubilo
2275 4781 2553 4845 catcitatis,
2583 4786 2790 4836 tractus
2833 4797 2861 4837 a
2892 4790 3065 4839 matre
3107 4783 3174 4836 ad
3212 4780 3391 4837 locum

1795 4872 2132 4930 confessoris
2175 4873 2533 4945 pervenisset,
2581 4871 2767 4927 statim
2794 4874 2845 4930 in
2894 4881 3184 4944 conspectu
3215 4872 3400 4943 pepuli

1794 4967 2228 5031 circumstantis,
2283 4967 2519 5023 tenebris
2564 4962 2705 5017 inter
2756 4966 2910 5023 ulnas
2960 4980 3072 5022 suae
3123 4962 3402 5034 genitricis

1798 5060 2049 5134 ignotum
2074 5059 2215 5114 diem
2239 5058 2417 5115 subito
2441 5056 2625 5112 videre
2647 5060 2971 5123 promeruit.

1888 5149 2102 5216 XXXV.
2153 5149 2264 5206 Sub
2314 5150 2431 5222 ipso
2484 5149 2576 5204 die
2626 5150 2881 5214 quaedam
2929 5147 3140 5213 mulier,
3193 5149 3419 5206 nomine

1792 5248 1975 5331 Αίὲθν
2022 5246 2087 5304 de
2131 5250 2310 5302 δειδίΓο
2352 5244 2493 5318 quo“
2553 5238 2959 5307 Cm‘mmtacum
3003 5249 3245 5303 vocatur,
3291 5256 3423 5299 eo“.

1794 5349 2118 5406 tractornm
2148 5345 2367 5393 artuum
2403 5332 2682 5395 debilitate
2709 5348 2816 5403 per
2843 5332 3259 5412 quinquennium
3292 5348 3431 5392 mm-

1794 5452 1913 5482 αφ,
1989 5429 2213 5476 ηἰὶιςῖιηὶ
2262 5427 2441 5472 Dan-ie
2486 5420 2708 5470 ηιρνίιῖα
2768 5433 3012 5474 nrielinm
3059 5423 3304 5466 ωειῖιηιει
3353 5429 3435 5464 ραι
