  <div class='ocr_page' id='page_1' title='image "/cluster/home/n/w/nwhite01/storage/ocr_20150623/129/hvd.32044015471709/529.png"; bbox 0 0 3948 5338; ppageno 0'>
   <div class='ocr_carea' id='block_1_1' title="bbox 490 318 639 392">
    <p class='ocr_par' dir='ltr' id='par_1_1' title="bbox 490 318 639 392">
     <span class='ocr_line' id='line_1_1' title="bbox 490 318 639 392; baseline 0.007 -1"><span class='ocrx_word' id='word_1_1' title='bbox 490 318 639 392; x_wconf 71' lang='lat' dir='ltr'><strong>wn</strong></span> 
     </span>
    </p>
   </div>
   <div class='ocr_carea' id='block_1_2' title="bbox 986 336 3275 413">
    <p class='ocr_par' dir='ltr' id='par_1_2' title="bbox 986 336 3275 413">
     <span class='ocr_line' id='line_1_2' title="bbox 986 336 3275 413; baseline 0.001 -16"><span class='ocrx_word' id='word_1_2' title='bbox 986 338 1277 401; x_wconf 76' lang='lat' dir='ltr'><strong>APPEND.</strong></span> <span class='ocrx_word' id='word_1_3' title='bbox 1315 343 1408 401; x_wconf 85' lang='lat' dir='ltr'><strong>AI)</strong></span> <span class='ocrx_word' id='word_1_4' title='bbox 1447 340 1620 404; x_wconf 66' lang='lat' dir='ltr'><strong>SE6.</strong></span> <span class='ocrx_word' id='word_1_5' title='bbox 1660 341 1752 404; x_wconf 89' lang='lat' dir='ltr'><strong>IX.</strong></span> <span class='ocrx_word' id='word_1_6' title='bbox 1779 375 1848 388; x_wconf 94' lang='grc'><strong><em>--</em></strong></span> <span class='ocrx_word' id='word_1_7' title='bbox 1877 340 2217 406; x_wconf 76' lang='lat' dir='ltr'><strong>SUPPLEM.</strong></span> <span class='ocrx_word' id='word_1_8' title='bbox 2257 338 2349 402; x_wconf 85' lang='lat' dir='ltr'><strong>AD</strong></span> <span class='ocrx_word' id='word_1_9' title='bbox 2385 336 2590 403; x_wconf 81' lang='lat' dir='ltr'><strong>AUCT.</strong></span> <span class='ocrx_word' id='word_1_10' title='bbox 2628 336 2992 403; x_wconf 79' lang='lat' dir='ltr'><strong>CERTIORIS</strong></span> <span class='ocrx_word' id='word_1_11' title='bbox 3027 339 3210 401; x_wconf 77' lang='lat' dir='ltr'><strong>ANNI.</strong></span> <span class='ocrx_word' id='word_1_12' title='bbox 3270 409 3275 413; x_wconf 39' lang='grc'>,</span> 
     </span>
    </p>
   </div>
   <div class='ocr_carea' id='block_1_3' title="bbox 3614 300 3748 397">
    <p class='ocr_par' dir='ltr' id='par_1_3' title="bbox 3614 300 3748 397">
     <span class='ocr_line' id='line_1_3' title="bbox 3614 300 3748 397; baseline 0.007 -1"><span class='ocrx_word' id='word_1_13' title='bbox 3614 300 3748 397; x_wconf 64' lang='lat' dir='ltr'><strong>tota</strong></span> 
     </span>
    </p>
   </div>
   <div class='ocr_carea' id='block_1_4' title="bbox 560 442 3753 532">
    <p class='ocr_par' dir='ltr' id='par_1_4' title="bbox 560 442 3753 532">
     <span class='ocr_line' id='line_1_4' title="bbox 560 442 3753 532; baseline 0 -23"><span class='ocrx_word' id='word_1_14' title='bbox 560 450 823 509; x_wconf 78' lang='lat' dir='ltr'><strong>XXXVII.</strong></span> <span class='ocrx_word' id='word_1_15' title='bbox 874 454 1004 510; x_wconf 90' lang='lat' dir='ltr'><strong>Item</strong></span> <span class='ocrx_word' id='word_1_16' title='bbox 1058 456 1175 528; x_wconf 91' lang='lat' dir='ltr'><strong>ipso</strong></span> <span class='ocrx_word' id='word_1_17' title='bbox 1222 442 1308 514; x_wconf 88' lang='lat' dir='ltr'><strong>die</strong></span> <span class='ocrx_word' id='word_1_18' title='bbox 1335 501 1350 525; x_wconf 95' lang='lat'><strong>,</strong></span> <span class='ocrx_word' id='word_1_19' title='bbox 1404 476 1537 532; x_wconf 87' lang='lat' dir='ltr'><strong>puer</strong></span> <span class='ocrx_word' id='word_1_20' title='bbox 1587 462 1804 532; x_wconf 90' lang='lat' dir='ltr'><strong>quidam</strong></span> <span class='ocrx_word' id='word_1_21' title='bbox 1835 503 1848 528; x_wconf 92' lang='lat'><strong>,</strong></span> <span class='ocrx_word' id='word_1_22' title='bbox 1902 460 2068 518; x_wconf 86' lang='lat' dir='ltr'><strong>Fulco</strong></span> <span class='ocrx_word' id='word_1_23' title='bbox 2095 465 2145 524; x_wconf 78' lang='grc' dir='ltr'><strong>Α</strong></span> <span class='ocrx_word' id='word_1_24' title='bbox 2242 458 2397 515; x_wconf 89' lang='lat' dir='ltr'><strong>XLII.</strong></span> <span class='ocrx_word' id='word_1_25' title='bbox 2436 457 2726 515; x_wconf 88' lang='lat' dir='ltr'><strong>Gaufridus</strong></span> <span class='ocrx_word' id='word_1_26' title='bbox 2763 474 2977 531; x_wconf 89' lang='lat' dir='ltr'><strong>quoque</strong></span> <span class='ocrx_word' id='word_1_27' title='bbox 3012 474 3148 531; x_wconf 88' lang='lat' dir='ltr'><strong>puer</strong></span> <span class='ocrx_word' id='word_1_28' title='bbox 3180 457 3246 512; x_wconf 90' lang='lat' dir='ltr'><strong>de</strong></span> <span class='ocrx_word' id='word_1_29' title='bbox 3279 455 3405 513; x_wconf 88' lang='lat' dir='ltr'><strong>vico</strong></span> <span class='ocrx_word' id='word_1_30' title='bbox 3435 451 3533 525; x_wconf 92' lang='lat' dir='ltr'><strong>qui</strong></span> <span class='ocrx_word' id='word_1_31' title='bbox 3561 453 3753 510; x_wconf 82' lang='lat' dir='ltr'><strong>dicitur</strong></span> 
     </span>
    </p>
   </div>
   <div class='ocr_carea' id='block_1_5' title="bbox 490 544 2073 623">
    <p class='ocr_par' dir='ltr' id='par_1_5' title="bbox 490 544 2073 623">
     <span class='ocr_line' id='line_1_5' title="bbox 490 544 2073 623; baseline 0.005 -24"><span class='ocrx_word' id='word_1_32' title='bbox 490 544 731 610; x_wconf 89' lang='lat' dir='ltr'><strong>nomine,</strong></span> <span class='ocrx_word' id='word_1_33' title='bbox 775 545 841 601; x_wconf 93' lang='lat' dir='ltr'><strong>de</strong></span> <span class='ocrx_word' id='word_1_34' title='bbox 879 546 999 601; x_wconf 90' lang='lat' dir='ltr'><strong>vico</strong></span> <span class='ocrx_word' id='word_1_35' title='bbox 1046 544 1231 604; x_wconf 86' lang='lat' dir='ltr'><strong>Sancti</strong></span> <span class='ocrx_word' id='word_1_36' title='bbox 1257 544 1572 614; x_wconf 68' lang='lat' dir='ltr'><strong>Clemen’tis’,</strong></span> <span class='ocrx_word' id='word_1_37' title='bbox 1623 551 1782 623; x_wconf 88' lang='lat' dir='ltr'><strong>longo</strong></span> <span class='ocrx_word' id='word_1_38' title='bbox 1830 560 2073 622; x_wconf 88' lang='lat' dir='ltr'><strong>tempore</strong></span> 
     </span>
    </p>
   </div>
   <div class='ocr_carea' id='block_1_6' title="bbox 502 634 2074 712">
    <p class='ocr_par' dir='ltr' id='par_1_6' title="bbox 502 634 2074 712">
     <span class='ocr_line' id='line_1_6' title="bbox 502 634 2074 712; baseline 0.007 -23"><span class='ocrx_word' id='word_1_39' title='bbox 502 634 836 691; x_wconf 85' lang='lat' dir='ltr'><strong>debilitatum</strong></span> <span class='ocrx_word' id='word_1_40' title='bbox 880 638 1071 709; x_wconf 85' lang='lat' dir='ltr'><strong>pedem</strong></span> <span class='ocrx_word' id='word_1_41' title='bbox 1118 639 1309 697; x_wconf 88' lang='lat' dir='ltr'><strong>baculo</strong></span> <span class='ocrx_word' id='word_1_42' title='bbox 1354 642 1783 712; x_wconf 89' lang='lat' dir='ltr'><strong>circumferens,</strong></span> <span class='ocrx_word' id='word_1_43' title='bbox 1842 660 1963 700; x_wconf 78' lang='lat' dir='ltr'><strong>mox</strong></span> <span class='ocrx_word' id='word_1_44' title='bbox 2012 652 2074 700; x_wconf 91' lang='lat' dir='ltr'><strong>ut</strong></span> 
     </span>
    </p>
   </div>
   <div class='ocr_carea' id='block_1_7' title="bbox 495 726 2073 803">
    <p class='ocr_par' dir='ltr' id='par_1_7' title="bbox 495 726 2073 803">
     <span class='ocr_line' id='line_1_7' title="bbox 495 726 2073 803; baseline 0.006 -23"><span class='ocrx_word' id='word_1_45' title='bbox 495 726 736 782; x_wconf 83' lang='lat' dir='ltr'><strong>lumbam</strong></span> <span class='ocrx_word' id='word_1_46' title='bbox 775 729 948 784; x_wconf 84' lang='lat' dir='ltr'><strong>sancti</strong></span> <span class='ocrx_word' id='word_1_47' title='bbox 996 731 1190 801; x_wconf 91' lang='lat' dir='ltr'><strong>tetigit,</strong></span> <span class='ocrx_word' id='word_1_48' title='bbox 1220 735 1366 789; x_wconf 91' lang='lat' dir='ltr'><strong>omni</strong></span> <span class='ocrx_word' id='word_1_49' title='bbox 1411 734 1597 792; x_wconf 86' lang='lat' dir='ltr'><strong>dolore</strong></span> <span class='ocrx_word' id='word_1_50' title='bbox 1635 738 1831 803; x_wconf 89' lang='lat' dir='ltr'><strong>caruit,</strong></span> <span class='ocrx_word' id='word_1_51' title='bbox 1866 744 2073 792; x_wconf 89' lang='lat' dir='ltr'><strong>etcum</strong></span> 
     </span>
    </p>
   </div>
   <div class='ocr_carea' id='block_1_8' title="bbox 491 817 2075 900">
    <p class='ocr_par' dir='ltr' id='par_1_8' title="bbox 491 817 2075 900">
     <span class='ocr_line' id='line_1_8' title="bbox 491 817 2075 900; baseline 0.009 -30"><span class='ocrx_word' id='word_1_52' title='bbox 491 831 559 872; x_wconf 91' lang='lat' dir='ltr'><strong>eo</strong></span> <span class='ocrx_word' id='word_1_53' title='bbox 580 817 718 875; x_wconf 91' lang='lat' dir='ltr'><strong>alius</strong></span> <span class='ocrx_word' id='word_1_54' title='bbox 741 820 832 890; x_wconf 87' lang='lat' dir='ltr'><strong>qui</strong></span> <span class='ocrx_word' id='word_1_55' title='bbox 861 836 1053 879; x_wconf 90' lang='lat' dir='ltr'><strong>manus</strong></span> <span class='ocrx_word' id='word_1_56' title='bbox 1077 822 1314 881; x_wconf 82' lang='lat' dir='ltr'><strong>officium</strong></span> <span class='ocrx_word' id='word_1_57' title='bbox 1338 828 1597 885; x_wconf 88' lang='lat' dir='ltr'><strong>amiserat</strong></span> <span class='ocrx_word' id='word_1_58' title='bbox 1624 831 1866 900; x_wconf 83' lang='lat' dir='ltr'><strong>sospitati</strong></span> <span class='ocrx_word' id='word_1_59' title='bbox 1897 828 2075 886; x_wconf 87' lang='lat' dir='ltr'><strong>reddi-</strong></span> 
     </span>
    </p>
   </div>
   <div class='ocr_carea' id='block_1_9' title="bbox 493 910 890 968">
    <p class='ocr_par' dir='ltr' id='par_1_9' title="bbox 493 910 890 968">
     <span class='ocr_line' id='line_1_9' title="bbox 493 910 890 968; baseline 0.013 -5"><span class='ocrx_word' id='word_1_60' title='bbox 493 918 579 964; x_wconf 88' lang='lat' dir='ltr'><strong>tus</strong></span> <span class='ocrx_word' id='word_1_61' title='bbox 606 910 890 968; x_wconf 83' lang='lat' dir='ltr'><strong>abscessit.</strong></span> 
     </span>
    </p>
   </div>
   <div class='ocr_carea' id='block_1_10' title="bbox 563 1000 2073 1080">
    <p class='ocr_par' dir='ltr' id='par_1_10' title="bbox 563 1000 2073 1080">
     <span class='ocr_line' id='line_1_10' title="bbox 563 1000 2073 1080; baseline 0.006 -25"><span class='ocrx_word' id='word_1_62' title='bbox 563 1000 847 1058; x_wconf 74' lang='lat' dir='ltr'><strong>XXXVIII.</strong></span> <span class='ocrx_word' id='word_1_63' title='bbox 881 1004 1011 1062; x_wconf 88' lang='lat' dir='ltr'><strong>Post</strong></span> <span class='ocrx_word' id='word_1_64' title='bbox 1035 1006 1138 1063; x_wconf 89' lang='lat' dir='ltr'><strong>hoc</strong></span> <span class='ocrx_word' id='word_1_65' title='bbox 1158 1023 1292 1079; x_wconf 90' lang='lat' dir='ltr'><strong>puer</strong></span> <span class='ocrx_word' id='word_1_66' title='bbox 1314 1010 1530 1080; x_wconf 88' lang='lat' dir='ltr'><strong>quidam</strong></span> <span class='ocrx_word' id='word_1_67' title='bbox 1556 1006 1621 1066; x_wconf 87' lang='lat' dir='ltr'><strong>de</strong></span> <span class='ocrx_word' id='word_1_68' title='bbox 1644 1008 2073 1077; x_wconf 89' lang='lat' dir='ltr'><strong>Semblenciaco,</strong></span> 
     </span>
    </p>
   </div>
   <div class='ocr_carea' id='block_1_11' title="bbox 489 1089 2078 1168">
    <p class='ocr_par' dir='ltr' id='par_1_11' title="bbox 489 1089 2078 1168">
     <span class='ocr_line' id='line_1_11' title="bbox 489 1089 2078 1168; baseline 0.008 -21"><span class='ocrx_word' id='word_1_69' title='bbox 489 1089 727 1150; x_wconf 80' lang='lat' dir='ltr'><strong>Joannes</strong></span> <span class='ocrx_word' id='word_1_70' title='bbox 752 1097 989 1165; x_wconf 83' lang='lat' dir='ltr'><strong>nomine,</strong></span> <span class='ocrx_word' id='word_1_71' title='bbox 1016 1099 1109 1168; x_wconf 90' lang='lat' dir='ltr'><strong>qui</strong></span> <span class='ocrx_word' id='word_1_72' title='bbox 1135 1115 1316 1156; x_wconf 88' lang='lat' dir='ltr'><strong>annuo</strong></span> <span class='ocrx_word' id='word_1_73' title='bbox 1341 1102 1529 1157; x_wconf 91' lang='lat' dir='ltr'><strong>morbo</strong></span> <span class='ocrx_word' id='word_1_74' title='bbox 1552 1100 1743 1158; x_wconf 71' lang='lat' dir='ltr'><strong>list-uim</strong></span> <span class='ocrx_word' id='word_1_75' title='bbox 1771 1104 1823 1158; x_wconf 92' lang='lat' dir='ltr'><strong>in</strong></span> <span class='ocrx_word' id='word_1_76' title='bbox 1854 1101 2078 1159; x_wconf 88' lang='lat' dir='ltr'><strong>brachio</strong></span> 
     </span>
    </p>
   </div>
   <div class='ocr_carea' id='block_1_12' title="bbox 489 1185 2076 1265">
    <p class='ocr_par' dir='ltr' id='par_1_12' title="bbox 489 1185 2076 1265">
     <span class='ocr_line' id='line_1_12' title="bbox 489 1185 2076 1265; baseline 0.005 -25"><span class='ocrx_word' id='word_1_77' title='bbox 489 1185 628 1241; x_wconf 89' lang='lat' dir='ltr'><strong>adeo</strong></span> <span class='ocrx_word' id='word_1_78' title='bbox 663 1187 942 1245; x_wconf 91' lang='lat' dir='ltr'><strong>confectus</strong></span> <span class='ocrx_word' id='word_1_79' title='bbox 988 1201 1106 1247; x_wconf 85' lang='lat' dir='ltr'><strong>erat</strong></span> <span class='ocrx_word' id='word_1_80' title='bbox 1149 1202 1209 1247; x_wconf 93' lang='lat' dir='ltr'><strong>ut</strong></span> <span class='ocrx_word' id='word_1_81' title='bbox 1249 1195 1584 1265; x_wconf 81' lang='lat' dir='ltr'><strong>consumptis</strong></span> <span class='ocrx_word' id='word_1_82' title='bbox 1628 1194 1916 1264; x_wconf 81' lang='lat' dir='ltr'><strong>putredine</strong></span> <span class='ocrx_word' id='word_1_83' title='bbox 1951 1209 2076 1250; x_wconf 87' lang='lat' dir='ltr'><strong>car-</strong></span> 
     </span>
    </p>
   </div>
   <div class='ocr_carea' id='block_1_13' title="bbox 492 1278 2077 1343">
    <p class='ocr_par' dir='ltr' id='par_1_13' title="bbox 492 1278 2077 1343">
     <span class='ocr_line' id='line_1_13' title="bbox 492 1278 2077 1343; baseline 0.005 -11"><span class='ocrx_word' id='word_1_84' title='bbox 492 1278 653 1336; x_wconf 85' lang='lat' dir='ltr'><strong>nibus</strong></span> <span class='ocrx_word' id='word_1_85' title='bbox 693 1281 860 1337; x_wconf 88' lang='lat' dir='ltr'><strong>etiam</strong></span> <span class='ocrx_word' id='word_1_86' title='bbox 903 1299 1124 1339; x_wconf 87' lang='lat' dir='ltr'><strong>corrosa</strong></span> <span class='ocrx_word' id='word_1_87' title='bbox 1167 1285 1440 1341; x_wconf 83' lang='lat' dir='ltr'><strong>vermibus</strong></span> <span class='ocrx_word' id='word_1_88' title='bbox 1483 1302 1606 1342; x_wconf 88' lang='lat' dir='ltr'><strong>ossa</strong></span> <span class='ocrx_word' id='word_1_89' title='bbox 1645 1287 1713 1341; x_wconf 93' lang='lat' dir='ltr'><strong>ab</strong></span> <span class='ocrx_word' id='word_1_90' title='bbox 1749 1288 1894 1343; x_wconf 90' lang='lat' dir='ltr'><strong>intus</strong></span> <span class='ocrx_word' id='word_1_91' title='bbox 1928 1286 2077 1342; x_wconf 80' lang='lat' dir='ltr'><strong>deci-</strong></span> 
     </span>
    </p>
   </div>
   <div class='ocr_carea' id='block_1_14' title="bbox 491 1372 2080 1451">
    <p class='ocr_par' dir='ltr' id='par_1_14' title="bbox 491 1372 2080 1451">
     <span class='ocr_line' id='line_1_14' title="bbox 491 1372 2080 1451; baseline 0.005 -24"><span class='ocrx_word' id='word_1_92' title='bbox 491 1372 701 1440; x_wconf 87' lang='lat' dir='ltr'><strong>derent,</strong></span> <span class='ocrx_word' id='word_1_93' title='bbox 726 1373 792 1429; x_wconf 89' lang='lat' dir='ltr'><strong>ad</strong></span> <span class='ocrx_word' id='word_1_94' title='bbox 819 1375 1060 1431; x_wconf 88' lang='lat' dir='ltr'><strong>tumbam</strong></span> <span class='ocrx_word' id='word_1_95' title='bbox 1090 1380 1264 1433; x_wconf 81' lang='lat' dir='ltr'><strong>sancti</strong></span> <span class='ocrx_word' id='word_1_96' title='bbox 1291 1379 1551 1435; x_wconf 86' lang='lat' dir='ltr'><strong>antistitis</strong></span> <span class='ocrx_word' id='word_1_97' title='bbox 1576 1380 1866 1451; x_wconf 84' lang='lat' dir='ltr'><strong>aliquantis</strong></span> <span class='ocrx_word' id='word_1_98' title='bbox 1888 1381 2080 1435; x_wconf 89' lang='lat' dir='ltr'><strong>diebus</strong></span> 
     </span>
    </p>
   </div>
   <div class='ocr_carea' id='block_1_15' title="bbox 491 1466 2081 1535">
    <p class='ocr_par' dir='ltr' id='par_1_15' title="bbox 491 1466 2081 1535">
     <span class='ocr_line' id='line_1_15' title="bbox 491 1466 2081 1535; baseline 0.005 -12"><span class='ocrx_word' id='word_1_99' title='bbox 491 1466 804 1535; x_wconf 64' lang='lat' dir='ltr'><strong>excubans,</strong></span> <span class='ocrx_word' id='word_1_100' title='bbox 858 1480 914 1525; x_wconf 90' lang='lat' dir='ltr'><strong>et</strong></span> <span class='ocrx_word' id='word_1_101' title='bbox 964 1469 1250 1528; x_wconf 88' lang='lat' dir='ltr'><strong>Dominum</strong></span> <span class='ocrx_word' id='word_1_102' title='bbox 1282 1471 1466 1530; x_wconf 85' lang='lat' dir='ltr'><strong>Jcsum</strong></span> <span class='ocrx_word' id='word_1_103' title='bbox 1516 1485 1576 1530; x_wconf 90' lang='lat' dir='ltr'><strong>ut</strong></span> <span class='ocrx_word' id='word_1_104' title='bbox 1608 1472 2081 1532; x_wconf 31' lang='lat' dir='ltr'><strong>sni‘miscrcretur</strong></span> 
     </span>
    </p>
   </div>
   <div class='ocr_carea' id='block_1_16' title="bbox 492 1558 2081 1639">
    <p class='ocr_par' dir='ltr' id='par_1_16' title="bbox 492 1558 2081 1639">
     <span class='ocr_line' id='line_1_16' title="bbox 492 1558 2081 1639; baseline 0.008 -27"><span class='ocrx_word' id='word_1_105' title='bbox 492 1558 788 1629; x_wconf 83' lang='lat' dir='ltr'><strong>aliquantis</strong></span> <span class='ocrx_word' id='word_1_106' title='bbox 828 1564 1117 1631; x_wconf 79' lang='lat' dir='ltr'><strong>gemitibus</strong></span> <span class='ocrx_word' id='word_1_107' title='bbox 1146 1580 1401 1632; x_wconf 81' lang='lat' dir='ltr'><strong>exorans,</strong></span> <span class='ocrx_word' id='word_1_108' title='bbox 1434 1566 1663 1639; x_wconf 79' lang='lat' dir='ltr'><strong>effugata</strong></span> <span class='ocrx_word' id='word_1_109' title='bbox 1700 1578 1850 1638; x_wconf 84' lang='lat' dir='ltr'><strong>peste</strong></span> <span class='ocrx_word' id='word_1_110' title='bbox 1894 1569 2081 1624; x_wconf 62' lang='lat' dir='ltr'><strong>mortio</strong></span> 
     </span>
    </p>
   </div>
   <div class='ocr_carea' id='block_1_17' title="bbox 491 1649 2082 1725">
    <p class='ocr_par' dir='ltr' id='par_1_17' title="bbox 491 1649 2082 1725">
     <span class='ocr_line' id='line_1_17' title="bbox 491 1649 2082 1725; baseline 0.007 -20"><span class='ocrx_word' id='word_1_111' title='bbox 491 1649 627 1717; x_wconf 86' lang='lat' dir='ltr'><strong>fera,</strong></span> <span class='ocrx_word' id='word_1_112' title='bbox 653 1654 989 1725; x_wconf 90' lang='lat' dir='ltr'><strong>pristinaquc</strong></span> <span class='ocrx_word' id='word_1_113' title='bbox 1018 1656 1253 1713; x_wconf 85' lang='lat' dir='ltr'><strong>sanitate</strong></span> <span class='ocrx_word' id='word_1_114' title='bbox 1285 1658 1492 1715; x_wconf 89' lang='lat' dir='ltr'><strong>meritis</strong></span> <span class='ocrx_word' id='word_1_115' title='bbox 1520 1660 1663 1716; x_wconf 83' lang='lat' dir='ltr'><strong>beati</strong></span> <span class='ocrx_word' id='word_1_116' title='bbox 1695 1660 1912 1716; x_wconf 86' lang='lat' dir='ltr'><strong>Martini</strong></span> <span class='ocrx_word' id='word_1_117' title='bbox 1947 1661 2082 1717; x_wconf 84' lang='lat' dir='ltr'><strong>inte-</strong></span> 
     </span>
    </p>
   </div>
   <div class='ocr_carea' id='block_1_18' title="bbox 491 1746 2081 1822">
    <p class='ocr_par' dir='ltr' id='par_1_18' title="bbox 491 1746 2081 1822">
     <span class='ocr_line' id='line_1_18' title="bbox 491 1746 2081 1822; baseline 0.009 -26"><span class='ocrx_word' id='word_1_118' title='bbox 491 1756 587 1809; x_wconf 54' lang='grc' dir='ltr'>με</span> <span class='ocrx_word' id='word_1_119' title='bbox 616 1754 853 1815; x_wconf 82' lang='lat' dir='ltr'><strong>recepta,</strong></span> <span class='ocrx_word' id='word_1_120' title='bbox 888 1746 1086 1817; x_wconf 89' lang='lat' dir='ltr'><strong>populo</strong></span> <span class='ocrx_word' id='word_1_121' title='bbox 1114 1764 1337 1820; x_wconf 80' lang='lat' dir='ltr'><strong>magna,</strong></span> <span class='ocrx_word' id='word_1_122' title='bbox 1376 1750 1533 1807; x_wconf 90' lang='lat' dir='ltr'><strong>nobis</strong></span> <span class='ocrx_word' id='word_1_123' title='bbox 1563 1751 1799 1822; x_wconf 80' lang='lat' dir='ltr'><strong>majora,</strong></span> <span class='ocrx_word' id='word_1_124' title='bbox 1839 1753 1933 1809; x_wconf 90' lang='lat' dir='ltr'><strong>sed</strong></span> <span class='ocrx_word' id='word_1_125' title='bbox 1966 1753 2081 1810; x_wconf 88' lang='lat' dir='ltr'><strong>suis</strong></span> 
     </span>
    </p>
   </div>
   <div class='ocr_carea' id='block_1_19' title="bbox 490 1839 1235 1914">
    <p class='ocr_par' dir='ltr' id='par_1_19' title="bbox 490 1839 1235 1914">
     <span class='ocr_line' id='line_1_19' title="bbox 490 1839 1235 1914; baseline 0.009 -21"><span class='ocrx_word' id='word_1_126' title='bbox 490 1839 726 1894; x_wconf 80' lang='lat' dir='ltr'><strong>maxima</strong></span> <span class='ocrx_word' id='word_1_127' title='bbox 756 1842 989 1911; x_wconf 66' lang='lat' dir='ltr'><strong>praebuit</strong></span> <span class='ocrx_word' id='word_1_128' title='bbox 1018 1844 1235 1914; x_wconf 86' lang='lat' dir='ltr'><strong>gaudia.</strong></span> 
     </span>
    </p>
   </div>
   <div class='ocr_carea' id='block_1_20' title="bbox 566 1931 2085 1997">
    <p class='ocr_par' dir='ltr' id='par_1_20' title="bbox 566 1931 2085 1997">
     <span class='ocr_line' id='line_1_20' title="bbox 566 1931 2085 1997; baseline 0.007 -11"><span class='ocrx_word' id='word_1_129' title='bbox 566 1931 809 1989; x_wconf 81' lang='lat' dir='ltr'><strong>XXXIX.</strong></span> <span class='ocrx_word' id='word_1_130' title='bbox 850 1936 907 1991; x_wconf 89' lang='lat' dir='ltr'><strong>In</strong></span> <span class='ocrx_word' id='word_1_131' title='bbox 940 1936 1044 1991; x_wconf 90' lang='lat' dir='ltr'><strong>hoc</strong></span> <span class='ocrx_word' id='word_1_132' title='bbox 1072 1938 1237 1993; x_wconf 88' lang='lat' dir='ltr'><strong>etiam</strong></span> <span class='ocrx_word' id='word_1_133' title='bbox 1270 1938 1489 1995; x_wconf 90' lang='lat' dir='ltr'><strong>fuerunt</strong></span> <span class='ocrx_word' id='word_1_134' title='bbox 1518 1940 1835 1996; x_wconf 90' lang='lat' dir='ltr'><strong>admiranda</strong></span> <span class='ocrx_word' id='word_1_135' title='bbox 1874 1949 1929 1997; x_wconf 89' lang='lat' dir='ltr'><strong>et</strong></span> <span class='ocrx_word' id='word_1_136' title='bbox 1964 1940 2085 1997; x_wconf 86' lang='lat' dir='ltr'><strong>ubi-</strong></span> 
     </span>
    </p>
   </div>
   <div class='ocr_carea' id='block_1_21' title="bbox 491 2029 2083 2102">
    <p class='ocr_par' dir='ltr' id='par_1_21' title="bbox 491 2029 2083 2102">
     <span class='ocr_line' id='line_1_21' title="bbox 491 2029 2083 2102; baseline 0.004 -23"><span class='ocrx_word' id='word_1_137' title='bbox 491 2040 597 2095; x_wconf 91' lang='lat' dir='ltr'><strong>que</strong></span> <span class='ocrx_word' id='word_1_138' title='bbox 650 2029 1008 2096; x_wconf 68' lang='lat' dir='ltr'><strong>przeeonanda</strong></span> <span class='ocrx_word' id='word_1_139' title='bbox 1058 2032 1231 2086; x_wconf 86' lang='lat' dir='ltr'><strong>sancti</strong></span> <span class='ocrx_word' id='word_1_140' title='bbox 1275 2031 1606 2087; x_wconf 78' lang='lat' dir='ltr'><strong>confessoris</strong></span> <span class='ocrx_word' id='word_1_141' title='bbox 1658 2033 1852 2087; x_wconf 85' lang='lat' dir='ltr'><strong>merita</strong></span> <span class='ocrx_word' id='word_1_142' title='bbox 1897 2033 2083 2102; x_wconf 91' lang='lat' dir='ltr'><strong>quod,</strong></span> 
     </span>
    </p>
   </div>
   <div class='ocr_carea' id='block_1_22' title="bbox 492 2120 2084 2197">
    <p class='ocr_par' dir='ltr' id='par_1_22' title="bbox 492 2120 2084 2197">
     <span class='ocr_line' id='line_1_22' title="bbox 492 2120 2084 2197; baseline 0.004 -25"><span class='ocrx_word' id='word_1_143' title='bbox 492 2134 601 2174; x_wconf 90' lang='lat' dir='ltr'><strong>non</strong></span> <span class='ocrx_word' id='word_1_144' title='bbox 640 2120 817 2176; x_wconf 80' lang='lat' dir='ltr'><strong>mimis</strong></span> <span class='ocrx_word' id='word_1_145' title='bbox 856 2121 1110 2180; x_wconf 84' lang='lat' dir='ltr'><strong>absentes</strong></span> <span class='ocrx_word' id='word_1_146' title='bbox 1148 2140 1322 2196; x_wconf 64' lang='lat' dir='ltr'><strong>mgros</strong></span> <span class='ocrx_word' id='word_1_147' title='bbox 1366 2135 1420 2181; x_wconf 91' lang='lat' dir='ltr'><strong>et</strong></span> <span class='ocrx_word' id='word_1_148' title='bbox 1462 2125 1620 2197; x_wconf 85' lang='lat' dir='ltr'><strong>longe</strong></span> <span class='ocrx_word' id='word_1_149' title='bbox 1666 2126 1876 2195; x_wconf 89' lang='lat' dir='ltr'><strong>positos</strong></span> <span class='ocrx_word' id='word_1_150' title='bbox 1920 2139 2084 2196; x_wconf 89' lang='lat' dir='ltr'><strong>quam</strong></span> 
     </span>
    </p>
   </div>
   <div class='ocr_carea' id='block_1_23' title="bbox 490 2215 2087 2284">
    <p class='ocr_par' dir='ltr' id='par_1_23' title="bbox 490 2215 2087 2284">
     <span class='ocr_line' id='line_1_23' title="bbox 490 2215 2087 2284; baseline 0.004 -18"><span class='ocrx_word' id='word_1_151' title='bbox 490 2222 812 2282; x_wconf 58' lang='lat' dir='ltr'><strong>praesentes,</strong></span> <span class='ocrx_word' id='word_1_152' title='bbox 852 2215 903 2270; x_wconf 92' lang='lat' dir='ltr'><strong>id</strong></span> <span class='ocrx_word' id='word_1_153' title='bbox 934 2226 1017 2271; x_wconf 91' lang='lat' dir='ltr'><strong>est</strong></span> <span class='ocrx_word' id='word_1_154' title='bbox 1047 2218 1253 2273; x_wconf 90' lang='lat' dir='ltr'><strong>tumulo</strong></span> <span class='ocrx_word' id='word_1_155' title='bbox 1283 2234 1380 2275; x_wconf 93' lang='lat' dir='ltr'><strong>suo</strong></span> <span class='ocrx_word' id='word_1_156' title='bbox 1411 2218 1751 2284; x_wconf 80' lang='lat' dir='ltr'><strong>assistentes,</strong></span> <span class='ocrx_word' id='word_1_157' title='bbox 1792 2218 1836 2273; x_wconf 89' lang='lat' dir='ltr'><strong>si</strong></span> <span class='ocrx_word' id='word_1_158' title='bbox 1872 2217 2087 2272; x_wconf 84' lang='lat' dir='ltr'><strong>firmam</strong></span> 
     </span>
    </p>
   </div>
   <div class='ocr_carea' id='block_1_24' title="bbox 490 2306 2087 2380">
    <p class='ocr_par' dir='ltr' id='par_1_24' title="bbox 490 2306 2087 2380">
     <span class='ocr_line' id='line_1_24' title="bbox 490 2306 2087 2380; baseline 0.003 -20"><span class='ocrx_word' id='word_1_159' title='bbox 490 2320 642 2376; x_wconf 84' lang='lat' dir='ltr'><strong>spem</strong></span> <span class='ocrx_word' id='word_1_160' title='bbox 669 2314 722 2362; x_wconf 91' lang='lat' dir='ltr'><strong>et</strong></span> <span class='ocrx_word' id='word_1_161' title='bbox 752 2306 909 2361; x_wconf 86' lang='lat' dir='ltr'><strong>fidem</strong></span> <span class='ocrx_word' id='word_1_162' title='bbox 937 2308 1267 2372; x_wconf 86' lang='lat' dir='ltr'><strong>habuerunt,</strong></span> <span class='ocrx_word' id='word_1_163' title='bbox 1294 2325 1392 2380; x_wconf 91' lang='lat' dir='ltr'><strong>per</strong></span> <span class='ocrx_word' id='word_1_164' title='bbox 1413 2309 1613 2365; x_wconf 89' lang='lat' dir='ltr'><strong>Christi</strong></span> <span class='ocrx_word' id='word_1_165' title='bbox 1640 2309 1867 2379; x_wconf 80' lang='lat' dir='ltr'><strong>gratiam</strong></span> <span class='ocrx_word' id='word_1_166' title='bbox 1892 2322 2087 2365; x_wconf 89' lang='lat' dir='ltr'><strong>curare</strong></span> 
     </span>
    </p>
   </div>
   <div class='ocr_carea' id='block_1_25' title="bbox 492 2398 2087 2472">
    <p class='ocr_par' dir='ltr' id='par_1_25' title="bbox 492 2398 2087 2472">
     <span class='ocr_line' id='line_1_25' title="bbox 492 2398 2087 2472; baseline 0.001 -19"><span class='ocrx_word' id='word_1_167' title='bbox 492 2398 794 2454; x_wconf 73' lang='lat' dir='ltr'><strong>consuevit.</strong></span> <span class='ocrx_word' id='word_1_168' title='bbox 848 2400 927 2453; x_wconf 83' lang='lat' dir='ltr'><strong>Ad</strong></span> <span class='ocrx_word' id='word_1_169' title='bbox 968 2399 1071 2457; x_wconf 90' lang='lat' dir='ltr'><strong>hoc</strong></span> <span class='ocrx_word' id='word_1_170' title='bbox 1100 2417 1342 2472; x_wconf 71' lang='lat' dir='ltr'><strong>praesens</strong></span> <span class='ocrx_word' id='word_1_171' title='bbox 1373 2418 1479 2457; x_wconf 90' lang='lat' dir='ltr'><strong>non</strong></span> <span class='ocrx_word' id='word_1_172' title='bbox 1510 2417 1652 2457; x_wconf 88' lang='lat' dir='ltr'><strong>unus</strong></span> <span class='ocrx_word' id='word_1_173' title='bbox 1685 2409 1781 2456; x_wconf 88' lang='lat' dir='ltr'><strong>aut</strong></span> <span class='ocrx_word' id='word_1_174' title='bbox 1809 2401 1936 2466; x_wconf 91' lang='lat' dir='ltr'><strong>duo,</strong></span> <span class='ocrx_word' id='word_1_175' title='bbox 1989 2402 2087 2455; x_wconf 86' lang='lat' dir='ltr'><strong>sed</strong></span> 
     </span>
    </p>
   </div>
   <div class='ocr_carea' id='block_1_26' title="bbox 492 2490 2087 2567">
    <p class='ocr_par' dir='ltr' id='par_1_26' title="bbox 492 2490 2087 2567">
     <span class='ocr_line' id='line_1_26' title="bbox 492 2490 2087 2567; baseline 0.004 -22"><span class='ocrx_word' id='word_1_176' title='bbox 492 2490 678 2562; x_wconf 90' lang='lat' dir='ltr'><strong>plures</strong></span> <span class='ocrx_word' id='word_1_177' title='bbox 715 2493 1053 2549; x_wconf 81' lang='lat' dir='ltr'><strong>deducantur</strong></span> <span class='ocrx_word' id='word_1_178' title='bbox 1094 2496 1145 2551; x_wconf 91' lang='lat' dir='ltr'><strong>in</strong></span> <span class='ocrx_word' id='word_1_179' title='bbox 1188 2497 1447 2552; x_wconf 89' lang='lat' dir='ltr'><strong>medium.</strong></span> <span class='ocrx_word' id='word_1_180' title='bbox 1508 2495 1781 2561; x_wconf 81' lang='lat' dir='ltr'><strong>Carinas,</strong></span> <span class='ocrx_word' id='word_1_181' title='bbox 1838 2510 1974 2567; x_wconf 90' lang='lat' dir='ltr'><strong>puer</strong></span> <span class='ocrx_word' id='word_1_182' title='bbox 2019 2497 2087 2550; x_wconf 88' lang='lat' dir='ltr'><strong>de</strong></span> 
     </span>
    </p>
   </div>
   <div class='ocr_carea' id='block_1_27' title="bbox 493 2582 2085 2658">
    <p class='ocr_par' dir='ltr' id='par_1_27' title="bbox 493 2582 2085 2658">
     <span class='ocr_line' id='line_1_27' title="bbox 493 2582 2085 2658; baseline 0.002 -20"><span class='ocrx_word' id='word_1_183' title='bbox 493 2582 622 2639; x_wconf 79' lang='lat' dir='ltr'><strong>Faia</strong></span> <span class='ocrx_word' id='word_1_184' title='bbox 645 2625 660 2650; x_wconf 92' lang='lat'><strong>,</strong></span> <span class='ocrx_word' id='word_1_185' title='bbox 702 2585 969 2658; x_wconf 80' lang='lat' dir='ltr'><strong>vertigine</strong></span> <span class='ocrx_word' id='word_1_186' title='bbox 1004 2587 1201 2658; x_wconf 89' lang='lat' dir='ltr'><strong>capitis</strong></span> <span class='ocrx_word' id='word_1_187' title='bbox 1242 2587 1517 2658; x_wconf 89' lang='lat' dir='ltr'><strong>totiusque</strong></span> <span class='ocrx_word' id='word_1_188' title='bbox 1550 2586 1798 2657; x_wconf 87' lang='lat' dir='ltr'><strong>corporis</strong></span> <span class='ocrx_word' id='word_1_189' title='bbox 1836 2585 2085 2641; x_wconf 86' lang='lat' dir='ltr'><strong>molestia</strong></span> 
     </span>
    </p>
   </div>
   <div class='ocr_carea' id='block_1_28' title="bbox 488 2678 2083 2752">
    <p class='ocr_par' dir='ltr' id='par_1_28' title="bbox 488 2678 2083 2752">
     <span class='ocr_line' id='line_1_28' title="bbox 488 2678 2083 2752; baseline -0.001 -19"><span class='ocrx_word' id='word_1_190' title='bbox 488 2679 813 2734; x_wconf 82' lang='lat' dir='ltr'><strong>vexabatur.</strong></span> <span class='ocrx_word' id='word_1_191' title='bbox 876 2679 985 2735; x_wconf 87' lang='lat' dir='ltr'><strong>Nec</strong></span> <span class='ocrx_word' id='word_1_192' title='bbox 1039 2680 1217 2737; x_wconf 91' lang='lat' dir='ltr'><strong>minus</strong></span> <span class='ocrx_word' id='word_1_193' title='bbox 1271 2696 1370 2752; x_wconf 90' lang='lat' dir='ltr'><strong>per</strong></span> <span class='ocrx_word' id='word_1_194' title='bbox 1420 2681 1560 2736; x_wconf 91' lang='lat' dir='ltr'><strong>idem</strong></span> <span class='ocrx_word' id='word_1_195' title='bbox 1620 2689 1833 2752; x_wconf 89' lang='lat' dir='ltr'><strong>tempus</strong></span> <span class='ocrx_word' id='word_1_196' title='bbox 1884 2678 2083 2750; x_wconf 89' lang='lat' dir='ltr'><strong>puella,</strong></span> 
     </span>
    </p>
   </div>
   <div class='ocr_carea' id='block_1_29' title="bbox 492 2769 2088 2842">
    <p class='ocr_par' dir='ltr' id='par_1_29' title="bbox 492 2769 2088 2842">
     <span class='ocr_line' id='line_1_29' title="bbox 492 2769 2088 2842; baseline 0 -18"><span class='ocrx_word' id='word_1_197' title='bbox 492 2770 883 2842; x_wconf 81' lang='lat' dir='ltr'><strong>Ermengardis</strong></span> <span class='ocrx_word' id='word_1_198' title='bbox 913 2772 1149 2836; x_wconf 89' lang='lat' dir='ltr'><strong>nomine,</strong></span> <span class='ocrx_word' id='word_1_199' title='bbox 1182 2772 1249 2827; x_wconf 89' lang='lat' dir='ltr'><strong>de</strong></span> <span class='ocrx_word' id='word_1_200' title='bbox 1279 2772 1398 2827; x_wconf 85' lang='lat' dir='ltr'><strong>vico</strong></span> <span class='ocrx_word' id='word_1_201' title='bbox 1430 2787 1589 2842; x_wconf 87' lang='lat' dir='ltr'><strong>quem</strong></span> <span class='ocrx_word' id='word_1_202' title='bbox 1620 2770 1876 2826; x_wconf 87' lang='lat' dir='ltr'><strong>Bucseias</strong></span> <span class='ocrx_word' id='word_1_203' title='bbox 1906 2769 2088 2825; x_wconf 89' lang='lat' dir='ltr'><strong>nomi-</strong></span> 
     </span>
    </p>
   </div>
   <div class='ocr_carea' id='block_1_30' title="bbox 491 2860 2091 2935">
    <p class='ocr_par' dir='ltr' id='par_1_30' title="bbox 491 2860 2091 2935">
     <span class='ocr_line' id='line_1_30' title="bbox 491 2860 2091 2935; baseline 0.001 -20"><span class='ocrx_word' id='word_1_204' title='bbox 491 2870 647 2924; x_wconf 88' lang='lat' dir='ltr'><strong>nant,</strong></span> <span class='ocrx_word' id='word_1_205' title='bbox 670 2861 960 2917; x_wconf 84' lang='lat' dir='ltr'><strong>maledicto</strong></span> <span class='ocrx_word' id='word_1_206' title='bbox 992 2861 1142 2917; x_wconf 75' lang='lat' dir='ltr'><strong>iratte</strong></span> <span class='ocrx_word' id='word_1_207' title='bbox 1168 2863 1380 2929; x_wconf 85' lang='lat' dir='ltr'><strong>matris,</strong></span> <span class='ocrx_word' id='word_1_208' title='bbox 1407 2862 1516 2933; x_wconf 90' lang='lat' dir='ltr'><strong>imo</strong></span> <span class='ocrx_word' id='word_1_209' title='bbox 1544 2860 1723 2935; x_wconf 85' lang='lat' dir='ltr'><strong>potius</strong></span> <span class='ocrx_word' id='word_1_210' title='bbox 1751 2860 2091 2918; x_wconf 87' lang='lat' dir='ltr'><strong>inscrutabili</strong></span> 
     </span>
    </p>
   </div>
   <div class='ocr_carea' id='block_1_31' title="bbox 494 2954 2091 3026">
    <p class='ocr_par' dir='ltr' id='par_1_31' title="bbox 494 2954 2091 3026">
     <span class='ocr_line' id='line_1_31' title="bbox 494 2954 2091 3026; baseline 0 -16"><span class='ocrx_word' id='word_1_211' title='bbox 494 2954 589 3010; x_wconf 86' lang='lat' dir='ltr'><strong>Dei</strong></span> <span class='ocrx_word' id='word_1_212' title='bbox 614 2954 843 3024; x_wconf 89' lang='lat' dir='ltr'><strong>judicio,</strong></span> <span class='ocrx_word' id='word_1_213' title='bbox 876 2965 1281 3012; x_wconf 88' lang='lat' dir='ltr'><strong>contractarum</strong></span> <span class='ocrx_word' id='word_1_214' title='bbox 1325 2973 1582 3012; x_wconf 89' lang='lat' dir='ltr'><strong>manuum</strong></span> <span class='ocrx_word' id='word_1_215' title='bbox 1624 2956 1876 3026; x_wconf 88' lang='lat' dir='ltr'><strong>injuriam</strong></span> <span class='ocrx_word' id='word_1_216' title='bbox 1917 2955 2091 3026; x_wconf 85' lang='lat' dir='ltr'><strong>patie-</strong></span> 
     </span>
    </p>
   </div>
   <div class='ocr_carea' id='block_1_32' title="bbox 497 3048 2088 3122">
    <p class='ocr_par' dir='ltr' id='par_1_32' title="bbox 497 3048 2088 3122">
     <span class='ocr_line' id='line_1_32' title="bbox 497 3048 2088 3122; baseline 0 -20"><span class='ocrx_word' id='word_1_217' title='bbox 497 3050 682 3105; x_wconf 88' lang='lat' dir='ltr'><strong>batur.</strong></span> <span class='ocrx_word' id='word_1_218' title='bbox 714 3048 779 3104; x_wconf 82' lang='lat' dir='ltr'><strong>lli</strong></span> <span class='ocrx_word' id='word_1_219' title='bbox 807 3050 991 3119; x_wconf 87' lang='lat' dir='ltr'><strong>itaque</strong></span> <span class='ocrx_word' id='word_1_220' title='bbox 1011 3067 1132 3106; x_wconf 89' lang='lat' dir='ltr'><strong>cum</strong></span> <span class='ocrx_word' id='word_1_221' title='bbox 1164 3066 1260 3121; x_wconf 89' lang='lat' dir='ltr'><strong>pro</strong></span> <span class='ocrx_word' id='word_1_222' title='bbox 1288 3050 1418 3121; x_wconf 86' lang='lat' dir='ltr'><strong>ipsis</strong></span> <span class='ocrx_word' id='word_1_223' title='bbox 1446 3060 1700 3122; x_wconf 86' lang='lat' dir='ltr'><strong>parentes</strong></span> <span class='ocrx_word' id='word_1_224' title='bbox 1726 3059 1777 3105; x_wconf 89' lang='grc' dir='ltr'><strong>ει</strong></span> <span class='ocrx_word' id='word_1_225' title='bbox 1802 3048 2088 3121; x_wconf 78' lang='lat' dir='ltr'><strong>propinqui</strong></span> 
     </span>
    </p>
   </div>
   <div class='ocr_carea' id='block_1_33' title="bbox 497 3138 2088 3210">
    <p class='ocr_par' dir='ltr' id='par_1_33' title="bbox 497 3138 2088 3210">
     <span class='ocr_line' id='line_1_33' title="bbox 497 3138 2088 3210; baseline -0.001 -15"><span class='ocrx_word' id='word_1_226' title='bbox 497 3139 583 3195; x_wconf 88' lang='lat' dir='ltr'><strong>sui</strong></span> <span class='ocrx_word' id='word_1_227' title='bbox 614 3138 719 3194; x_wconf 80' lang='lat' dir='ltr'><strong>fide</strong></span> <span class='ocrx_word' id='word_1_228' title='bbox 747 3140 890 3210; x_wconf 85' lang='lat' dir='ltr'><strong>pleni</strong></span> <span class='ocrx_word' id='word_1_229' title='bbox 918 3149 1099 3195; x_wconf 89' lang='lat' dir='ltr'><strong>votum</strong></span> <span class='ocrx_word' id='word_1_230' title='bbox 1130 3140 1394 3207; x_wconf 82' lang='lat' dir='ltr'><strong>facerent,</strong></span> <span class='ocrx_word' id='word_1_231' title='bbox 1417 3150 1473 3197; x_wconf 92' lang='lat' dir='ltr'><strong>ct</strong></span> <span class='ocrx_word' id='word_1_232' title='bbox 1497 3157 1592 3197; x_wconf 90' lang='lat' dir='ltr'><strong>eos</strong></span> <span class='ocrx_word' id='word_1_233' title='bbox 1616 3142 1682 3197; x_wconf 91' lang='lat' dir='ltr'><strong>ad</strong></span> <span class='ocrx_word' id='word_1_234' title='bbox 1708 3141 1886 3197; x_wconf 89' lang='lat' dir='ltr'><strong>locum</strong></span> <span class='ocrx_word' id='word_1_235' title='bbox 1915 3139 2088 3196; x_wconf 88' lang='lat' dir='ltr'><strong>sancti</strong></span> 
     </span>
    </p>
   </div>
   <div class='ocr_carea' id='block_1_34' title="bbox 497 3232 2090 3306">
    <p class='ocr_par' dir='ltr' id='par_1_34' title="bbox 497 3232 2090 3306">
     <span class='ocr_line' id='line_1_34' title="bbox 497 3232 2090 3306; baseline 0.001 -19"><span class='ocrx_word' id='word_1_236' title='bbox 497 3232 852 3299; x_wconf 76' lang='lat' dir='ltr'><strong>adducerent,</strong></span> <span class='ocrx_word' id='word_1_237' title='bbox 886 3232 1063 3289; x_wconf 86' lang='lat' dir='ltr'><strong>adhuc</strong></span> <span class='ocrx_word' id='word_1_238' title='bbox 1092 3232 1249 3306; x_wconf 88' lang='lat' dir='ltr'><strong>longe</strong></span> <span class='ocrx_word' id='word_1_239' title='bbox 1281 3235 1333 3289; x_wconf 94' lang='lat' dir='ltr'><strong>in</strong></span> <span class='ocrx_word' id='word_1_240' title='bbox 1362 3235 1448 3289; x_wconf 86' lang='lat' dir='ltr'><strong>via</strong></span> <span class='ocrx_word' id='word_1_241' title='bbox 1479 3236 1660 3306; x_wconf 85' lang='lat' dir='ltr'><strong>positi,</strong></span> <span class='ocrx_word' id='word_1_242' title='bbox 1692 3234 1781 3289; x_wconf 86' lang='lat' dir='ltr'><strong>diu</strong></span> <span class='ocrx_word' id='word_1_243' title='bbox 1814 3234 2090 3290; x_wconf 83' lang='lat' dir='ltr'><strong>desidera-</strong></span> 
     </span>
    </p>
   </div>
   <div class='ocr_carea' id='block_1_35' title="bbox 496 3324 2089 3397">
    <p class='ocr_par' dir='ltr' id='par_1_35' title="bbox 496 3324 2089 3397">
     <span class='ocr_line' id='line_1_35' title="bbox 496 3324 2089 3397; baseline -0.001 -18"><span class='ocrx_word' id='word_1_244' title='bbox 496 3335 609 3380; x_wconf 87' lang='lat' dir='ltr'><strong>tam</strong></span> <span class='ocrx_word' id='word_1_245' title='bbox 641 3324 1069 3381; x_wconf 91' lang='lat' dir='ltr'><strong>incolumitatcm</strong></span> <span class='ocrx_word' id='word_1_246' title='bbox 1111 3342 1141 3381; x_wconf 91' lang='lat' dir='ltr'><strong>a</strong></span> <span class='ocrx_word' id='word_1_247' title='bbox 1171 3326 1388 3382; x_wconf 89' lang='lat' dir='ltr'><strong>Christo</strong></span> <span class='ocrx_word' id='word_1_248' title='bbox 1420 3342 1518 3397; x_wconf 89' lang='lat' dir='ltr'><strong>per</strong></span> <span class='ocrx_word' id='word_1_249' title='bbox 1548 3326 1766 3382; x_wconf 88' lang='lat' dir='ltr'><strong>beatum</strong></span> <span class='ocrx_word' id='word_1_250' title='bbox 1798 3325 2089 3382; x_wconf 79' lang='lat' dir='ltr'><strong>Martinam</strong></span> 
     </span>
    </p>
   </div>
   <div class='ocr_carea' id='block_1_36' title="bbox 497 3418 1446 3497">
    <p class='ocr_par' dir='ltr' id='par_1_36' title="bbox 497 3418 1446 3497">
     <span class='ocr_line' id='line_1_36' title="bbox 497 3418 1446 3497; baseline -0.002 -22"><span class='ocrx_word' id='word_1_251' title='bbox 497 3432 561 3475; x_wconf 85' lang='lat' dir='ltr'><strong>se</strong></span> <span class='ocrx_word' id='word_1_252' title='bbox 587 3418 897 3490; x_wconf 87' lang='lat' dir='ltr'><strong>percepisse</strong></span> <span class='ocrx_word' id='word_1_253' title='bbox 926 3418 1178 3489; x_wconf 80' lang='lat' dir='ltr'><strong>gratulati</strong></span> <span class='ocrx_word' id='word_1_254' title='bbox 1210 3430 1356 3474; x_wconf 88' lang='lat' dir='ltr'><strong>sunt.</strong></span> <span class='ocrx_word' id='word_1_255' title='bbox 1442 3492 1446 3497; x_wconf 17' lang='lat'><em>.</em></span> 
     </span>
    </p>
   </div>
   <div class='ocr_carea' id='block_1_37' title="bbox 540 3510 2090 3584">
    <p class='ocr_par' dir='ltr' id='par_1_37' title="bbox 540 3510 2090 3584">
     <span class='ocr_line' id='line_1_37' title="bbox 540 3510 2090 3584; baseline -0.001 -17"><span class='ocrx_word' id='word_1_256' title='bbox 540 3511 685 3568; x_wconf 42' lang='lat' dir='ltr'><strong>&#39;XL.</strong></span> <span class='ocrx_word' id='word_1_257' title='bbox 728 3512 843 3569; x_wconf 85' lang='lat' dir='ltr'><strong>Sub</strong></span> <span class='ocrx_word' id='word_1_258' title='bbox 880 3513 996 3584; x_wconf 90' lang='lat' dir='ltr'><strong>ipso</strong></span> <span class='ocrx_word' id='word_1_259' title='bbox 1029 3523 1272 3583; x_wconf 89' lang='lat' dir='ltr'><strong>tempore</strong></span> <span class='ocrx_word' id='word_1_260' title='bbox 1308 3522 1425 3568; x_wconf 90' lang='lat' dir='ltr'><strong>erat</strong></span> <span class='ocrx_word' id='word_1_261' title='bbox 1463 3512 1604 3584; x_wconf 88' lang='lat' dir='ltr'><strong>apud</strong></span> <span class='ocrx_word' id='word_1_262' title='bbox 1642 3510 1957 3567; x_wconf 90' lang='lat' dir='ltr'><strong>Salmurum</strong></span> <span class='ocrx_word' id='word_1_263' title='bbox 1997 3526 2090 3567; x_wconf 91' lang='lat' dir='ltr'><strong>ca-</strong></span> 
     </span>
    </p>
   </div>
   <div class='ocr_carea' id='block_1_38' title="bbox 499 3603 2089 3677">
    <p class='ocr_par' dir='ltr' id='par_1_38' title="bbox 499 3603 2089 3677">
     <span class='ocr_line' id='line_1_38' title="bbox 499 3603 2089 3677; baseline -0.004 -14"><span class='ocrx_word' id='word_1_264' title='bbox 499 3615 674 3664; x_wconf 89' lang='lat' dir='ltr'><strong>strum</strong></span> <span class='ocrx_word' id='word_1_265' title='bbox 714 3606 912 3662; x_wconf 89' lang='lat' dir='ltr'><strong>mulier</strong></span> <span class='ocrx_word' id='word_1_266' title='bbox 938 3604 1194 3677; x_wconf 91' lang='lat' dir='ltr'><strong>opulenta</strong></span> <span class='ocrx_word' id='word_1_267' title='bbox 1232 3614 1283 3661; x_wconf 93' lang='lat' dir='ltr'><strong>et</strong></span> <span class='ocrx_word' id='word_1_268' title='bbox 1319 3604 1501 3660; x_wconf 89' lang='lat' dir='ltr'><strong>multis</strong></span> <span class='ocrx_word' id='word_1_269' title='bbox 1532 3613 1658 3660; x_wconf 89' lang='lat' dir='ltr'><strong>nota</strong></span> <span class='ocrx_word' id='word_1_270' title='bbox 1686 3645 1699 3669; x_wconf 89' lang='lat'><strong>,</strong></span> <span class='ocrx_word' id='word_1_271' title='bbox 1748 3603 1842 3659; x_wconf 90' lang='lat' dir='ltr'><strong>sed</strong></span> <span class='ocrx_word' id='word_1_272' title='bbox 1889 3617 2089 3658; x_wconf 88' lang='lat' dir='ltr'><strong>nomen</strong></span> 
     </span>
    </p>
   </div>
   <div class='ocr_carea' id='block_1_39' title="bbox 496 3684 2091 3769">
    <p class='ocr_par' dir='ltr' id='par_1_39' title="bbox 496 3684 2091 3769">
     <span class='ocr_line' id='line_1_39' title="bbox 496 3684 2091 3769; baseline -0.003 -15"><span class='ocrx_word' id='word_1_273' title='bbox 496 3696 615 3769; x_wconf 72' lang='lat' dir='ltr'><strong>ejus</strong></span> <span class='ocrx_word' id='word_1_274' title='bbox 672 3684 990 3754; x_wconf 87' lang='lat' dir='ltr'><strong>memoriam</strong></span> <span class='ocrx_word' id='word_1_275' title='bbox 1046 3713 1221 3752; x_wconf 87' lang='lat' dir='ltr'><strong>meam</strong></span> <span class='ocrx_word' id='word_1_276' title='bbox 1283 3695 1456 3767; x_wconf 82' lang='lat' dir='ltr'><strong>fugit,</strong></span> <span class='ocrx_word' id='word_1_277' title='bbox 1512 3711 1632 3767; x_wconf 76' lang='lat' dir='ltr'><strong>qua:</strong></span> <span class='ocrx_word' id='word_1_278' title='bbox 1686 3703 2091 3751; x_wconf 88' lang='lat' dir='ltr'><strong>contractarum</strong></span> 
     </span>
    </p>
   </div>
   <div class='ocr_carea' id='block_1_40' title="bbox 497 3787 2093 3862">
    <p class='ocr_par' dir='ltr' id='par_1_40' title="bbox 497 3787 2093 3862">
     <span class='ocr_line' id='line_1_40' title="bbox 497 3787 2093 3862; baseline -0.004 -15"><span class='ocrx_word' id='word_1_279' title='bbox 497 3792 803 3862; x_wconf 80' lang='lat' dir='ltr'><strong>palmarum</strong></span> <span class='ocrx_word' id='word_1_280' title='bbox 828 3790 1184 3845; x_wconf 83' lang='lat' dir='ltr'><strong>infortunium</strong></span> <span class='ocrx_word' id='word_1_281' title='bbox 1209 3790 1535 3845; x_wconf 83' lang='lat' dir='ltr'><strong>incurrerat.</strong></span> <span class='ocrx_word' id='word_1_282' title='bbox 1569 3787 1696 3845; x_wconf 63' lang='lat' dir='ltr'><strong>Ilaec</strong></span> <span class='ocrx_word' id='word_1_283' title='bbox 1716 3788 1883 3844; x_wconf 88' lang='lat' dir='ltr'><strong>etiam</strong></span> <span class='ocrx_word' id='word_1_284' title='bbox 1906 3787 2093 3843; x_wconf 90' lang='lat' dir='ltr'><strong>audita</strong></span> 
     </span>
    </p>
   </div>
   <div class='ocr_carea' id='block_1_41' title="bbox 502 3880 2093 3954">
    <p class='ocr_par' dir='ltr' id='par_1_41' title="bbox 502 3880 2093 3954">
     <span class='ocr_line' id='line_1_41' title="bbox 502 3880 2093 3954; baseline -0.002 -17"><span class='ocrx_word' id='word_1_285' title='bbox 502 3884 649 3938; x_wconf 83' lang='lat' dir='ltr'><strong>fama</strong></span> <span class='ocrx_word' id='word_1_286' title='bbox 697 3883 974 3954; x_wconf 84' lang='lat' dir='ltr'><strong>signorum</strong></span> <span class='ocrx_word' id='word_1_287' title='bbox 1026 3898 1146 3952; x_wconf 70' lang='lat' dir='ltr'><strong>qua:</strong></span> <span class='ocrx_word' id='word_1_288' title='bbox 1190 3894 1288 3951; x_wconf 88' lang='lat' dir='ltr'><strong>per</strong></span> <span class='ocrx_word' id='word_1_289' title='bbox 1331 3880 1594 3936; x_wconf 86' lang='lat' dir='ltr'><strong>famulum</strong></span> <span class='ocrx_word' id='word_1_290' title='bbox 1642 3896 1799 3936; x_wconf 91' lang='lat' dir='ltr'><strong>suum</strong></span> <span class='ocrx_word' id='word_1_291' title='bbox 1839 3880 2093 3936; x_wconf 87' lang='lat' dir='ltr'><strong>Christus</strong></span> 
     </span>
    </p>
   </div>
   <div class='ocr_carea' id='block_1_42' title="bbox 501 3974 2094 4046">
    <p class='ocr_par' dir='ltr' id='par_1_42' title="bbox 501 3974 2094 4046">
     <span class='ocr_line' id='line_1_42' title="bbox 501 3974 2094 4046; baseline -0.002 -15"><span class='ocrx_word' id='word_1_292' title='bbox 501 3975 852 4046; x_wconf 86' lang='lat' dir='ltr'><strong>operabatur,</strong></span> <span class='ocrx_word' id='word_1_293' title='bbox 886 3990 1007 4028; x_wconf 91' lang='lat' dir='ltr'><strong>cum</strong></span> <span class='ocrx_word' id='word_1_294' title='bbox 1041 3975 1273 4045; x_wconf 89' lang='lat' dir='ltr'><strong>quadam</strong></span> <span class='ocrx_word' id='word_1_295' title='bbox 1304 3981 1464 4029; x_wconf 85' lang='lat' dir='ltr'><strong>nocte</strong></span> <span class='ocrx_word' id='word_1_296' title='bbox 1498 3987 1559 4029; x_wconf 91' lang='lat' dir='ltr'><strong>se</strong></span> <span class='ocrx_word' id='word_1_297' title='bbox 1599 3975 1650 4028; x_wconf 92' lang='lat' dir='ltr'><strong>in</strong></span> <span class='ocrx_word' id='word_1_298' title='bbox 1681 3974 1822 4031; x_wconf 90' lang='lat' dir='ltr'><strong>lecto</strong></span> <span class='ocrx_word' id='word_1_299' title='bbox 1858 3974 2094 4044; x_wconf 82' lang='lat' dir='ltr'><strong>recepis-</strong></span> 
     </span>
    </p>
   </div>
   <div class='ocr_carea' id='block_1_43' title="bbox 505 4065 2094 4138">
    <p class='ocr_par' dir='ltr' id='par_1_43' title="bbox 505 4065 2094 4138">
     <span class='ocr_line' id='line_1_43' title="bbox 505 4065 2094 4138; baseline -0.001 -17"><span class='ocrx_word' id='word_1_300' title='bbox 505 4074 590 4121; x_wconf 87' lang='lat' dir='ltr'><strong>set</strong></span> <span class='ocrx_word' id='word_1_301' title='bbox 615 4102 629 4129; x_wconf 85' lang='lat'><strong>,</strong></span> <span class='ocrx_word' id='word_1_302' title='bbox 683 4073 743 4119; x_wconf 92' lang='lat' dir='ltr'><strong>ut</strong></span> <span class='ocrx_word' id='word_1_303' title='bbox 791 4065 1037 4135; x_wconf 79' lang='lat' dir='ltr'><strong>sequenti</strong></span> <span class='ocrx_word' id='word_1_304' title='bbox 1076 4066 1162 4119; x_wconf 87' lang='lat' dir='ltr'><strong>die</strong></span> <span class='ocrx_word' id='word_1_305' title='bbox 1197 4066 1307 4120; x_wconf 91' lang='lat' dir='ltr'><strong>vita</strong></span> <span class='ocrx_word' id='word_1_306' title='bbox 1347 4066 1544 4121; x_wconf 88' lang='lat' dir='ltr'><strong>comite</strong></span> <span class='ocrx_word' id='word_1_307' title='bbox 1579 4066 1648 4121; x_wconf 87' lang='lat' dir='ltr'><strong>ad</strong></span> <span class='ocrx_word' id='word_1_308' title='bbox 1673 4066 1887 4138; x_wconf 81' lang='lat' dir='ltr'><strong>vigilias</strong></span> <span class='ocrx_word' id='word_1_309' title='bbox 1916 4065 2094 4121; x_wconf 89' lang='lat' dir='ltr'><strong>sancti</strong></span> 
     </span>
    </p>
   </div>
   <div class='ocr_carea' id='block_1_44' title="bbox 502 4150 2098 4225">
    <p class='ocr_par' dir='ltr' id='par_1_44' title="bbox 502 4150 2098 4225">
     <span class='ocr_line' id='line_1_44' title="bbox 502 4150 2098 4225; baseline 0.001 -17"><span class='ocrx_word' id='word_1_310' title='bbox 502 4151 836 4208; x_wconf 84' lang='lat' dir='ltr'><strong>confessoris</strong></span> <span class='ocrx_word' id='word_1_311' title='bbox 866 4168 986 4208; x_wconf 89' lang='lat' dir='ltr'><strong>cum</strong></span> <span class='ocrx_word' id='word_1_312' title='bbox 1018 4150 1288 4207; x_wconf 82' lang='lat' dir='ltr'><strong>oblatione</strong></span> <span class='ocrx_word' id='word_1_313' title='bbox 1317 4154 1476 4225; x_wconf 86' lang='lat' dir='ltr'><strong>digna</strong></span> <span class='ocrx_word' id='word_1_314' title='bbox 1508 4163 1854 4224; x_wconf 88' lang='lat' dir='ltr'><strong>properaret,</strong></span> <span class='ocrx_word' id='word_1_315' title='bbox 1894 4154 2098 4209; x_wconf 83' lang='lat' dir='ltr'><strong>obdor-</strong></span> 
     </span>
    </p>
   </div>
   <div class='ocr_carea' id='block_1_45' title="bbox 505 4244 2095 4316">
    <p class='ocr_par' dir='ltr' id='par_1_45' title="bbox 505 4244 2095 4316">
     <span class='ocr_line' id='line_1_45' title="bbox 505 4244 2095 4316; baseline 0.003 -17"><span class='ocrx_word' id='word_1_316' title='bbox 505 4245 693 4310; x_wconf 87' lang='lat' dir='ltr'><strong>mivit,</strong></span> <span class='ocrx_word' id='word_1_317' title='bbox 737 4244 1034 4316; x_wconf 88' lang='lat' dir='ltr'><strong>statimque</strong></span> <span class='ocrx_word' id='word_1_318' title='bbox 1068 4246 1363 4315; x_wconf 84' lang='lat' dir='ltr'><strong>cvigilans,</strong></span> <span class='ocrx_word' id='word_1_319' title='bbox 1412 4256 1559 4301; x_wconf 87' lang='lat' dir='ltr'><strong>tanta</strong></span> <span class='ocrx_word' id='word_1_320' title='bbox 1600 4247 1859 4303; x_wconf 79' lang='lat' dir='ltr'><strong>facilitate</strong></span> <span class='ocrx_word' id='word_1_321' title='bbox 1898 4263 2095 4305; x_wconf 88' lang='lat' dir='ltr'><strong>manus</strong></span> 
     </span>
    </p>
   </div>
   <div class='ocr_carea' id='block_1_46' title="bbox 500 4338 2135 4410">
    <p class='ocr_par' dir='ltr' id='par_1_46' title="bbox 500 4338 2135 4410">
     <span class='ocr_line' id='line_1_46' title="bbox 500 4338 2135 4410; baseline 0.001 -16"><span class='ocrx_word' id='word_1_322' title='bbox 500 4347 794 4394; x_wconf 82' lang='lat' dir='ltr'><strong>renovatas</strong></span> <span class='ocrx_word' id='word_1_323' title='bbox 837 4338 1052 4407; x_wconf 91' lang='lat' dir='ltr'><strong>aperuit</strong></span> <span class='ocrx_word' id='word_1_324' title='bbox 1097 4338 1208 4395; x_wconf 88' lang='lat' dir='ltr'><strong>acsi</strong></span> <span class='ocrx_word' id='word_1_325' title='bbox 1250 4339 1301 4394; x_wconf 91' lang='lat' dir='ltr'><strong>in</strong></span> <span class='ocrx_word' id='word_1_326' title='bbox 1339 4339 1418 4394; x_wconf 88' lang='lat' dir='ltr'><strong>eis</strong></span> <span class='ocrx_word' id='word_1_327' title='bbox 1456 4338 1658 4393; x_wconf 85' lang='lat' dir='ltr'><strong>nullam</strong></span> <span class='ocrx_word' id='word_1_328' title='bbox 1698 4340 1849 4410; x_wconf 88' lang='lat' dir='ltr'><strong>prius</strong></span> <span class='ocrx_word' id='word_1_329' title='bbox 1875 4339 2096 4410; x_wconf 68' lang='lat' dir='ltr'><strong>acgritu-</strong></span> <span class='ocrx_word' id='word_1_330' title='bbox 2130 4344 2135 4349; x_wconf 84' lang='grc'><em>’</em></span> 
     </span>
    </p>
   </div>
   <div class='ocr_carea' id='block_1_47' title="bbox 507 4426 2095 4501">
    <p class='ocr_par' dir='ltr' id='par_1_47' title="bbox 507 4426 2095 4501">
     <span class='ocr_line' id='line_1_47' title="bbox 507 4426 2095 4501; baseline 0.001 -14"><span class='ocrx_word' id='word_1_331' title='bbox 507 4431 689 4487; x_wconf 89' lang='lat' dir='ltr'><strong>dinem</strong></span> <span class='ocrx_word' id='word_1_332' title='bbox 718 4446 878 4501; x_wconf 90' lang='lat' dir='ltr'><strong>passa</strong></span> <span class='ocrx_word' id='word_1_333' title='bbox 910 4426 1133 4487; x_wconf 74' lang='lat' dir='ltr'><strong>fuisset.</strong></span> <span class='ocrx_word' id='word_1_334' title='bbox 1177 4431 1383 4487; x_wconf 88' lang='lat' dir='ltr'><strong>Deinde</strong></span> <span class='ocrx_word' id='word_1_335' title='bbox 1419 4432 1562 4487; x_wconf 87' lang='lat' dir='ltr'><strong>facto</strong></span> <span class='ocrx_word' id='word_1_336' title='bbox 1596 4448 1784 4499; x_wconf 91' lang='lat' dir='ltr'><strong>mane,</strong></span> <span class='ocrx_word' id='word_1_337' title='bbox 1845 4441 1901 4487; x_wconf 91' lang='lat' dir='ltr'><strong>ut</strong></span> <span class='ocrx_word' id='word_1_338' title='bbox 1950 4432 2095 4488; x_wconf 89' lang='lat' dir='ltr'><strong>votis</strong></span> 
     </span>
    </p>
   </div>
   <div class='ocr_carea' id='block_1_48' title="bbox 504 4522 2093 4598">
    <p class='ocr_par' dir='ltr' id='par_1_48' title="bbox 504 4522 2093 4598">
     <span class='ocr_line' id='line_1_48' title="bbox 504 4522 2093 4598; baseline 0.002 -21"><span class='ocrx_word' id='word_1_339' title='bbox 504 4522 869 4589; x_wconf 87' lang='lat' dir='ltr'><strong>satisfaceret,</strong></span> <span class='ocrx_word' id='word_1_340' title='bbox 897 4522 1070 4579; x_wconf 90' lang='lat' dir='ltr'><strong>locum</strong></span> <span class='ocrx_word' id='word_1_341' title='bbox 1100 4524 1273 4579; x_wconf 90' lang='lat' dir='ltr'><strong>sancti</strong></span> <span class='ocrx_word' id='word_1_342' title='bbox 1303 4524 1468 4591; x_wconf 91' lang='lat' dir='ltr'><strong>adiit;</strong></span> <span class='ocrx_word' id='word_1_343' title='bbox 1506 4524 1594 4578; x_wconf 92' lang='lat' dir='ltr'><strong>ubi</strong></span> <span class='ocrx_word' id='word_1_344' title='bbox 1621 4524 1737 4580; x_wconf 91' lang='lat' dir='ltr'><strong>fusa</strong></span> <span class='ocrx_word' id='word_1_345' title='bbox 1767 4540 1889 4580; x_wconf 89' lang='lat' dir='ltr'><strong>cum</strong></span> <span class='ocrx_word' id='word_1_346' title='bbox 1920 4523 2093 4598; x_wconf 87' lang='lat' dir='ltr'><strong>laery-</strong></span> 
     </span>
    </p>
   </div>
   <div class='ocr_carea' id='block_1_49' title="bbox 504 4614 2095 4688">
    <p class='ocr_par' dir='ltr' id='par_1_49' title="bbox 504 4614 2095 4688">
     <span class='ocr_line' id='line_1_49' title="bbox 504 4614 2095 4688; baseline 0.004 -20"><span class='ocrx_word' id='word_1_347' title='bbox 504 4614 610 4671; x_wconf 89' lang='lat' dir='ltr'><strong>mis</strong></span> <span class='ocrx_word' id='word_1_348' title='bbox 637 4616 904 4681; x_wconf 87' lang='lat' dir='ltr'><strong>oratione,</strong></span> <span class='ocrx_word' id='word_1_349' title='bbox 934 4616 1289 4688; x_wconf 82' lang='lat' dir='ltr'><strong>exhibitaque</strong></span> <span class='ocrx_word' id='word_1_350' title='bbox 1315 4616 1630 4673; x_wconf 87' lang='lat' dir='ltr'><strong>solemnitcr</strong></span> <span class='ocrx_word' id='word_1_351' title='bbox 1653 4615 1947 4684; x_wconf 86' lang='lat' dir='ltr'><strong>oblatione,</strong></span> <span class='ocrx_word' id='word_1_352' title='bbox 1973 4617 2095 4674; x_wconf 64' lang='lat' dir='ltr'><strong>laeta</strong></span> 
     </span>
    </p>
   </div>
   <div class='ocr_carea' id='block_1_50' title="bbox 505 4707 1376 4767">
    <p class='ocr_par' dir='ltr' id='par_1_50' title="bbox 505 4707 1376 4767">
     <span class='ocr_line' id='line_1_50' title="bbox 505 4707 1376 4767; baseline 0.001 -4"><span class='ocrx_word' id='word_1_353' title='bbox 505 4714 562 4763; x_wconf 86' lang='lat' dir='ltr'><strong>et</strong></span> <span class='ocrx_word' id='word_1_354' title='bbox 591 4707 879 4764; x_wconf 87' lang='lat' dir='ltr'><strong>incolumis</strong></span> <span class='ocrx_word' id='word_1_355' title='bbox 908 4710 974 4765; x_wconf 88' lang='lat' dir='ltr'><strong>ad</strong></span> <span class='ocrx_word' id='word_1_356' title='bbox 1002 4725 1100 4766; x_wconf 87' lang='lat' dir='ltr'><strong>sua</strong></span> <span class='ocrx_word' id='word_1_357' title='bbox 1134 4712 1376 4767; x_wconf 84' lang='lat' dir='ltr'><strong>recessit.</strong></span> 
     </span>
    </p>
   </div>
   <div class='ocr_carea' id='block_1_51' title="bbox 554 4801 2096 4877">
    <p class='ocr_par' dir='ltr' id='par_1_51' title="bbox 554 4801 2096 4877">
     <span class='ocr_line' id='line_1_51' title="bbox 554 4801 2096 4877; baseline 0.004 -22"><span class='ocrx_word' id='word_1_358' title='bbox 554 4801 722 4857; x_wconf 79' lang='lat' dir='ltr'><strong>.XIJ.</strong></span> <span class='ocrx_word' id='word_1_359' title='bbox 766 4801 893 4857; x_wconf 84' lang='lat' dir='ltr'><strong>Erat</strong></span> <span class='ocrx_word' id='word_1_360' title='bbox 941 4803 1292 4859; x_wconf 87' lang='lat' dir='ltr'><strong>nihilominus</strong></span> <span class='ocrx_word' id='word_1_361' title='bbox 1321 4803 1539 4861; x_wconf 88' lang='lat' dir='ltr'><strong>Osanna</strong></span> <span class='ocrx_word' id='word_1_362' title='bbox 1590 4805 1641 4860; x_wconf 93' lang='lat' dir='ltr'><strong>in</strong></span> <span class='ocrx_word' id='word_1_363' title='bbox 1685 4806 1924 4861; x_wconf 87' lang='lat' dir='ltr'><strong>confinio</strong></span> <span class='ocrx_word' id='word_1_364' title='bbox 1954 4806 2096 4877; x_wconf 84' lang='lat' dir='ltr'><strong>Cay-</strong></span> 
     </span>
    </p>
   </div>
   <div class='ocr_carea' id='block_1_52' title="bbox 507 4894 2095 4969">
    <p class='ocr_par' dir='ltr' id='par_1_52' title="bbox 507 4894 2095 4969">
     <span class='ocr_line' id='line_1_52' title="bbox 507 4894 2095 4969; baseline 0.006 -23"><span class='ocrx_word' id='word_1_365' title='bbox 507 4894 669 4949; x_wconf 88' lang='lat' dir='ltr'><strong>nonis</strong></span> <span class='ocrx_word' id='word_1_366' title='bbox 697 4895 908 4960; x_wconf 89' lang='lat' dir='ltr'><strong>castri,</strong></span> <span class='ocrx_word' id='word_1_367' title='bbox 951 4910 1071 4965; x_wconf 71' lang='lat' dir='ltr'><strong>qum</strong></span> <span class='ocrx_word' id='word_1_368' title='bbox 1101 4895 1356 4951; x_wconf 90' lang='lat' dir='ltr'><strong>diuturna</strong></span> <span class='ocrx_word' id='word_1_369' title='bbox 1396 4898 1560 4953; x_wconf 86' lang='lat' dir='ltr'><strong>totius</strong></span> <span class='ocrx_word' id='word_1_370' title='bbox 1599 4899 1847 4969; x_wconf 90' lang='lat' dir='ltr'><strong>corporis</strong></span> <span class='ocrx_word' id='word_1_371' title='bbox 1886 4899 2095 4955; x_wconf 86' lang='lat' dir='ltr'><strong>incom-</strong></span> 
     </span>
    </p>
   </div>
   <div class='ocr_carea' id='block_1_53' title="bbox 508 4990 2097 5066">
    <p class='ocr_par' dir='ltr' id='par_1_53' title="bbox 508 4990 2097 5066">
     <span class='ocr_line' id='line_1_53' title="bbox 508 4990 2097 5066; baseline 0.006 -23"><span class='ocrx_word' id='word_1_372' title='bbox 508 4990 769 5045; x_wconf 85' lang='lat' dir='ltr'><strong>moditate</strong></span> <span class='ocrx_word' id='word_1_373' title='bbox 797 4990 1096 5046; x_wconf 89' lang='lat' dir='ltr'><strong>laborabat.</strong></span> <span class='ocrx_word' id='word_1_374' title='bbox 1153 4992 1258 5048; x_wconf 90' lang='lat' dir='ltr'><strong>Sed</strong></span> <span class='ocrx_word' id='word_1_375' title='bbox 1298 5003 1353 5050; x_wconf 89' lang='lat' dir='ltr'><strong>et</strong></span> <span class='ocrx_word' id='word_1_376' title='bbox 1384 4995 1497 5066; x_wconf 90' lang='lat' dir='ltr'><strong>ipsa</strong></span> <span class='ocrx_word' id='word_1_377' title='bbox 1531 5004 1803 5052; x_wconf 86' lang='lat' dir='ltr'><strong>tantarum</strong></span> <span class='ocrx_word' id='word_1_378' title='bbox 1834 4997 2097 5053; x_wconf 90' lang='lat' dir='ltr'><strong>virtutum</strong></span> 
     </span>
    </p>
   </div>
   <div class='ocr_carea' id='block_1_54' title="bbox 507 5085 2098 5160">
    <p class='ocr_par' dir='ltr' id='par_1_54' title="bbox 507 5085 2098 5160">
     <span class='ocr_line' id='line_1_54' title="bbox 507 5085 2098 5160; baseline 0.005 -23"><span class='ocrx_word' id='word_1_379' title='bbox 507 5085 693 5138; x_wconf 89' lang='lat' dir='ltr'><strong>audita</strong></span> <span class='ocrx_word' id='word_1_380' title='bbox 731 5085 1006 5154; x_wconf 89' lang='lat' dir='ltr'><strong>potentia,</strong></span> <span class='ocrx_word' id='word_1_381' title='bbox 1051 5101 1174 5141; x_wconf 90' lang='lat' dir='ltr'><strong>cum</strong></span> <span class='ocrx_word' id='word_1_382' title='bbox 1217 5086 1283 5142; x_wconf 90' lang='lat' dir='ltr'><strong>ad</strong></span> <span class='ocrx_word' id='word_1_383' title='bbox 1326 5089 1644 5145; x_wconf 90' lang='lat' dir='ltr'><strong>memoriam</strong></span> <span class='ocrx_word' id='word_1_384' title='bbox 1694 5091 1870 5146; x_wconf 88' lang='lat' dir='ltr'><strong>sancti</strong></span> <span class='ocrx_word' id='word_1_385' title='bbox 1919 5090 2098 5160; x_wconf 87' lang='lat' dir='ltr'><strong>gratia</strong></span> 
     </span>
    </p>
   </div>
   <div class='ocr_carea' id='block_1_55' title="bbox 510 5168 2094 5254">
    <p class='ocr_par' dir='ltr' id='par_1_55' title="bbox 510 5168 2094 5254">
     <span class='ocr_line' id='line_1_55' title="bbox 510 5168 2094 5254; baseline 0.004 -24"><span class='ocrx_word' id='word_1_386' title='bbox 510 5168 894 5246; x_wconf 67' lang='lat' dir='ltr'><strong>recuperandae</strong></span> <span class='ocrx_word' id='word_1_387' title='bbox 922 5177 1310 5236; x_wconf 89' lang='lat' dir='ltr'><strong>incolumitatis</strong></span> <span class='ocrx_word' id='word_1_388' title='bbox 1331 5181 1557 5250; x_wconf 89' lang='lat' dir='ltr'><strong>pedibus</strong></span> <span class='ocrx_word' id='word_1_389' title='bbox 1583 5183 1694 5239; x_wconf 91' lang='lat' dir='ltr'><strong>suis</strong></span> <span class='ocrx_word' id='word_1_390' title='bbox 1722 5182 1801 5238; x_wconf 90' lang='lat' dir='ltr'><strong>ire</strong></span> <span class='ocrx_word' id='word_1_391' title='bbox 1823 5183 2094 5254; x_wconf 87' lang='lat' dir='ltr'><strong>nequiret,</strong></span> 
     </span>
    </p>
   </div>
   <div class='ocr_carea' id='block_1_56' title="bbox 1484 5273 2099 5322">
    <p class='ocr_par' dir='ltr' id='par_1_56' title="bbox 1484 5273 2099 5322">
     <span class='ocr_line' id='line_1_56' title="bbox 1484 5273 2099 5322; baseline -0.01 2"><span class='ocrx_word' id='word_1_392' title='bbox 1484 5273 1520 5294; x_wconf 65' lang='lat'>&quot;</span> <span class='ocrx_word' id='word_1_393' title='bbox 1574 5289 1581 5291; x_wconf 70' lang='lat'><em>‘</em></span> <span class='ocrx_word' id='word_1_394' title='bbox 1616 5274 1627 5292; x_wconf 88' lang='lat'>&#39;</span> <span class='ocrx_word' id='word_1_395' title='bbox 1697 5291 1774 5302; x_wconf 61' lang='lat' dir='ltr'><strong>“M</strong></span> <span class='ocrx_word' id='word_1_396' title='bbox 1802 5275 2099 5322; x_wconf 54' lang='lat' dir='ltr'><strong>“scendam</strong></span> 
     </span>
    </p>
   </div>
   <div class='ocr_carea' id='block_1_57' title="bbox 2172 549 3753 618">
    <p class='ocr_par' dir='ltr' id='par_1_57' title="bbox 2172 549 3753 618">
     <span class='ocr_line' id='line_1_57' title="bbox 2172 549 3753 618; baseline -0.003 -13"><span class='ocrx_word' id='word_1_397' title='bbox 2172 549 2556 610; x_wconf 85' lang='lat' dir='ltr'><strong>Blarenciacus</strong></span> <span class='ocrx_word' id='word_1_398' title='bbox 2593 553 2659 609; x_wconf 80' lang='lat' dir='ltr'><strong>ab</strong></span> <span class='ocrx_word' id='word_1_399' title='bbox 2697 554 2885 609; x_wconf 87' lang='lat' dir='ltr'><strong>eadem</strong></span> <span class='ocrx_word' id='word_1_400' title='bbox 2918 551 3246 617; x_wconf 85' lang='lat' dir='ltr'><strong>calamitate,</strong></span> <span class='ocrx_word' id='word_1_401' title='bbox 3269 549 3464 606; x_wconf 87' lang='lat' dir='ltr'><strong>eodem</strong></span> <span class='ocrx_word' id='word_1_402' title='bbox 3492 556 3753 618; x_wconf 85' lang='lat' dir='ltr'><strong>tempore,</strong></span> 
     </span>
    </p>
   </div>
   <div class='ocr_carea' id='block_1_58' title="bbox 2174 637 3758 701">
    <p class='ocr_par' dir='ltr' id='par_1_58' title="bbox 2174 637 3758 701">
     <span class='ocr_line' id='line_1_58' title="bbox 2174 637 3758 701; baseline -0.006 -2"><span class='ocrx_word' id='word_1_403' title='bbox 2174 642 2482 699; x_wconf 85' lang='lat' dir='ltr'><strong>interventu</strong></span> <span class='ocrx_word' id='word_1_404' title='bbox 2512 642 2685 700; x_wconf 89' lang='lat' dir='ltr'><strong>sancti</strong></span> <span class='ocrx_word' id='word_1_405' title='bbox 2713 643 3041 701; x_wconf 88' lang='lat' dir='ltr'><strong>confessoris</strong></span> <span class='ocrx_word' id='word_1_406' title='bbox 3069 641 3169 699; x_wconf 91' lang='lat' dir='ltr'><strong>sub</strong></span> <span class='ocrx_word' id='word_1_407' title='bbox 3195 645 3478 696; x_wconf 88' lang='lat' dir='ltr'><strong>momento</strong></span> <span class='ocrx_word' id='word_1_408' title='bbox 3503 637 3758 694; x_wconf 78' lang='lat' dir='ltr'><strong>liberatus</strong></span> 
     </span>
    </p>
   </div>
   <div class='ocr_carea' id='block_1_59' title="bbox 2175 718 3198 791">
    <p class='ocr_par' dir='ltr' id='par_1_59' title="bbox 2175 718 3198 791">
     <span class='ocr_line' id='line_1_59' title="bbox 2175 718 3198 791; baseline -0.003 0"><span class='ocrx_word' id='word_1_409' title='bbox 2175 744 2279 791; x_wconf 91' lang='lat' dir='ltr'><strong>est.</strong></span> <span class='ocrx_word' id='word_1_410' title='bbox 3190 718 3198 724; x_wconf 76' lang='grc'><em>’</em></span> 
     </span>
    </p>
   </div>
   <div class='ocr_carea' id='block_1_60' title="bbox 2217 819 3762 902">
    <p class='ocr_par' dir='ltr' id='par_1_60' title="bbox 2217 819 3762 902">
     <span class='ocr_line' id='line_1_60' title="bbox 2217 819 3762 902; baseline -0.006 -16"><span class='ocrx_word' id='word_1_411' title='bbox 2217 830 2427 887; x_wconf 80' lang='lat' dir='ltr'><strong>XLIII.</strong></span> <span class='ocrx_word' id='word_1_412' title='bbox 2497 830 2600 886; x_wconf 83' lang='lat' dir='ltr'><strong>Per</strong></span> <span class='ocrx_word' id='word_1_413' title='bbox 2650 831 2793 887; x_wconf 91' lang='lat' dir='ltr'><strong>idem</strong></span> <span class='ocrx_word' id='word_1_414' title='bbox 2850 838 3081 902; x_wconf 90' lang='lat' dir='ltr'><strong>tempus,</strong></span> <span class='ocrx_word' id='word_1_415' title='bbox 3123 826 3325 883; x_wconf 85' lang='lat' dir='ltr'><strong>femina</strong></span> <span class='ocrx_word' id='word_1_416' title='bbox 3385 820 3641 897; x_wconf 57' lang='lat' dir='ltr'><strong>quadam</strong></span> <span class='ocrx_word' id='word_1_417' title='bbox 3701 819 3762 876; x_wconf 79' lang='lat' dir='ltr'><strong>de</strong></span> 
     </span>
    </p>
   </div>
   <div class='ocr_carea' id='block_1_61' title="bbox 2178 913 3766 992">
    <p class='ocr_par' dir='ltr' id='par_1_61' title="bbox 2178 913 3766 992">
     <span class='ocr_line' id='line_1_61' title="bbox 2178 913 3766 992; baseline -0.008 -13"><span class='ocrx_word' id='word_1_418' title='bbox 2178 923 2493 981; x_wconf 83' lang='lat' dir='ltr'><strong>Montaureo</strong></span> <span class='ocrx_word' id='word_1_419' title='bbox 2540 934 2744 989; x_wconf 89' lang='lat' dir='ltr'><strong>castro,</strong></span> <span class='ocrx_word' id='word_1_420' title='bbox 2792 922 3011 978; x_wconf 90' lang='lat' dir='ltr'><strong>nomine</strong></span> <span class='ocrx_word' id='word_1_421' title='bbox 3040 918 3431 992; x_wconf 85' lang='lat' dir='ltr'><strong>Ermengardis</strong></span> <span class='ocrx_word' id='word_1_422' title='bbox 3455 958 3471 984; x_wconf 92' lang='lat'><strong>,</strong></span> <span class='ocrx_word' id='word_1_423' title='bbox 3507 913 3671 971; x_wconf 86' lang='lat' dir='ltr'><strong>fracti</strong></span> <span class='ocrx_word' id='word_1_424' title='bbox 3715 922 3766 966; x_wconf 87' lang='lat' dir='ltr'><strong>et</strong></span> 
     </span>
    </p>
   </div>
   <div class='ocr_carea' id='block_1_62' title="bbox 2179 1008 3763 1087">
    <p class='ocr_par' dir='ltr' id='par_1_62' title="bbox 2179 1008 3763 1087">
     <span class='ocr_line' id='line_1_62' title="bbox 2179 1008 3763 1087; baseline -0.009 -15"><span class='ocrx_word' id='word_1_425' title='bbox 2179 1017 2316 1072; x_wconf 88' lang='lat' dir='ltr'><strong>aridi</strong></span> <span class='ocrx_word' id='word_1_426' title='bbox 2355 1016 2542 1073; x_wconf 83' lang='lat' dir='ltr'><strong>lacerti</strong></span> <span class='ocrx_word' id='word_1_427' title='bbox 2585 1014 2881 1072; x_wconf 90' lang='lat' dir='ltr'><strong>infortunio</strong></span> <span class='ocrx_word' id='word_1_428' title='bbox 2915 1014 3012 1087; x_wconf 81' lang='lat' dir='ltr'><strong>per</strong></span> <span class='ocrx_word' id='word_1_429' title='bbox 3039 1008 3475 1085; x_wconf 89' lang='lat' dir='ltr'><strong>quinquennium</strong></span> <span class='ocrx_word' id='word_1_430' title='bbox 3514 1008 3763 1063; x_wconf 81' lang='lat' dir='ltr'><strong>damnata</strong></span> 
     </span>
    </p>
   </div>
   <div class='ocr_carea' id='block_1_63' title="bbox 2179 1099 3767 1178">
    <p class='ocr_par' dir='ltr' id='par_1_63' title="bbox 2179 1099 3767 1178">
     <span class='ocr_line' id='line_1_63' title="bbox 2179 1099 3767 1178; baseline -0.009 -11"><span class='ocrx_word' id='word_1_431' title='bbox 2179 1109 2322 1167; x_wconf 90' lang='lat' dir='ltr'><strong>beati</strong></span> <span class='ocrx_word' id='word_1_432' title='bbox 2351 1109 2633 1165; x_wconf 89' lang='lat' dir='ltr'><strong>materiam</strong></span> <span class='ocrx_word' id='word_1_433' title='bbox 2665 1108 2910 1164; x_wconf 87' lang='lat' dir='ltr'><strong>miraculi</strong></span> <span class='ocrx_word' id='word_1_434' title='bbox 2941 1106 3189 1178; x_wconf 67' lang='lat' dir='ltr'><strong>prsebuit.</strong></span> <span class='ocrx_word' id='word_1_435' title='bbox 3239 1103 3473 1161; x_wconf 86' lang='lat' dir='ltr'><strong>Cunctis</strong></span> <span class='ocrx_word' id='word_1_436' title='bbox 3502 1099 3767 1170; x_wconf 84' lang='lat' dir='ltr'><strong>siquidem</strong></span> 
     </span>
    </p>
   </div>
   <div class='ocr_carea' id='block_1_64' title="bbox 2180 1190 3771 1271">
    <p class='ocr_par' dir='ltr' id='par_1_64' title="bbox 2180 1190 3771 1271">
     <span class='ocr_line' id='line_1_64' title="bbox 2180 1190 3771 1271; baseline -0.011 -13"><span class='ocrx_word' id='word_1_437' title='bbox 2180 1203 2341 1258; x_wconf 90' lang='lat' dir='ltr'><strong>unius</strong></span> <span class='ocrx_word' id='word_1_438' title='bbox 2369 1203 2569 1258; x_wconf 88' lang='lat' dir='ltr'><strong>mensis</strong></span> <span class='ocrx_word' id='word_1_439' title='bbox 2592 1201 2842 1257; x_wconf 90' lang='lat' dir='ltr'><strong>noctibus</strong></span> <span class='ocrx_word' id='word_1_440' title='bbox 2865 1199 2931 1255; x_wconf 88' lang='lat' dir='ltr'><strong>ad</strong></span> <span class='ocrx_word' id='word_1_441' title='bbox 2955 1199 3073 1271; x_wconf 84' lang='lat' dir='ltr'><strong>ejus</strong></span> <span class='ocrx_word' id='word_1_442' title='bbox 3094 1196 3431 1254; x_wconf 89' lang='lat' dir='ltr'><strong>mausoleum</strong></span> <span class='ocrx_word' id='word_1_443' title='bbox 3456 1208 3585 1249; x_wconf 88' lang='lat' dir='ltr'><strong>cum</strong></span> <span class='ocrx_word' id='word_1_444' title='bbox 3612 1190 3771 1245; x_wconf 90' lang='lat' dir='ltr'><strong>multo</strong></span> 
     </span>
    </p>
   </div>
   <div class='ocr_carea' id='block_1_65' title="bbox 2179 1280 3770 1364">
    <p class='ocr_par' dir='ltr' id='par_1_65' title="bbox 2179 1280 3770 1364">
     <span class='ocr_line' id='line_1_65' title="bbox 2179 1280 3770 1364; baseline -0.01 -16"><span class='ocrx_word' id='word_1_445' title='bbox 2179 1293 2306 1349; x_wconf 86' lang='lat' dir='ltr'><strong>fletu</strong></span> <span class='ocrx_word' id='word_1_446' title='bbox 2346 1302 2399 1349; x_wconf 91' lang='lat' dir='ltr'><strong>et</strong></span> <span class='ocrx_word' id='word_1_447' title='bbox 2435 1293 2637 1364; x_wconf 84' lang='lat' dir='ltr'><strong>gemitu</strong></span> <span class='ocrx_word' id='word_1_448' title='bbox 2667 1299 2921 1347; x_wconf 90' lang='lat' dir='ltr'><strong>contenta</strong></span> <span class='ocrx_word' id='word_1_449' title='bbox 2951 1288 3212 1361; x_wconf 80' lang='lat' dir='ltr'><strong>vigilans,</strong></span> <span class='ocrx_word' id='word_1_450' title='bbox 3259 1287 3481 1341; x_wconf 83' lang='lat' dir='ltr'><strong>tandem</strong></span> <span class='ocrx_word' id='word_1_451' title='bbox 3515 1280 3770 1337; x_wconf 82' lang='lat' dir='ltr'><strong>divinitus</strong></span> 
     </span>
    </p>
   </div>
   <div class='ocr_carea' id='block_1_66' title="bbox 2181 1374 3771 1443">
    <p class='ocr_par' dir='ltr' id='par_1_66' title="bbox 2181 1374 3771 1443">
     <span class='ocr_line' id='line_1_66' title="bbox 2181 1374 3771 1443; baseline -0.011 -4"><span class='ocrx_word' id='word_1_452' title='bbox 2181 1384 2401 1441; x_wconf 74' lang='lat' dir='ltr'><strong>visitata</strong></span> <span class='ocrx_word' id='word_1_453' title='bbox 2432 1392 2535 1440; x_wconf 91' lang='lat' dir='ltr'><strong>est.</strong></span> <span class='ocrx_word' id='word_1_454' title='bbox 2573 1382 2861 1438; x_wconf 86' lang='lat' dir='ltr'><strong>Braehium</strong></span> <span class='ocrx_word' id='word_1_455' title='bbox 2891 1380 3035 1435; x_wconf 90' lang='lat' dir='ltr'><strong>enim</strong></span> <span class='ocrx_word' id='word_1_456' title='bbox 3064 1378 3225 1443; x_wconf 91' lang='lat' dir='ltr'><strong>illius,</strong></span> <span class='ocrx_word' id='word_1_457' title='bbox 3257 1391 3384 1433; x_wconf 89' lang='lat' dir='ltr'><strong>osse</strong></span> <span class='ocrx_word' id='word_1_458' title='bbox 3416 1374 3771 1442; x_wconf 81' lang='lat' dir='ltr'><strong>reintegrato,</strong></span> 
     </span>
    </p>
   </div>
   <div class='ocr_carea' id='block_1_67' title="bbox 2181 1463 3771 1549">
    <p class='ocr_par' dir='ltr' id='par_1_67' title="bbox 2181 1463 3771 1549">
     <span class='ocr_line' id='line_1_67' title="bbox 2181 1463 3771 1549; baseline -0.011 -16"><span class='ocrx_word' id='word_1_459' title='bbox 2181 1478 2333 1535; x_wconf 89' lang='lat' dir='ltr'><strong>venis</strong></span> <span class='ocrx_word' id='word_1_460' title='bbox 2360 1477 2600 1549; x_wconf 88' lang='lat' dir='ltr'><strong>repletis,</strong></span> <span class='ocrx_word' id='word_1_461' title='bbox 2629 1475 2811 1532; x_wconf 88' lang='lat' dir='ltr'><strong>nervis</strong></span> <span class='ocrx_word' id='word_1_462' title='bbox 2835 1473 3131 1538; x_wconf 89' lang='lat' dir='ltr'><strong>renovatis,</strong></span> <span class='ocrx_word' id='word_1_463' title='bbox 3160 1471 3311 1526; x_wconf 85' lang='lat' dir='ltr'><strong>linito</strong></span> <span class='ocrx_word' id='word_1_464' title='bbox 3338 1480 3535 1523; x_wconf 90' lang='lat' dir='ltr'><strong>mense</strong></span> <span class='ocrx_word' id='word_1_465' title='bbox 3561 1463 3771 1527; x_wconf 76' lang='lat' dir='ltr'><strong>revixit,</strong></span> 
     </span>
    </p>
   </div>
   <div class='ocr_carea' id='block_1_68' title="bbox 2183 1557 3774 1639">
    <p class='ocr_par' dir='ltr' id='par_1_68' title="bbox 2183 1557 3774 1639">
     <span class='ocr_line' id='line_1_68' title="bbox 2183 1557 3774 1639; baseline -0.011 -13"><span class='ocrx_word' id='word_1_466' title='bbox 2183 1584 2392 1639; x_wconf 90' lang='lat' dir='ltr'><strong>suoque</strong></span> <span class='ocrx_word' id='word_1_467' title='bbox 2427 1567 2639 1638; x_wconf 88' lang='lat' dir='ltr'><strong>corpori</strong></span> <span class='ocrx_word' id='word_1_468' title='bbox 2678 1581 2783 1622; x_wconf 93' lang='lat' dir='ltr'><strong>non</strong></span> <span class='ocrx_word' id='word_1_469' title='bbox 2820 1565 3038 1637; x_wconf 90' lang='lat' dir='ltr'><strong>segnius</strong></span> <span class='ocrx_word' id='word_1_470' title='bbox 3074 1577 3235 1633; x_wconf 87' lang='lat' dir='ltr'><strong>quam</strong></span> <span class='ocrx_word' id='word_1_471' title='bbox 3268 1560 3510 1616; x_wconf 87' lang='lat' dir='ltr'><strong>alterum</strong></span> <span class='ocrx_word' id='word_1_472' title='bbox 3551 1557 3620 1612; x_wconf 88' lang='lat' dir='ltr'><strong>ad</strong></span> <span class='ocrx_word' id='word_1_473' title='bbox 3654 1567 3774 1609; x_wconf 82' lang='lat' dir='ltr'><strong>usus</strong></span> 
     </span>
    </p>
   </div>
   <div class='ocr_carea' id='block_1_69' title="bbox 2183 1654 3139 1729">
    <p class='ocr_par' dir='ltr' id='par_1_69' title="bbox 2183 1654 3139 1729">
     <span class='ocr_line' id='line_1_69' title="bbox 2183 1654 3139 1729; baseline -0.004 -16"><span class='ocrx_word' id='word_1_474' title='bbox 2183 1659 2524 1715; x_wconf 87' lang='lat' dir='ltr'><strong>necessarios</strong></span> <span class='ocrx_word' id='word_1_475' title='bbox 2561 1666 2751 1729; x_wconf 90' lang='lat' dir='ltr'><strong>postea</strong></span> <span class='ocrx_word' id='word_1_476' title='bbox 2786 1654 3139 1712; x_wconf 88' lang='lat' dir='ltr'><strong>ministravit.</strong></span> 
     </span>
    </p>
   </div>
   <div class='ocr_carea' id='block_1_70' title="bbox 2256 1762 3771 1841">
    <p class='ocr_par' dir='ltr' id='par_1_70' title="bbox 2256 1762 3771 1841">
     <span class='ocr_line' id='line_1_70' title="bbox 2256 1762 3771 1841; baseline -0.011 -10"><span class='ocrx_word' id='word_1_477' title='bbox 2256 1774 2440 1831; x_wconf 83' lang='lat' dir='ltr'><strong>XLIV.</strong></span> <span class='ocrx_word' id='word_1_478' title='bbox 2477 1773 2587 1830; x_wconf 83' lang='lat' dir='ltr'><strong>Nec</strong></span> <span class='ocrx_word' id='word_1_479' title='bbox 2630 1773 2809 1829; x_wconf 90' lang='lat' dir='ltr'><strong>minus</strong></span> <span class='ocrx_word' id='word_1_480' title='bbox 2852 1773 3040 1828; x_wconf 90' lang='lat' dir='ltr'><strong>eodem</strong></span> <span class='ocrx_word' id='word_1_481' title='bbox 3088 1778 3330 1841; x_wconf 88' lang='lat' dir='ltr'><strong>tempore</strong></span> <span class='ocrx_word' id='word_1_482' title='bbox 3377 1780 3519 1839; x_wconf 91' lang='lat' dir='ltr'><strong>puer</strong></span> <span class='ocrx_word' id='word_1_483' title='bbox 3561 1762 3771 1835; x_wconf 73' lang='lat' dir='ltr'><strong>quidam</strong></span> 
     </span>
    </p>
   </div>
   <div class='ocr_carea' id='block_1_71' title="bbox 2184 1856 3776 1923">
    <p class='ocr_par' dir='ltr' id='par_1_71' title="bbox 2184 1856 3776 1923">
     <span class='ocr_line' id='line_1_71' title="bbox 2184 1856 3776 1923; baseline -0.01 -1"><span class='ocrx_word' id='word_1_484' title='bbox 2184 1868 2252 1923; x_wconf 88' lang='lat' dir='ltr'><strong>de</strong></span> <span class='ocrx_word' id='word_1_485' title='bbox 2293 1867 2414 1922; x_wconf 86' lang='lat' dir='ltr'><strong>vico</strong></span> <span class='ocrx_word' id='word_1_486' title='bbox 2458 1867 2544 1921; x_wconf 89' lang='lat' dir='ltr'><strong>cui</strong></span> <span class='ocrx_word' id='word_1_487' title='bbox 2590 1879 2785 1921; x_wconf 87' lang='lat' dir='ltr'><strong>nomen</strong></span> <span class='ocrx_word' id='word_1_488' title='bbox 2831 1870 2914 1919; x_wconf 90' lang='lat' dir='ltr'><strong>cst</strong></span> <span class='ocrx_word' id='word_1_489' title='bbox 2961 1860 3244 1918; x_wconf 89' lang='lat' dir='ltr'><strong>Senterius</strong></span> <span class='ocrx_word' id='word_1_490' title='bbox 3289 1859 3487 1916; x_wconf 89' lang='lat' dir='ltr'><strong>eodem</strong></span> <span class='ocrx_word' id='word_1_491' title='bbox 3534 1856 3776 1910; x_wconf 81' lang='lat' dir='ltr'><strong>detentus</strong></span> 
     </span>
    </p>
   </div>
   <div class='ocr_carea' id='block_1_72' title="bbox 2188 1949 3746 2026">
    <p class='ocr_par' dir='ltr' id='par_1_72' title="bbox 2188 1949 3746 2026">
     <span class='ocr_line' id='line_1_72' title="bbox 2188 1949 3746 2026; baseline -0.012 -11"><span class='ocrx_word' id='word_1_492' title='bbox 2188 1958 2539 2015; x_wconf 86' lang='lat' dir='ltr'><strong>incommodo</strong></span> <span class='ocrx_word' id='word_1_493' title='bbox 2575 1956 2805 2012; x_wconf 89' lang='lat' dir='ltr'><strong>similem</strong></span> <span class='ocrx_word' id='word_1_494' title='bbox 2837 1954 3064 2026; x_wconf 83' lang='lat' dir='ltr'><strong>gratiam</strong></span> <span class='ocrx_word' id='word_1_495' title='bbox 3096 1952 3357 2007; x_wconf 89' lang='lat' dir='ltr'><strong>divinitus</strong></span> <span class='ocrx_word' id='word_1_496' title='bbox 3387 1949 3627 2019; x_wconf 87' lang='lat' dir='ltr'><strong>adeptus</strong></span> <span class='ocrx_word' id='word_1_497' title='bbox 3650 1953 3746 2001; x_wconf 82' lang='lat' dir='ltr'><strong>est.</strong></span> 
     </span>
    </p>
   </div>
   <div class='ocr_carea' id='block_1_73' title="bbox 2259 2041 3772 2119">
    <p class='ocr_par' dir='ltr' id='par_1_73' title="bbox 2259 2041 3772 2119">
     <span class='ocr_line' id='line_1_73' title="bbox 2259 2041 3772 2119; baseline -0.012 -11"><span class='ocrx_word' id='word_1_498' title='bbox 2259 2050 2423 2108; x_wconf 81' lang='lat' dir='ltr'><strong>XLV.</strong></span> <span class='ocrx_word' id='word_1_499' title='bbox 2466 2048 2573 2105; x_wconf 87' lang='lat' dir='ltr'><strong>Sed</strong></span> <span class='ocrx_word' id='word_1_500' title='bbox 2610 2046 2789 2119; x_wconf 87' lang='lat' dir='ltr'><strong>puella</strong></span> <span class='ocrx_word' id='word_1_501' title='bbox 2823 2047 3042 2102; x_wconf 88' lang='lat' dir='ltr'><strong>nomine</strong></span> <span class='ocrx_word' id='word_1_502' title='bbox 3070 2043 3337 2100; x_wconf 79' lang='lat' dir='ltr'><strong>Menoldis</strong></span> <span class='ocrx_word' id='word_1_503' title='bbox 3367 2041 3439 2097; x_wconf 87' lang='lat' dir='ltr'><strong>de</strong></span> <span class='ocrx_word' id='word_1_504' title='bbox 3470 2042 3596 2095; x_wconf 71' lang='lat' dir='ltr'><strong>vico</strong></span> <span class='ocrx_word' id='word_1_505' title='bbox 3624 2051 3772 2107; x_wconf 82' lang='lat' dir='ltr'><strong>quem</strong></span> 
     </span>
    </p>
   </div>
   <div class='ocr_carea' id='block_1_74' title="bbox 2188 2132 3779 2209">
    <p class='ocr_par' dir='ltr' id='par_1_74' title="bbox 2188 2132 3779 2209">
     <span class='ocr_line' id='line_1_74' title="bbox 2188 2132 3779 2209; baseline -0.011 -7"><span class='ocrx_word' id='word_1_506' title='bbox 2188 2143 2615 2202; x_wconf 83' lang='lat' dir='ltr'><strong>Montricardum</strong></span> <span class='ocrx_word' id='word_1_507' title='bbox 2648 2141 2963 2204; x_wconf 87' lang='lat' dir='ltr'><strong>nominant,</strong></span> <span class='ocrx_word' id='word_1_508' title='bbox 2989 2140 3116 2196; x_wconf 88' lang='lat' dir='ltr'><strong>dum</strong></span> <span class='ocrx_word' id='word_1_509' title='bbox 3141 2138 3379 2209; x_wconf 88' lang='lat' dir='ltr'><strong>quadam</strong></span> <span class='ocrx_word' id='word_1_510' title='bbox 3411 2144 3579 2191; x_wconf 86' lang='lat' dir='ltr'><strong>nocte</strong></span> <span class='ocrx_word' id='word_1_511' title='bbox 3604 2132 3779 2189; x_wconf 61' lang='lat' dir='ltr'><strong>aestivo</strong></span> 
     </span>
    </p>
   </div>
   <div class='ocr_carea' id='block_1_75' title="bbox 2190 2229 3780 2313">
    <p class='ocr_par' dir='ltr' id='par_1_75' title="bbox 2190 2229 3780 2313">
     <span class='ocr_line' id='line_1_75' title="bbox 2190 2229 3780 2313; baseline -0.01 -18"><span class='ocrx_word' id='word_1_512' title='bbox 2190 2248 2431 2310; x_wconf 89' lang='lat' dir='ltr'><strong>tempore</strong></span> <span class='ocrx_word' id='word_1_513' title='bbox 2456 2252 2579 2291; x_wconf 92' lang='lat' dir='ltr'><strong>cum</strong></span> <span class='ocrx_word' id='word_1_514' title='bbox 2607 2234 2936 2291; x_wconf 85' lang='lat' dir='ltr'><strong>messoribus</strong></span> <span class='ocrx_word' id='word_1_515' title='bbox 2962 2234 3167 2313; x_wconf 76' lang='lat' dir='ltr'><strong>inarea</strong></span> <span class='ocrx_word' id='word_1_516' title='bbox 3192 2229 3507 2301; x_wconf 87' lang='lat' dir='ltr'><strong>quiesceret</strong></span> <span class='ocrx_word' id='word_1_517' title='bbox 3527 2268 3543 2292; x_wconf 91' lang='lat'><strong>,</strong></span> <span class='ocrx_word' id='word_1_518' title='bbox 3572 2234 3780 2295; x_wconf 79' lang='lat' dir='ltr'><strong>repente</strong></span> 
     </span>
    </p>
   </div>
   <div class='ocr_carea' id='block_1_76' title="bbox 2190 2320 3779 2403">
    <p class='ocr_par' dir='ltr' id='par_1_76' title="bbox 2190 2320 3779 2403">
     <span class='ocr_line' id='line_1_76' title="bbox 2190 2320 3779 2403; baseline -0.011 -16"><span class='ocrx_word' id='word_1_519' title='bbox 2190 2331 2477 2403; x_wconf 80' lang='lat' dir='ltr'><strong>conspexit</strong></span> <span class='ocrx_word' id='word_1_520' title='bbox 2511 2330 2822 2384; x_wconf 89' lang='lat' dir='ltr'><strong>teterrimos</strong></span> <span class='ocrx_word' id='word_1_521' title='bbox 2853 2327 3078 2399; x_wconf 86' lang='lat' dir='ltr'><strong>spiritus</strong></span> <span class='ocrx_word' id='word_1_522' title='bbox 3115 2327 3169 2382; x_wconf 89' lang='lat' dir='ltr'><strong>in</strong></span> <span class='ocrx_word' id='word_1_523' title='bbox 3194 2320 3396 2396; x_wconf 77' lang='lat' dir='ltr'><strong>Specie</strong></span> <span class='ocrx_word' id='word_1_524' title='bbox 3432 2322 3667 2378; x_wconf 83' lang='lat' dir='ltr'><strong>militum</strong></span> <span class='ocrx_word' id='word_1_525' title='bbox 3697 2336 3779 2371; x_wconf 82' lang='lat' dir='ltr'><strong>ar-</strong></span> 
     </span>
    </p>
   </div>
   <div class='ocr_carea' id='block_1_77' title="bbox 2190 2418 3781 2495">
    <p class='ocr_par' dir='ltr' id='par_1_77' title="bbox 2190 2418 3781 2495">
     <span class='ocr_line' id='line_1_77' title="bbox 2190 2418 3781 2495; baseline -0.009 -15"><span class='ocrx_word' id='word_1_526' title='bbox 2190 2433 2462 2480; x_wconf 86' lang='lat' dir='ltr'><strong>matorum</strong></span> <span class='ocrx_word' id='word_1_527' title='bbox 2499 2438 2665 2495; x_wconf 90' lang='lat' dir='ltr'><strong>super</strong></span> <span class='ocrx_word' id='word_1_528' title='bbox 2702 2438 2764 2479; x_wconf 89' lang='lat' dir='ltr'><strong>se</strong></span> <span class='ocrx_word' id='word_1_529' title='bbox 2794 2421 3102 2478; x_wconf 87' lang='lat' dir='ltr'><strong>discurrere</strong></span> <span class='ocrx_word' id='word_1_530' title='bbox 3130 2428 3189 2475; x_wconf 89' lang='lat' dir='ltr'><strong>et</strong></span> <span class='ocrx_word' id='word_1_531' title='bbox 3215 2433 3275 2476; x_wconf 89' lang='lat' dir='ltr'><strong>se</strong></span> <span class='ocrx_word' id='word_1_532' title='bbox 3304 2418 3671 2473; x_wconf 85' lang='lat' dir='ltr'><strong>vehementer</strong></span> <span class='ocrx_word' id='word_1_533' title='bbox 3695 2429 3781 2483; x_wconf 82' lang='lat' dir='ltr'><strong>op-</strong></span> 
     </span>
    </p>
   </div>
   <div class='ocr_carea' id='block_1_78' title="bbox 2191 2510 3781 2589">
    <p class='ocr_par' dir='ltr' id='par_1_78' title="bbox 2191 2510 3781 2589">
     <span class='ocr_line' id='line_1_78' title="bbox 2191 2510 3781 2589; baseline -0.008 -17"><span class='ocrx_word' id='word_1_534' title='bbox 2191 2517 2452 2589; x_wconf 89' lang='lat' dir='ltr'><strong>primere.</strong></span> <span class='ocrx_word' id='word_1_535' title='bbox 2499 2515 2615 2584; x_wconf 88' lang='lat' dir='ltr'><strong>Qua</strong></span> <span class='ocrx_word' id='word_1_536' title='bbox 2657 2516 2928 2571; x_wconf 88' lang='lat' dir='ltr'><strong>horrenda</strong></span> <span class='ocrx_word' id='word_1_537' title='bbox 2968 2513 3179 2570; x_wconf 89' lang='lat' dir='ltr'><strong>visione</strong></span> <span class='ocrx_word' id='word_1_538' title='bbox 3218 2510 3522 2573; x_wconf 77' lang='lat' dir='ltr'><strong>exterrita,</strong></span> <span class='ocrx_word' id='word_1_539' title='bbox 3560 2516 3613 2563; x_wconf 85' lang='lat' dir='ltr'><strong>et</strong></span> <span class='ocrx_word' id='word_1_540' title='bbox 3654 2517 3781 2576; x_wconf 72' lang='lat' dir='ltr'><strong>pene</strong></span> 
     </span>
    </p>
   </div>
   <div class='ocr_carea' id='block_1_79' title="bbox 2193 2597 3777 2677">
    <p class='ocr_par' dir='ltr' id='par_1_79' title="bbox 2193 2597 3777 2677">
     <span class='ocr_line' id='line_1_79' title="bbox 2193 2597 3777 2677; baseline -0.009 -11"><span class='ocrx_word' id='word_1_541' title='bbox 2193 2628 2383 2667; x_wconf 85' lang='lat' dir='ltr'><strong>amens</strong></span> <span class='ocrx_word' id='word_1_542' title='bbox 2419 2610 2645 2677; x_wconf 81' lang='lat' dir='ltr'><strong>effecta,</strong></span> <span class='ocrx_word' id='word_1_543' title='bbox 2679 2609 2872 2664; x_wconf 89' lang='lat' dir='ltr'><strong>eadem</strong></span> <span class='ocrx_word' id='word_1_544' title='bbox 2913 2607 3047 2663; x_wconf 77' lang='lat' dir='ltr'><strong>liora</strong></span> <span class='ocrx_word' id='word_1_545' title='bbox 3077 2621 3236 2662; x_wconf 89' lang='lat' dir='ltr'><strong>usum</strong></span> <span class='ocrx_word' id='word_1_546' title='bbox 3268 2601 3537 2674; x_wconf 85' lang='lat' dir='ltr'><strong>loquendi</strong></span> <span class='ocrx_word' id='word_1_547' title='bbox 3583 2597 3777 2654; x_wconf 87' lang='lat' dir='ltr'><strong>amisit.</strong></span> 
     </span>
    </p>
   </div>
   <div class='ocr_carea' id='block_1_80' title="bbox 2192 2684 3783 2776">
    <p class='ocr_par' dir='ltr' id='par_1_80' title="bbox 2192 2684 3783 2776">
     <span class='ocr_line' id='line_1_80' title="bbox 2192 2684 3783 2776; baseline -0.013 -14"><span class='ocrx_word' id='word_1_548' title='bbox 2192 2705 2328 2762; x_wconf 84' lang='lat' dir='ltr'><strong>Cum</strong></span> <span class='ocrx_word' id='word_1_549' title='bbox 2378 2719 2510 2760; x_wconf 90' lang='lat' dir='ltr'><strong>vero</strong></span> <span class='ocrx_word' id='word_1_550' title='bbox 2553 2711 2676 2776; x_wconf 90' lang='lat' dir='ltr'><strong>post</strong></span> <span class='ocrx_word' id='word_1_551' title='bbox 2720 2701 2884 2757; x_wconf 90' lang='lat' dir='ltr'><strong>trium</strong></span> <span class='ocrx_word' id='word_1_552' title='bbox 2931 2699 3359 2771; x_wconf 87' lang='lat' dir='ltr'><strong>seplimanarum</strong></span> <span class='ocrx_word' id='word_1_553' title='bbox 3407 2692 3681 2751; x_wconf 84' lang='lat' dir='ltr'><strong>circulum</strong></span> <span class='ocrx_word' id='word_1_554' title='bbox 3720 2684 3783 2743; x_wconf 84' lang='lat' dir='ltr'><strong>ad</strong></span> 
     </span>
    </p>
   </div>
   <div class='ocr_carea' id='block_1_81' title="bbox 2195 2782 3784 2853">
    <p class='ocr_par' dir='ltr' id='par_1_81' title="bbox 2195 2782 3784 2853">
     <span class='ocr_line' id='line_1_81' title="bbox 2195 2782 3784 2853; baseline -0.012 0"><span class='ocrx_word' id='word_1_555' title='bbox 2195 2797 2459 2853; x_wconf 92' lang='lat' dir='ltr'><strong>tumulum</strong></span> <span class='ocrx_word' id='word_1_556' title='bbox 2496 2795 2671 2853; x_wconf 90' lang='lat' dir='ltr'><strong>sancti</strong></span> <span class='ocrx_word' id='word_1_557' title='bbox 2702 2811 2733 2851; x_wconf 89' lang='lat' dir='ltr'><strong>a</strong></span> <span class='ocrx_word' id='word_1_558' title='bbox 2766 2794 2881 2849; x_wconf 89' lang='lat' dir='ltr'><strong>suis</strong></span> <span class='ocrx_word' id='word_1_559' title='bbox 2911 2791 3141 2849; x_wconf 89' lang='lat' dir='ltr'><strong>deducta</strong></span> <span class='ocrx_word' id='word_1_560' title='bbox 3172 2788 3368 2845; x_wconf 88' lang='lat' dir='ltr'><strong>fuisset</strong></span> <span class='ocrx_word' id='word_1_561' title='bbox 3392 2828 3406 2853; x_wconf 92' lang='lat'><strong>,</strong></span> <span class='ocrx_word' id='word_1_562' title='bbox 3440 2801 3572 2840; x_wconf 70' lang='lat' dir='ltr'><strong>mox</strong></span> <span class='ocrx_word' id='word_1_563' title='bbox 3600 2784 3652 2837; x_wconf 89' lang='lat' dir='ltr'><strong>iu</strong></span> <span class='ocrx_word' id='word_1_564' title='bbox 3678 2782 3784 2835; x_wconf 82' lang='lat' dir='ltr'><strong>lau-</strong></span> 
     </span>
    </p>
   </div>
   <div class='ocr_carea' id='block_1_82' title="bbox 2193 2869 3783 2949">
    <p class='ocr_par' dir='ltr' id='par_1_82' title="bbox 2193 2869 3783 2949">
     <span class='ocr_line' id='line_1_82' title="bbox 2193 2869 3783 2949; baseline -0.015 0"><span class='ocrx_word' id='word_1_565' title='bbox 2193 2892 2291 2949; x_wconf 74' lang='lat' dir='ltr'><strong>des</strong></span> <span class='ocrx_word' id='word_1_566' title='bbox 2321 2890 2523 2948; x_wconf 85' lang='lat' dir='ltr'><strong>Christi</strong></span> <span class='ocrx_word' id='word_1_567' title='bbox 2563 2899 2620 2944; x_wconf 90' lang='lat' dir='ltr'><strong>et</strong></span> <span class='ocrx_word' id='word_1_568' title='bbox 2665 2886 2849 2943; x_wconf 87' lang='lat' dir='ltr'><strong>famuli</strong></span> <span class='ocrx_word' id='word_1_569' title='bbox 2893 2885 2975 2942; x_wconf 90' lang='lat' dir='ltr'><strong>sui</strong></span> <span class='ocrx_word' id='word_1_570' title='bbox 3019 2882 3234 2937; x_wconf 82' lang='lat' dir='ltr'><strong>Martini</strong></span> <span class='ocrx_word' id='word_1_571' title='bbox 3269 2897 3334 2936; x_wconf 93' lang='lat' dir='ltr'><strong>os</strong></span> <span class='ocrx_word' id='word_1_572' title='bbox 3363 2877 3619 2949; x_wconf 83' lang='lat' dir='ltr'><strong>aperuit,</strong></span> <span class='ocrx_word' id='word_1_573' title='bbox 3649 2869 3783 2944; x_wconf 83' lang='lat' dir='ltr'><strong>quod</strong></span> 
     </span>
    </p>
   </div>
   <div class='ocr_carea' id='block_1_83' title="bbox 2195 2966 3786 3044">
    <p class='ocr_par' dir='ltr' id='par_1_83' title="bbox 2195 2966 3786 3044">
     <span class='ocr_line' id='line_1_83' title="bbox 2195 2966 3786 3044; baseline -0.015 -3"><span class='ocrx_word' id='word_1_574' title='bbox 2195 2983 2299 3041; x_wconf 88' lang='lat' dir='ltr'><strong>sibi</strong></span> <span class='ocrx_word' id='word_1_575' title='bbox 2342 2984 2649 3037; x_wconf 61' lang='lat' dir='ltr'><strong>daemonum</strong></span> <span class='ocrx_word' id='word_1_576' title='bbox 2684 2976 2943 3033; x_wconf 85' lang='lat' dir='ltr'><strong>terribilis</strong></span> <span class='ocrx_word' id='word_1_577' title='bbox 2973 2972 3175 3044; x_wconf 81' lang='lat' dir='ltr'><strong>eﬂigics</strong></span> <span class='ocrx_word' id='word_1_578' title='bbox 3207 2971 3391 3025; x_wconf 84' lang='lat' dir='ltr'><strong>divina</strong></span> <span class='ocrx_word' id='word_1_579' title='bbox 3434 2966 3786 3039; x_wconf 81' lang='lat' dir='ltr'><strong>penuissione</strong></span> 
     </span>
    </p>
   </div>
   <div class='ocr_carea' id='block_1_84' title="bbox 2197 3061 3783 3138">
    <p class='ocr_par' dir='ltr' id='par_1_84' title="bbox 2197 3061 3783 3138">
     <span class='ocr_line' id='line_1_84' title="bbox 2197 3061 3783 3138; baseline -0.015 -7"><span class='ocrx_word' id='word_1_580' title='bbox 2197 3074 2557 3131; x_wconf 73' lang='lat' dir='ltr'><strong>cencluscrat.</strong></span> <span class='ocrx_word' id='word_1_581' title='bbox 2588 3069 2703 3126; x_wconf 88' lang='lat' dir='ltr'><strong>Iloc</strong></span> <span class='ocrx_word' id='word_1_582' title='bbox 2731 3067 2931 3124; x_wconf 86' lang='lat' dir='ltr'><strong>etenim</strong></span> <span class='ocrx_word' id='word_1_583' title='bbox 2961 3064 3269 3138; x_wconf 84' lang='lat' dir='ltr'><strong>putavimus</strong></span> <span class='ocrx_word' id='word_1_584' title='bbox 3301 3061 3514 3116; x_wconf 88' lang='lat' dir='ltr'><strong>factum</strong></span> <span class='ocrx_word' id='word_1_585' title='bbox 3545 3067 3607 3113; x_wconf 93' lang='lat' dir='ltr'><strong>ut</strong></span> <span class='ocrx_word' id='word_1_586' title='bbox 3630 3070 3783 3128; x_wconf 82' lang='lat' dir='ltr'><strong>opera</strong></span> 
     </span>
    </p>
   </div>
   <div class='ocr_carea' id='block_1_85' title="bbox 2117 3154 3730 3262">
    <p class='ocr_par' dir='ltr' id='par_1_85' title="bbox 2117 3154 3730 3262">
     <span class='ocr_line' id='line_1_85' title="bbox 2117 3154 3730 3262; baseline -0.014 -36"><span class='ocrx_word' id='word_1_587' title='bbox 2117 3200 2164 3262; x_wconf 64' lang='grc' dir='ltr'><strong>ρ</strong></span> <span class='ocrx_word' id='word_1_588' title='bbox 2197 3169 2293 3225; x_wconf 84' lang='lat' dir='ltr'><strong>Dei</strong></span> <span class='ocrx_word' id='word_1_589' title='bbox 2327 3184 2423 3239; x_wconf 87' lang='lat' dir='ltr'><strong>per</strong></span> <span class='ocrx_word' id='word_1_590' title='bbox 2453 3166 2673 3221; x_wconf 88' lang='lat' dir='ltr'><strong>beatum</strong></span> <span class='ocrx_word' id='word_1_591' title='bbox 2705 3161 2998 3218; x_wconf 79' lang='lat' dir='ltr'><strong>Martinam</strong></span> <span class='ocrx_word' id='word_1_592' title='bbox 3032 3158 3087 3213; x_wconf 89' lang='lat' dir='ltr'><strong>in</strong></span> <span class='ocrx_word' id='word_1_593' title='bbox 3123 3173 3186 3214; x_wconf 91' lang='lat' dir='ltr'><strong>ea</strong></span> <span class='ocrx_word' id='word_1_594' title='bbox 3221 3154 3730 3212; x_wconf 85' lang='lat' dir='ltr'><strong>manifestareutur.</strong></span> 
     </span>
    </p>
   </div>
   <div class='ocr_carea' id='block_1_86' title="bbox 2267 3264 3787 3352">
    <p class='ocr_par' dir='ltr' id='par_1_86' title="bbox 2267 3264 3787 3352">
     <span class='ocr_line' id='line_1_86' title="bbox 2267 3264 3787 3352; baseline -0.013 -12"><span class='ocrx_word' id='word_1_595' title='bbox 2267 3283 2452 3340; x_wconf 83' lang='lat' dir='ltr'><strong>XLVI.</strong></span> <span class='ocrx_word' id='word_1_596' title='bbox 2487 3282 2632 3337; x_wconf 90' lang='lat' dir='ltr'><strong>Duas</strong></span> <span class='ocrx_word' id='word_1_597' title='bbox 2658 3294 2872 3352; x_wconf 88' lang='lat' dir='ltr'><strong>quoque</strong></span> <span class='ocrx_word' id='word_1_598' title='bbox 2901 3275 3110 3348; x_wconf 88' lang='lat' dir='ltr'><strong>puellas</strong></span> <span class='ocrx_word' id='word_1_599' title='bbox 3129 3316 3144 3342; x_wconf 91' lang='lat'><strong>,</strong></span> <span class='ocrx_word' id='word_1_600' title='bbox 3172 3288 3411 3345; x_wconf 83' lang='lat' dir='ltr'><strong>quarum</strong></span> <span class='ocrx_word' id='word_1_601' title='bbox 3439 3268 3703 3343; x_wconf 77' lang='lat' dir='ltr'><strong>Legardis</strong></span> <span class='ocrx_word' id='word_1_602' title='bbox 3725 3264 3787 3320; x_wconf 84' lang='lat' dir='ltr'><strong>de</strong></span> 
     </span>
    </p>
   </div>
   <div class='ocr_carea' id='block_1_87' title="bbox 2195 3365 3787 3443">
    <p class='ocr_par' dir='ltr' id='par_1_87' title="bbox 2195 3365 3787 3443">
     <span class='ocr_line' id='line_1_87' title="bbox 2195 3365 3787 3443; baseline -0.013 -11"><span class='ocrx_word' id='word_1_603' title='bbox 2195 3378 2317 3432; x_wconf 92' lang='lat' dir='ltr'><strong>vico</strong></span> <span class='ocrx_word' id='word_1_604' title='bbox 2357 3376 2445 3432; x_wconf 91' lang='lat' dir='ltr'><strong>cui</strong></span> <span class='ocrx_word' id='word_1_605' title='bbox 2484 3388 2683 3430; x_wconf 87' lang='lat' dir='ltr'><strong>nomen</strong></span> <span class='ocrx_word' id='word_1_606' title='bbox 2728 3371 3090 3443; x_wconf 85' lang='lat' dir='ltr'><strong>Espcniacus,</strong></span> <span class='ocrx_word' id='word_1_607' title='bbox 3123 3367 3299 3422; x_wconf 82' lang='lat' dir='ltr'><strong>altera</strong></span> <span class='ocrx_word' id='word_1_608' title='bbox 3345 3381 3481 3421; x_wconf 86' lang='lat' dir='ltr'><strong>vero</strong></span> <span class='ocrx_word' id='word_1_609' title='bbox 3512 3365 3580 3419; x_wconf 90' lang='lat' dir='ltr'><strong>de</strong></span> <span class='ocrx_word' id='word_1_610' title='bbox 3619 3373 3787 3416; x_wconf 78' lang='lat' dir='ltr'><strong>castra</strong></span> 
     </span>
    </p>
   </div>
   <div class='ocr_carea' id='block_1_88' title="bbox 2196 3449 3791 3542">
    <p class='ocr_par' dir='ltr' id='par_1_88' title="bbox 2196 3449 3791 3542">
     <span class='ocr_line' id='line_1_88' title="bbox 2196 3449 3791 3542; baseline -0.013 -16"><span class='ocrx_word' id='word_1_611' title='bbox 2196 3470 2341 3542; x_wconf 88' lang='lat' dir='ltr'><strong>quod</strong></span> <span class='ocrx_word' id='word_1_612' title='bbox 2373 3466 2701 3524; x_wconf 87' lang='lat' dir='ltr'><strong>Vilcncastri</strong></span> <span class='ocrx_word' id='word_1_613' title='bbox 2733 3469 3079 3535; x_wconf 87' lang='lat' dir='ltr'><strong>nuncupant,</strong></span> <span class='ocrx_word' id='word_1_614' title='bbox 3111 3458 3201 3516; x_wconf 89' lang='lat' dir='ltr'><strong>ille</strong></span> <span class='ocrx_word' id='word_1_615' title='bbox 3227 3458 3324 3530; x_wconf 88' lang='lat' dir='ltr'><strong>qui</strong></span> <span class='ocrx_word' id='word_1_616' title='bbox 3356 3457 3489 3512; x_wconf 80' lang='lat' dir='ltr'><strong>bene</strong></span> <span class='ocrx_word' id='word_1_617' title='bbox 3513 3453 3689 3510; x_wconf 80' lang='lat' dir='ltr'><strong>omnia</strong></span> <span class='ocrx_word' id='word_1_618' title='bbox 3719 3449 3791 3542; x_wconf 50' lang='grc' dir='ltr'><strong>[οξ</strong></span> 
     </span>
    </p>
   </div>
   <div class='ocr_carea' id='block_1_89' title="bbox 2196 3540 3788 3629">
    <p class='ocr_par' dir='ltr' id='par_1_89' title="bbox 2196 3540 3788 3629">
     <span class='ocr_line' id='line_1_89' title="bbox 2196 3540 3788 3629; baseline -0.013 -13"><span class='ocrx_word' id='word_1_619' title='bbox 2196 3540 2303 3629; x_wconf 67' lang='lat' dir='ltr'><strong>cit,</strong></span> <span class='ocrx_word' id='word_1_620' title='bbox 2341 3576 2447 3617; x_wconf 92' lang='lat' dir='ltr'><strong>una</strong></span> <span class='ocrx_word' id='word_1_621' title='bbox 2482 3559 2785 3628; x_wconf 90' lang='lat' dir='ltr'><strong>eademque</strong></span> <span class='ocrx_word' id='word_1_622' title='bbox 2821 3556 2910 3613; x_wconf 90' lang='lat' dir='ltr'><strong>die</strong></span> <span class='ocrx_word' id='word_1_623' title='bbox 2938 3555 3135 3612; x_wconf 90' lang='lat' dir='ltr'><strong>surdas</strong></span> <span class='ocrx_word' id='word_1_624' title='bbox 3167 3553 3384 3625; x_wconf 86' lang='lat' dir='ltr'><strong>pariter</strong></span> <span class='ocrx_word' id='word_1_625' title='bbox 3420 3559 3481 3605; x_wconf 90' lang='lat' dir='ltr'><strong>ct</strong></span> <span class='ocrx_word' id='word_1_626' title='bbox 3518 3557 3696 3604; x_wconf 88' lang='lat' dir='ltr'><strong>mutas</strong></span> <span class='ocrx_word' id='word_1_627' title='bbox 3724 3540 3788 3598; x_wconf 85' lang='lat' dir='ltr'><strong>ad</strong></span> 
     </span>
    </p>
   </div>
   <div class='ocr_carea' id='block_1_90' title="bbox 2196 3641 3786 3723">
    <p class='ocr_par' dir='ltr' id='par_1_90' title="bbox 2196 3641 3786 3723">
     <span class='ocr_line' id='line_1_90' title="bbox 2196 3641 3786 3723; baseline -0.013 -13"><span class='ocrx_word' id='word_1_628' title='bbox 2196 3657 2458 3723; x_wconf 84' lang='lat' dir='ltr'><strong>honorem</strong></span> <span class='ocrx_word' id='word_1_629' title='bbox 2497 3650 2683 3708; x_wconf 89' lang='lat' dir='ltr'><strong>famuli</strong></span> <span class='ocrx_word' id='word_1_630' title='bbox 2714 3649 2798 3706; x_wconf 90' lang='lat' dir='ltr'><strong>sui</strong></span> <span class='ocrx_word' id='word_1_631' title='bbox 2828 3649 2952 3720; x_wconf 68' lang='grc' dir='ltr'>[ει-ξι</span> <span class='ocrx_word' id='word_1_632' title='bbox 2983 3648 3172 3702; x_wconf 83' lang='lat' dir='ltr'><strong>audire</strong></span> <span class='ocrx_word' id='word_1_633' title='bbox 3204 3657 3253 3700; x_wconf 82' lang='lat' dir='ltr'><strong>et</strong></span> <span class='ocrx_word' id='word_1_634' title='bbox 3287 3645 3437 3715; x_wconf 84' lang='lat' dir='ltr'><strong>loqui</strong></span> <span class='ocrx_word' id='word_1_635' title='bbox 3473 3641 3786 3715; x_wconf 63' lang='lat' dir='ltr'><strong>(Mutavit,</strong></span> 
     </span>
    </p>
   </div>
   <div class='ocr_carea' id='block_1_91' title="bbox 2196 3726 3789 3820">
    <p class='ocr_par' dir='ltr' id='par_1_91' title="bbox 2196 3726 3789 3820">
     <span class='ocr_line' id='line_1_91' title="bbox 2196 3726 3789 3820; baseline -0.015 -17"><span class='ocrx_word' id='word_1_636' title='bbox 2196 3748 2330 3820; x_wconf 82' lang='lat'><strong>57).</strong></span> <span class='ocrx_word' id='word_1_637' title='bbox 2362 3744 2599 3801; x_wconf 85' lang='lat' dir='ltr'><strong>Proinde</strong></span> <span class='ocrx_word' id='word_1_638' title='bbox 2631 3751 2865 3813; x_wconf 84' lang='lat' dir='ltr'><strong>quantas</strong></span> <span class='ocrx_word' id='word_1_639' title='bbox 2892 3738 2965 3796; x_wconf 88' lang='lat' dir='ltr'><strong>ibi</strong></span> <span class='ocrx_word' id='word_1_640' title='bbox 2994 3736 3227 3808; x_wconf 89' lang='lat' dir='ltr'><strong>populus</strong></span> <span class='ocrx_word' id='word_1_641' title='bbox 3253 3736 3326 3790; x_wconf 88' lang='lat' dir='ltr'><strong>de</strong></span> <span class='ocrx_word' id='word_1_642' title='bbox 3354 3732 3593 3787; x_wconf 83' lang='lat' dir='ltr'><strong>diversis</strong></span> <span class='ocrx_word' id='word_1_643' title='bbox 3620 3726 3789 3799; x_wconf 68' lang='lat' dir='ltr'><strong>regio~</strong></span> 
     </span>
    </p>
   </div>
   <div class='ocr_carea' id='block_1_92' title="bbox 2198 3829 3790 3902">
    <p class='ocr_par' dir='ltr' id='par_1_92' title="bbox 2198 3829 3790 3902">
     <span class='ocr_line' id='line_1_92' title="bbox 2198 3829 3790 3902; baseline -0.014 -5"><span class='ocrx_word' id='word_1_644' title='bbox 2198 3841 2359 3898; x_wconf 89' lang='lat' dir='ltr'><strong>uibus</strong></span> <span class='ocrx_word' id='word_1_645' title='bbox 2386 3838 2456 3895; x_wconf 89' lang='lat' dir='ltr'><strong>ad</strong></span> <span class='ocrx_word' id='word_1_646' title='bbox 2492 3838 2815 3893; x_wconf 89' lang='lat' dir='ltr'><strong>memoriam</strong></span> <span class='ocrx_word' id='word_1_647' title='bbox 2844 3834 3037 3902; x_wconf 84' lang='lat' dir='ltr'><strong>sancti</strong></span> <span class='ocrx_word' id='word_1_648' title='bbox 3088 3829 3433 3887; x_wconf 87' lang='lat' dir='ltr'><strong>confessoris</strong></span> <span class='ocrx_word' id='word_1_649' title='bbox 3476 3831 3790 3899; x_wconf 79' lang='lat' dir='ltr'><strong>aggregatns</strong></span> 
     </span>
    </p>
   </div>
   <div class='ocr_carea' id='block_1_93' title="bbox 2198 3916 3789 4004">
    <p class='ocr_par' dir='ltr' id='par_1_93' title="bbox 2198 3916 3789 4004">
     <span class='ocr_line' id='line_1_93' title="bbox 2198 3916 3789 4004; baseline -0.015 -9"><span class='ocrx_word' id='word_1_650' title='bbox 2198 3937 2445 3994; x_wconf 89' lang='lat' dir='ltr'><strong>Creatori</strong></span> <span class='ocrx_word' id='word_1_651' title='bbox 2498 3934 2714 3991; x_wconf 88' lang='lat' dir='ltr'><strong>laudem</strong></span> <span class='ocrx_word' id='word_1_652' title='bbox 2743 3929 3035 4004; x_wconf 89' lang='lat' dir='ltr'><strong>persolvit,</strong></span> <span class='ocrx_word' id='word_1_653' title='bbox 3081 3926 3263 3984; x_wconf 88' lang='lat' dir='ltr'><strong>nullus</strong></span> <span class='ocrx_word' id='word_1_654' title='bbox 3306 3923 3592 3981; x_wconf 89' lang='lat' dir='ltr'><strong>narrando</strong></span> <span class='ocrx_word' id='word_1_655' title='bbox 3627 3916 3789 3990; x_wconf 74' lang='lat' dir='ltr'><strong>expli-</strong></span> 
     </span>
    </p>
   </div>
   <div class='ocr_carea' id='block_1_94' title="bbox 2197 4024 2923 4101">
    <p class='ocr_par' dir='ltr' id='par_1_94' title="bbox 2197 4024 2923 4101">
     <span class='ocr_line' id='line_1_94' title="bbox 2197 4024 2923 4101; baseline -0.015 -13"><span class='ocrx_word' id='word_1_656' title='bbox 2197 4045 2328 4088; x_wconf 86' lang='lat' dir='ltr'><strong>care</strong></span> <span class='ocrx_word' id='word_1_657' title='bbox 2353 4028 2561 4101; x_wconf 88' lang='lat' dir='ltr'><strong>poterit</strong></span> <span class='ocrx_word' id='word_1_658' title='bbox 2588 4024 2923 4081; x_wconf 89' lang='lat' dir='ltr'><strong>mortalium.</strong></span> 
     </span>
    </p>
   </div>
   <div class='ocr_carea' id='block_1_95' title="bbox 2270 4126 3785 4211">
    <p class='ocr_par' dir='ltr' id='par_1_95' title="bbox 2270 4126 3785 4211">
     <span class='ocr_line' id='line_1_95' title="bbox 2270 4126 3785 4211; baseline -0.015 -10"><span class='ocrx_word' id='word_1_659' title='bbox 2270 4143 2477 4201; x_wconf 80' lang='lat' dir='ltr'><strong>XLVII.</strong></span> <span class='ocrx_word' id='word_1_660' title='bbox 2516 4142 2648 4198; x_wconf 89' lang='lat' dir='ltr'><strong>Item</strong></span> <span class='ocrx_word' id='word_1_661' title='bbox 2679 4141 2796 4211; x_wconf 90' lang='lat' dir='ltr'><strong>ipso</strong></span> <span class='ocrx_word' id='word_1_662' title='bbox 2825 4138 2914 4195; x_wconf 90' lang='lat' dir='ltr'><strong>die</strong></span> <span class='ocrx_word' id='word_1_663' title='bbox 2940 4150 3166 4209; x_wconf 89' lang='lat' dir='ltr'><strong>puerum</strong></span> <span class='ocrx_word' id='word_1_664' title='bbox 3198 4133 3499 4205; x_wconf 87' lang='lat' dir='ltr'><strong>quemdam</strong></span> <span class='ocrx_word' id='word_1_665' title='bbox 3521 4171 3537 4197; x_wconf 88' lang='lat'><strong>,</strong></span> <span class='ocrx_word' id='word_1_666' title='bbox 3567 4126 3785 4183; x_wconf 82' lang='lat' dir='ltr'><strong>Guiller-</strong></span> 
     </span>
    </p>
   </div>
   <div class='ocr_carea' id='block_1_96' title="bbox 2199 4227 3788 4309">
    <p class='ocr_par' dir='ltr' id='par_1_96' title="bbox 2199 4227 3788 4309">
     <span class='ocr_line' id='line_1_96' title="bbox 2199 4227 3788 4309; baseline -0.014 -11"><span class='ocrx_word' id='word_1_667' title='bbox 2199 4254 2348 4298; x_wconf 88' lang='lat' dir='ltr'><strong>mmn</strong></span> <span class='ocrx_word' id='word_1_668' title='bbox 2395 4246 2800 4309; x_wconf 90' lang='lat' dir='ltr'><strong>nuncupatum,</strong></span> <span class='ocrx_word' id='word_1_669' title='bbox 2832 4235 2900 4291; x_wconf 89' lang='lat' dir='ltr'><strong>de</strong></span> <span class='ocrx_word' id='word_1_670' title='bbox 2939 4244 3122 4293; x_wconf 89' lang='lat' dir='ltr'><strong>castro</strong></span> <span class='ocrx_word' id='word_1_671' title='bbox 3151 4230 3299 4303; x_wconf 89' lang='lat' dir='ltr'><strong>quod</strong></span> <span class='ocrx_word' id='word_1_672' title='bbox 3344 4227 3674 4283; x_wconf 80' lang='lat' dir='ltr'><strong>Prulliacum</strong></span> <span class='ocrx_word' id='word_1_673' title='bbox 3700 4236 3788 4275; x_wconf 82' lang='lat' dir='ltr'><strong>vo-</strong></span> 
     </span>
    </p>
   </div>
   <div class='ocr_carea' id='block_1_97' title="bbox 2204 4313 3788 4399">
    <p class='ocr_par' dir='ltr' id='par_1_97' title="bbox 2204 4313 3788 4399">
     <span class='ocr_line' id='line_1_97' title="bbox 2204 4313 3788 4399; baseline -0.014 -10"><span class='ocrx_word' id='word_1_674' title='bbox 2204 4331 2487 4399; x_wconf 83' lang='lat' dir='ltr'><strong>cant,-cui</strong></span> <span class='ocrx_word' id='word_1_675' title='bbox 2520 4339 2692 4387; x_wconf 92' lang='lat' dir='ltr'><strong>totum</strong></span> <span class='ocrx_word' id='word_1_676' title='bbox 2740 4337 2952 4399; x_wconf 81' lang='lat' dir='ltr'><strong>tergum</strong></span> <span class='ocrx_word' id='word_1_677' title='bbox 3000 4324 3195 4396; x_wconf 84' lang='lat' dir='ltr'><strong>gibbus</strong></span> <span class='ocrx_word' id='word_1_678' title='bbox 3236 4319 3508 4376; x_wconf 85' lang='lat' dir='ltr'><strong>deformis</strong></span> <span class='ocrx_word' id='word_1_679' title='bbox 3554 4317 3607 4371; x_wconf 85' lang='lat' dir='ltr'><strong>in</strong></span> <span class='ocrx_word' id='word_1_680' title='bbox 3645 4313 3788 4383; x_wconf 75' lang='lat' dir='ltr'><strong>spina</strong></span> 
     </span>
    </p>
   </div>
   <div class='ocr_carea' id='block_1_98' title="bbox 2202 4402 3788 4491">
    <p class='ocr_par' dir='ltr' id='par_1_98' title="bbox 2202 4402 3788 4491">
     <span class='ocr_line' id='line_1_98' title="bbox 2202 4402 3788 4491; baseline -0.016 -11"><span class='ocrx_word' id='word_1_681' title='bbox 2202 4437 2565 4480; x_wconf 89' lang='lat' dir='ltr'><strong>succrescens</strong></span> <span class='ocrx_word' id='word_1_682' title='bbox 2614 4414 2996 4491; x_wconf 82' lang='lat' dir='ltr'><strong>opprimebat,</strong></span> <span class='ocrx_word' id='word_1_683' title='bbox 3050 4412 3314 4469; x_wconf 90' lang='lat' dir='ltr'><strong>Dominus</strong></span> <span class='ocrx_word' id='word_1_684' title='bbox 3370 4402 3788 4465; x_wconf 76' lang='lat' dir='ltr'><strong>misericorditer</strong></span> 
     </span>
    </p>
   </div>
   <div class='ocr_carea' id='block_1_99' title="bbox 2199 4497 3787 4587">
    <p class='ocr_par' dir='ltr' id='par_1_99' title="bbox 2199 4497 3787 4587">
     <span class='ocr_line' id='line_1_99' title="bbox 2199 4497 3787 4587; baseline -0.015 -14"><span class='ocrx_word' id='word_1_685' title='bbox 2199 4516 2431 4573; x_wconf 86' lang='lat' dir='ltr'><strong>visitare</strong></span> <span class='ocrx_word' id='word_1_686' title='bbox 2458 4515 2712 4587; x_wconf 87' lang='lat' dir='ltr'><strong>dignatus</strong></span> <span class='ocrx_word' id='word_1_687' title='bbox 2740 4519 2843 4567; x_wconf 92' lang='lat' dir='ltr'><strong>est.</strong></span> <span class='ocrx_word' id='word_1_688' title='bbox 2874 4508 3009 4566; x_wconf 90' lang='lat' dir='ltr'><strong>Cum</strong></span> <span class='ocrx_word' id='word_1_689' title='bbox 3036 4506 3183 4562; x_wconf 86' lang='lat' dir='ltr'><strong>enim</strong></span> <span class='ocrx_word' id='word_1_690' title='bbox 3211 4503 3281 4559; x_wconf 88' lang='lat' dir='ltr'><strong>ab</strong></span> <span class='ocrx_word' id='word_1_691' title='bbox 3312 4511 3476 4557; x_wconf 89' lang='lat' dir='ltr'><strong>utero</strong></span> <span class='ocrx_word' id='word_1_692' title='bbox 3504 4497 3687 4554; x_wconf 87' lang='lat' dir='ltr'><strong>matris</strong></span> <span class='ocrx_word' id='word_1_693' title='bbox 3710 4510 3787 4548; x_wconf 79' lang='lat' dir='ltr'><strong>es-</strong></span> 
     </span>
    </p>
   </div>
   <div class='ocr_carea' id='block_1_100' title="bbox 2200 4590 3785 4673">
    <p class='ocr_par' dir='ltr' id='par_1_100' title="bbox 2200 4590 3785 4673">
     <span class='ocr_line' id='line_1_100' title="bbox 2200 4590 3785 4673; baseline -0.015 -6"><span class='ocrx_word' id='word_1_694' title='bbox 2200 4620 2288 4667; x_wconf 88' lang='lat' dir='ltr'><strong>set</strong></span> <span class='ocrx_word' id='word_1_695' title='bbox 2315 4619 2463 4665; x_wconf 89' lang='lat' dir='ltr'><strong>totus</strong></span> <span class='ocrx_word' id='word_1_696' title='bbox 2490 4606 2721 4673; x_wconf 81' lang='lat' dir='ltr'><strong>curvus,</strong></span> <span class='ocrx_word' id='word_1_697' title='bbox 2766 4602 2978 4660; x_wconf 88' lang='lat' dir='ltr'><strong>sublato</strong></span> <span class='ocrx_word' id='word_1_698' title='bbox 3017 4598 3181 4672; x_wconf 89' lang='lat' dir='ltr'><strong>gibbo</strong></span> <span class='ocrx_word' id='word_1_699' title='bbox 3224 4606 3579 4653; x_wconf 87' lang='lat' dir='ltr'><strong>venustatem</strong></span> <span class='ocrx_word' id='word_1_700' title='bbox 3619 4590 3785 4646; x_wconf 66' lang='lat' dir='ltr'><strong>forma</strong></span> 
     </span>
    </p>
   </div>
   <div class='ocr_carea' id='block_1_101' title="bbox 2206 4683 3785 4773">
    <p class='ocr_par' dir='ltr' id='par_1_101' title="bbox 2206 4683 3785 4773">
     <span class='ocr_line' id='line_1_101' title="bbox 2206 4683 3785 4773; baseline -0.015 -15"><span class='ocrx_word' id='word_1_701' title='bbox 2206 4716 2373 4773; x_wconf 84' lang='lat' dir='ltr'><strong>quam</strong></span> <span class='ocrx_word' id='word_1_702' title='bbox 2404 4699 2507 4755; x_wconf 91' lang='lat' dir='ltr'><strong>sibi</strong></span> <span class='ocrx_word' id='word_1_703' title='bbox 2541 4707 2736 4754; x_wconf 91' lang='lat' dir='ltr'><strong>natura</strong></span> <span class='ocrx_word' id='word_1_704' title='bbox 2771 4692 3099 4766; x_wconf 82' lang='lat' dir='ltr'><strong>negaverat,</strong></span> <span class='ocrx_word' id='word_1_705' title='bbox 3127 4706 3227 4761; x_wconf 87' lang='lat' dir='ltr'><strong>per</strong></span> <span class='ocrx_word' id='word_1_706' title='bbox 3252 4689 3480 4744; x_wconf 87' lang='lat' dir='ltr'><strong>beatum</strong></span> <span class='ocrx_word' id='word_1_707' title='bbox 3515 4683 3785 4741; x_wconf 76' lang='lat' dir='ltr'><strong>Martinam</strong></span> 
     </span>
    </p>
   </div>
   <div class='ocr_carea' id='block_1_102' title="bbox 2204 4774 3785 4852">
    <p class='ocr_par' dir='ltr' id='par_1_102' title="bbox 2204 4774 3785 4852">
     <span class='ocr_line' id='line_1_102' title="bbox 2204 4774 3785 4852; baseline -0.015 -3"><span class='ocrx_word' id='word_1_708' title='bbox 2204 4794 2492 4849; x_wconf 90' lang='lat' dir='ltr'><strong>innovatus</strong></span> <span class='ocrx_word' id='word_1_709' title='bbox 2533 4797 2590 4845; x_wconf 91' lang='lat' dir='ltr'><strong>et</strong></span> <span class='ocrx_word' id='word_1_710' title='bbox 2627 4794 2875 4852; x_wconf 89' lang='lat' dir='ltr'><strong>erectus,</strong></span> <span class='ocrx_word' id='word_1_711' title='bbox 2921 4783 3082 4839; x_wconf 86' lang='lat' dir='ltr'><strong>flente</strong></span> <span class='ocrx_word' id='word_1_712' title='bbox 3122 4796 3235 4852; x_wconf 64' lang='lat' dir='ltr'><strong>pra:</strong></span> <span class='ocrx_word' id='word_1_713' title='bbox 3279 4777 3505 4851; x_wconf 86' lang='lat' dir='ltr'><strong>glaudio</strong></span> <span class='ocrx_word' id='word_1_714' title='bbox 3554 4774 3702 4848; x_wconf 83' lang='lat' dir='ltr'><strong>plebe</strong></span> <span class='ocrx_word' id='word_1_715' title='bbox 3738 4778 3785 4825; x_wconf 84' lang='lat' dir='ltr'><strong>et</strong></span> 
     </span>
    </p>
   </div>
   <div class='ocr_carea' id='block_1_103' title="bbox 2203 4874 3368 4959">
    <p class='ocr_par' dir='ltr' id='par_1_103' title="bbox 2203 4874 3368 4959">
     <span class='ocr_line' id='line_1_103' title="bbox 2203 4874 3368 4959; baseline -0.013 -17"><span class='ocrx_word' id='word_1_716' title='bbox 2203 4886 2410 4959; x_wconf 88' lang='lat' dir='ltr'><strong>gratias</strong></span> <span class='ocrx_word' id='word_1_717' title='bbox 2447 4892 2672 4955; x_wconf 85' lang='lat' dir='ltr'><strong>agente,</strong></span> <span class='ocrx_word' id='word_1_718' title='bbox 2713 4881 2813 4937; x_wconf 90' lang='lat' dir='ltr'><strong>sub</strong></span> <span class='ocrx_word' id='word_1_719' title='bbox 2841 4886 3113 4934; x_wconf 89' lang='lat' dir='ltr'><strong>momento</strong></span> <span class='ocrx_word' id='word_1_720' title='bbox 3142 4874 3368 4945; x_wconf 88' lang='lat' dir='ltr'><strong>recepit.</strong></span> 
     </span>
    </p>
   </div>
   <div class='ocr_carea' id='block_1_104' title="bbox 2280 4979 3782 5077">
    <p class='ocr_par' dir='ltr' id='par_1_104' title="bbox 2280 4979 3782 5077">
     <span class='ocr_line' id='line_1_104' title="bbox 2280 4979 3782 5077; baseline -0.013 -26"><span class='ocrx_word' id='word_1_721' title='bbox 2280 4994 2509 5051; x_wconf 82' lang='lat' dir='ltr'><strong>XLVIII.</strong></span> <span class='ocrx_word' id='word_1_722' title='bbox 2542 4993 2676 5049; x_wconf 90' lang='lat' dir='ltr'><strong>Item</strong></span> <span class='ocrx_word' id='word_1_723' title='bbox 2709 4989 2953 5062; x_wconf 89' lang='lat' dir='ltr'><strong>sequenti</strong></span> <span class='ocrx_word' id='word_1_724' title='bbox 2986 4987 3072 5043; x_wconf 90' lang='lat' dir='ltr'><strong>die</strong></span> <span class='ocrx_word' id='word_1_725' title='bbox 3095 4984 3296 5057; x_wconf 84' lang='lat' dir='ltr'><strong>puella,</strong></span> <span class='ocrx_word' id='word_1_726' title='bbox 3322 4984 3551 5038; x_wconf 85' lang='lat' dir='ltr'><strong>nomine</strong></span> <span class='ocrx_word' id='word_1_727' title='bbox 3574 4979 3782 5077; x_wconf 61' lang='lat' dir='ltr'><strong>Joanna,</strong></span> 
     </span>
    </p>
   </div>
   <div class='ocr_carea' id='block_1_105' title="bbox 2210 5074 3783 5157">
    <p class='ocr_par' dir='ltr' id='par_1_105' title="bbox 2210 5074 3783 5157">
     <span class='ocr_line' id='line_1_105' title="bbox 2210 5074 3783 5157; baseline -0.017 -11"><span class='ocrx_word' id='word_1_728' title='bbox 2210 5090 2277 5146; x_wconf 91' lang='lat' dir='ltr'><strong>de</strong></span> <span class='ocrx_word' id='word_1_729' title='bbox 2303 5088 2426 5143; x_wconf 90' lang='lat' dir='ltr'><strong>vico</strong></span> <span class='ocrx_word' id='word_1_730' title='bbox 2450 5086 2543 5157; x_wconf 89' lang='lat' dir='ltr'><strong>qui</strong></span> <span class='ocrx_word' id='word_1_731' title='bbox 2570 5084 2943 5140; x_wconf 88' lang='lat' dir='ltr'><strong>Crevanturus</strong></span> <span class='ocrx_word' id='word_1_732' title='bbox 2968 5077 3186 5140; x_wconf 84' lang='lat' dir='ltr'><strong>dicitur,</strong></span> <span class='ocrx_word' id='word_1_733' title='bbox 3217 5074 3513 5131; x_wconf 87' lang='lat' dir='ltr'><strong>debilitate</strong></span> <span class='ocrx_word' id='word_1_734' title='bbox 3543 5074 3783 5127; x_wconf 79' lang='lat' dir='ltr'><strong>contracti</strong></span> 
     </span>
    </p>
   </div>
   <div class='ocr_carea' id='block_1_106' title="bbox 2210 5168 3784 5253">
    <p class='ocr_par' dir='ltr' id='par_1_106' title="bbox 2210 5168 3784 5253">
     <span class='ocr_line' id='line_1_106' title="bbox 2210 5168 3784 5253; baseline -0.016 -14"><span class='ocrx_word' id='word_1_735' title='bbox 2210 5183 2463 5253; x_wconf 88' lang='lat' dir='ltr'><strong>corporis</strong></span> <span class='ocrx_word' id='word_1_736' title='bbox 2506 5177 2729 5234; x_wconf 88' lang='lat' dir='ltr'><strong>biennio</strong></span> <span class='ocrx_word' id='word_1_737' title='bbox 2776 5175 3062 5234; x_wconf 85' lang='lat' dir='ltr'><strong>damnata,</strong></span> <span class='ocrx_word' id='word_1_738' title='bbox 3110 5168 3420 5240; x_wconf 82' lang='lat' dir='ltr'><strong>palmarum</strong></span> <span class='ocrx_word' id='word_1_739' title='bbox 3466 5176 3526 5220; x_wconf 87' lang='lat' dir='ltr'><strong>et</strong></span> <span class='ocrx_word' id='word_1_740' title='bbox 3572 5173 3784 5234; x_wconf 63' lang='lat' dir='ltr'><strong>gemma</strong></span> 
     </span>
    </p>
   </div>
   <div class='ocr_carea' id='block_1_107' title="bbox 2210 5256 3785 5328">
    <p class='ocr_par' dir='ltr' id='par_1_107' title="bbox 2210 5256 3785 5328">
     <span class='ocr_line' id='line_1_107' title="bbox 2210 5256 3785 5328; baseline -0.013 1"><span class='ocrx_word' id='word_1_741' title='bbox 2210 5273 2445 5328; x_wconf 78' lang='lat' dir='ltr'><strong>nmcium</strong></span> <span class='ocrx_word' id='word_1_742' title='bbox 2489 5278 2678 5326; x_wconf 87' lang='lat' dir='ltr'><strong>coacta</strong></span> <span class='ocrx_word' id='word_1_743' title='bbox 2722 5273 2961 5324; x_wconf 78' lang='lat' dir='ltr'><strong>verterat</strong></span> <span class='ocrx_word' id='word_1_744' title='bbox 2986 5264 3040 5316; x_wconf 90' lang='lat' dir='ltr'><strong>in</strong></span> <span class='ocrx_word' id='word_1_745' title='bbox 3068 5277 3225 5314; x_wconf 79' lang='lat' dir='ltr'><strong>nsun-</strong></span> <span class='ocrx_word' id='word_1_746' title='bbox 3255 5259 3482 5315; x_wconf 71' lang='lat' dir='ltr'><strong>nedum.</strong></span> <span class='ocrx_word' id='word_1_747' title='bbox 3513 5256 3636 5311; x_wconf 70' lang='lat' dir='ltr'><strong>lla!</strong></span> <span class='ocrx_word' id='word_1_748' title='bbox 3674 5265 3785 5310; x_wconf 68' lang='grc' dir='ltr'><strong>κιο</strong></span> 
     </span>
    </p>
   </div>
  </div>
