3948 5578
144 304 286 376 ista

974 390 979 391 ί
1055 314 1354 377 nassam
1392 315 1651 378 runca.
1693 316 1793 376 os
1819 315 2053 379 MiRAC.
2094 319 2155 404 β.
2193 310 2499 379 manui.

3279 315 3409 381 1050

146 451 334 506 parem
366 434 533 495 divini
564 437 806 495 muneris
839 436 1073 509 gratiam
1116 452 1177 495 se
1219 438 1495 509 recepisse
1541 445 1728 510 gratu—
1755 433 1941 507 Abita
1976 444 2223 493 oratione
2261 435 2423 492 simul
2464 442 2520 492 et
2557 418 2863 502 oblatione,
2909 440 3158 504 protinus
3194 434 3431 505 puella,

143 527 290 584 latus
316 537 421 585 est.

216 619 277 674 L.
304 619 420 677 Nec
564 622 1357 694 pratermittendumexistimo
1378 622 1522 694 quod
1546 622 1731 680 multis

142 711 398 769 fidelibus
426 723 614 770 notum
638 731 758 771 esse
786 732 892 771 non
925 716 1131 772 dubito.
1170 716 1399 783 Quidam
1433 714 1731 772 infantulus

142 803 420 861 infirmata
449 807 631 863 vesica
660 804 965 865 calculosos
995 817 1114 863 erat
1143 807 1391 867 eﬁ‘ectus.
1424 808 1523 865 llic
1550 826 1581 863 a
1612 825 1758 867 ma-.

141 905 227 952 tre
254 912 355 967 sua
386 914 484 969 spe
514 900 822 965 obtinendae
847 901 1100 956 sanitatis
1126 900 1193 956 ad
1222 900 1396 956 sancti
1426 900 1526 955 viri
1555 898 1733 969 sepul—

138 1004 294 1044 crum
317 991 529 1046 deiatus
554 1000 656 1047 est.
685 991 927 1063 Cumque
951 1001 1116 1048 totam
1140 1000 1354 1047 noctem
1378 990 1522 1045 illam
1551 990 1733 1046 nimiis

137 1090 388 1137 arctatus
408 1083 687 1140 doloribus
714 1084 955 1140 duxisset
983 1084 1312 1145 insomnem.
1350 1082 1520 1139 solius
1542 1082 1734 1138 mortis

138 1170 435 1227 adventum
476 1174 909 1245 praestolabatur.
961 1175 1208 1245 Denique
1258 1172 1401 1230 facto
1437 1187 1595 1227 mane
1634 1173 1734 1227 im-

136 1262 314 1318 minet
351 1264 404 1319 ei
456 1274 687 1322 conatus
727 1265 1007 1335 ejiciendae
1051 1266 1248 1322 urinae.
1288 1265 1443 1333 Quod
1473 1275 1645 1319 mater
1674 1272 1734 1320 ut

138 1356 449 1426 comperit,
478 1359 663 1416 statim
690 1375 908 1414 manum
940 1358 1163 1431 virgulae
1187 1356 1395 1429 parvuli
1427 1358 1512 1412 sui
1538 1372 1735 1428 suppo-

136 1449 286 1516 suit,
345 1450 693 1524 ejectumqne
741 1454 917 1511 instar
958 1453 1095 1510 fabae
1134 1454 1431 1520 calculum,
1474 1460 1735 1522 sequente

134 1540 336 1605 urina,
367 1543 667 1613 suspiciens
708 1543 987 1614 planctum
1032 1544 1087 1599 in
1123 1543 1422 1616 gaudium,
1466 1542 1735 1615 lacrymas

135 1629 193 1684 in
228 1629 421 1688 laudes
454 1633 647 1699 vertit,
676 1641 731 1688 et
757 1634 944 1689 eadem
971 1634 1105 1689 hora
1134 1649 1257 1690 cum
1283 1633 1523 1690 rediviva
1550 1631 1735 1689 sobole

130 1722 205 1776 ad
235 1724 459 1793 propria
492 1727 781 1781 remeavit:

1752 576 1761 591 ,
1831 528 1978 584 omni
2007 528 2192 585 dolore
2216 527 2467 601 eﬂ'ugatn,
2506 528 2670 586 totius
2713 528 3135 586 incolumitatem
3164 529 3429 600 corporis

1830 622 1992 695 becato
2037 623 2309 681 mediante
2355 621 2586 679 Martino
2621 637 2682 679 se
2721 621 2993 693 recepisse
3035 622 3091 678 in
3136 630 3411 679 momento

1832 713 2014 786 gavisa
2042 722 2177 781 est..
2704 762 2711 771 .
2790 760 2798 765 .
2926 760 2936 775 .

1904 804 2016 861 LV.
2052 805 2187 862 item
2227 805 2354 862 huic
2381 806 2559 875 simile
2587 822 2695 862 non
2722 806 2891 867 debeo
2919 808 3148 863 reticere
3177 807 3412 863 miracu-

1835 897 1970 952 lum.
2000 897 2120 968 ipso
2152 898 2237 953 die
2268 898 2378 962 alia,
2402 897 2596 954 mulier
2622 899 2763 970 apud
2788 897 3014 955 Pontem
3042 898 3167 956 Cari
3195 897 3411 970 lugebat

1834 985 2118 1057 parvulum
2155 983 2269 1054 jam
2301 986 2618 1042 imminente
2655 988 2847 1044 mortis
2888 987 3127 1058 periculo
3163 988 3412 1058 despera-

1836 1086 1971 1131 tum.
2024 1076 2265 1147 Cumque
2306 1085 2362 1132 et
2409 1076 2587 1134 infans
2632 1078 2799 1134 solam
2844 1095 3034 1136 necem
3076 1080 3312 1151 operiret
3355 1087 3414 1137 et

1836 1177 2011 1223 mater
2035 1168 2101 1223 de
2129 1168 2402 1239 sepultura
2432 1169 2599 1240 ipsius
2618 1170 2729 1241 jam
2761 1172 3065 1243 cogitaret,
3096 1172 3415 1228 admonetur

1836 1275 1864 1313 a
1898 1259 2142 1314 fidelibus
2173 1269 2441 1331 quatenus
2469 1261 2788 1318 infantulum
2819 1263 3088 1320 devovens
3113 1264 3179 1319 ad
3211 1279 3415 1320 memo-

1837 1349 1972 1404 riam
2010 1351 2184 1406 sancti
2211 1351 2313 1407 viri
2346 1350 2596 1425 gail‘erret.
2632 1351 2786 1421 Quod
2828 1368 2948 1410 eum
2992 1352 3242 1419 fecisset,
3285 1368 3416 1424 pue-

1837 1443 1991 1500 rulus
2019 1444 2309 1503 sanitatem
2340 1445 2575 1515 recepit,
2609 1454 2665 1502 et
2695 1455 2868 1503 mater
2891 1462 3017 1503 cum
3046 1446 3230 1505 sobole
3262 1446 3413 1503 laeta-

1835 1536 2017 1591 bunda
2046 1536 2113 1591 ad
2139 1551 2236 1592 sua
2269 1537 2566 1606 repedavit.

1906 1647 2039 1704 LVI.
2062 1648 2240 1731 fMulta
2268 1650 2486 1721 quidem
2516 1653 2774 1728 miracula
2805 1656 3268 1726 prietermittimus
3295 1645 3415 1728 quae

1834 1740 2069 1795 vidimus
2111 1750 2163 1797 et
2200 1742 2543 1809 audivimus,
2587 1759 2655 1799 ne
2690 1744 2883 1801 lectori
2921 1745 3193 1803 fastidium
3235 1746 3417 1805 facere

204 1815 297 1870 Li.
347 1815 684 1886 interpositis
730 1828 910 1875 autem
953 1818 1141 1890 paucis
1166 1818 1358 1877 diebus
1382 1818 1557 1890 puclla
1585 1833 1734 1890 quae-
1760 1813 1810 1874 Β
1838 1828 2134 1886 videamur.
2163 1829 2317 1898 Quod
2349 1842 2528 1889 autem
2571 1836 2860 1893 scribimus
2888 1853 3070 1894 coram
3102 1840 3215 1896 Deo
3261 1839 3416 1895 testi-

129 1907 303 1976 dam,
337 1908 703 1982 Vinargandis
729 1913 980 1977 nomine,
1036 1913 1102 1968 de
1150 1911 1347 1981 oppido
1392 1911 1624 1982 quodam
1675 1911 1729 1966 in

129 2016 282 2072 pago
310 2000 639 2058 Bituricensi
678 2003 785 2059 sito
823 2004 965 2074 quod
1005 2003 1341 2059 Paludclium
1386 2013 1632 2067 vocatur.
1662 2003 1732 2059 ab

130 2093 274 2164 ipsis
312 2094 601 2150 cunabulis
639 2096 919 2151 oculorum
960 2096 1078 2151 luce
1117 2095 1404 2162 fraudata,
1448 2104 1732 2166 postquam

130 2277 214 2331 sis
252 2278 539 2333 veteribus
596 2279 869 2344 tenebris,
899 2295 1082 2334 coram
1111 2280 1363 2336 omnibus
1399 2281 1492 2351 qui
1531 2280 1735 2339 ibi-ad—

128 2379 301 2426 erant
317 2412 336 2445 ,_
357 2370 574 2428 favente
605 2372 730 2439 Deo,
762 2373 1123 2441 clarissimum
1148 2373 1247 2439 sub
1264 2383 1538 2430 momento
1559 2375 1733 2430 visum

130 2465 368 2535 recepit.

210 2556 326 2611 ιιι.
376 2557 589 2614 Deinde
631 2559 963 2629 procedente
1004 2570 1249 2631 tempore
1274 2561 1384 2616 duo
1413 2559 1563 2631 pueri
1596 2574 1735 2629 quo-

137 2665 270 2704 rum
298 2666 445 2707 unus
471 2666 541 2706 ex
569 2652 768 2723 oppido
793 2652 1120 2709 Casteilione
1147 2662 1483 2725 nuncupata,
1517 2653 1739 2708 nomine

139 2741 347 2799 Petrus
367 2784 383 2809 ,
408 2743 547 2799 alter
572 2759 701 2799 vero
727 2745 791 2801 de
814 2745 993 2801 viculo
1040 2746 1127 2802 cui
1179 2760 1377 2803 nomen
1422 2755 1507 2801 est
1546 2730 1763 2800 ania-I

139 2848 246 2889 cus
264 2874 280 2899 ,
317 2833 597 2891 territorio
624 2834 948 2892 Bituricensi
968 2878 984 2900 ,
1015 2835 1348 2893 Guillermus
1374 2844 1430 2891 et
1457 2835 1577 2906 ipse
1600 2851 1737 2889 nun-

132 2933 375 2995 cupatus
395 2966 409 2990 ,
438 2927 601 2981 ambo
629 2927 1030 2982 immundorum
1060 2927 1346 2998 spirituum
1379 2925 1735 2981 infestatione

135 3015 490 3071 borribiliter
513 3018 696 3072 vexati
716 3058 731 3082 ,
756 3017 1007 3074 dentibus
1033 3019 1384 3074 vehementer
1409 3017 1738 3081 stridebant,

144 3094 482 3177 semetipSos
522 3115 577 3162 et
620 3122 811 3164 onmes
848 3108 953 3164 sibi
991 3108 1418 3180 propinquantes
1460 3106 1737 3162 morsibus

134 3198 543 3265 dilacerabant.
590 3197 957 3265 Quamobrem
1006 3197 1227 3254 funibus
1276 3196 1519 3263 astricti,

132 3385 456 3443 honoratur
488 3402 595 3442 non
627 3388 745 3443 sine
776 3403 973 3459 magno
997 3387 1187 3444 labore
1215 3385 1434 3442 adducti
1463 3392 1609 3441 sunt.
1638 3383 1743 3451 Qui

129 3495 240 3553 per
269 3480 485 3551 aliquot
513 3481 631 3536 dies
676 3480 877 3536 ibidem
919 3479 1274 3546 commorati,
1313 3477 1543 3534 Domino
1580 3476 1742 3532 mise-

133 3582 304 3628 rante
333 3581 393 3628 et
421 3572 583 3628 beato
614 3560 844 3628 Martino
876 3571 1281 3637 intercedente,
1317 3587 1347 3625 a
1376 3568 1739 3640 malignorum

128 3667 440 3738 spirituum
483 3666 633 3721 rabie
671 3666 931 3733 liberati,
960 3680 1123 3722 sensu
1166 3664 1407 3730 reddito,
1438 3662 1741 3720 incolumes

129 3759 210 3815 ad
240 3760 467 3829 propria
498 3768 628 3814 sunt
655 3759 881 3823 reversi.
1024 3796 1029 3805 ρ
1376 3802 1383 3811 .

218 3849 361 3904 Lill.
391 3848 549 3904 Circa
582 3849 726 3904 idem
755 3858 966 3920 tempus
998 3849 1107 3905 duo
1135 3848 1311 3915 fabri,
1340 3862 1569 3919 quorum
1602 3845 1741 3902 alter

124 3944 209 4000 de
238 3943 469 4000 castello
495 3941 813 3997 Buseneiaci
832 3983 848 4007 ,
878 3941 1148 3999 Robertus
1176 3949 1547 4012 nuncupatus,
1593 3939 1734 3994 alter

128 4037 210 4089 de
254 4034 488 4105 Argeio,
519 4030 815 4089 Caufridus
840 4043 1102 4099 vocatus;
1132 4032 1373 4087 brachiis
1401 4030 1562 4102 longo
1603 4037 1740 4085 tem-

126 4141 283 4198 pore
318 4126 608 4189 arefactis,
640 4125 893 4180 manibus
921 4126 1253 4191 contractis,
1286 4123 1558 4180 diuturnae
1597 4122 1740 4178 otio-

124 4219 338 4284 sitati,
371 4234 477 4275 non
521 4218 844 4274 voluntaria:
873 4257 888 4272 .
923 4258 938 4273 .
972 4240 988 4274 .
1023 4257 1039 4273 .
1074 4229 1095 4271 .‘
1127 4259 1142 4273 .
1169 4217 1267 4274 sed
1312 4217 1600 4273 vacabant.
1646 4214 1741 4291 Isti
1815 4236 1819 4243 '

122 4312 319 4384 igitur
350 4320 488 4373 cum
530 4310 784 4381 precibus
826 4320 883 4366 et
914 4311 1079 4385 .votis‘
1104 4308 1480 4387 ad'tumuium
1508 4306 1771 4365 hominis.

124 4405 246 4462 Dei
276 4402 575 4475 aliquantis
622 4405 874 4460 noctibus
919 4403 1192 4475 vigilatis,
1239 4409 1442 4474 optata:
1471 4416 1569 4471 per
1595 4400 1743 4456 bieu~

120 4495 304 4551 nium
333 4494 555 4550 sanitati
587 4510 693 4550 una
729 4495 1030 4566 eademque
1073 4495 1209 4550 hora
1246 4492 1452 4562 pariter
1489 4499 1617 4547 sunt
1655 4504 1741 4546 re-

116 4586 350 4643 διίιιιιί.
446 4596 451 4602 ’
618 4595 623 4641 ἶ
1006 4616 1021 4643 ".
1150 4610 1157 4621 ‘
1286 4596 1287 4601 ¹

203 4678 357 4733 LIV.
400 4677 512 4735 Nec
548 4680 653 4735 hoc
689 4678 959 4735 silendum
999 4688 1131 4749 puto
1171 4677 1317 4749 quod
1354 4676 1409 4731 in
1452 4680 1760 4749 conspectu.

115 4769 448 4826 multorum
479 4770 685 4826 factum
713 4770 876 4844 scio.;
900 4770 1035 4825 Filia
1083 4769 1363 4841 cujusdam
1408 4767 1655 4823 mulieris
1688 4766 1745 4823 in

116 4863 425 4919 Turonica
451 4861 955 4927 civitate,‘febrium
986 4864 1107 4933 igne
1133 4875 1394 4918 succensa
1422 4860 1745 4920 vexabatur.

120 4964 193 5011 et
232 4955 317 5009 ita
345 4955 630 5010 aestuantis
657 4955 906 5024 corporis
932 4957 1185 5012 accensio
1209 4953 1458 5027 puellula:
1485 4950 1749 5010 medullas

118 5057 465 5116 corpusque
505 5055 923 5115 consumpserat
960 5050 1111 5105 utin
1159 5064 1222 5104 ea
1250 5060 1398 5119 .spes
1444 5048 1570 5104 vitae
1597 5043 1746 5101 nulla

116 5145 492 5201 remaneret,
517 5136 612 5191 sed
636 5136 1013 5209 desperatione
1033 5138 1376 5196 conclamata
1398 5142 1742 5211 sequeretur.
1772 5160 1779 5193 :

115 5225 295 5298 Quid
320 5225 503 5295 plura?
527 5225 861 5282 Medicorum
885 5231 1121 5287 remedia
1149 5229 1566 5299 subtrahuntur,
1594 5227 1744 5285 solus

111 5322 332 5387 ructus
359 5320 512 5375 matri
543 5325 878 5373 reservatur.
910 5318 1041 5385 Quae
1070 5328 1134 5383 ad
1169 5325 1389 5380 beatum
1434 5328 1616 5397 virum
1664 5328 1744 5377 to-

111 5424 257 5469 tam
314 5424 455 5481 spem
507 5414 838 5475 convertens
892 5409 1026 5469 tollit
1088 5430 1285 5487 corpus
1332 5404 1445 5486 iam
1495 5419 1649 5477 fere.
1685 5417 1775 5465 ιιιλ

104 5501 427 5565 diximus,
463 5502 741 5558 exanime.
791 5497 1030 5571 Cumque
1063 5528 1092 5566 a
1121 5508 1305 5567 multis
1355 5510 1744 5567 admoneretur

1837 1922 2085 2003 ficamur,
2131 1924 2275 2003 quod
2321 1926 2390 1981 ad
2431 1927 2605 1981 sancti
2648 1925 2836 2000 hujus,
2868 1930 2936 1986 de
2975 1946 3082 2001 quo
3121 1930 3416 2003 loquimur,

1835 2001 2202 2070 venerabilem
2222 2001 2590 2086 memoriam,
2622 2034 2727 2090 qua
2759 2037 2901 2093 saepe
2939 2001 3286 2080 imbecillium
3329 2039 3420 2080 sae

1789 2166 1795 2179 ρ
1837 2114 2037 2160 nantur
2065 2105 2407 2167 infirmitates
2436 2108 2809 2180 plurimorum.
2840 2111 3009 2169 Cascis
3030 2114 3227 2185 quippe
3256 2115 3414 2171 resti-

131 2184 319 2239 sancti
348 2183 683 2241 confessoris
717 2186 982 2240 tumulum
1013 2185 1249 2242 osculari
1280 2187 1508 2251 meruit,
1544 2184 1732 2256 depul-
1790 2200 1793 2207 '

1839 2198 2008 2253 tuitur
2036 2199 2213 2266 visus,
2249 2201 2464 2272 illisque
2496 2203 2611 2273 ipse
2640 2205 2873 2261 mundus
2903 2214 2998 2260 aut
3023 2206 3183 2260 datur
3210 2223 3413 2274 novus,

1837 2297 1932 2342 aut
1962 2288 2205 2344 redditur
2230 2291 2493 2360 perditus.
2522 2291 2723 2348 Otiosis
2752 2293 3041 2349 surdorum
3069 2295 3291 2351 auribus
3323 2295 3408 2349 fu-

1836 2388 1959 2449 gata
1988 2380 2397 2437 insensualitate
2431 2384 2684 2439 tribuitur
2730 2386 2950 2456 proprio
2978 2402 3137 2443 sensu
3170 2386 3417 2457 uti.;i\la-

1837 2486 1940 2533 nus
1992 2472 2224 2541 pedesve
2277 2474 2468 2529 morbo
2519 2475 2783 2532 debilitati
2830 2484 3014 2548 optato
3058 2480 3421 2535 restituuntur

1840 2564 2035 2621 cilicio.
2085 2550 2428 2638 Reparantur
2473 2569 2786 2640 paralytiei,
2820 2580 3154 2628 renovantur
3180 2554 3352 2639 aridi,
3384 2588 3441 2647 a_

1840 2657 2175 2713 daemonibus
2205 2657 2508 2714 liberantur
2533 2648 2904 2733 energumeni.
2951 2662 3055 2719 Sed
3072 2662 3210 2734 quid
3239 2680 3443 2731 mora-5

1840 2762 1964 2801 mur
1993 2746 2047 2801 in
2080 2748 2339 2819 singulis?
2370 2749 2662 2806 Enumeret
2690 2736 2951 2809 sanitates
2980 2753 3068 2809 cui
3098 2764 3253 2810 vacat
3278 2770 3415 2810 enu-

1842 2856 2059 2896 merare
2092 2842 2456 2899 infirmitates.
2489 2843 2559 2899 Ut
2587 2845 2767 2901 omnia
2792 2846 3177 2917 compendiose
3202 2846 3422 2903 clauda-

1841 2947 1993 2997 mus,
2027 2933 2274 3003 quisquis
2304 2934 2492 3005 plenus
2523 2935 2627 2991 fide
2656 2937 2721 2991 ad
2755 2936 2870 3005 ejus
2914 2940 3175 3017 tumulum
3220 2942 3443 3009 iucoma

1841 3020 2102 3079 meditate
2129 3025 2373 3096 qualibet
2402 3027 2638 3083 accessit
2663 3026 2918 3095 allectus,
2949 3044 3106 3101 opem
3134 3032 3416 3100 sanitatis,

1840 3129 2004 3185 quam
2035 3116 2196 3186 digne
2222 3126 2279 3172 et
2307 3117 2541 3175 fideliter
2568 3120 2803 3191 expetit,
2834 3120 3094 3177 divinitus
3126 3122 3380 3179 obtinuit.
3413 3181 3446 3209 ,_

1329 3208 1519 3306 ξωίξίξν
1572 3212 1737 3254 seu“
1765 3208 1811 3270 Ο
1913 3227 2018 3284 Sed
2048 3240 2102 3283 et
2125 3244 2268 3285 nunc
2294 3230 2360 3285 ad
2388 3231 2775 3290 miraculorum
2801 3237 3034 3305 gratiam
3063 3222 3440 3293 revertamur.

135 3293 399 3349 funditus
432 3295 678 3365 perdito,
714 3296 780 3351 ad
810 3294 987 3362 locum
1034 3294 1126 3350 ubi
1165 3293 1345 3350 sancti
1386 3293 1494 3349 viri
1538 3307 1765 3364 corpus.

1842 3318 2073 3375 Vodium
2100 3313 2295 3377 nomen
2323 3331 2404 3378 est
2433 3324 2618 3393 praedii
2650 3314 2741 3380 ubi
2766 3323 2982 3394 iacebat
3005 3336 3240 3398 aegrotus
3265 3327 3423 3398 fingo

1841 3412 2172 3468 nominatus.
2227 3413 2327 3469 llic
2364 3416 2548 3484 itaque
2587 3415 2771 3472 multis
2798 3417 2989 3474 diebus
3033 3426 3149 3474 toto
3194 3434 3422 3491 corpore

1840 3503 2176 3570 debilitatus,
2209 3504 2509 3576 saepissime
2559 3522 2589 3562 a
2637 3507 2957 3579 propinquis
3006 3510 3313 3566 admonitus
3361 3496 3461 3566 uti

1841 3596 2102 3652 auxilium
2131 3598 2275 3654 beati
2307 3598 2524 3655 Martini
2554 3616 2693 3671 puro
2720 3603 2884 3658 corde
2915 3602 3230 3673 imploraret
3250 3620 3427 3677 seque

1839 3689 1888 3744 ei
1919 3697 2032 3744 tota
2062 3689 2347 3751 devotione
2376 3693 2760 3748 committeret.
2791 3692 3031 3762 Quorum
3061 3697 3424 3769 suggestioui-

1840 3781 1941 3838 bus
1975 3782 2064 3838 ille
2099 3783 2213 3853 jam
2259 3786 2417 3840 morti
2456 3787 2736 3858 proximus
2774 3789 3144 3860 acquiescens,
3194 3805 3319 3847 mox
3365 3798 3428 3847 ut

1841 3878 2000 3934 beato
2025 3876 2144 3933 viro
2172 3876 2327 3933 firma
2356 3877 2462 3934 fide
2490 3895 2609 3937 sese
2638 3881 2887 3949 devovit,
2936 3882 3193 3952 paulatim
3234 3884 3428 3941 morbo

1843 3969 2127 4027 recedente
2152 3971 2317 4041 coepit
2352 3972 2737 4029 convalesccus
2774 3973 2912 4030 lecto
2940 3973 3129 4031 relicto
3164 3974 3425 4031 deambu-

1842 4063 1976 4120 lare.
2028 4063 2287 4135 Sequenti
2315 4065 2401 4120 die
2434 4066 2754 4137 aggrediens
2783 4066 2887 4121 iter
2912 4075 2973 4123 ut
3006 4067 3073 4122 ad
3108 4067 3426 4122 memoriam

1844 4158 2017 4214 sancti
2049 4159 2151 4230 viri
2180 4158 2363 4213 venire
2392 4166 2659 4225 tentaret,
2701 4169 2906 4214 tantam
2941 4160 2994 4215 in
3023 4160 3137 4229 ipsa
3166 4160 3252 4214 via
3283 4160 3424 4215 divi-

1843 4249 1989 4306 nitus
2025 4250 2251 4319 adeptus
2294 4257 2377 4304 est
2408 4238 2886 4326 valetudinempac
2933 4249 2978 4306 si
3024 4249 3223 4305 nullam
3271 4250 3427 4321 prius

1842 4356 2034 4411 passus
2062 4339 2255 4395 fuisset
2281 4340 2674 4412 mgritudinem.
2738 4345 2742 4349 '

1882 4440 1891 4445 ’
1915 4450 2069 4507 LVII.
2109 4451 2203 4507 Est
2228 4466 2404 4524 operae
2428 4438 2657 4524 pretium
2681 4438 2751 4509 de
2777 4453 2949 4510 tribus
2977 4432 3285 4526 hydropicis
3311 4425 3431 4510 rem

1765 4564 1821 4625 ι)
1844 4544 2133 4627 gloriosam
2158 4548 2433 4602 memoriae
2458 4547 2710 4603 thesauro
2731 4549 3131 4625 commendare.
3150 4547 3242 4603 isti
3264 4548 3432 4619 siqui-

1850 4639 1972 4692 dem
2001 4635 2231 4691 diversis
2270 4637 2323 4692 in
2356 4636 2490 4694 locis
2521 4638 2717 4709 positi,
2756 4638 2943 4695 eodem
2975 4637 3435 4695 incommoditatis

1849 4747 2049 4805 genere
2095 4730 2296 4789 detenti
2323 4772 2337 4799 ,
2398 4734 2607 4789 cunctis
2655 4732 3175 4805 hydropicomorbo
3207 4730 3438 4809 artubus

1851 4825 2178 4891 tumefactis,
2226 4828 2608 4895 recuperandae
2656 4827 2945 4897 aliquando
2988 4826 3240 4886 sanitatis
3283 4839 3436 4894 spem

1852 4922 2167 4976 amiserant.
2200 4918 2278 4973 Ex
2305 4918 2503 4988 quibus
2528 4918 2737 4992 primus
2762 4931 2887 4977 erat
2912 4921 2979 4978 de
3003 4934 3144 4992 pago
3171 4914 3464 4973 Oenomai—-

1850 5016 2024 5080 nensi,
2059 5028 2125 5067 ex
2154 5012 2351 5085 oppido
2380 5012 2679 5073 Malicorna
2708 5024 3038 5087 Ituncupato.
3070 5008 3351 5072 Secundus
3372 5009 3447 5093 de
3464 5048 3469 5053 -

1848 5108 2127 5178 provincia
2175 5105 2593 5176 Audegavensi,
2645 5118 2711 5158 ex
2757 5105 2885 5165 vico
2927 5124 3088 5180 quem
3138 5097 3449 5169 Burgulium

1849 5212 2066 5259 vocant.
2109 5199 2326 5255 Tertius
2352 5199 2426 5257 de
2457 5194 2732 5266 territorio
2762 5192 3119 5263 Pictavensi‘,
3157 5191 3226 5253 de
3258 5191 3452 5260 but-go,

1849 5281 1946 5364 qui
1983 5295 2181 5351 dicitur
2206 5291 2600 5353 Estubiliacus.
2653 5285 2791 5343 Tres
2842 5296 3007 5366 igitur
3050 5289 3141 5349 isti
3187 5284 3305 5355 pari
3336 5283 3458 5339 loco

1850 5388 2141 5446 salvatoris
2162 5387 2516 5446 clementiam
2543 5393 2602 5443 ut
2628 5379 2731 5436 sibi
2754 5389 3054 5445 sanitatem
3081 5376 3294 5447 meritis
3315 5374 3459 5431 beati

1853 5479 2069 5539 Martini
2096 5479 2396 5549 indulgeret
2411 5481 2621 5556 iugiter
2638 5472 2979 5549 ﬂagitantes,
2999 5469 3437 5571 diversis-provin
3451 5494 3465 5513 ο
