3948 5758
479 314 610 372 1051

971 315 1259 373 ADPEND.
1299 316 1391 372 AD
1430 313 1604 370 SEC.
1640 314 1728 372 IX.
1768 346 1838 359 —
1873 316 2209 376 SUPPLEM.
2241 299 2349 374 ‘AD
2384 315 2590 375 AUCT.
2628 311 2990 374 CERTIORIS
3025 312 3205 372 ANNl.

3587 312 3727 372 1052

477 428 646 484 Maria
676 441 915 495 nomine,
940 428 1008 484 ab
1037 429 1226 484 eadem
1249 444 1352 499 qua
1383 437 1438 484 et
1471 436 1579 484 tres
1605 428 1809 500 praefati
1842 431 1941 486 viri
1973 432 2053 488 in—
2077 436 2131 496 Α
2229 431 2339 488 LX.
2380 430 2950 502 Guillermusquoque
2987 429 3238 501 parvulus
3273 444 3406 499 puer
3433 443 3500 484 ex
3530 431 3728 500 oppido

479 521 863 578 commoditate
890 521 1117 577 liberata
1148 530 1248 578 est.

553 614 684 668 LIX.
721 613 876 670 Circa
905 613 1045 669 idem
1075 624 1283 686 tempus
1309 614 1410 670 alia
1438 615 1662 683 femina,
1689 614 1784 671 Nia
1816 617 2050 684 nomine,

2154 525 2243 581 cui
2299 537 2494 579 nomen
2547 531 2630 580 est
2689 522 3034 578 Montaureus
3087 521 3388 585 oriundus,
3447 536 3571 573 cum
3616 519 3728 590 jam

2156 616 2572 688 praevalescente
2602 615 2790 670 morbo
2815 614 2974 668 morti
3005 622 3148 668 esset
3175 613 3387 666 deditus
3416 619 3469 665 et
3501 610 3728 676 vicinus,

482 705 547 760 de
592 713 772 760 castro
819 704 996 774 Loca,
1045 717 1220 774 muta,
1273 709 1433 763 surda
1486 717 1541 762 et
1591 725 1753 776 eatea,
1787 711 2055 765 mediante
2157 716 2332 764 mater
2357 722 2480 764 eum
2524 706 2844 760 morientem
2886 704 3052 758 lilium
3088 702 3297 757 meritis
3335 700 3480 755 beati
3520 699 3732 754 Martini

481 805 689 862 sancto,
721 797 822 854 sub
847 815 954 854 uno
983 809 1258 857 momento
1287 801 1481 869 visum,
1513 802 1750 858 auditum
1780 811 1835 858 et
1861 801 2055 872 lingua:

483 886 712 943 ollicium
743 889 998 945 divinitus
1026 892 1250 961 recepit.

2160 808 2270 855 tota
2313 797 2598 854 devotione
2633 796 2921 852 commisit.
2975 793 3128 861 Quod
3167 808 3288 848 cunt
3333 791 3597 856 fecisset,
3646 791 3734 858 qui

2157 892 2306 948 necis
2328 890 2569 946 faucibus
2584 887 2698 958 jam
2720 888 3021 952 tenebatur,
3035 886 3216 941 statim
3238 884 3365 938 vitae
3386 881 3618 936 donatus
3635 889 3736 936 est.

617 1039 3730 1067 W

1667 1219 1832 1261 ANNO
1885 1214 2112 1261 DOMINI
2156 1213 2560 1258 DCCCLXXXIX
2573 1242 2589 1259 .

1529 1373 2670 1494 LUIDBEBTUS

1040 1629 2048 1726 ARCHIEPISCOPUS
2106 1563 3163 1722 ’MOGUNTINENSIS.

1699 1980 2036 2045 NOTITIA
2071 1977 2531 2045 HISTOBICA.

1465 2145 1614 2214 (Gali.
1640 2144 1821 2200 Christ.
1847 2150 1968 2210 vet.,
1995 2152 2112 2198 tom.
2133 2145 2168 2196 ι.
2195 2146 2246 2198 in
2267 2145 2490 2210 archiep.
2523 2144 2768 2211 Magum.)

561 2404 929 2484 Luidbert_us_,_
947 2419 1225 2484 successor
1255 2403 1455 2472 Caroli,
1481 2406 1545 2484 ad
1574 2421 1664 2462 an.
1700 2406 1836 2484 86_§,
1867 2408 1932 2484 de
1959 2424 2064 2479 quo
2093 2415 2140 2475 Β
2171 2413 2330 2484 regis,
2359 2417 2414 2466 et
2437 2407 2740 2484 disciplinre
2761 2405 3146 2484 Ecclesiastica:
3171 2404 3750 2484 propteriiictirsiones

490 2477 727 2534 Annales
796 2477 1106 2538 Fuldenses.
1150 2476 1477 2532 Memoratur
1522 2479 1573 2532 in
1619 2479 1849 2534 concilio
1898 2476 2063 2534 Sues-

492 2549 727 2622 sionensi
777 2565 1002 2622 t_tt,__an._
1023 2547 1150 2613 866,
1177 2549 1329 2616 cujus
1357 2549 1612 2622 praesules
1637 2551 1687 2603 in
1724 2550 1946 2622 epistola
1979 2566 2067 2622 sy-

492 2619 680 2673 nodica
737 2620 803 2675 ad
856 2618 1133 2690 Nicolaum
1186 2635 1376 2688 papam
1432 2621 1635 2689 scripta
1686 2618 2063 2690 gratulantur,

492 2689 827 2761 quodipsius
856 2689 1115 2746 beneﬁcio
1148 2705 1368 2761 munere
1391 2690 1615 2745 donatus
1641 2689 1721 2744 est
1753 2692 1909 2759 pallio
1934 2706 2069 2761 por.—

495 2759 697 2832 lineali,
725 2770 779 2814 et
809 2761 878 2815 ob
905 2761 1205 2832 sanctitatis
1228 2759 1352 2832 eius,
1371 2761 1746 2832 reverentiam,
1791 2759 2066 2832 sapientia:

494 2830 917 2902 amplitudinem,
967 2830 1274 2886 interventu
1327 2831 1501 2886 Caroli
1543 2831 1688 2886 Calvi
1734 2830 1890 2902 regis,
1941 2833 2066 2886 huic

494 2901 698 2973 synodo
750 2917 888 2973 eum,
919 2903 1194 2973 aggregari
1240 2903 1597 2973 expetierunt.
1630 2903 1927 2958 Conventui
1961 2902 2074 2957 Me-

497 2971 656 3043 trnsi,
703 2989 790 3025 an.
822 2971 1125 3043 _868,'apud
1165 2980 1409 3043 sanctum
1449 2972 1768 3043 Arnulfum,
1796 2982 1848 3028 et
1873 2974 2068 3043 Aquis-

496 3042 668 3110 gt‘atti,
697 3056 785 3095 an.
811 3041 937 3108 870,
965 3041 1483 3098 inconventionilms
1513 3042 1709 3097 habitis
1737 3059 1854 3097 cunt
1889 3041 2067 3097 Ludo-

496 3110 618 3183 vico
643 3119 696 3166 et
717 3112 912 3168 Carolo
940 3113 1173 3183 regibus,
1212 3121 1269 3167 ut
1294 3114 1507 3166 tradunt
1542 3111 1868 3182 Capitularia
1893 3112 2068 3169 Caroli

497 3179 672 3253 Calvi,
705 3198 932 3253 necnon
988 3179 1320 3253 dedieationi
1369 3179 1680 3253 metropolis
1738 3184 2072 3239 Coloniensis

499 3250 741 3325 interfuit
779 3268 866 3307 an.
915 3251 1038 3309 873.
1088 3253 1198 3309 Sub
1240 3253 1354 3324 ejus
1395 3250 1740 3325 pontiiicatu,
1783 3255 2070 3325 concilium

499 3319 936 3395 Moguntiacense
986 3341 1067 3392 ιιι,
1113 3319 1470 3397 congregatur
1501 3319 1786 3381 occasione
1811 3324 2070 3396 At‘nulplti

525 3525 1711 3556 Manu-*—

1722 3532 1784 3547 "ho.

2171 2476 2603 2538 Normannorum
2634 2479 3005 2548 reformandte
3054 2478 3248 2548 gratia.
3297 2477 3568 2532 Fundavit
3591 2476 3748 2530 colle—

2173 2555 2370 2623 giatam
2403 2546 2869 2623 S_an_c_ti_M:i'uritii_
2897 2552 2945 2623 in
2978 2546 3138 2614 urbe;
3172 2548 3236 2623 ad
3260 2563 3383 2623 eum
3412 2562 3543 2600 vero
3572 2557 3749 2623 exstat

2172 2618 2396 2694 epistola
2426 2621 2620 2677 Otfridi
2643 2620 2931 2694 _tnonaclti,
2960 2634 3079 2694 quae
3128 2620 3195 2694 ad
3232 2619 3437 2694 c_ai_c_em
3467 2618 3752 2694 opusculo:

2171 2687 2291 2748 rum
2343 2693 2607 2749 Hincmari
2643 2691 2862 2761 legitur;
2909 2687 3224 2745 et'Joannis
3255 2688 3364 2761 Vlll
3409 2687 3568 2761 papa:
3605 2689 3744 2761 apud

2171 2765 2388 2819 lvonem
2447 2780 2567 2832 cap.
2625 2758 2716 2815 5i:
2775 2761 2999 2815 Dcmum
3047 2777 3110 2814 ex
3165 2761 3266 2832 hac
3323 2760 3441 2815 luce
3490 2758 3751 2832 migravit

2175 2852 2260 2888 an.
2304 2834 2428 2896 889,
2460 2827 2732 2901 depositus
2773 2832 2838 2885 ad
2867 2842 3108 2901 sanctum
3159 2830 3446 2884 Albanum.
3490 2827 3750 2901 Plttraide

2176 2906 2263 2960 illo
2307 2899 2604 2958 memorant
2644 2902 2848 2970 Regino
2872 2943 2887 2967 ,
2926 2900 3067 2956 Otho
3107 2901 3500 2970 Frisingensis,
3539 2899 3750 2952 Tritbe-

2175 2977 2318 3030 tnius
2348 2977 2397 3028 in
2430 2974 2699 3029 Chronico
2727 2970 3109 3042 llirsaugiensi,
3138 2973 3442 3042 Aventinus
3462 2970 3747 3042 Annalium

2174 3047 2421 3100 Boiorqu
2447 3043 2534 3097 lib.
2571 3061 2644 3110 tv,
2673 3039 2946 3107 Scrarius,
2970 3054 3022 3096 et
3049 3041 3236 3095 Annal.
3269 3041 3604 3095 Francorum
3631 3039 3750 3092 Ful-

2175 3118 2415 3170 densium
2472 3117 2739 3184 scriptor,
2791 3113 2879 3183 qui
2932 3128 3053 3166 eum
3105 3112 3335 3166 nobilem
3393 3112 3752 3184 archiepisco-

2174 3203 2299 3311 pulrit
2327 3227 2339 3250 ,
2400 3183 2668 3256 probitate
2714 3200 2923 3240 tuorum
2973 3184 3235 3254 insignem
3290 3192 3347 3239 et.
3394 3183 3615 3239 doeutm
3660 3197 3750 3251 ap-

2176 3273 2241 3311 ne
2286 3268 2362 3311 at.

2176 3258 2362 3327 pellat.

940 3703 1477 3810 LUIDBERTI
1546 3703 2017 3806 EPISTOLA
2088 3666 2218 3804 AD
2276 3700 2836 3806 LUDOVIGUM
2908 3699 3286 3799 REGEM.

1667 3929 1925 3994 (Bibliotb.
1949 3926 2084 3980 Patr.
2110 3887 2261 3991 max.,
2286 3933 2406 3980 tom.
2425 3927 2577 3992 XVI.)

571 4199 799 4257 Domino
837 4201 1114 4275 piissimo,
1147 4210 1204 4258 et
1247 4204 1622 4264 amantissimo
1645 4247 1658 4272 ,
1689 4213 1850 4277 atque
1887 4206 1942 4261 in
1971 4206 2075 4266 ﬁde
2101 4210 2146 4276 ρ
2177 4163 2241 4264 et.
2257 4203 2616 4278 plangendum
2649 4201 2755 4274 est)
2782 4201 2878 4273 qui
2900 4197 3063 4254 duces
3105 4204 3159 4251 et
3186 4202 3436 4250 rectores
3457 4192 3633 4266 populi
3663 4191 3746 4247 Det

502 4290 768 4346 catholica
805 4289 1188 4350 ﬂorentissimo
1213 4335 1225 4360 ,
1256 4296 1366 4368 regi
1396 4296 1667 4354 Lunovtco
1694 4338 1708 4363 ,
1737 4295 2078 4356 Lmnsearus

503 4383 956 4457 archiepiscopus,
979 4395 1176 4442 sanctae
1197 4387 1290 4443 Dei
1313 4388 1565 4445 Ecclesiae
1586 4391 1925 4459 vernaculus,
1947 4407 2081 4464 pra:-

505 4485 712 4533 sentem
741 4487 796 4534 et
823 4489 1135 4550 perpetuam
1172 4481 1222 4535 in
1266 4481 1492 4538 Domino
1514 4484 1762 4540 salutem.

577 4569 815 4625 Tacendi
847 4570 931 4626 vel
959 4571 1290 4628 deliberandi
1336 4573 1579 4630 inducias
1608 4591 1712 4630 non
1745 4575 1938 4643 habeo,
1977 4592 2078 4632 ne-

505 4675 611 4730 que
639 4662 780 4716 enim
829 4660 991 4716 silere
1022 4677 1104 4717 me
1129 4679 1288 4719 causa
1320 4665 1614 4735 permittit,
1643 4683 1803 4737 quam
1839 4667 1882 4722 si
1919 4667 2079 4722 relin-

508 4767 633 4822 quo,
665 4750 802 4821 apud
827 4749 1109 4806 Dominum
1137 4765 1376 4808 nostrum
1404 4754 1581 4810 Jesum
1605 4756 1902 4825 Christum,
1929 4757 2080 4826 cujus

508 4842 768 4907 interest,
800 4842 1178 4897 inexcusabilis
1209 4859 1329 4911 ero,
1360 4856 1413 4900 et
1444 4848 1593 4902 vobis
1626 4849 1939 4918 promissam
1975 4850 2078 4903 hu-

506 4932 742 4986 manitus
771 4931 929 4987 fidem
961 4943 1254 4989 temerasse
1291 4937 1600 5003 convincar,
1630 4939 1720 5008 qui
1757 4940 1808 4994 in
1840 4940 2078 5010 specula,

507 5036 614 5092 qua
663 5022 992 5079 constitutus
1021 5039 1138 5080 sum
1180 5026 1366 5082 videns
1392 5028 1684 5098 periculum
1715 5031 1866 5087 vobis
1905 5033 2084 5088 immi-

509 5127 666 5176 nens,
697 5113 964 5169 desidiosa
992 5117 1076 5171 vel
1106 5117 1304 5174 infideli
1339 5120 1701 5179 taciturnitate
1729 5123 2078 5192 dissimulem,

507 5209 565 5256 et
607 5201 861 5258 Ecclesia
891 5203 1003 5270 Dei,
1047 5207 1197 5277 cuius
1242 5210 1488 5281 indignus
1527 5229 1712 5269 curam
1756 5217 2080 5285 pastoralem

513 5305 580 5346 ac
614 5289 1026 5349 sollicitudinem
1053 5299 1260 5369 suscepi
1293 5301 1563 5372 negligens
1598 5303 1848 5372 elfectns,
1879 5322 2083 5363 merce-

512 5383 700 5438 narius
744 5384 923 5453 potius
972 5389 1349 5456 esse-videar,
1381 5407 1540 5466 quam
1590 5405 1793 5464 pastor.
1837 5396 2086 5464 Quatitur

515 5487 750 5543 namque
777 5475 1014 5544 graviter
1047 5485 1101 5531 et
1125 5478 1506 5537 dehonestatur
1534 5485 1794 5553 primatus
1820 5497 1874 5542 et
1909 5489 2084 5560 digni—

2182 4314 2302 4355 csse
2326 4297 2662 4359 debuerunt,
2708 4292 2918 4366 injuriis
2959 4287 3258 4360 appetitur,
3301 4285 3542 4340 humana
3568 4282 3748 4338 divinis

2156 4387 2436 4462 praeferre
2481 4385 2802 4443 conantibus
2825 4400 2843 4450 ;-
2899 4390 2956 4439 et
3009 4392 3229 4435 necesse
3271 4385 3357 4432 est
3404 4375 3640 4431 dolorem
3661 4372 3744 4441 qui

2181 4488 2391 4537 constat
2439 4479 2493 4534 in
2537 4477 2732 4549 capite,
2781 4474 2884 4530 nisi
2937 4470 3170 4528 salubris
3194 4477 3249 4525 et
3297 4466 3456 4522 velox
3500 4465 3745 4521 medicina

2181 4579 2493 4637 succurrat,
2558 4568 2814 4641 paulatim
2861 4582 2958 4637 per
3007 4563 3246 4619 membra
3297 4558 3544 4615 diﬂ‘undi.
3597 4558 3744 4628 Igitur

2182 4665 2430 4736 quamvis
2489 4660 2729 4718 noverim
2782 4656 3121 4729 prudentiam
3187 4664 3431 4708 vestram
3512 4647 3744 4704 humanis

2183 4755 2642 4812 admonitionibus
2684 4767 2794 4808 non
2835 4764 3024 4822 egere,
3063 4763 3184 4818 qua:
3226 4743 3643 4802 sincerissimam
3683 4739 3746 4791 de

2183 4847 2356 4916 gratia
2388 4844 2622 4916 Spiritus
2666 4842 2838 4899 sancti
2870 4839 3048 4896 hausit
3086 4837 3422 4901 doctrinam,
3454 4834 3558 4889 mei
3581 4842 3743 4887 tamen

2184 4935 2339 4994 οωεῆ
2366 4945 2468 5002 est,
2493 4945 2548 4990 et
2565 4945 2682 4990 acta
2706 4932 3034 5005 patefacere,
3057 4939 3109 4985 et
3137 4930 3343 5002 agenda
3366 4928 3742 4983 demonstrare.

2187 5030 2349 5088 S‘citis
2377 5029 2676 5100 periculum
2703 5027 2883 5098 populi
2913 5027 3037 5093 Dei,
3076 5025 3221 5095 quod
3248 5021 3564 5079 terribiliter
3583 5014 3743 5074 immi-

2185 5132 2308 5190 net;
2337 5137 2513 5192 neque
2545 5121 2712 5177 latere
2742 5136 2836 5174 vos
2864 5126 3057 5188 potest,
3091 5116 3234 5187 quod
3263 5113 3464 5183 ubique
3485 5109 3739 5170 auditum;

2187 5215 2302 5286 ipsa
2347 5229 2560 5284 quemne
2609 5211 2703 5286 (ut
2747 5208 2954 5282 dicam)
2992 5207 3258 5262 elementa
3319 5201 3666 5261 tremiscunt,
3691 5202 3745 5247 ut

2188 5314 2428 5362 rectores
2447 5346 2461 5372 ,
2491 5304 2584 5375 qui
2623 5301 2780 5358 saluti
2813 5299 3153 5354 infirmorum
3183 5293 3405 5349 studere
3432 5289 3744 5350 debuerant,

2187 5396 2381 5453 relicto
2405 5394 2594 5451 salntis
2624 5393 2860 5455 tramite,
2891 5397 3022 5446 eunt
3046 5389 3098 5442 in
3124 5400 3385 5456 pratceps,
3414 5391 3469 5438 et
3493 5378 3746 5451 sequenti-

2189 5489 2289 5544 bus
2322 5503 2382 5544 se
2421 5486 2628 5541 foveam
2666 5481 2980 5554 perditionis
3017 5478 3286 5549 aperiunt.
3337 5473 3495 5531 Unde
3528 5471 3754 5541 prudent--

517 5571 606 5617 tas
629 5562 745 5632 ejus
769 5564 824 5618 in
851 5566 979 5620 sede
1011 5568 1182 5621 sancti
1212 5568 1387 5638 Petri,
1419 5589 1483 5628 eo
1509 5578 1650 5644 quod
1694 5578 1928 5634 inaudita
1957 5597 2086 5651 qua-
2112 5563 2165 5625 D
2193 5579 2322 5634 tiam
2351 5586 2583 5632 vestram
2611 5574 2858 5631 veritatis
2885 5582 2942 5628 et
2954 5571 3180 5642 iustitia:
3215 5567 3531 5622 amatricem
3559 5563 3744 5618 exhor-

520 5653 644 5706 dam
683 5664 736 5708 et
779 5655 986 5710 occulta
1013 5660 1418 5728 persecutione,
1450 5681 1553 5720 non
1584 5667 1651 5722 ab
1693 5668 1995 5727 inﬁdelibus
2033 5681 2088 5726 et

2189 5680 2298 5739 tor,
2327 5681 2387 5728 ut
2411 5670 2708 5727 secundum
2741 5669 2922 5723 datam
2951 5665 3106 5721 vobis
3133 5662 3392 5719 divinitus
3418 5657 3744 5728 sapientiam.
