3948 5586
162 350 318 409 1057

637 344 1020 417 ΑΗΧΙΙᾸΙᾘΕ
1059 344 1289 421 OﬂDlN.
1332 346 1378 402 Α
1416 346 1737 406 FORMOSO

1838 344 1886 401 P.
1928 342 2173 438 Factis
2211 342 2389 407 LIBRI
2432 341 2591 402 nuo.
2622 374 2640 384 -
2662 373 2690 423 η
2728 342 2953 400 PII/EF.

3294 348 3449 457 3058

158 463 812 538 insolens,"aggravabat
839 462 1086 519 For-mosi
1127 462 1524 534 jusjurandum,
1563 477 1756 534 quose
1782 494 1833 555 Α
1867 438 2186 515 dilacerant.
2220 460 2376 517 Actio
2426 460 2528 514 ista
2558 452 2773 531 anceps
2795 468 2897 525 cst,
2927 469 2980 515 et
3003 475 3100 531 pro
3140 438 3446 518 vario'eon-

156 575 443 630 nunquam
463 559 688 621 Romam
720 555 1019 635 rediturum
1041 570 1191 627 papa:
1206 555 1400 612 Joanni
1432 556 1750 635 solemniter

157 654 508 725 promiserat.
532 652 647 708 Non
671 632 879 707 tantum
901 659 1082 706 autem
1104 652 1363 718 redierat,
1382 668 1566 729 verum
1583 653 1748 708 etiam

154 745 902 817 pontiﬁcatumambierat,
950 754 1006 802 et
1072 743 1401 801 obtinuerat.
1460 743 1570 801 Nec
1633 746 1751 801 sine

154 838 415 909 exemplo
444 838 815 895 ordinationes
836 836 1081 895 Formosi
1114 838 1399 892 iterarunt.
1432 835 1749 909 Exemplum

156 927 426 998 Stephani
458 929 527 986 ιν
579 944 638 984 se
691 929 847 1000 sequi
895 928 1284 1000 praetexebant,
1319 927 1411 997 qui
1454 921 1753 983 convocato

153 1034 358 1090 magno
404 1018 636 1075 concilio
658 1002 944 1084 iltalornm,
981 1000 1334 1085 Francorum,
1374 1026 1429 1072 et
1455 1016 1754 1073 Germano-

151 1124 277 1165 rum
305 1109 709 1179 episcuporum,
740 1125 863 1166 cum
892 1109 1139 1165 omnium
1175 1122 1444 1165 consensu
1474 1108 1746 1164 Constan-

154 1196 253 1252 tini
308 1184 905 1269 papaeordinationem
944 1199 1158 1255 irritam
1203 1206 1259 1255 et
1306 1214 1517 1255 cassam
1572 1198 1749 1253 decla-

151 1292 320 1357 ravit,
363 1307 432 1347 eo
462 1292 606 1362 quod
651 1308 775 1357 cum
828 1292 998 1349 laicus
1043 1301 1212 1359 esset,
1262 1293 1330 1348 ad
1373 1292 1746 1363 pontiﬁcatum

152 1384 364 1441 electus
389 1382 584 1464 fuerat,
602 1393 657 1440 et
682 1385 871 1455 paucis
895 1385 1109 1452 diebus,
1143 1384 1303 1441 nullis
1322 1400 1492 1457 prope
1519 1383 1749 1440 servatis

151 1476 494 1543 interstitiis,
518 1493 710 1534 omnes
738 1477 958 1555 ordines
986 1486 1319 1550 susceperat.
1359 1475 1470 1532 Nec
1489 1476 1751 1555 Constan-

151 1566 255 1621 tini
283 1566 675 1636 degradatione
696 1567 937 1635 contenti
959 1565 1203 1633 fuerunt,
1242 1567 1335 1623 sed
1372 1567 1537 1623 etiam
1560 1581 1748 1623 omnes

147 1659 243 1730 qui
277 1661 450 1723 abeo
483 1661 719 1717 ordinati
754 1659 989 1727 fuerant,
1018 1662 1157 1717 nihil
1191 1676 1256 1717 ex
1298 1675 1362 1717 ea
1407 1660 1748 1718 ordinatione

148 1761 479 1809 consecutos
514 1736 634 1808 esse
676 1751 1047 1819 declararunt,
1095 1752 1217 1813 ideo
1251 1753 1450 1809 iterum
1486 1753 1746 1833 ordinan-

1859 548 2049 621 spectu'
2078 546 2282 606 variam
2327 560 2382 606 et
2419 553 2749 607 contrariam
2789 553 3025 622 speciem
3059 554 3248 608 induit.
3284 554 3446 612 Certo

1854 653 2147 716 conspectu
2199 642 2461 717 spectata,
2525 645 2777 712 crudelis,
2835 636 3151 711 inhumana,
3212 646 3445 702 barbara

1851 735 2085 791 videtur.
2118 734 2370 807 Plerique
2404 750 2597 793 omnes
2643 738 2891 793 historici
2933 738 3025 807 qui
3072 732 3347 793 hadenus'
3380 739 3447 795 de

1853 824 1957 882 hac
1991 827 2206 882 actione
2230 828 2583 898 scripserunt,
2615 843 2731 884 eam
2762 829 2983 885 sinistre
3025 836 3445 901 eonspeXerunt,

1852 917 2083 991 ideoque
2111 920 2421 991 pontiﬁcem
2464 922 2799 993 Stephanum
2848 923 3149 979 innumeris
3194 912 3447 980 convitiis

1852 1010 1993 1064 nulla
2019 1019 2181 1065 tanta:
2202 1011 2478 1083 dignitatis
2501 1013 2684 1068 habita
2715 1014 3014 1071 reverentia
3040 1016 3441 1086 prosciderunt.

1850 1100 1921 1156 At
1948 1101 1994 1156 si
2028 1101 2132 1157 alio
2161 1111 2475 1174 conspectu,
2507 1119 2679 1174 eoque
2710 1105 2958 1172 dextero,
2985 1106 3109 1178 quis
3148 1122 3266 1162 eam
3311 1122 3443 1162 con-

1853 1196 2161 1268 templetur,
2189 1197 2357 1268 jnsta,
2388 1207 2443 1255 et
2467 1214 2652 1255 severa
2680 1199 2854 1272 legum
2883 1201 3192 1258 observatio
3214 1218 3445 1273 appare-

1850 1289 1953 1357 bit,
1985 1290 2236 1363 zelusqne
2262 1308 2359 1363 pro
2406 1293 2685 1363 disciplina
2736 1293 3102 1350 ecclesiastica
3138 1297 3441 1367 suspicien-

1855 1383 1988 1451 dus;
2024 1399 2129 1439 non
2144 1400 2316 1451 secus
2342 1401 2406 1441 ac
2437 1386 2471 1441 ii
2500 1385 2791 1441 laudantur
2813 1386 2901 1457 qui
2926 1384 3058 1441 viris
3085 1380 3442 1458 principibus,

1851 1485 1944 1532 aut
1968 1477 2234 1550 cognatis,
2259 1481 2421 1550 atque
2451 1479 2612 1534 etiam
2658 1478 2781 1535 ﬁliis
2822 1478 3070 1535 sontibus
3112 1495 3216 1535 non
3248 1494 3440 1550 peper-

1852 1579 2063 1638 cerunt,
2113 1572 2206 1627 sed
2248 1572 2315 1627 de
2340 1589 2528 1629 eorum
2554 1572 2872 1628 criminibus
2892 1571 3045 1642 juxta
3075 1573 3219 1653 leges
3261 1573 3441 1627 vindi-

1850 1675 1992 1721 Ctam
2018 1675 2383 1736 sumpserunt.
2409 1666 2610 1722 Verum
2637 1666 2739 1721 ista
2760 1668 2814 1720 in
2846 1667 3024 1721 medio
3046 1666 3439 1736 relinquamus,

1850 1757 2027 1812 neutri
2078 1754 2447 1827 praeiudicium
2495 1757 2791 1822 facientes;
2846 1772 2945 1829 per
2974 1773 3071 1813 nos
3121 1758 3193 1812 sit
3239 1758 3343 1813 hac
3385 1757 3442 1812 in

145 1844 251 1899 dos
280 1860 426 1923 esse,
475 1845 520 1901 si
565 1844 816 1902 Ecclesia:
855 1847 1053 1917 quibus
1086 1846 1360 1921 destinati
1400 1845 1615 1902 fuerant
1652 1862 1747 1904 eos
1775 1864 1822 1926 Β
1851 1863 2011 1904 causa
2059 1849 2349 1921 unicuique
2377 1849 2514 1906 velle
2559 1866 2716 1906 suum
2747 1859 2802 1907 et
2846 1850 3185 1921 conspectus.
3217 1838 3331 1908 Hoc
3355 1864 3443 1906 so—

162 1938 438 1993 iustanter
481 1946 747 2008 peterent.
800 1939 896 1993 llis
924 1948 981 1995 et
1021 1938 1287 1995 similibus
1316 1939 1648 2012 argumentis
1689 1947 1745 2019 et

140 2022 416 2103 exemplis
441 2032 726 2104 pontiﬁces
753 2033 833 2087 illi
872 2048 1063 2090 ausum
1087 2049 1244 2089 suum
1286 2034 1596 2089 tuebantur.
1650 2031 1743 2111 Ni-

144 2127 404 2182 tebantur
431 2129 614 2185 forsan
644 2127 765 2184 aliis
802 2128 1268 2202 rationibusquas
1306 2128 1554 2184 Auxilius
1584 2118 1736 2209 “prte-

142 2220 298 2284 terit,
329 2229 515 2292 utpote
539 2221 763 2278 istorum
788 2222 1111 2293 pontiﬁcum
1141 2223 1507 2279 adversarius.
1552 2294 1557 2301 ι
1584 2206 1587 2209 ’
1681 2277 1687 2284 ,

132 2350 141 2357 ο
215 2312 330 2369 Nec
369 2323 455 2371 est
502 2314 569 2370 de
594 2310 700 2371 illis
740 2316 1322 2390 reordinationibuset
1362 2300 1745 2390 superordina}

145 2403 391 2458 tionibus
427 2401 806 2473 judicandum,
835 2413 893 2460 ut
922 2422 1065 2462 utine
1092 2388 1431 2475 judicaretur
1456 2424 1470 2473 ;
1502 2388 1742 2463 nondum

140 2496 293 2548 enim
321 2494 375 2548 in
407 2496 846 2568 rem'judicatam
880 2497 1195 2564 transierat,
1221 2506 1277 2553 et
1312 2484 1371 2554 ini
1395 2498 1521 2577 fidei
1556 2488 1745 2557 catho-

140 2586 265 2643 lica:
321 2588 556 2656 axioma,
624 2591 922 2660 quamlibet
983 2591 1387 2648 ordinationem
1445 2592 1740 2649 secundum

128 2679 406 2737 Ecclesia:
459 2680 621 2760 ritum
689 2683 757 2739 ab
819 2683 1075 2756 episcopo
1129 2684 1427 2740 secundum
1487 2685 1739 2740 eumdem

142 2772 313 2826 ritum
343 2772 597 2829 ordinato
645 2774 996 2842 celebratam,
1046 2775 1283 2831 validam
1332 2790 1452 2832 esse
1487 2784 1542 2832 et
1594 2762 1740 2832 nullo

141 2877 281 2918 casu
313 2861 636 2919 iterandam.
697 2864 875 2922 Variae
918 2874 1079 2922 erant
1104 2875 1160 2922 et
1209 2867 1500 2923 contrariae
1525 2856 1599 2923 de
1637 2867 1739 2922 bac

142 2968 206 3009 re
235 2953 579 3021 traditiones,
620 2957 785 3013 varia:
829 2958 1261 3035 observationes,
1309 2960 1459 3015 varia
1505 2969 1560 3017 et
1609 2977 1738 3019 con-

143 3046 317 3100 traria
351 3046 638 3104 doctorum
665 3064 944 3121 responsa.
988 3049 1141 3107 lianc
1166 3052 1488 3108 varietatem
1516 3053 1738 3108 eviden-

140 3134 378 3213 tissimep
402 3146 458 3192 et
509 3136 629 3194 luce
659 3139 955 3195 meridiana
998 3141 1202 3198 clarius
1231 3142 1423 3198 docent
1453 3142 1506 3197 hi
1548 3142 1732 3211 libelli,

1846 1941 1955 1997 lum
1988 1942 2146 1998 velim
2169 1942 2425 1999 lectorem
2455 1942 2738 2021 adnotare,
2767 1951 2938 1999 totum
2966 1944 3107 1999 istud
3128 1929 3442 2014 pontiﬁcum

1852 2034 2133 2091 dissidium
2168 2035 2236 2090 ad
2268 2034 2425 2091 ﬁdem
2458 2034 2603 2090 nullo
2638 2035 2798 2091 modo
2833 2044 3125 2106 spectasse.
3168 2036 3291 2115 Duo
3327 2022 3445 2089 lah-

1846 2132 1962 2181 tum
2011 2127 2290 2199 spectabat
2338 2143 2459 2197 quae
2512 2127 2790 2183 hominum
2840 2127 3246 2199 opinationibus
3289 2134 3445 2182 erant

1830 2210 2101 2282 'obnoxia,
2130 2208 2361 2287 quorum
2407 2204 2571 2271 unum
2602 2218 2656 2272 in
2697 2217 2996 2288 quaestione
3028 2217 3289 2289 singulari
3322 2232 3442 2271 ver—

1794 2302 2099 2385 'I‘sabatur,
2119 2323 2184 2362 an
2216 2307 2462 2365 Formosi
2506 2308 2574 2364 ad
2623 2318 2879 2381 papatum
2924 2310 3197 2383 promotio
3246 2308 3443 2391 fuisset

1844 2400 2123 2455 canonica.
2152 2399 2310 2456 ‘Pars
2340 2416 2447 2455 una
2482 2400 2950 2468 hoc‘aﬁirmabat;
2989 2402 3217 2473 negabat
3241 2402 3437 2458 altera.

1843 2491 2089 2547 Alterum
2113 2492 2165 2546 in
2192 2491 2490 2563 quaestione
2517 2492 2826 2557 universali,
2853 2494 2946 2549 sed
2969 2494 3206 2549 nondum
3233 2494 3438 2569 decisa,

1826 2578 1897 2640 iet
1931 2584 2111 2639 edicto
2136 2583 2497 2654 peremptorio
2525 2584 2846 2640 conﬁrmata
2869 2599 2936 2639 an
2959 2584 3246 2655 episcopus
3277 2584 3439 2655 depo-

1843 2677 1981 2732 situs
2006 2684 2060 2731 et
2088 2676 2412 2747 degradatus
2435 2676 2610 2731 valide
2638 2677 2859 2732 ordines
2888 2675 3183 2733 conferret.

1910 2766 2208 2823 Monendus
2238 2783 2297 2823 es
2319 2775 2584 2838 prmterea
2617 2768 2817 2835 lector,
2851 2768 3108 2824 nonnulla
3134 2784 3257 2826 esse
3296 2770 3437 2840 apud

1824 2844 1984 2914 hunc
2031 2868 2310 2914 auctorem
2375 2874 2498 2930 qum
2566 2859 2849 2914 evidenter
2895 2875 2926 2914 a
2974 2860 3208 2917 veritate
3261 2849 3438 2915 aliena

1837 2959 1981 3006 suun.
2015 2949 2085 3005 lis
2109 2962 2287 3006 notam
2335 2950 2553 3007 inurere
2590 2952 2728 3032 satis
2754 2961 2873 3008 esto
2899 2970 2913 3020 ;
2945 2944 3070 3008 nam
3101 2954 3167 3009 ad
3194 2970 3257 3010 ea
3289 2953 3438 3011 refu~

1816 3032 2002 3116 :tanda
2036 3043 2253 3115 longum
2288 3059 2595 3100 sermonem
2642 3054 2849 3112 texere,
2876 3055 3023 3103 esset
3066 3061 3097 3101 a
3140 3062 3305 3117 scopo
3345 3064 3439 3105 no-

1816 3145 1949 3213 _stro
2004 3136 2316 3206 longissime
2364 3137 2643 3193 aberrare.
2698 3135 2820 3193 Lib.
2877 3152 2928 3203 ι,
2986 3153 3038 3193 c.
3095 3138 3184 3207 ll,
3246 3138 3435 3197 Osium

138 3243 244 3283 nec
269 3228 719 3300 disceptationem
742 3233 879 3303 inter
904 3248 999 3289 eos
1020 3233 1087 3290 de
1111 3234 1363 3290 ordinum
1386 3235 1734 3291 exsecutione
1761 3244 1806 3308 ο
1836 3241 2056 3287 accusat
2108 3230 2518 3299 Novatianismi,
2568 3240 2626 3287 et
2675 3230 2939 3287 adversus
2987 3246 3111 3287 eum
3159 3233 3436 3289 invehitur

139 3328 354 3376 tantum
394 3321 584 3390 fuisse,
626 3310 720 3380 sed
743 3324 940 3396 {primo
985 3332 1041 3381 et
1085 3326 1461 3398 principaliter
1507 3326 1575 3383 de
1618 3328 1732 3399 ipsa

135 3415 395 3470 ordinum
447 3417 770 3474 substantia.
819 3417 1109 3496 Communi
1151 3419 1399 3489 equidem
1441 3420 1730 3487 sententia,

134 3515 403 3576 quantum
435 3523 500 3563 ex
526 3524 719 3565 eorum
764 3510 901 3566 actis
948 3509 1203 3582 colligere
1229 3520 1336 3578 est,
1367 3525 1559 3568 omnes
1589 3512 1728 3568 fate-

77 3586 83 3591 ’
131 3596 338 3653 bantur
365 3600 737 3657 ordinationes
772 3602 1070 3657 secundum
1110 3588 1435 3674 praescripta.
1460 3618 1730 3658 canonum

132 3701 193 3746 et
238 3689 503 3748 librorum
547 3678 845 3748 llitualium
875 3694 943 3749 ab
982 3694 1250 3772 episcopis
1278 3695 1560 3752 catholicis
1588 3696 1733 3752 cele-

132 3786 347 3854 bratas,
401 3804 675 3859 nunquam
706 3805 827 3846 esse
885 3789 1226 3861 repetendas.
1273 3789 1380 3847 Sed
1435 3779 1501 3847 de
1546 3791 1731 3848 multis

131 3881 530 3957 quazstionibus
559 3897 680 3954 quae
718 3882 773 3937 in
798 3884 901 3939 hac
923 3883 1148 3940 materia
1191 3883 1310 3963 ﬁeri
1361 3885 1539 3942 solent
1566 3876 1730 3942 variae

131 3984 299 4031 erant
346 3975 654 4051 sententias,
678 3991 797 4047 quae
847 3991 951 4033 nec
982 3976 1075 4031 illo
1103 3977 1323 4045 saeculo,
1378 3994 1481 4035 nec
1517 3978 1729 4037 duobus

130 4068 491 4137 sequentibus
518 4067 909 4135 universaliter
933 4069 1169 4137 deﬁnita:
1197 4081 1344 4137 sunt,
1376 4080 1434 4128 et
1476 4072 1598 4128 ideo
1641 4088 1729 4127 va-

130 4158 233 4214 ria:
286 4161 354 4214 de
401 4160 487 4216 his
549 4160 712 4238 rebus
756 4160 1010 4232 leguntur
1064 4161 1490 4220 observationes.
1563 4162 1726 4220 Verbi

128 4250 331 4321 gratia,
365 4250 741 4329 angordinatio
785 4260 976 4307 contra
1012 4267 1252 4323 canones
1294 4264 1554 4327 usurpata
1583 4247 1728 4312 esset

128 4343 442 4410 ordinatio;
467 4359 535 4399 an
571 4345 857 4429 episcopus
881 4345 1176 4419 depositus,
1205 4347 1552 4419 degradatus,
1575 4357 1631 4404 et
1657 4349 1726 4404 ad
1796 4411 1805 4417 .

129 4435 573 4509 communionem
606 4435 814 4505 ,laicam
867 4436 1180 4503 damnatus,
1214 4438 1470 4496 ordinare
1520 4448 1721 4508 posset.

127 4528 253 4585 Alia
295 4536 456 4584 erant
506 4528 694 4597 dubia,
723 4528 818 4587 sed
868 4529 987 4584 haec
1031 4528 1137 4609 duo
1190 4513 1529 4600 potissimum
1580 4512 1723 4586 illius

94 4658 101 4661 -
131 4621 405 4692 temporis
427 4620 712 4691 pontiﬁces
739 4605 1163 4686 vexaverunt,et
1189 4622 1432 4692 ingentes
1465 4605 1804 4679 tumultus1D

129 4712 463 4767 excitarunt.
497 4711 951 4768 Testimoniorum
996 4712 1060 4768 al:
1093 4712 1292 4768 auxilio
1329 4706 1427 4784 pro
1456 4714 1725 4771 sententia

129 4822 235 4864 sua
265 4806 553 4863 allatorum
587 4819 782 4876 magna
813 4794 941 4876 pars
972 4820 1194 4877 scopum
1226 4821 1330 4860 non
1358 4804 1506 4873 ferit,
1531 4804 1729 4861 multa-

130 4914 245 4970 que
277 4912 515 4968 quorum
545 4898 763 4953 diversa
792 4898 931 4953 ratio
957 4899 1104 4957 velut
1129 4900 1268 4955 idem
1291 4910 1570 4967 sonarent,
1600 4916 1731 4956 con-

125 4990 340 5055 fundit,
366 5005 464 5046 nec
484 5004 700 5060 semper
729 4996 985 5046 accurate
1014 4994 1148 5049 satis
1171 4991 1449 5047 examinat
1478 5011 1545 5051 an
1575 4988 1731 5064 argu-

127 5090 320 5140 menta
370 5081 561 5151 quibus
593 5080 902 5136 utiturrem
930 5094 1027 5135 acu
1077 5090 1322 5153 tangant.
1374 5080 1577 5140 Verum
1622 5082 1727 5139 ista

126 5174 362 5233 lectoris
384 5173 585 5243 judicio
617 5171 940 5243 pensitanda
978 5175 1351 5247 relinquimus.
1542 5172 1547 5177 ’

199 5267 265 5323 In
323 5264 578 5336 Stephani
641 5263 912 5333 pontiﬁcis
960 5270 1251 5331 actionem,
1281 5266 1373 5337 qui
1405 5267 1727 5327 Formosum

121 5373 363 5431 papam.
400 5367 673 5414 mortuum
728 5353 780 5408 in
830 5354 1089 5426 judicium
1154 5357 1386 5423 vocavit,
1443 5357 1729 5419 exhumari

115 5452 320 5525 jussit,
348 5456 400 5504 et
424 5452 845 5507 condemnatum
870 5450 1544 5525 vestibuspontiﬁcalibus
1574 5452 1726 5517 exui,

122 5556 137 5586 Ι
148 5547 378 5586 rihncl'"
395 5558 408 5562 ‘
456 5545 468 5560 “

1837 3333 2070 3394 quatuor
2098 3324 2451 3398 sequentibus
2496 3323 2787 3394 capitibus,
2832 3333 2892 3379 ut
2937 3331 2993 3381 et
3031 3339 3081 3381 e.
3121 3323 3193 3379 25
3234 3325 3327 3397 lib.
3362 3342 3432 3394 ll,

1835 3428 1902 3469 eo
1931 3415 2074 3485 quod
2103 3430 2311 3487 canone
2350 3417 2376 3469 1
2411 3424 2466 3471 et
2508 3414 2544 3469 2
2587 3413 2805 3471 concilii
2842 3413 3186 3472 Sardicensis
3226 3417 3434 3473 dixisse

1812 3496 2092 3576 ‘refertn'r,
2143 3510 2397 3581 episeopo
2445 3510 2538 3580 qui
2587 3510 2773 3566 sedem
2818 3509 3111 3567 mutaverit
3158 3511 3350 3567 fraude
3379 3520 3435 3569 et

1812 3594 2099 3679 :mercede'
2139 3601 2341 3673 aliqua,
2408 3602 2535 3658 licet
2583 3603 2992 3660 excusationem
3043 3603 3235 3660 aﬁ‘crat
3287 3606 3432 3676 quod

1810 3686 1986 3765 'plebs
2023 3709 2147 3749 enim
2185 3693 2499 3765 expetierit,
2551 3710 2619 3751 ne
2669 3693 2864 3751 laieam
2919 3694 3139 3766 quidam
3188 3711 3434 3751 commu-

1804 3780 1815 3853 ξ
1834 3780 2051 3841 nionem
2083 3800 2202 3842 esse
2222 3787 2649 3843 concedendam.
2681 3787 2753 3842 At
2777 3796 2951 3843 totum
2981 3788 3273 3844 concilium
3300 3788 3432 3845 Sar-

1800 3879 2075 3957 ‘dicense,
2137 3881 2280 3953 quod
2322 3880 2470 3937 velut
2515 3882 2823 3939 universale
2871 3892 3127 3940 censetur
3165 3893 3220 3940 et
3256 3866 3431 3941 unum

1832 3986 1955 4026 cum
1995 3972 2226 4029 concilio
2272 3971 2508 4030 Niezeno.
2556 3971 2670 4031 Osii
2699 3976 3028 4055 sententiam
3067 3975 3335 4048 approbat
3372 3989 3429 4034 et

1803 4061 2150 4142 conﬁrmat;
2177 4078 2278 4119 nec
2300 4063 2375 4118 illi
2411 4063 2518 4120 duo
2546 4079 2785 4122 canones
2814 4064 2928 4122 Osii
2952 4081 3072 4122 esse
3107 4077 3423 4131 censentur,

1832 4154 1928 4210 sed
1951 4155 2183 4211 concilii.
2220 4174 2239 4207 ‹
2292 4155 2545 4212 Placetne
2583 4157 2687 4212 hoc
2728 4158 3019 4214 omnibus?
3066 4156 3269 4214 Omnes
3315 4161 3430 4231 epi-

1834 4248 1983 4319 scopi
2009 4250 2260 4304 dixerunt
2287 4268 2299 4304 :
2328 4249 2531 4305 Placet.
2572 4269 2592 4302 ι
2630 4250 2831 4306 Deinde
2859 4250 3048 4306 modus
3073 4265 3182 4321 quo
3212 4266 3424 4321 pinnam
3457 4262 3463 4268 '

1831 4340 1974 4397 illam
2019 4340 2268 4413 inﬂigunt
2311 4341 2521 4407 Patres,
2557 4341 2880 4396 adversatur
2920 4357 2952 4398 e
2977 4342 3265 4399 .diametro
3312 4342 3422 4398 luc-

1831 4435 1938 4489 resi
1978 4432 2421 4490 Novatianorum.
2463 4434 2712 4490 Ostendit
2742 4436 2888 4491 enim
2936 4435 3078 4493 hanc
3119 4450 3297 4507 poenae
3341 4438 3426 4494 in-

1829 4525 2145 4593 ﬂictionem,
2189 4535 2282 4582 aut
2327 4527 2470 4582 illius
2519 4526 3079 4600 indulgentiam'csse
3130 4528 3182 4583 in
3232 4545 3420 4586 eorum

1830 4629 2127 4692 potestate;
2183 4620 2335 4692 cujus
2381 4622 2629 4702 veritatis
2677 4623 2893 4696 negatio
2950 4623 3420 4682 Novatianismum

1832 4712 2216 4767 constituebat.

1906 4805 2320 4863 Pracfatirmcula
2362 4807 2415 4889 in
2441 4810 2535 4867 lib.
2574 4824 2644 4874 ιι,
2692 4816 2744 4865 et
2774 4809 2829 4865 in
2873 4810 3249 4883 responsione,
3292 4813 3426 4868 scri-

1828 4898 1909 4954 bit
1941 4898 2185 4955 ordinem
2221 4915 2317 4969 per
2346 4915 2538 4971 puram
2567 4899 2903 4957 coactionem
2937 4908 3244 4969 Sttsceplum
3273 4901 3423 4957 vale.

1830 5006 1915 5057 re,
1948 4994 2110 5062 idque
2141 4991 2300 5047 simili
2346 4995 2589 5055 absurdo
2627 4993 2823 5063 probat
2867 5004 2922 5053 et
2961 4994 3231 5059 illustrat;
3282 4995 3426 5064 quod

1833 5082 2030 5139 iterum
2059 5085 2254 5154 repetit
2287 5098 2417 5156 cap.
2452 5088 2641 5146 ultimo
2672 5083 2818 5141 libri.
2869 5108 2887 5141 ι
2924 5087 2983 5143 Si
3011 5081 3304 5157 quispiam,
3342 5076 3429 5142 itt-

1838 5177 1982 5245 quit,
2028 5176 2220 5232 nolens
2249 5179 2491 5243 crcdeye
2530 5182 2585 5235 in
2614 5174 2891 5237 Christum
2920 5196 3016 5254 per
3041 5178 3149 5232 vim
3187 5175 3433 5247 baptiza-

1816 5273 1921 5324 ‘tns
1952 5267 2136 5334 fuerit,
2168 5276 2224 5323 et
2263 5275 2625 5335 postmodum
2666 5266 2719 5320 in
2758 5266 3035 5331 Christum
3084 5264 3305 5327 credere
3351 5287 3443 5329 ac-

1831 5358 2087 5428 quiescit,
2115 5356 2355 5426 nunquid
2389 5365 2600 5426 iurum
2616 5357 2973 5427 baptizandus
2996 5356 3136 5418 erit?
3157 5356 3395 5415 Minime.
3421 5380 3438 5411 ι

1830 5449 1903 5505 At
1932 5452 2195 5525 ejusmodi
2244 5449 2595 5520 baptismus,
2644 5448 2720 5505 sic
2763 5457 3022 5520 et-ordo,
3072 5450 3446 5504 etiamnam...
