4012 6300
548 325 686 388 1059

1270 312 1561 373 APPEND.
1599 313 1692 373 AD
1729 311 1903 374 ΒΕΟ.
1940 311 2034 370 IX.
2074 343 2141 356 --
2172 310 2542 372 AUCTORES
2578 310 2740 370 ANNI
2777 311 3072 374 tNCERTI.

3661 322 3802 380 1060

539 448 663 502 sine
693 439 964 498 voluntate
1002 435 1217 508 propria
1251 439 1562 502 peccarunt,
1609 431 1682 486 ita
1709 429 1826 486 sine
1848 427 2126 484 voluntate
2151 429 2200 492 Α
2227 425 2394 481 refert
2430 426 2738 497 Sigebertus
2785 429 2851 484 ad
2894 445 2981 485 an.
3033 429 3156 487 963.
3207 430 3314 489 Sed
3361 432 3613 492 Auxilius
3641 452 3805 507 argu-

543 553 640 595 sua
674 531 1036 604 baptizantur,
1064 535 1120 583 et
1151 525 1415 596 baptismo
1439 531 1757 596 purgantur.

615 627 734 686 Lib.
781 640 860 691 ιι,
913 637 1033 693 cap.
1090 617 1283 684 1245,
1333 631 1524 687 parum
1574 613 1918 670 considerate
1968 607 2114 682 loqui

542 719 676 778 mihi
705 717 917 773 videtur
977 713 1044 768 de
1089 708 1394 766 obedientia
1447 723 1591 780 qua),
1614 721 1825 762 summo
1875 703 2116 776 pontifici

535 810 748 886 iubenti
800 809 1047 867 debetur.
1098 804 1414 875 Quanquam
1445 801 1589 857 enim
1640 801 1691 856 id
1738 801 1880 870 quod
1928 798 2120 858 scribit

541 917 730 960 verum
758 899 940 956 forsan
984 898 1052 953 sit
1081 897 1132 952 in
1178 895 1458 969 hypothesi
1492 909 1650 964 quam
1687 900 1901 957 tractat,
1937 900 2113 945 tamen

535 993 864 1069 generaliter
907 988 1312 1062 pronuntiatum
1371 985 1562 1040 falsum
1613 993 1695 1039 est
1737 993 1791 1039 et
1849 981 2118 1054 periculo-

535 1104 678 1147 sum.
712 1086 826 1144 Hoc
867 1095 987 1142 erat
1013 1083 1227 1140 cautius
1255 1081 1630 1152 explicandum
1661 1090 1714 1135 et
1759 1079 2115 1150 pronuntian-

537 1181 684 1237 dum.
717 1177 916 1236 Eadem
949 1175 1084 1232 ratio
1112 1182 1194 1230 est
1237 1172 1596 1231 distinctionis
1630 1188 1789 1243 quam
1823 1171 1952 1227 facit
1993 1186 2113 1242 cap.

537 1275 625 1341 l8,
672 1272 765 1328 lib.
795 1288 834 1329 ιι
875 1271 1015 1325 inter
1053 1267 1399 1339 apostolicam
1441 1267 1620 1322 sedem
1655 1274 1708 1318 et
1739 1265 1791 1319 in
1822 1279 1881 1318 ea
1929 1264 2118 1334 przcsi-

535 1365 761 1431 dentes;
823 1363 1032 1419 cautius
1084 1369 1203 1415 erat
1257 1358 1595 1430 explicanda.
1652 1357 1919 1413 Prrctextu
1970 1357 2112 1411 enim

533 1457 755 1514 honoris
791 1452 1147 1512 conservandi
1195 1451 1392 1506 throno
1441 1449 1736 1522 apostolico
1789 1447 1972 1514 debiti,
2018 1447 2111 1501 ha-

533 1546 686 1604 bena;
731 1545 984 1601 laxantur
1053 1543 1509 1600 conviciatoribus
1581 1530 1921 1612 pontificum,
1972 1540 2114 1593 unde

532 1636 841 1696 necessario
877 1643 931 1692 et
976 1634 1255 1691 evidenter
1306 1632 1547 1689 convicia
1597 1633 1650 1688 in
1703 1632 1881 1688 sedem
1939 1633 2110 1702 ipsam

534 1731 902 1794 rcﬂectuntur.

2218 520 2415 575 mentis
2444 521 2874 578 adversariorum
2909 538 3148 595 pressus,
3197 527 3289 597 qui
3319 526 3430 584 Osii
3479 529 3532 583 in
3571 531 3802 587 concilio

2219 607 2526 667 Sardicensi
2554 622 2608 666 et
2660 611 2918 685 Stephani
2957 631 3108 686 papa:
3153 618 3207 672 in
3255 617 3364 674 alio
3401 622 3644 676 concilio
3703 623 3800 677 de-

2217 711 2365 759 creta
2395 703 2470 758 illi
2515 704 2863 777 objiciebaut,
2891 709 2945 763 in
2987 709 3105 766 haec
3149 709 3488 768 incommoda
3520 728 3646 769 sese
3675 729 3801 770 cou-

2211 792 2368 866 jecit,
2400 806 2627 864 attente,
2659 809 2719 854 ut
2739 800 3015 867 debuerat,
3041 818 3148 858 non
3169 805 3303 860 satis
3337 807 3714 874 considerans,
3747 823 3803 864 se

2216 899 2338 941 eum
2373 885 2500 944 Osio
2528 897 2582 943 et
2612 887 2888 960 Stephano
2910 893 3166 962 pontifice
3195 910 3385 968 magna
3416 905 3473 952 et
3507 913 3801 954 numerosa

2217 981 2594 1050 episcoporum
2626 983 2856 1038 concilia
2886 985 3268 1041 condemnare.

2287 1073 2522 1129 Facilius
2575 1073 2755 1130 forsan
2813 1078 3062 1132 excusari
3117 1079 3320 1148 poterit
3361 1080 3525 1151 quod,
3565 1097 3692 1154 cap.
3735 1083 3803 1141 {5

2217 1172 2272 1220 et
2298 1163 2390 1230 27,
2437 1164 2532 1220 lib.
2585 1183 2638 1230 ι,
2685 1175 2741 1222 et
2769 1183 2887 1239 cap.
2919 1168 2976 1236 4,
3020 1169 3114 1224 lib.
3167 1185 3241 1237 ιι,
3279 1169 3558 1228 Liberium
3589 1177 3801 1244 pontiti-

2217 1271 2332 1311 cem
2365 1257 2676 1312 haereticum
2702 1269 2862 1314 vocat
2888 1269 2943 1315 et
2986 1270 3308 1333 apostatam.
3357 1263 3610 1335 Optimos
3653 1266 3798 1321 enim

2216 1346 2376 1401 habet
2407 1357 2654 1403 auctores
2697 1348 2798 1404 sibi
2848 1351 2900 1404 in
2952 1351 3053 1406 hac
3101 1354 3420 1409 credulitate
3468 1367 3796 1426 praeeuntes,

2217 1449 2434 1495 sanctos
2487 1441 2693 1497 scilicet
2743 1443 3132 1512 Athanasium,
3188 1445 3476 1513 Hilarium,
3535 1421 3798 1520 Hieron];

2216 1549 2384 1598 mum,
2416 1545 2470 1590 et
2501 1544 2776 1591 auctorem
2815 1545 3082 1593 vetustum
3125 1539 3250 1594 libri
3293 1537 3442 1595 Vitas
3469 1539 3796 1596 Pontiﬁcum

2215 1628 2562 1694 Continentis,
2597 1645 2626 1683 a
2652 1645 2759 1700 quo
2791 1632 2970 1686 hausit
3011 1631 3262 1687 Auxilius
3311 1647 3430 1702 qua:
3473 1633 3543 1688 de
3583 1633 3795 1688 Liberio

2214 1719 2402 1776 refert.
2435 1719 2594 1775 Tanti
2639 1721 2740 1776 viri
2770 1719 2914 1776 hanc
2941 1723 3006 1777 de
3045 1721 3263 1778 Liberio
3305 1724 3623 1795 Opinionem
3661 1739 3787 1779 eon-

605 1825 834 1886 Temere
864 1823 1027 1880 etiam
1061 1822 1192 1878 mihi
1226 1821 1458 1888 videtur,
1510 1837 1631 1892 cap.
1663 1820 1716 1887 4,
1750 1819 1844 1875 lib.
1879 1835 1938 1887 ιι,
1986 1833 2114 1875 con-
2141 1799 2190 1861 Β
2219 1823 2475 1886 ceperant
2509 1856 2523 1882 ,
2569 1829 2633 1871 eo
2663 1815 2804 1885 quod
2843 1814 3094 1871 Liberius
3142 1815 3299 1872 πόἰο
3322 1815 3500 1872 exsilii
3531 1827 3590 1872 et
3616 1831 3796 1888 perse-

531 1917 790 1974 demnare
821 1913 1081 1984 Stephani
1127 1903 1401 1984 pontificis
1441 1911 1738 1968 decretum.
1795 1911 1938 1966 Nihil
1969 1912 2112 1966 enim

531 2009 600 2064 de
623 2006 978 2066 Constantino
1007 2013 1062 2062 et
1111 2002 1228 2073 ejus
1271 2003 1704 2059 ordinationibus
1757 2003 1960 2064 statuit,
2012 2001 2112 2056 nisi

531 2101 865 2172 approbante
923 2107 980 2155 et
1053 2097 1308 2154 laudante
1381 2113 1671 2154 numeroso
1741 2098 2114 2168 episcoliorum

529 2189 778 2257 concilio,
829 2204 965 2261 quos
1020 2189 1072 2243 in
1121 2193 1238 2245 eam
1300 2205 1413 2247 rem
1463 2207 1529 2246 ex
1579 2190 1750 2256 italia,
1809 2189 2002 2254 Gallia,
2061 2197 2116 2245 et

529 2279 814 2336 Germania
843 2289 1260 2337 convocaverat.
1304 2279 1504 2336 Omnes
1542 2279 1790 2352 pedibus,
1840 2277 2115 2334 manibus-

529 2385 634 2442 que
661 2371 879 2428 iveruut
909 2372 962 2428 in
994 2371 1255 2440 Stephani
1287 2379 1341 2425 et
1392 2369 1572 2426 clerici
1624 2369 1850 2424 Romani
1896 2379 2108 2424 senten-

529 2460 662 2520 tiam
707 2460 946 2520 Joannes
998 2461 1128 2526 ΧΠ,
1181 2461 1512 2532 approbante
1563 2461 1794 2516 concilio
1841 2459 2109 2528 Romano,

527 2553 684 2608 annis
734 2551 954 2630 circiter
995 2553 1386 2624 quinquaginta
1432 2561 1553 2624 post
1609 2553 1900 2617 Auxilium,
1954 2551 2112 2624 longe

523 2643 685 2698 aliter
707 2644 876 2700 sensit
905 2644 970 2699 de
1018 2643 1288 2700 sententia
1335 2642 1595 2714 Stephani
1631 2641 1728 2708 Vl,
1763 2642 1816 2696 in
1846 2640 2113 2698 Constan-

530 2737 1150 2810 ϋωιαι-βθεηιτορερειιιι.
1187 2735 1318 2791 Nam
1359 2733 1597 2790 Joannes
1625 2733 1740 2804 ejus
1781 2733 2106 2798 imitatione,

523 2847 584 2905 et
627 2837 744 2906 ejus
775 2835 916 2889 facto
965 2834 1017 2888 in
1062 2831 1367 2902 exeiuplum
1418 2827 1648 2900 prolato,
1688 2827 1916 2882 similem
1948 2841 2108 2906 pror-

525 2943 620 2983 sus
651 2927 704 2982 in
731 2926 967 2982 Leonem
1009 2925 1430 2995 pseudopapam,
1465 2931 1519 2977 et
1571 2921 1638 2976 ab
1687 2935 1751 2975 eo
1804 2921 2106 2986 ordinatos,

526 3033 650 3074 cum
681 3017 917 3072 universi
947 3015 1161 3072 concilii
1209 3013 1447 3068 unanimi
1479 3027 1746 3068 consensu
1787 3009 2108 3084 pronuntia-

527 3109 974 3166 vitsententiam.
1013 3107 1298 3178 Postquam
1332 3105 1475 3160 enim
1517 3103 1582 3160 ab
1623 3104 1768 3158 omni
1802 3101 2106 3158 ministerio

525 3200 818 3272 episcopali
843 3217 964 3258 eum
994 3199 1258 3270 deposuit.
1291 3197 1363 3254 ita
1395 3195 1459 3252 de
1485 3197 1550 3251 iis
1572 3213 1706 3267 quos
1735 3197 2102 3261 ordinaverat,
2134 3185 2179 3247 C

523 3293 712 3350 definit
729 3311 771 3348 τι
792 3293 898 3350 Eos
916 3308 1042 3348 vero
1058 3308 1193 3363 quos
1219 3293 1330 3362 ipse
1343 3290 1473 3358 Leo,
1502 3291 1802 3362 neophytus
1816 3299 1870 3346 et
1886 3291 2105 3344 invasor

526 3399 728 3447 sancta:
757 3389 1038 3468 catholica:
1059 3399 1113 3446 et
1135 3389 1441 3459 apostolicae
1469 3387 1725 3442 Romana:
1751 3386 2024 3451 Ecclesiae,
2051 3387 2104 3442 in

525 3484 765 3554 quolibet
819 3482 1188 3562 ecclesiastico
1241 3483 1432 3537 ordine
1481 3481 1750 3554 provexit,
1807 3481 2104 3552 apostolica

525 3585 689 3647 atque
733 3577 986 3642 canonica
1019 3575 1362 3638 auctoritate,
1403 3584 1457 3632 et
1485 3573 1731 3647 synodali
1776 3576 2016 3641 decreto,
2049 3575 2105 3630 in

523 3670 811 3740 pristinum
840 3685 1153 3726 revocamus
1179 3671 1422 3740 gradum,
1451 3668 1574 3737 quia
1607 3666 1887 3722 ordiuator
1914 3682 2102 3722 eorum

525 3763 660 3818 nihil
689 3762 790 3818 sibi
823 3763 1030 3828 habuit,
1062 3762 1191 3816 nihil
1233 3761 1336 3814 illis
1363 3761 1522 3814 dedit.
1564 3760 1716 3814 Sicut
1756 3759 1884 3813 olim
1923 3769 2107 3814 noster

525 3856 887 3930 praedecessor
932 3855 1034 3926 piae
1079 3854 1350 3909 memorisr
1379 3870 1514 3924 papa
1547 3843 1855 3924 Stephanus
1894 3861 2108 3910 senten-

529 3947 656 4003 tiam
691 3947 810 4002 tulit
835 3947 900 4002 de
942 3947 1007 4001 iis
1035 3947 1124 4016 qui
1159 3946 1386 4000 ordinati
1419 3945 1635 4004 fuerant
1677 3960 1704 3998 a
1749 3943 2106 4000 Constantino

525 4040 758 4110 quodam
787 4037 1054 4114 neophyto
1093 4046 1147 4090 et
1192 4037 1442 4091 invasere
1485 4046 1687 4091 sancire
1722 4035 1865 4092 sedis
1895 4029 2104 4105 apostoo

525 4129 664 4194 licae,
704 4136 758 4184 et
787 4129 1121 4198 postmodum
1151 4127 1410 4196 quosdam
1439 4143 1624 4181 eorum
1663 4127 1762 4182 sibi
1813 4125 2106 4198 placabiles

525 4225 868 4295 presbyteros
903 4231 1009 4295 qaut
1057 4222 1312 4276 diaconos
1361 4221 1718 4275 consecravit.
1770 4241 1787 4274 ι
1824 4219 2105 4276 Sententia

525 4323 704 4368 autem
739 4293 914 4384 prima
940 4313 1150 4366 concilii
1186 4313 1237 4366 iu
1268 4313 1544 4367 ordinatos
1573 4329 1601 4366 a
1628 4311 1805 4368 Leone
1835 4313 2103 4368 schisma-

527 4405 656 4469 tico,
699 4419 792 4462 seu
820 4401 968 4468 Vill,
1020 4404 1123 4457 lata
1168 4403 1341 4458 fuerat.
1373 4420 1475 4473 qua
1531 4404 1655 4458 data
1703 4403 1934 4461 Joannes
1963 4419 2102 4476 papa

530 4514 551 4554 ι
591 4485 1076 4570 ιιικεερὶιῖιιετοάὶ
1115 4511 1208 4550 eos
1247 4496 1296 4549 in
1342 4495 1626 4549 concilium
1655 4512 1776 4550 cum
1813 4497 2104 4552 vestimen-

525 4591 628 4657 tis,
668 4579 831 4661 atque
874 4589 1064 4655 stolis;
1115 4599 1170 4644 et
1200 4605 1470 4658 unumque
1519 4604 1706 4645 eorum
1753 4591 1805 4644 in
1851 4591 2100 4646 chartula

525 4683 764 4743 scribere
795 4681 923 4740 fecit
952 4683 1256 4752 hujusniodi
1289 4683 1452 4738 verba
1486 4700 1498 4736 :
1544 4703 1569 4734 ι
1602 4681 1760 4737 Pater
1790 4700 1940 4739 meus
1969 4684 2102 4740 nihil

525 4775 628 4854 sibi
649 4767 863 4842 habuit,
897 4773 1027 4830 nihil
1075 4774 1202 4828 mihi
1251 4775 1418 4830 dedit.
1476 4795 1494 4828 ι
1539 4775 1604 4830 Et
1651 4777 1729 4830 sic
1769 4792 1862 4831 eos
1909 4787 2102 4834 exutos

523 4867 757 4941 privavit
801 4867 1028 4936 honore,
1061 4881 1220 4937 quem
1251 4867 1474 4922 dederat
1518 4868 1597 4922 eis
1645 4867 1757 4938 ipse
1801 4868 2017 4922 invasor
2045 4876 2098 4923 et

524 4965 849 5036 ne0phytus,
878 4972 1040 5036 atque
1081 4963 1324 5030 curialis,
1365 4973 1419 5020 et
1454 4966 1725 5021 revocavit
1759 4982 1853 5023 eos
1895 4968 1944 5022 in
1982 4971 2097 5039 pri-

525 5052 727 5110 stinum
753 5055 999 5126 gradum.
1047 5075 1065 5109 ι
1099 5055 1223 5112 Haec
1251 5068 1451 5127 praeter
1487 5068 1605 5113 acta
1649 5061 1859 5116 concilii
1895 5062 2094 5118 diserte

2218 1909 2494 1966 cutionum
2540 1908 2606 1964 ab
2651 1906 2871 1964 Arianis
2921 1905 3246 1963 inﬂictarum
3291 1907 3620 1964 crudelitate
3655 1907 3808 1977 dejeJ

2217 2010 2356 2067 ctus,
2394 2001 2608 2057 tandem
2653 1997 2936 2057 Athanasii
2979 2001 3411 2057 condemnatioui
3457 2003 3792 2074 subscripse-

2216 2096 2304 2159 rit,
2348 2095 2472 2151 licet
2503 2095 2748 2150 hzeresim
2792 2095 3052 2152 Arianam
3085 2111 3358 2166 nunquam
3399 2096 3566 2152 fuerit
3591 2097 3789 2167 profes-

2216 2203 2328 2244 sus.
2361 2187 2487 2242 Tria
2530 2187 2755 2242 crimina
2792 2187 3142 2243 commiserat
3176 2187 3423 2243 Liberius
3473 2203 3600 2259 quae
3645 2188 3792 2244 fama

2215 2282 2281 2337 de
2305 2281 2472 2353 ipsius
2501 2281 2692 2337 hmresi
2724 2281 3020 2354 vulgandm,
3072 2290 3130 2336 ut
3172 2283 3248 2337 ait
3286 2283 3584 2338 cardiualis
3628 2283 3792 2338 Baro-

2215 2377 2362 2443 nius,
2410 2377 2476 2430 ad
2524 2391 2721 2430 annmn
2754 2375 2881 2442 357,
2922 2391 2978 2429 n.
3023 2375 3113 2441 42,
3143 2377 3487 2431 occasionem
3516 2375 3790 2431 dederunt.

2220 2475 2240 2521 'c
2277 2466 2428 2534 Quod
2483 2465 2660 2522 victus
2705 2464 3050 2520 labefactarit
3101 2465 3501 2521 sacerdotalem
3547 2477 3794 2521 constan-

2215 2561 2365 2625 tiam,
2402 2559 2594 2630 injuste
2625 2569 2814 2614 coutra
2864 2568 3107 2614 sanctum
3146 2559 3503 2615 Athanasium
3550 2559 3788 2615 subscri-

2211 2649 2418 2717 bendo;
2464 2651 2713 2721 quodque
2763 2651 3266 2716 cominuuicaverit,
3317 2659 3379 2705 ιιι
3411 2650 3527 2722 ipse
3572 2649 3788 2716 fatetur,

2212 2761 2335 2802 cum
2380 2745 2484 2801 illis
2528 2760 2754 2816 quorum
2803 2743 3234 2799 communionem
3289 2743 3551 2798 hactenus
3599 2744 3789 2798 exhoro

2212 2839 2445 2903 ruisset;
2482 2838 2573 2892 sed
2601 2836 2818 2907 etquod
2867 2836 3029 2891 etiam
3057 2833 3386 2908 professioni
3431 2834 3509 2890 illi
3553 2833 3790 2889 subscri-

2211 2934 2401 3006 pserit,
2455 2945 2575 3002 qua:
2627 2931 2748 2986 licet
2806 2929 3074 2985 catholica
3133 2929 3303 2984 videri
3358 2937 3560 2998 posset,
3613 2936 3789 2982 tamen

2211 3037 2344 3082 voce
2411 3025 2500 3080 illa
2587 3015 2801 3079 Nicmna
2886 3029 3100 3078 careret
3171 3022 3788 3086 consubstantialitatis,

2211 3134 2374 3189 quam
2429 3117 2664 3188 majores
2717 3131 2906 3172 omnes
2975 3115 3234 3170 adversus
3281 3114 3548 3180 Arianos,
3603 3131 3790 3185 magna

2212 3225 2426 3281 semper
2455 3209 2625 3280 gloria
2657 3205 3046 3263 defendissent.
3085 3223 3104 3258 ι
3158 3205 3330 3276 Hujus
3361 3205 3596 3262 infamiae
3625 3207 3792 3261 disse-

2211 3303 2561 3356 minationcm
2593 3315 2696 3355 non
2731 3315 2922 3370 parum
2978 3299 3128 3355 auxit
3161 3300 3432 3371 oppositio
3473 3313 3632 3370 quam
3682 3299 3793 3353 cle-

2211 3409 2304 3449 rus
2335 3393 2610 3448 llomanus
2636 3393 2770 3448 duce
2798 3391 3048 3458 Damaso,
3079 3403 3135 3447 et
3163 3393 3309 3447 cives
3344 3391 3570 3446 Romani
3604 3393 3796 3446 catho-

2209 3483 2300 3539 lici
2328 3499 2492 3554 prope
2533 3495 2719 3539 omnes
2767 3482 3013 3538 fecerunt
3059 3481 3275 3537 Liberio
3303 3498 3457 3554 papa:
3500 3483 3570 3537 ab
3594 3483 3794 3537 exsilio

2211 3576 2438 3634 Romam
2488 3577 2750 3632 redeunti.
2787 3575 3083 3631 Publicatis
3125 3575 3270 3630 enim
3317 3587 3435 3645 qua:
3477 3575 3795 3628 humanitus

2212 3670 2287 3726 illi
2311 3670 2668 3741 contigerant,
2702 3684 2823 3724 cum
2871 3681 2936 3723 eo
2982 3668 3418 3723 communionem
3463 3667 3644 3722 colere
3703 3681 3796 3721 no-

2210 3765 2448 3830 luerunt,
2496 3765 2589 3818 sed
2633 3762 2796 3818 Felici
2841 3762 3100 3826 secundo,
3143 3761 3450 3816 secessione
3495 3775 3528 3814 a
3571 3759 3796 3814 Liberio

2209 3857 2374 3924 facta,
2401 3857 2742 3912 adhaeserunt
2774 3871 2787 3909 :
2819 3853 2963 3910 unde
2994 3869 3177 3918 neces,
3203 3853 3392 3908 exsil‘a
3431 3863 3484 3907 et
3523 3852 3793 3922 martyria

2210 3947 2381 4006 multa
2407 3948 2774 4018 contigerunt,
2803 3943 3075 4016 praefectis
3111 3943 3416 3999 Constantii
3443 3943 3794 4014 imperatoris

2213 4038 2405 4096 Ariani
2455 4037 2510 4092 in
2538 4051 2632 4092 eos
2657 4036 2748 4107 qui
2801 4033 3000 4091 Liberii
3047 4035 3481 4091 communionem
3533 4033 3792 4104 amplecti

2210 4132 2413 4190 nollent
2466 4129 2836 4186 saevientibus.
2900 4127 3004 4196 Qui
3060 4129 3174 4182 haec
3239 4127 3508 4198 sigillatim
3577 4127 3793 4182 discere

2210 4229 2389 4299 cupit,
2448 4224 2738 4282 cardinalis
2797 4219 3012 4277 Baronii
3076 4220 3317 4278 Annales
3376 4221 3520 4291 legat
3575 4220 3648 4275 ad
3697 4235 3792 4276 al-

2209 4339 2336 4379 num
2383 4319 2584 4378 Christi
2636 4317 2763 4384 557,
2817 4332 2874 4372 ιι.
2933 4315 3035 4384 52;
3094 4329 3210 4388 seq.
3271 4317 3479 4373 cardiu.
3529 4314 3787 4372 Bellum.

2207 4416 2464 4472 Controv.
2499 4423 2628 4469 tom.
2663 4409 2705 4479 i,
2738 4411 2829 4466 lib.
2861 4425 2938 4477 tv,
2983 4409 3052 4466 de
3084 4407 3289 4465 Pontif.
3323 4409 3503 4475 Rom,
3545 4422 3670 4479 cap.
3727 4408 3782 4462 9.

2211 4512 2341 4567 Cum
2374 4509 2536 4581 igitur
2584 4505 2866 4561 sententiae
2915 4517 3026 4558 sua
3070 4509 3248 4560 tantos
3301 4501 3502 4558 habent
3540 4508 3791 4556 auctores

2207 4603 2474 4667 Auxilius,
2532 4599 2691 4654 facile
2737 4595 3083 4652 excusandus
3109 4606 3213 4661 est,
3257 4603 3318 4649 ut
3359 4601 3416 4650 et
3463 4591 3619 4650 multi
3663 4605 3790 4663 gre-

2207 4712 2300 4751 ves
2323 4705 2570 4750 auctores
2602 4687 2692 4761 qui
2738 4698 2861 4744 ante
2919 4696 2975 4744 et
3025 4696 3146 4759 post
3199 4687 3373 4759 ipsum
3432 4685 3486 4741 in
3538 4685 3788 4740 eamdem

2207 4787 2343 4857 lapsi
2381 4794 2505 4840 sunt
2552 4780 2901 4846 sententiam,
2956 4793 3090 4851 quos
3137 4779 3283 4834 inter
3330 4785 3550 4834 sanctas
3591 4777 3785 4834 Petrus

2207 4882 2498 4938 Damianus
2549 4879 2836 4951 episcopus
2885 4885 2940 4932 et
2988 4874 3279 4933 cardinalis
3311 4874 3634 4940 “ostiensis,
3687 4873 3784 4929 do-

2205 4974 2399 5038 ctrina,
2448 4971 2649 5042 pietate
2695 4976 2749 5023 et
2799 4967 3061 5040 dignitate
3111 4966 3165 5020 in
3211 4965 3454 5023 Ecclesia
3491 4963 3782 5022 celeber-ﬁ-

2201 5078 2340 5120 mus.

535 5220 3773 5253 MM

667 5371 1120 5474 AUXILIUS
1191 5374 1320 5472 DE
1391 5373 2206 5478 ORDINATIONIBUS
2279 5383 2344 5478 A
2401 5379 2847 5480 FORMOSO
2921 5378 3172 5477 PAPA
3244 5377 3606 5478 FACTIS.

992 5679 1361 5738 PBEFATIU
1371 5681 1616 5740 NCULA.

2204 5697 2513 5744 sanctorum
2569 5687 2790 5745 Patrum
2861 5689 3200 5746 documentis
3257 5704 3432 5760 pauca
3491 5687 3772 5744 deflorui-

596 5765 842 5826 Prudeus
881 5767 1069 5838 lector,
1109 5771 1223 5828 haec
1269 5775 1334 5827 de
1379 5771 1776 5845 Scripturarum
1825 5775 1993 5848 copiis
2037 5782 2093 5836 et
2195 5794 2336 5844 mus,
2392 5781 2596 5836 scilicet
2633 5799 2645 5834 :
2704 5781 2856 5848 Quod
2903 5782 2948 5836 si
2990 5782 3272 5854 episcopus
3307 5796 3336 5835 a
3387 5779 3598 5852 propria
3637 5778 3772 5837 sed:
