3948 5340
185 432 320 493 1061

815 411 1085 485 'AUXth
1120 416 1210 480 ns
1247 418 1474 481 onum.
1516 414 1561 475 Α
1598 412 1926 475 romwso
1962 410 2138 469 PAPA
2174 406 2419 468 FACTIS
2454 407 2636 465 LIBRI
2678 406 2838 467 DUO.

3300 406 3324 461 1
3347 410 3355 459 Ῐ
3370 403 3440 462 (72

184 553 352 609 fuerit
381 547 585 622 pulsus,
638 552 786 602 certa
828 544 1142 599 imminente
1175 538 1501 595 necessitate
1526 534 1611 591 vel
1656 533 1760 587 uti-
1790 532 1838 592 Α
1866 528 2061 601 partim
2112 528 2165 582 in
2193 541 2444 582 sermone
2488 526 2657 597 ipsius
2681 524 2770 596 qui
2801 522 3176 597 Syutacterius
3204 520 3440 592 appella-

183 646 362 710 iitate,
409 643 463 698 in
490 641 591 696 alia
642 638 885 695 Ecclesia
937 649 1057 706 quae
1104 631 1388 704 pnesulem
1438 644 1542 685 non
1573 626 1760 692 habet,

184 732 548 791 inthronizari
590 728 780 801 possit,
831 740 938 782 non
980 734 1161 780 tamen
1201 723 1404 794 absque
1441 720 1764 775 auctoritate

182 830 451 884 duntaxat
484 823 712 881 Romani
741 820 1044 892 pontiﬁcis;
1086 826 1142 874 et
1188 815 1329 887 quod
1367 813 1637 871 ordinatio
1671 811 1765 869 illa

178 932 351 974 uuam
380 929 520 987 papa
556 913 848 969 Formosus
892 911 1041 975 fecit,
1086 917 1204 963 rata
1254 914 1312 962 et
1356 904 1592 977 legitima
1643 914 1766 958 esse

180 1009 543 1082 probabiliter
581 1007 920 1069 ostendatur,
952 1001 1168 1058 etiamsi
1209 1000 1324 1073 ipse
1365 998 1681 1062 Formosus,
1709 1001 1770 1050 ut

184 1102 364 1165 aiunt,
412 1114 522 1154 non
579 1097 682 1153 rite
733 1093 899 1149 fuerit
946 1092 1248 1148 ordinatus.
1299 1088 1638 1159 Quapropter
1679 1083 1767 1141 cui

181 1194 424 1267 μηνίσω
478 1191 659 1263 tegere
704 1187 930 1245 minime
957 1193 1138 1251 vacat,
1189 1185 1306 1240 haec
1357 1181 1597 1237 breviter
1642 1165 1772 1237 ccu-

181 1295 360 1360 gesta,
389 1285 436 1342 si
480 1298 699 1342 sensum
745 1279 1010 1346 intendat,
1055 1277 1291 1335 ubertim
1322 1272 1569 1332 suﬁcere
1612 1284 1772 1345 posse

182 1398 294 1440 non
335 1380 561 1437 dubium
602 1386 707 1434 est.

110 1470 126 1594 ί
180 1494 318 1554 Car.
360 1495 512 1552 l.--—-
544 1491 749 1549 Ablatio
776 1507 841 1547 ex
858 1488 1108 1546 decretali
1136 1485 1355 1560 epistola
1376 1483 1559 1540 Anteri
1586 1479 1771 1553 Papae.

258 1607 380 1665 Non
409 1606 604 1664 transit
641 1604 706 1662 de
727 1604 946 1660 civitate
976 1602 1028 1658 in
1052 1601 1349 1664 civitatem,
1380 1596 1461 1651 vel
1487 1595 1556 1651 de
1578 1593 1776 1650 minori

183 1700 413 1758 civitate
463 1697 531 1754 ad
573 1695 853 1765 majorem,
884 1693 974 1765 qui
1027 1692 1129 1747 hoc
1177 1706 1282 1746 non
1330 1703 1429 1746 suo
1457 1686 1636 1752 libitu,
1668 1700 1775 1741 non

183 1794 423 1859 ambitu,
455 1807 563 1847 non
594 1788 811 1861 propria
840 1786 1113 1841 voluntate
1145 1783 1290 1845 facit,
1318 1779 1411 1837 sed
1459 1788 1553 1834 aut
1579 1778 1655 1844 vi,
1685 1784 1780 1834 aut

1869 628 1976 677 tur.
2007 619 2368 691 Apertiusque
2394 617 2446 671 in
2491 615 2708 672 homilia
2741 614 3106 678 inveniuntur,
3138 629 3297 685 quam
3328 612 3445 684 ipse

1868 713 1933 769 de
1959 726 2017 768 se
2043 712 2181 782 apud
2205 707 2723 787 Constantinopolim
2754 707 3011 763 adversus
3035 721 3128 762 eos
3169 705 3443 777 disseruit,

1866 804 1960 876 qui
1982 814 2110 859 eum
2137 801 2317 859 sedem
2350 800 2495 855 illam
2523 798 2858 855 desiderasse
2884 797 3133 855 dicebant
3155 809 3205 851 ιι.

1860 915 1996 976 Car.
2036 915 2123 973 ΙΙΙ.
2174 946 2232 958 --
2270 912 2501 972 Nomina
2528 913 2885 984 episcoporum
2928 912 3019 984 qui
3049 910 3447 982 transmigrauit.

2334 995 2458 1041 runt
2502 984 2571 1040 ad
2609 984 2769 1039 aliam
2792 984 2984 1039 sedem.

1940 1083 2324 1141 Verumtamen
2339 1082 2466 1154 quia
2488 1081 2555 1137 de
2572 1081 2943 1153 episcoporum
2972 1079 3298 1151 transmigra
3308 1077 3452 1133 tione

1832 1161 1842 1213 Ῐ
1867 1176 2101 1234 facimus
2136 1175 2490 1239 mentionem,
2527 1183 2700 1229 restat
2731 1181 2790 1228 ut
2822 1182 2878 1229 et
2927 1172 3061 1229 alios
3094 1172 3185 1241 qui
3216 1171 3453 1235 utilitate

1869 1270 1959 1327 vel
2007 1269 2332 1327 necessitate
2376 1265 2725 1323 inthronizati
2757 1273 2900 1332 sunt,
2928 1266 2995 1321 ad
3022 1264 3336 1320 memoriam
3370 1275 3457 1318 re—

1870 1374 2148 1416 vocemus.
2196 1357 2487 1428 Perigenes
2523 1355 2579 1411 in
2608 1353 2786 1411 Petris
2806 1363 2891 1411 est
2924 1352 3206 1410 ordinatus
3248 1353 3459 1424 episco-

1871 1469 1998 1528 pus,
2030 1453 2128 1510 scd
2162 1450 2416 1523 quoniam
2452 1449 2601 1505 cives
2626 1448 2744 1520 ejus
2772 1445 3010 1504 civitatis
3032 1460 3154 1503 eum
3183 1448 3457 1517 suscipere

1876 1547 2187 1612 noluerunt,
2235 1543 2497 1600 Romana:
2538 1540 2772 1597 civitatis
2798 1540 3081 1611 episcopus
3121 1532 3284 1611 jussit
3334 1530 3457 1594 eum

1878 1637 2235 1698 inthronisari
2278 1637 2331 1692 in
2378 1634 2697 1692 Corinthum
2762 1630 3102 1704 metropolim
3133 1673 3148 1697 ,
3205 1630 3459 1687 defuncto

1879 1731 1997 1802 ejus
2018 1732 2289 1802 episcopo,
2337 1728 2513 1799 eique,
2561 1727 2732 1783 donec
2772 1725 2998 1791 advixit,
3029 1716 3285 1781 Ecclesia)
3325 1739 3463 1795 prae-

1884 1825 2005 1880 fuit.
2038 1823 2351 1879 Dositheum
2384 1820 2645 1876 Seleucim
2671 1818 2980 1893 episcopum
3007 1817 3313 1873 Alexander
3354 1818 3463 1873 An-

182 1899 410 1986 ΡΙῨΡΙῊ
466 1881 593 1986 Ῠθάῗ
641 1879 845 1986 ῳιει¹8¹
866 1884 996 1986 ..θυι
1034 1882 1358 1986 Neemiam
1386 1875 1779 1986 φξκῇιῗῖηέῗξ
1809 1894 1858 1960 Β
1887 1917 2170 1973 tiochenus
2201 1914 2489 1986 episcopus
2517 1912 2570 1967 in
2600 1875 2870 1967 Tharsum
2896 1909 3100 1966 Ciliciae
3124 1907 3462 1980 demigrarit.

185 1978 430 2034 utilitate
474 1976 575 2032 loci
600 1982 694 2030 aut
721 1972 924 2045 populi,
949 1987 1057 2026 non
1086 1967 1340 2040 superbe,
1381 1968 1474 2023 sed
1502 1965 1778 2022 humiliter

188 2067 544 2125 transfertur.
585 2065 699 2123 Non
727 2065 890 2137 igitur
916 2063 1109 2135 migrat
1137 2062 1201 2117 de
1232 2061 1450 2116 civitate
1480 2060 1547 2114 ad
1589 2058 1781 2123 civita-

187 2271 377 2321 suam,
402 2255 498 2309 sed
529 2261 587 2307 ut
609 2252 721 2323 jam
745 2251 946 2306 dictum
992 2258 1095 2315 est,
1121 2256 1213 2302 aut
1240 2244 1426 2318 pulsus
1456 2260 1484 2299 a
1515 2244 1641 2299 sedc
1660 2260 1779 2310 sua,

187 2357 282 2402 aut
321 2344 652 2401 necessitate
696 2349 932 2405 coactus,
967 2350 1061 2396 aut
1091 2338 1375 2403 electione,
1408 2345 1501 2392 aut
1528 2337 1781 2391 exhorta—

188 2440 345 2495 tione
386 2434 729 2491 sacerdotum
760 2438 815 2487 et
842 2430 1161 2501 populorum
1202 2429 1265 2482 ad
1299 2428 1461 2482 aliam
1509 2426 1784 2483 civitatem

190 2526 553 2593 transfertur,
602 2531 657 2580 et
702 2522 1122 2578 inthronizatur.
1156 2519 1292 2575 llinc
1321 2528 1404 2575 est
1444 2518 1585 2589 quod
1612 2516 1785 2576 Euse-

189 2622 318 2676 bius
342 2617 411 2673 de
442 2616 674 2688 quadam
727 2628 893 2686 parva
933 2612 1184 2679 civitate,
1215 2610 1511 2682 apostolica
1543 2609 1785 2666 auctori-

192 2719 310 2766 tate
335 2716 579 2764 mutatus
601 2714 685 2762 est
704 2703 1106 2761 Alexandriam.
1140 2700 1292 2757 Felix
1317 2716 1532 2773 quoque
1559 2701 1625 2757 de
1651 2700 1786 2756 civi-

194 2811 314 2857 tate
337 2815 446 2871 qua
487 2798 770 2855 ordinatus
818 2805 936 2853 erat
983 2795 1247 2850 electione
1300 2793 1526 2859 civium,
1572 2801 1792 2865 propter

193 2893 538 2957 doctrinam,
588 2898 644 2945 et
692 2889 888 2944 bonam
934 2887 1099 2942 vitam
1145 2901 1305 2956 quam
1350 2886 1605 2952 habebat,
1641 2901 1791 2941 com-

196 2983 355 3039 muni
378 2982 753 3054 episc0porum
778 2987 831 3034 et
865 2977 1195 3049 reliquorum
1222 2975 1583 3042 sacerdotum,
1613 2993 1677 3030 ac
1702 2991 1798 3045 po-

195 3074 460 3145 pulorum
489 3068 716 3128 consilio
760 3067 1055 3125 translatus
1088 3076 1173 3122 est
1203 3066 1492 3138 Ephesum.
1529 3065 1654 3123 Haec
1680 3065 1793 3121 An-

200 3176 380 3221 lcrus.

519 3254 648 3313 Cu‘
687 3252 751 3310 u‘
792 3284 863 3295 “’
903 3253 977 3310 De
1014 3262 1194 3328 ⁸ᾳ⁷²⁶¹⁰
1230 3251 1501 3325 Gregom'
1795 3266 1868 3329 ’Β
1900 3302 1953 3357 in
1983 3310 2136 3357 sexto
2181 3298 2434 3356 Historia
2478 3294 2877 3353 Ecclesiasticm
2928 3251 3485 3357 libro,lAlexandrum

275 3370 551 3427 Caeterum
583 3377 763 3426 autem
794 3369 839 3424 si
870 3368 1154 3440 quisquam
1180 3364 1453 3435 objectare
1482 3365 1791 3431 tentavcrit,

198 3463 352 3533 quod
384 3462 523 3517 idem
553 3460 786 3515 Anterus
811 3466 938 3513 ante
986 3456 1264 3513 Nicamum
1296 3455 1459 3510 fuerit
1484 3455 1795 3518 concilium,

206 3739 549 3810 theologum,
592 3751 697 3791 non
722 3736 905 3806 paucis
939 3733 1241 3790 labentibus
1268 3732 1429 3786 annis
1460 3737 1582 3800 post
1623 3726 1799 3783 Nicaea

203 3849 344 3889 num
391 3828 703 3895 concilium,
752 3829 822 3883 ob
876 3825 1125 3883 Ecclesiae
1171 3824 1454 3879 utilitatem
1492 3822 1558 3876 de
1583 3819 1801 3876 civitate

205 3927 277 3981 ad
311 3924 590 3980 civitatem
630 3920 902 3991 migravit.
961 3919 1095 3973 Nam
1142 3932 1263 3974 cum
1294 3916 1444 3986 prius
1474 3915 1633 3970 unius
1668 3915 1801 3972 civi.-

208 4018 348 4077 tatis
395 4015 769 4087 Cappadociae,
796 4028 919 4083 quae
967 4011 1232 4069 Samsima
1266 4011 1564 4076 dicebatur,
1613 4009 1801 4067 fuisset
1854 4034 1857 4037 π

204 4110 527 4180 episcopus,
570 4105 714 4163 beati
759 4104 974 4171 Basilii,
1028 4114 1084 4159 et
1140 4104 1369 4161 aliorum
1427 4105 1801 4173 episcoporum

208 4204 443 4258 hortatu
498 4206 555 4253 ct
609 4212 916 4261 consensu,
980 4195 1252 4250 Nazianzo
1311 4194 1640 4250 constitutus
1697 4203 1801 4249 est.

208 4292 429 4348 Deinde
475 4288 998 4360 Constantinpolim
1042 4287 1384 4359 demigravit.
1430 4285 1631 4356 Neque
1658 4288 1804 4349 enim

211 4382 479 4440 audiendi
510 4390 636 4438 sunt
663 4382 752 4452 qui
785 4396 909 4436 eum
962 4379 1207 4452 synodali
1244 4379 1451 4447 judicio
1501 4389 1753 4435 asserunt

212 4473 820 4546 Constantinopolitana
844 4471 973 4529 sede
998 4471 1314 4544 projectum.
1352 4470 1547 4526 Verum
1574 4479 1658 4526 est
1682 4469 1797 4539 qui'

1881 2008 2241 2065 Reverentius
2280 2005 2348 2060 ab
2391 2005 2532 2060 arcis
2552 2001 2845 2059 Phrenicize
2890 2003 2945 2057 in
2975 2002 3177 2074 Tyrum
3204 2000 3467 2071 migratus

188 2093 544 2174 "‘“wwrfm‘
585 2093 699 2123 “”"
728 2093 888 2170 "53‘?"
916 2093 1109 2135 ""5""
1137 2093 1201 2117 π
1232 2093 1450 2116 ww";
1480 2093 1547 2114 ’“”
1589 2093 1781 2164 ῗ”ἷ“ἶ“
1819 2145 1823 2148 μ
1880 2110 1987 2158 est.
2018 2099 2254 2155 Joannes
2284 2100 2349 2154 de
2376 2095 2682 2169 Gordolyde
2731 2103 2970 2150 mutatus
3001 2104 3084 2150 est
3124 2095 3176 2148 in
3206 2093 3441 2149 Procoso

188 2175 325 2228 “3m:
358 2180 453 2233 qm
492 2176 597 2216 "0“
650 2169 892 2215 (“arma
942 2172 1126 2222 causa”
1184 2171 1288 2209 "0"
1328 2161 1521 2223 sponte
1560 2152 1783 2206 duum“
1834 2186 1852 2201 ⁷⁴
1878 2203 1932 2233 οι
1964 2195 2017 2233 in
2048 2208 2108 2233 ρει
2130 2191 2375 2233 nrmcmiit
2428 2188 2695 2233 Ecclesia-
2731 2186 3004 2233 Palladius
3037 2186 3103 2233 ιλιι
3130 2132 3465 2233 Helenum)“:

1878 2203 1934 2249 et
1964 2195 2017 2248 in
2048 2208 2109 2249 ea
2130 2191 2380 2263 praesedit
2428 2188 2696 2244 Ecclesia.
2731 2186 3004 2243 Palladius
3037 2186 3103 2241 ab
3130 2181 3467 2256 Helequoli,

1884 2294 2124 2342 mutatus
2158 2292 2240 2337 est
2272 2283 2322 2336 in
2350 2281 2662 2352 Asponiam,
2700 2278 3006 2335 Alexander
3037 2278 3105 2333 ab
3155 2276 3260 2332 alia
3304 2275 3468 2332 llele-

1887 2378 2065 2450 uopoli
2121 2378 2173 2432 in
2200 2374 2476 2447 Adriopoli
2512 2381 2749 2429 mutatus
2786 2379 2890 2429 est.
2944 2371 3189 2427 Mcletius
3232 2368 3382 2445 prius
3415 2367 3469 2424 in

1889 2471 2187 2528 Sebastena
2253 2468 2493 2525 Ecclesia
2556 2466 2791 2538 praefuit,
2832 2474 2885 2521 et
2942 2475 3126 2535 postea
3176 2460 3475 2519 Antiochiae

1885 2565 2080 2639 praesul
2121 2574 2205 2621 est
2230 2563 2572 2619 constitutus.
2598 2558 2935 2616 Theosebius
2967 2557 3034 2613 ab
3066 2556 3290 2627 Apamia
3324 2553 3467 2609 Asiae
3522 2608 3532 2616 ,

1890 2658 2218 2714 transfertur
2246 2656 2300 2710 in
2328 2652 2761 2724 Eudoxiopolim,
2792 2660 2913 2724 qua
2940 2650 3138 2705 dudum
3166 2644 3472 2703 Salaminia

1890 2752 2209 2810 vocabatur.
2237 2749 2570 2820 Polycarpus
2589 2746 2655 2803 de
2698 2747 2833 2802 urbe
2853 2744 3235 2814 Antapristena
3271 2740 3472 2814 Mysizr,

1896 2846 1948 2901 in
1977 2842 2274 2914 Nicopolim
2320 2839 2569 2896 Thraciae
2605 2846 2844 2895 mutatus
2887 2844 2998 2893 'est.
3027 2833 3370 2905 Hierophilns
3412 2831 3479 2887 de

1894 2933 2250 3006 Trapezopoli
2291 2930 2544 3004 Phrygiae
2595 2931 2649 2986 in
2698 2929 3045 2985 Antiochiam
3078 2934 3319 2982 mutatus
3367 2931 3472 2979 est.

1894 3029 2144 3099 Optimus
2166 3027 2232 3083 ab
2256 3024 2581 3098 Agardamia
2604 3021 2856 3094 Phrygia:
2877 3021 2931 3076 in
2967 3016 3307 3074 Antiochiam
3337 3013 3477 3071 Pisi-

1900 3120 2001 3176 dia:
2031 3119 2295 3189 migratus
2331 3124 2434 3172 est.
2480 3114 2753 3187 Sylvanus
2783 3127 2812 3167 a
2842 3107 3199 3181 Philippopoli
3230 3104 3479 3162 Thracim
3569 3169 3578 3177 _

1900 3218 2140 3265 mutatus
2202 3216 2286 3264 est
2335 3207 2387 3262 in
2419 3205 2652 3261 Troada.
2707 3200 2973 3258 Eusebius
3004 3201 3187 3271 itaque
3216 3189 3484 3267 Pau'phili

1897 3396 2059 3471 unius
2107 3391 2459 3464 Cappadociae
2508 3389 2745 3446 civitatis
2793 3388 3102 3456 episcopum
3143 3381 3329 3446 refert.
3359 3377 3485 3450 quia

1863 3544 1867 3548 _
1900 3503 2024 3543 cum
2054 3486 2290 3541 venisset
2323 3496 2486 3539 causa
2507 3479 2775 3537 orationis
2798 3475 3249 3546 Hierosolymam,
3289 3472 3482 3525 dcton-

204 3556 433 3613 mmlem
463 3553 675 3608 discere
702 3568 808 3607 ¹¹⁰¹¹
836 3546 1549 3646 9""?95°3‘:q“°d_"3‘°"__
1568 3545 1799 3602 sane“?
1905 3589 1994 3634 tus
2023 3577 2095 3632 sit
2120 3576 2188 3631 ab
2211 3573 2327 3646 ejus
2352 3573 2583 3637 civibus,
2612 3579 2667 3627 et
2688 3571 2744 3626 in
2776 3569 2952 3625 locum
2976 3545 3213 3622 Narcissi
3245 3558 3487 3633 episcopi

202 3663 385 3704 5"""5
431 3654 485 3703 et
537 3646 728 3702 doctor
774 3642 1079 3709 m'wbll's’
1120 3640 1440 3712 Gregonum
1499 3640 1799 3732 d'°°_,_vere
1842 3650 1861 3718 ί
1900 3640 2331 3732 constitutus,ct
2354 3667 2420 3722 (le
2441 3661 2800 3720 cmteroomni
2828 3660 2936 3715 vita
2959 3673 3084 3725 sua,
3112 3657 3214 3729 ipsi
3238 3655 3494 3712 Ecclesiae

1852 3751 1864 3769 ’
1900 3760 2267 3832 prtesedisset.

1903 3855 2033 3910 CAP.
2072 3853 2160 3910 IV.
2198 3881 2249 3892 —
2305 3848 2382 3905 De
2415 3849 2495 3903 his
2542 3853 2796 3971 {ttulimwet
2825 3843 2964 3915 apud
3008 3841 3266 3898 Chronica
3308 3838 3496 3901 Grates

2540 3935 2557 3971 ι
2585 3935 2615 3971 a
2656 3933 2732 3971 ea:
2759 3932 2841 3970 ur.

2540 3932 2615 3972 ita
2636 3932 2841 3988 tegitur.

1974 4017 2281 4085 imperante
2319 4012 2708 4073 Romanorum,
2756 4004 2994 4062 secundo
3030 4018 3194 4068 anno,
3232 4000 3498 4064 Artemis,

1850 4133 1854 4138 -
1910 4109 1999 4180 qui
2016 4117 2097 4164 est
2116 4117 2171 4162 et
2187 4105 2517 4168 Anastasius,
2537 4101 2694 4156 tertia
2718 4100 2925 4154 decima
2950 4096 3263 4161 indictione,
3280 4093 3500 4149 undeci—

1908 4217 1997 4256 ma
2013 4200 2097 4255 die
2120 4198 2318 4253 mensis
2334 4195 2578 4264 Augusti,
2606 4190 2894 4248 translatus
2918 4197 2995 4245 est
3018 4189 3083 4245 de
3103 4182 3382 4255 metropOli
3399 4183 3501 4257 Cy-

1911 4293 2028 4348 zico
2056 4291 2358 4347 Germanus
2382 4284 2820 4355 archiepiscopus
2844 4277 3383 4348 Constantinopolim,
3409 4292 3499 4331 as-

1910 4394 2062 4440 tante
2086 4389 2283 4438 sanctae
2299 4380 2555 4434 Romanae
2572 4386 2625 4432 et
2641 4371 2946 4446 apostolicae
2961 4371 3105 4426 sedis
3125 4368 3496 4440 apocrisiario,

1912 4472 2362 4533 reverendissimo
2380 4470 2700 4540 presbytero
2722 4463 3026 4531 Michaelio,
3043 4461 3506 4519 consentientibus

213 4564 541 4646 Congregati
572 4577 699 4625 sunt
732 4566 990 4640 episcopi,
1042 4565 1137 4621 sed
1192 4578 1298 4619 non
1348 4564 1611 4623 adversus
1660 4575 1782 4616 eum
1842 4543 2199 4646 iepiscopis,
2238 4572 2293 4617 et
2331 4560 2581 4616 omnibus
2609 4554 2963 4627 presbyteris,
2991 4544 3345 4618 diaconibus,
3373 4549 3502 4604 sub-

213 4628 553 4731 sedvmagis
582 4628 843 4715 adversus
871 4628 1326 4710 iiitbronizatores
1364 4650 1503 4720 ejus,
1541 4649 1784 4707 videlicet

1918 4656 2254 4720 diaconibus,
2284 4663 2333 4709 et
2357 4661 2549 4707 cuncto
2572 4646 2741 4714 clero,
2763 4645 2849 4702 vel
2877 4654 3085 4703 senatu.
3110 4641 3314 4711 Quibus
3336 4641 3510 4697 omni-

214 4755 376 4828 quod
405 4753 523 4809 Sine
570 4765 790 4808 800W!“
838 4761 1105 4804 0005008“
1143 4760 1265 4800 eum
1299 4744 1666 4811 ίηῑὶπρηίιπθ
1694 4744 1810 4798 308i
1867 4740 1873 4747 ’
1916 4748 2019 4805 bus
2062 4745 2203 4799 idem
2245 4742 2530 4814 presbyter
2580 4737 2740 4793 talem
2782 4734 2909 4792 fecit
2951 4748 3282 4793 sermonem.
3321 4729 3511 4786 Divina

219 4843 457 4902 fuerint.
495 4842 615 4913 Ipse
643 4839 897 4896 nimirum
945 4836 1324 4893 sanctissimus
1354 4834 1517 4893 Pater
1553 4832 1813 4891 testiﬁeaa-
1850 4834 1869 4891 ‘i

221 4946 347 5000 tur,
391 4931 545 5001 cujus
578 4928 944 4986 testimonium
974 4926 1161 4999 utique
1196 4941 1385 4981 verum
1416 4933 1522 4993 est,
1552 4923 1698 4997 quod
1731 4937 1817 4979 se-

222 5026 358 5082 dem
396 5022 540 5100 illam
589 5020 694 5075 rite
740 5017 1030 5088 acceperit,
1082 5020 1241 5090 eique
1293 5023 1439 5073 recte
1475 5014 1816 5087 przecederit,
1860 5056 1863 5063 ,

224 5119 346 5172 imo
382 5121 434 5168 et
467 5111 723 5184 precibus
762 5108 1004 5181 pulsatus
1026 5107 1209 5174 fuerit,
1239 5114 1298 5162 ut
1323 5121 1439 5164 eam
1465 5122 1575 5164 non
1596 5105 1827 5161 desere-v
1860 5110 1872 5138 4

1919 4839 2063 4893 enim
2091 4834 2262 4905 gratia
2308 4845 2428 4902 qum
2476 4830 2547 4886 sit
2590 4841 2803 4896 semper
2839 4825 3054 4881 infirma
3083 4822 3313 4892 erigere,
3346 4829 3398 4875 et
3436 4818 3518 4874 in-

1870 4920 1873 4933 ⁵
1921 4923 2184 4995 compieta
2223 4918 2515 4990 complere,
2541 4915 2836 4982 transtulit,
2864 4922 2920 4971 et
2956 4910 3229 4970 ordinavit
3255 4911 3307 4965 in
3340 4923 3522 4963 sacra-

1923 5019 2192 5076 tissimam
2235 5014 2417 5069 sedem
2461 5028 2492 5067 a
2536 5012 2650 5067 Deo
2678 5016 2912 5064 servata:
2951 5002 3188 5063 civitatis
3209 4998 3524 5057 Constanti-

1922 5106 2284 5181 nopolitanae,
2334 5112 2658 5175 praesentem
2722 5096 3051 5157 Germanum
3117 5093 3525 5151 sanctissimum

226 5216 354 5270 ret;
400 5201 492 5259 sed
522 5209 745 5275 propter
769 5197 1011 5254 assiduos
1043 5198 1290 5273 corporis
1317 5190 1551 5264 dolores,
1579 5203 1821 5252 exteras-
1927 5198 2413 5269 archiepiscopum.
2444 5194 2578 5252 Haec
2606 5198 2793 5247 autem
2820 5207 2930 5249 non
2961 5193 3080 5249 ideo
3108 5184 3532 5259 praedbavimus,

831 5303 1150 5340 """'"\mnpn
1190 5300 1462 5328 conantem
1518 5293 1581 5330 ἰαί
1593 5285 1818 5328 ἰιιαηιηέιί

1928 5301 1985 5328 ul
2032 5288 2183 5326 (II-nni
2233 5288 2435 5326 Iinilnrn
2494 5289 2561 5328 αἰι
2629 5281 2889 5326 nlﬁnngm
2938 5285 3309 5326 οηςερηηηιιηης
3370 5276 3428 5300 σιο-
3474 5290 3535 5302 η-
