3948 5578
439 419 578 479 10δὸ

1147 418 1437 477 ΑΡΡΕΝΙ).
1476 416 1570 474 ΑΙ)
1612 414 1787 474 SEC.
1827 413 1920 472 IX.
1958 444 2028 458 --
2059 412 2433 474 AUCTORES
2468 411 2632 471 ANNI
2670 411 2967 471 INCERTI.

3588 405 3735 466 1064

438 553 559 610 qua:
583 533 742 607 paulo
768 533 1016 605 superius
1055 533 1121 591 de
1165 533 1225 587 B.
1273 532 1533 602 Gregorio
1573 531 1820 604 theologo
1853 530 2034 587 dicere
2061 534 2110 594 Α
2137 529 2239 587 bus
2281 531 2421 587 sacri
2463 546 2699 587 canones
2740 529 3024 602 prmiixere
3070 528 3359 587 servanda.
3405 528 3675 593 Audistis,
3702 544 3737 583 ο

441 644 734 700 cmpcram.
766 626 953 683 Nonne
995 628 1038 682 si
1088 627 1382 697 quispiam,
1418 626 1721 681 temeritate
1756 638 2036 685 accensus,

441 719 681 789 ohjicere
700 716 1105 789 praesumpserit
1134 717 1273 795 quod
1306 716 1497 771 beatus
1524 714 1772 777 Basilius,
1796 721 1848 766 et
1871 711 2040 766 isdem

446 813 910 871 luculentissitnus
938 813 1126 868 doctor
1149 810 1463 883 Gregorius,
1510 809 1682 882 ignari
1722 796 1922 864 fuerint
1949 804 2042 861 Ni-

451 910 586 966 cieni
616 906 853 971 concilii,
884 916 937 962 et
960 908 1010 962 iu
1034 906 1338 976 hujusmodi
1368 903 1509 959 facto
1538 920 1566 958 a
1590 911 1776 959 sancta
1797 901 2041 957 Romana

447 998 688 1055 Ecclesia
753 996 1105 1063 deviaverint,
1163 995 1325 1051 etiam
1382 993 1667 1066 imperitiae
1713 992 2039 1048 cachinnum

447 1090 750 1166 praebebit?
776 1089 883 1146 Sed
912 1089 1449 1145 animadvertendum
1475 1096 1577 1150 est,
1607 1086 1751 1159 quod
1777 1086 1831 1142 in
1858 1085 2044 1158 hujus-

448 1184 593 1244 modi
621 1183 836 1255 negotio
881 1182 1044 1238 iidem
1076 1181 1245 1238 sancti
1275 1180 1490 1248 Patres,
1529 1178 1777 1235 Nicaxnos
1806 1193 2041 1235 canones

450 1280 526 1337 ita
558 1276 945 1345 intellexerint,
978 1277 1434 1348 quemadmodum
1467 1275 1926 1332 Chalcedonensis
1950 1290 2042 1347 sy-

448 1373 647 1439 nodus,
676 1387 887 1429 necnon
922 1380 976 1427 et
1008 1370 1383 1427 sanctissimus
1410 1385 1548 1442 papa
1590 1369 1722 1436 Leo,
1750 1377 1912 1440 atque
1938 1368 2045 1425 Ge-

455 1465 621 1522 lasius
646 1463 976 1521 intellexisse
996 1471 1313 1529 noscuntur,
1343 1461 1489 1533 quod
1516 1461 1569 1517 in
1590 1460 2045 1531 consequentibus

456 1556 715 1629 liquidius
740 1556 1039 1629 apparebit.
1174 1584 1177 1587 -
1240 1546 1243 1551 ’

453 1672 583 1730 CAP.
627 1672 715 1729 Vl.
752 1703 823 1714 —
857 1672 937 1727 De
958 1742 961 1743 ν
983 1672 1196 1743 vitanda
1223 1664 2046 1743 episcoporumtransmutatione

669 1745 733 1799 de
755 1744 873 1800 sede
895 1742 963 1798 ad
992 1742 1187 1809 sedem,
1212 1739 1276 1798 ea:
1300 1739 1521 1819 concilio
1552 1739 1795 1797 Nica'no.

532 1835 759 1907 Propter
787 1833 1011 1891 multam
1035 1832 1519 1903 perturbationem,
1538 1833 1898 1903 etseditiones
1927 1846 2047 1905 qtae

2130 620 2649 703 ‘aaquitatisjudices!
2673 621 2941 703 quomodo
2955 620 3404 678 Chalcedonense
3422 620 3735 678 concilium.

2142 713 2286 783 quod
2339 714 2526 784 utique
2557 730 2587 769 a
2619 714 2836 769 Nicaeno
2884 714 3111 770 concilio
3167 713 3481 769 nullatenus
3534 713 3737 776 deviat,

2134 804 2397 879 .statuerit
2417 805 2560 876 quod
2589 806 2794 875 absque
2823 805 3225 876 provinciarum
3257 805 3557 860 amissione
3582 806 3639 860 in
3664 804 3743 859 al-

2145 896 2316 951 terius
2342 896 2579 952 civitatis
2605 894 2901 953 Ecclesiam
2927 897 3338 970 demigrandum
3386 913 3497 953 non
3529 898 3620 952 sit.
3656 896 3747 952 Ni-

2132 987 2438 1059 hilominus
2451 988 2676 1069 audistis
2690 987 2832 1060 quod
2850 989 3192 1048 beatissimus
3210 1005 3351 1061 papa
3374 989 3491 1045 Leo
3520 1003 3749 1046 censue-

2143 1078 2234 1143 rit,
2260 1087 2317 1151 ut
2341 1079 2644 1151 episcopus,
2660 1080 2893 1137 civitatis
2914 1096 3025 1139 suae
3053 1081 3435 1137 mediocritate
3465 1082 3740 1153 despecta,

2133 1169 2667 1243 administrationem
2682 1170 2788 1227 loci
2811 1172 3358 1230 celebriorisambire
3383 1188 3496 1229 non
3521 1173 3744 1239 debeat,

2144 1274 2246 1316 nec
2273 1275 2372 1332 per
2398 1260 2683 1317 avaritiam
2707 1261 2773 1317 ad
2799 1258 3060 1334 majorem
3082 1279 3142 1321 se
3170 1263 3390 1335 plebem
3419 1264 3747 1319 transferre.

2144 1354 2200 1411 Id
2237 1355 2410 1427 ipsum
2440 1365 2622 1412 autem
2657 1371 2795 1427 papa
2831 1356 3097 1425 Gelasius,
3147 1367 3208 1414 ut
3248 1374 3423 1429 supra
3469 1366 3747 1414 ostmsum

2144 1454 2249 1512 est,
2279 1446 2508 1515 deﬁnire
2536 1447 2772 1503 videtur.
2792 1446 2861 1502 At
2886 1463 3016 1504 vero
3039 1448 3085 1504 si
3115 1448 3347 1519 alicujus
3372 1448 3751 1519 pmdecesso-

2145 1538 2224 1594 ris
2270 1536 2543 1609 pontiﬁcis
2583 1537 2878 1610 capitulum
2909 1538 2977 1593 ad
3006 1539 3406 1611 hmcobjicere
3446 1539 3576 1610 quis
3607 1552 3749 1609 pra-

2145 1630 2456 1704 sumpserit,
2489 1632 2703 1687 noverit
2721 1630 3215 1688 Chalcedonensem
3239 1630 3571 1703 synodum,
3620 1644 3750 1687 nec—

2147 1739 2255 1781 non
2275 1732 2329 1797 et
2349 1723 2676 1795 apostolicos
2696 1723 2977 1795 praesules,
3002 1739 3234 1795 quorum
3265 1724 3590 1780 testimonia
3614 1740 3747 1795 prm-

2151 1812 2391 1881 tulimus,
2416 1812 2651 1870 Leonem
2679 1812 2800 1870 dico
2822 1822 2984 1885 atque
3001 1813 3302 1881 Gelasium,
3326 1823 3531 1870 cuncta
3554 1827 3749 1885 peree-

465 1902 857 1997 iiuut,‘placuit
900 1902 1344 1980 consuetudinem
1374 1924 1627 1980 omnibus
1673 1902 2043 1997 [omnimodis]

2163 1902 2394 1960 lcntium
2420 1903 2669 1972 Patrum,
2687 1920 2810 1975 quae
2831 1905 3097 1961 canonice
3114 1905 3364 1961 instituta
3388 1914 3544 1970 sunt,
3560 1903 3753 1959 melius

460 2019 756 2091 amputari,
787 2032 907 2089 qua:
936 2025 1132 2085 praeter
1156 2016 1396 2088 regulam
1428 2016 1482 2072 iu
1517 2017 1840 2088 quibusdam
1877 2018 2049 2089 parti»

463 2112 565 2166 bus
593 2109 836 2164 videatur
864 2107 1119 2172 admissa,
1146 2106 1217 2161 ita
1245 2115 1305 2162 ut
1331 2107 1397 2162 de
1423 2106 1643 2164 civitate
1672 2108 1726 2163 in
1750 2109 2048 2176 civitatem,

464 2196 914 2271 nou'episcopus,
941 2214 1046 2256 non
1073 2199 1376 2271 presbyter,
1414 2215 1521 2254 non
1561 2199 1846 2269 diaconus,
1877 2208 2054 2258 trans-

464 2292 689 2347 feratur.
733 2289 792 2345 Si
838 2290 959 2360 quis
1001 2298 1178 2344 autem
1224 2299 1348 2361 post
1375 2290 1738 2347 deﬁnitionem
1781 2294 1954 2349 sancti
1998 2302 2055 2350 et

465 2381 647 2453 magni
674 2380 888 2437 concilii
913 2380 1017 2436 tale
1042 2380 1171 2463 quid
1196 2397 1357 2454 agere
1381 2385 1689 2452 tentaverit,
1715 2394 1771 2441 et
1791 2402 1847 2443 se
1871 2387 2056 2459 hujus-

464 2473 609 2530 modi
640 2471 856 2544 negotio
890 2471 1232 2543 manciparit,
1271 2473 1374 2528 hoc
1412 2473 1614 2529 factum
1646 2491 1866 2547 prorsus
1897 2478 1949 2532 in
1983 2478 2056 2533 ir-

463 2565 628 2621 ritum
650 2564 901 2631 ducatur,
927 2572 981 2619 et
1009 2564 1325 2621 restituatur
1348 2565 1604 2622 Ecclesiae
1624 2568 1707 2624 cui
1732 2567 1833 2624 fuit
1852 2570 2055 2641 episco-

406 2668 409 2671 “
468 2678 592 2736 pus,
620 2670 715 2717 aut
741 2661 1045 2734 presbyter,
1084 2672 1178 2718 aut
1215 2663 1476 2720 diaconus
1500 2662 1806 2719 ordinatus.

466 2774 594 2832 CAP.
635 2772 745 2831 VII.
784 2804 857 2818 —-
895 2774 1137 2848 Qualiter
1164 2776 1601 2848 Chalcedonensis
1638 2776 1869 2848 synodus
1918 2776 2055 2832 idem

966 2846 1245 2902 Nicrenum
1280 2847 1555 2919 intelligat.

540 2935 780 2995 Clericos
808 2938 863 2994 in
892 2937 1137 2995 Ecclesia
1180 2939 1578 3017 ministrantes,
1609 2939 1884 3010 sicutjam
1930 2955 2059 2996 con-

469 3029 765 3111 stituimus,
810 3030 865 3087 in
898 3031 1118 3087 alterius
1142 3032 1380 3088 civitatis
1404 3031 1636 3089 ecclesia
1666 3041 1900 3089 statutos
1940 3031 2060 3088 fieri

470 3138 579 3181 non
611 3132 855 3196 oportet,
886 3124 983 3180 sed
1025 3132 1312 3180 contentos
1345 3140 1465 3181 esse
1492 3124 1545 3180 in
1575 3125 1772 3196 quibus
1802 3125 1870 3182 ab
1908 3125 2062 3181 initio

470 3216 781 3274 ministrare
826 3226 1163 3283 meruerunt,
1210 3217 1453 3289 exceptis
1498 3217 1624 3283 illis,
1673 3217 1764 3288 qui
1815 3216 2063 3289 proprias

2153 1996 2528 2053 considerasse
2556 2005 2719 2068 atque
2749 2005 3045 2061 tractasse,
3089 2013 3253 2068 quam
3302 1997 3560 2053 homines
3590 1995 3749 2066 hujus

2152 2074 2431 2160 temporis.
2461 2098 2517 2145 et
2545 2089 2748 2146 idcirco
2774 2101 2932 2145 nemo
2958 2090 3040 2146 eis
3064 2089 3440 2160 praeferendus
3467 2099 3576 2145 est.

2519 2199 2647 2256 Car.
2688 2199 2781 2257 XI.
2814 2202 2890 2243 ‘—
2928 2201 3041 2257 0sii
3066 2201 3381 2273 capitulm.

2225 2293 2477 2350 Nonnulli
2507 2303 2762 2366 tanquam
2794 2294 3188 2350 validissimum
3228 2311 3449 2351 murum
3486 2294 3755 2365 objiciunt

2156 2386 2346 2445 Osium
2387 2388 2653 2446 dicentem
2688 2405 2701 2443 :
2735 2386 2793 2442 Si
2840 2388 2962 2459 quis
3012 2388 3303 2460 episcopus
3341 2403 3441 2459 per
3465 2388 3754 2443 avaritiam

2156 2489 2253 2537 aut
2295 2481 2672 2549 ambitionem,
2712 2490 2766 2537 et
2809 2490 2869 2536 ut
2911 2480 3339 2537 dominationem
3384 2490 3532 2552 agat,
3567 2481 3754 2535 sedem

2158 2572 2470 2638 mutaverit,
2503 2586 2606 2627 nec
2627 2571 2821 2628 laicam
2843 2572 3281 2627 communionem
3304 2570 3526 2626 babeat.
3549 2569 3756 2624 Deinde

2158 2666 2213 2722 in
2243 2666 2492 2737 sequenti
2537 2664 2773 2738 capitulo
2804 2664 3066 2741 :Etiamsi
3105 2663 3227 2719 talis
3266 2663 3536 2720 exstiterit
3562 2668 3621 2716 ut
3663 2677 3756 2733 per

2160 2755 2399 2825 fraudes,
2434 2766 2491 2813 et
2529 2758 2791 2829 quosdam
2824 2758 3051 2830 praemio
3077 2765 3132 2812 et
3163 2757 3413 2813 mercede
3439 2763 3757 2825 corruptos,

2161 2850 2565 2908 excusationem
2591 2849 2841 2917 aii'erens,
2867 2859 2925 2905 ut
2944 2850 3099 2920 quasi
3121 2864 3243 2905 eum
3264 2848 3444 2921 populi
3470 2858 3666 2919 petere
3680 2845 3758 2902 vi-

2162 2942 2425 3007 dcantur,
2455 2955 2558 2998 nec
2588 2940 2779 2996 laicam
2808 2941 2861 2997 in
2889 2943 2996 2996 line
3028 2940 3464 2997 communionem
3494 2938 3755 3010 accipiat.

2164 3034 2292 3090 CAP.
2334 3032 2446 3087 XII.
2477 3063 2548 3074 —
2575 3032 2728 3100 Quod
2758 3033 2891 3088 idem
2917 3032 3075 3088 Osius
3103 3048 3204 3086 non
3233 3032 3484 3086 catholire
3511 3029 3712 3085 dixerit
3739 3044 3755 3085 :

2254 3123 2273 3157 ι
2306 3103 2417 3160 Nec
2441 3104 2634 3160 laicam
2663 3105 2718 3159 in
2756 3103 2864 3159 line
2910 3102 3344 3160 communionem
3373 3102 3627 3172 accipiat.
3665 3120 3685 3154 ι

2237 3197 2536 3263 Atteudite,
2566 3211 2771 3268 quaeso,
2798 3197 3046 3253 veritatis
3082 3204 3372 3263 amatores,
3397 3196 3544 3268 quod
3574 3197 3760 3251 dicta-

474 3310 790 3368 amittentes
810 3310 1140 3382 provincias,
1163 3325 1229 3366 ex
1251 3311 1575 3367 necessitate
1597 3312 1665 3366 ad
1687 3310 1845 3366 aliam
1870 3311 2058 3368 Eccle-

2166 3288 2213 3344 ri
2237 3303 2447 3355 sumus,
2472 3303 2597 3343 nam
2627 3289 2770 3359 quod
2798 3286 2941 3344 idem
2977 3285 3139 3344 Osius
3165 3287 3240 3342 ait
3271 3303 3285 3343 :
3323 3286 3376 3342 Si
3400 3286 3526 3358 quis
3553 3289 3766 3359 episeo-

475 3406 610 3464 siam
645 3405 981 3462 transierint.
1018 3404 1075 3462 Si
1107 3406 1229 3477 quis
1259 3414 1441 3463 autem
1468 3415 1590 3476 post
1613 3405 1755 3461 hanc
1778 3404 2065 3460 .deliuitio-

474 3517 598 3559 nem
637 3501 939 3572 susceperit
968 3500 1228 3557 clericum
1256 3500 1322 3556 ad
1347 3499 1512 3555 alium
1549 3499 1862 3571 episcopum
1900 3499 2064 3569 perti-

473 3604 716 3661 nentem,
757 3594 981 3666 placuit,
1015 3602 1071 3649 et
1098 3602 1409 3665 susceptum
1430 3603 1486 3650 et
1514 3593 1900 3664 suscipientem
1923 3607 2068 3649 com-

472 3684 732 3742 munione
780 3683 1003 3756 privari,
1057 3684 1226 3740 donec
1276 3683 1322 3740 is
1375 3684 1469 3755 qui
1515 3683 1843 3754 migraverat
1891 3681 2069 3739 clerus

478 3770 779 3847 [clericus],
819 3773 885 3827 ad
915 3770 1189 3844 propriam
1222 3770 1386 3827 fuerit
1441 3787 1693 3828 reversus
1746 3770 2066 3827 Ecclesiam.

467 3905 607 3963 (ΖΜ).
646 3906 780 3980 VIII.
816 3906 1086 3980 Δφέρτιοά
1141 3907 1659 3980 auctoritatesancti
1688 3906 1877 3963 Leonis
1920 3925 2071 3980 papae

692 3976 1113 4033 Cltalcedonense
1133 3977 1413 4031 concilium
1437 3979 1503 4031 sit
1532 3979 1850 4033 institutum.

538 4089 887 4146 -Auctoritate
933 4088 1098 4161 igitur
1152 4097 1209 4144 et
1264 4089 1610 4160 apocrisariis
1671 4091 1813 4148 beati
1875 4091 2074 4149 Leonis

479 4198 648 4257 papm,
681 4191 739 4238 ut
786 4183 839 4237 in
887 4180 1003 4251 ejus
1051 4182 1292 4254 epistolis
1343 4182 1563 4255 legitur,
1611 4183 2075 4245 Chalcedonensis

480 4276 769 4333 concilium
802 4274 1108 4331 institutum
1145 4284 1229 4331 est
1278 4284 1441 4346 atque
1490 4277 1824 4333 roboratum.
1856 4278 1923 4334 Et
1953 4296 2076 4351 pro-

481 4376 667 4441 pterea
693 4357 1023 4424 memoratus
1044 4382 1183 4440 papa
1204 4368 1512 4440 discrepare
1534 4369 1705 4427 abillo
1724 4371 2077 4430 aestimandus

485 4475 592 4517 non
623 4469 727 4517 est.

781 4551 911 4609 CAP.
948 4550 1040 4607 IX.
1082 4583 1152 4594 —
1190 4549 1374 4608 Sancti
1402 4551 1589 4609 Leonis
1609 4571 1781 4626 μωρίη.

2168 3397 2270 3454 pus
2292 3397 2388 3453 per
2411 3381 2699 3436 avaritiam
2734 3380 2820 3437 vel
2843 3380 3220 3448 ambitionem,
3254 3389 3308 3436 et
3338 3390 3395 3436 ut
3426 3382 3763 3437 dominatio-

2168 3490 2293 3531 nem
2327 3483 2476 3547 agat,
2523 3473 2707 3531 sedem
2753 3474 3067 3539 mutaverit,
3098 3472 3330 3528 libenter
3358 3473 3764 3545 amplectimur.

2168 3564 2321 3635 Quod
2349 3574 2529 3622 autem
2552 3564 2868 3635 subiunxit:
2899 3584 2917 3616 ι
2951 3563 3063 3620 Nec
3088 3564 3282 3620 laicam
3306 3565 3362 3619 in
3391 3565 3497 3621 line
3519 3582 3767 3621 commu-

2168 3660 2386 3715 nionem
2420 3658 2705 3729 percipiat,
2767 3677 2785 3709 ι
2815 3657 2986 3729 :equis
3018 3657 3244 3712 auribus
3275 3658 3465 3713 audire
3507 3674 3615 3715 non
3644 3675 3768 3731 pos-

2170 3765 2376 3806 sumus.
2411 3748 2512 3805 Ubi
2549 3749 2651 3805 hoc
2675 3748 2860 3804 didicit
2884 3746 3080 3804 Osius?
3115 3744 3423 3819 prmscrtim
3451 3766 3576 3806 cum
3603 3767 3766 3823 syno-

2172 3845 2243 3900 do
2289 3843 2530 3909 Nicmna,
2561 3858 2682 3914 qua:
2720 3841 2862 3897 inter
2901 3855 3090 3897 omnes
3117 3842 3355 3914 synodos
3401 3843 3766 3916 principatum

2174 3943 2341 4001 tenet,
2371 3934 2424 3988 in
2452 3947 2557 4003 qua
2582 3932 2698 4004 ipse
2721 3933 2885 3988 etiam
2916 3947 3038 3988 cum
3070 3932 3279 3989 sanctis
3302 3930 3559 3990 Patribns
3583 3951 3769 3991 conse-

2172 4025 2272 4092 dit,
2307 4024 2414 4080 tale
2437 4024 2567 4096 quid
2596 4039 2706 4080 non
2727 4023 2989 4080 habetur?
3012 4022 3153 4090 Quin
3179 4024 3383 4094 potius,
3409 4035 3472 4079 ut
3496 4042 3658 4097 supra
3688 4026 3768 4081 in-

2175 4119 2424 4175 timatum
2444 4126 2545 4182 est,
2575 4118 2866 4174 humanius
2887 4117 3216 4173 deﬁnierunt
3238 4118 3490 4175 dicentes
3514 4138 3527 4174 :
3554 4119 3665 4175 Hoc
3693 4118 3769 4175 fa-

2175 4220 2323 4268 ctum
2347 4225 2572 4283 prorsus
2610 4210 2823 4266 irritum
2862 4210 3114 4278 ducatur,
3137 4220 3194 4265 et
3224 4210 3559 4267 restituatur
3586 4212 3765 4268 Eccle-

2174 4304 2271 4360 siae
2294 4304 2381 4360 cui
2412 4302 2515 4358 fuit
2544 4303 2851 4374 episcopus,
2891 4310 2984 4357 aut
3030 4304 3344 4376 presbyter,
3376 4315 3473 4360 aut
3512 4306 3765 4362 diaconus

2177 4397 2477 4453 ordinatus.
2501 4396 2645 4468 Ergo
2666 4396 2808 4467 quod
2834 4396 3034 4452 dictum
3054 4404 3157 4462 est,
3182 4415 3203 4448 ι
3234 4396 3348 4453 Nec
3370 4399 3425 4454 in
3444 4399 3551 4455 fine
3581 4400 3764 4457 laicam

2180 4490 2615 4547 communionem
2665 4489 2917 4559 accipiat,
2953 4507 2973 4541 ι
3007 4504 3115 4544 non
3163 4490 3503 4547 catholicum
3543 4494 3635 4548 sed
3672 4492 3766 4548 Ca-

2180 4582 2397 4637 tharum
2420 4588 2598 4636 sonat.
2627 4578 2851 4636 Cathari
2879 4579 3025 4635 enim
3044 4578 3259 4647 Graece,
3287 4584 3478 4639 mundi
3506 4585 3765 4650 dicuntur,

555 4641 613 4699 Si
640 4642 763 4743 ςιιιῖε
791 4651 971 4698 amem
993 4643 1323 4743 _el{i§C0P"S_»
1368 4644 1603 4743 θίνίιξδίίδ
1645 4660 1755 4701 sum
1787 4646 2077 4703 mediocri'
2102 4653 2155 4714 Ῑ)
2179 4687 2302 4729 cum
2328 4686 2559 4743 prorsus
2577 4672 2684 4727 sint
2714 4671 2997 4727 immundi.
3027 4670 3118 4727 Isti
3154 4641 3419 4730 nimirum
3447 4686 3575 4731 sunt
3598 4641 3766 4731 Nova;

486 4745 599 4794 tate
622 4737 899 4807 despecta,
942 4736 1464 4793 administrationem
1492 4736 1593 4793 loci
1625 4738 1944 4796 celebrioris
1962 4757 2077 4798 am-

486 4828 671 4895 bierit,
707 4836 762 4882 et
791 4827 857 4883 ad
897 4826 1155 4897 majorem
1186 4843 1244 4884 se
1272 4827 1483 4900 plebem
1513 4844 1837 4901 quacunque
1869 4833 2080 4890 ratione

2180 4763 2315 4819 tiani
2347 4762 2610 4830 haeretici,
2655 4761 2747 4834 qui
2779 4762 3049 4819 neminem
3080 4775 3207 4835 post
3237 4766 3458 4838 culpam
3512 4770 3765 4840 pmniten-

2182 4855 2317 4910 tiam
2342 4867 2502 4927 agere
2536 4868 2696 4926 posse
2718 4854 3110 4927 dogmatizant.
3131 4857 3338 4915 Contra
3366 4878 3507 4932 quos
3528 4865 3768 4920 Dominus

487 4922 848 4990 transtulerit,
891 4937 922 4977 a
964 4921 1222 4977 cathedra
1250 4922 1467 4993 quidem
1493 4923 1722 4993 pelletur
1756 4924 1953 4991 aliena,
1985 4926 2083 4984 sed
2182 4961 2281 5018 ρει-
2335 4921 2662 5017 “tome—tam
2715 4921 2916 5003 ειαῖηηι
2950 4966 2964 5003 ε
2999 4947 3140 5004 Νοιο
3190 4921 3418 5007 ,πω-τας,
3460 4957 3767 5027 peccamis’

482 5017 698 5099 carebit
734 5025 790 5072 et
821 5016 1041 5089 propria
1095 5024 1150 5070 ut
1206 5030 1308 5071 nec
1356 5015 1462 5072 illis
1512 5017 1766 5087 prcesidat
1810 5034 1957 5091 quos
1986 5035 2053 5090 pe

2183 5015 2275 5092 sed
2318 5015 2375 5091 iit
2422 5015 2755 5092 convertatur
2796 5040 3022 5120 et_vivat
3062 5040 3285 5112 (Ezech.
3316 5015 3543 5120 xxxiii).
3578 5015 3769 5105 Suntei

492 5110 774 5167 avaritiam
821 5108 1151 5179 concupivit,
1199 5123 1300 5181 nec
1328 5108 1431 5165 illis
1471 5126 1607 5182 quos
1636 5127 1732 5184 per
1776 5112 2080 5184 superbiam

494 5199 719 5270 sprevit.
765 5196 892 5275 Suis
929 5200 1093 5271 igitur
1121 5201 1365 5283 terminis
1390 5202 1621 5275 quisque
1663 5211 1951 5261 contentus
1991 5206 2082 5273 sit,

495 5304 599 5345 nec
635 5304 798 5360 supra
834 5305 1139 5346 mensuram
1160 5292 1301 5363 juris
1325 5295 1407 5350 sui
1437 5295 1655 5351 aliectet
1700 5298 1906 5368 augeri.

907 5399 1033 5456 Car.
1073 5401 1143 5457 X.
1175 5434 1247 5445 -—
1282 5404 1481 5462 Gelasii
1506 5423 1674 5488 paper.

1020 5512 1031 5518 ⁸
1114 5514 1128 5536 Ρ

2188 5128 2290 5185 alia
2321 5144 2482 5205 quam
2521 5128 2751 5199 plurima
2782 5111 2978 5200 quibus
2998 5133 3311 5189 ostenditur
3330 5140 3478 5207 quod
3502 5111 3767 5210 peccator,

2187 5220 2399 5276 etiamsi
2453 5220 2507 5275 in
2545 5230 2789 5278 extremo
2838 5223 2964 5279 vitae
3022 5238 3134 5280 sua:
3188 5228 3577 5297 pceuitentiam
3618 5239 3768 5304 petat,

2187 5326 2297 5367 non
2331 5310 2403 5366 sit
2435 5309 2788 5380 alijiciendus,
2823 5327 2923 5368 nec
2960 5313 3355 5385 chperandus.

2334 5426 2461 5482 CAP.
2668 5459 2739 5469 —
2766 5427 2949 5475 Snnrli
2995 5429 3211 5466 ινα-ιη’
3238 5433 3270 5454 νε
3320 5434 3333 5448 ”
