3948 5482
135 351 259 409 {065

736 343 993 400 AUXILII
1032 342 1121 397 DE
1157 341 1388 400 ORDIN.
1429 344 1473 397 Δ
1511 341 1683 401 ΡΟΒΝ

1799 340 1836 397 Ο
1873 338 1977 395 PP.
2018 338 2261 395 FACTIS
2296 337 2474 394 LIBRI
2513 338 2665 395 DUO.

3210 310 3359 392 sese

133 479 238 535 qua:
268 461 317 514 in
347 460 445 515 hoc
467 457 662 517 saeculo
690 472 805 511 non
838 456 1206 521 remittantur,
1247 469 1422 526 neque
1452 454 1504 508 in
1537 452 1679 508 futu-
1705 458 1756 517 Α
1783 452 1949 508 tentia
1992 451 2069 505 ita
2112 449 2274 506 stulte
2319 440 2558 521 prolata,
2616 463 2722 505 non
2772 446 2942 502 solum
2982 461 3012 500 a
3053 424 3363 511 catholicis,

132 579 214 626 ro;
235 560 321 615 sed
340 557 622 628 quamdam
646 540 1032 624 blasphemiam
1059 548 1117 608 et”
1136 553 1403 623 quoddam
1431 550 1676 616 verbum,

132 652 355 707 videlicet
405 663 501 703 cor
542 647 885 716 impmniteus
909 654 1095 699 contra
1142 643 1401 713 Spiritum
1430 651 1677 697 sanctum

123 761 223 816 quo
249 744 297 796 in
330 740 561 795 Ecclesia
610 748 829 807 peccata
858 737 1223 791 dimittuntur.
1256 732 1490 789 Verbum
1528 732 1682 786 valde

126 838 329 899 malum,
393 843 448 887 et
493 832 653 886 nimis
694 830 939 899 impium,
989 830 1102 884 sive
1158 825 1506 898 cogitatione,
1567 824 1682 879 sive

127 926 273 983 etiam
325 923 499 995 lingua
546 936 642 975 sua
693 915 845 983 dicit,
898 934 1059 987 quem
1115 917 1374 987 patientia
1414 916 1504 970 Dei
1559 930 1681 969 cum

130 1036 148 1065 s
178 1015 237 1068 ad
275 1010 637 1083 paenitentiam
684 1008 920 1070 adducit,
950 1006 1065 1075 ipse
1108 1003 1402 1060 secundum
1430 1004 1681 1057 duritiem

125 1105 284 1159 cordis
310 1102 389 1156 sui
421 1111 475 1155 et
507 1110 611 1153 cor‘
643 1097 992 1167 imptenitcns
1036 1095 1365 1150 thesaurizat
1399 1092 1500 1147 sibi
1543 1092 1680 1145 iram

124 1195 171 1249 in
216 1192 295 1248 die
338 1192 431 1245 irae
477 1198 532 1245 et
572 1188 915 1244 revelationis
952 1185 1081 1254 justi
1137 1183 1325 1255 judicii
1378 1182 1471 1237 Dei
1502 1181 1678 1249 (Rom.

125 1290 197 1355 ιι).
248 1303 267 1334 ι
321 1281 445 1335 Ihec
497 1278 897 1348 im‘pmnitentia
942 1292 1046 1330 nou
1069 1276 1241 1331 habet
1287 1273 1677 1335 remissionem,

123 1373 341 1442 uequeiu
363 1371 467 1426 hoc
494 1369 715 1431 sarculo,
749 1382 923 1436 neque
940 1363 1001 1421 in
1040 1364 1243 1427 futuro,
1268 1364 1393 1434 quia
1417 1362 1682 1433 pceniten-

122 1464 185 1516 tia
208 1464 456 1531 impetrat
503 1458 959 1515 retuissiouem‘in
984 1457 1085 1511 hoc
1105 1455 1319 1518 szeculo,
1349 1469 1469 1523 quae
1507 1451 1684 1507 valeat

122 1571 169 1609 tn
194 1555 383 1608 futuro“.
433 1551 540 1607 Sed
567 1550 804 1621 qnandiu
831 1548 1081 1618 quisquis
1108 1547 1160 1601 iu
1200 1547 1302 1600 hac
1331 1560 1497 1601 carne
1526 1543 1678 1607 vivit,

118 1644 254 1698 deeo
272 1641 506 1711 judicari
554 1656 657 1697 non
688 1647 886 1709 potest.
934 1639 1010 1692 De
1037 1637 1185 1693 nullo
1216 1635 1360 1691 enim
1392 1630 1683 1705 desperau-

117 1733 229 1786 dum
253 1744 355 1795 est,
387 1731 630 1802 quandiu
667 1730 927 1800 patientia
955 1727 1048 1782 Dei
1075 1727 1144 1782 ad
1172 1726 1546 1797 ptenitentiam
1580 1724 1681 1777 ad-

113 1824 267 1877 ducit.
291 1822 540 1893 Pagauus
559 1832 642 1876 est
666 1820 846 1882 hodie,
868 1817 998 1889 quid
1021 1818 1065 1872 si
1092 1830 1218 1872 cras
1237 1815 1502 1871 elﬁcietur
1525 1813 1683 1868 Chri-
1714 1807 1753 1866 Β

109 1913 336 1966 stianus?
361 1912 583 1968 Iudaeus
604 1909 841 1965 iu'lldelis
858 1920 942 1964 est
963 1908 1155 1974 hodie;
1194 1906 1322 1977 quid
1348 1905 1392 1960 si
1417 1919 1541 1960 cras
1560 1918 1678 1959 cre-

113 2002 263 2057 dctin
290 2001 608 2058 Christum?
637 2000 932 2055 Haereticus
952 2006 1067 2062 est;
1099 1997 1228 2070 quid
1257 1997 1303 2051 si
1330 2010 1456 2052 cras
1484 2009 1680 2065 seque-

113 2104 190 2146 tur
213 2094 537 2150 catholicam
589 2092 917 2150 veritatem’!
957 2089 1352 2145 Schismaticus
1380 2096 1467 2142 est
1489 2087 1676 2150 hodie;

110 2185 226 2252 quid
259 2186 301 2239 si
350 2200 480 2240 cras
504 2180 1196 2254 amplectiturcatholicam
1216 2180 1505 2235 veritatem
1537 2175 1681 2248 [uni-

112 2276 286 2350 tatem]
305 2279 327 2331 ?

108 2385 220 2443 Csr.
260 2389 512 2469 XIV._‘-—
548 2388 897 2469 Interrogatio
912 2402 1093 2469 “super
1118 2383 1236 2439 Osii
1265 2381 1681 2469 deﬁnitioned’i-

172 2462 325 2514 rentia
356 2478 376 2515 :
406 2460 521 2515 Nec
548 2452 775 2513 laicam'
800 2460 852 2511 ir.
897 2452 1015 2513 ﬁne
1066 2452 1499 2511 communionem
1537 2452 1680 2507 acci-

170 2530 311 2598 piat;
355 2541 409 2585 et
448 2532 539 2601 qui
568 2532 674 2583 sint
704 2544 930 2582 canones
968 2528 1281 2581 auctoritate
1311 2522 1544 2593 prwditi.

167 2619 230 2673 Et
255 2620 357 2677 hoc
399 2636 509 2676 non
541 2617 976 2689 pnetereundum
1030 2615 1283 2671 existimo
1309 2630 1328 2669 :
1363 2628 1508 2677 nam,
1541 2619 1680 2666 teste

106 2712 251 2765 beato
274 2726 415 2782 papa
440 2710 657 2766 Gelasio
701 2709 753 2763 in
780 2707 1009 2778 epistola
1041 2708 1109 2761 ad
1138 2703 1480 2760 Anastasium
1511 2702 1680 2772 impe-

109 2813 352 2869 ratorem,
386 2802 519 2857 nulli
549 2802 641 2856 alii
671 2816 909 2856 canones
932 2799 1258 2855 auctoritate
1294 2795 1504 2867 praediti
1532 2802 1677 2859 sunt,

104 2893 196 2945 nisi
230 2909 366 2963 quos
408 2892 705 2963 apostolica
735 2890 893 2945 sedes
928 2904 1028 2945 suo
1056 2888 1261 2959 judicio
1314 2886 1681 2953 roboraverit.

104 2982 438 3053 Quapropter
481 2983 793 3049 ostendant,
835 2982 880 3037 si
903 2981 1135 3051 possint,
1170 2979 1295 3048 quis
1319 2993 1386 3033 ex
1418 2976 1678 3047 apostoli-

102 3074 173 3125 cis
198 3068 482 3138 I’atribus,‘
508 3072 653 3147 quod
685 3072 845 3127 Osins
874 3071 1031 3135 dixit,
1068 3088 1087 3121 ι
1125 3084 1227 3125 nec
1254 3070 1308 3123 in
1341 3068 1447 3124 ﬁne
1480 3068 1677 3122 Iaicam

101 3166 531 3218 communionem
588 3162 839 3233 accipiat,
898 3180 919 3214 ο
962 3160 1275 3215 iirmaverit.
1299 3158 1369 3214 Et
1414 3158 1539 3227 quia
1569 3156 1677 3210 tale
1707 3157 1752 3219 C

103 3253 600 3323 stiquidostendere
626 3254 848 3308 minime
868 3260 1113 3322 possunt,
1141 3260 1308 3305 restat
1334 3259 1394 3305 ut
1413 3246 1681 3317 ejusmodi

99 3342 360 3412 deﬁnitio,
390 3360 501 3399 non
540 3344 829 3409 catholica,
860 3343 979 3407 sed,
1010 3348 1068 3397 ut
1089 3341 1293 3395 dictum
1312 3349 1418 3403 est,
1442 3336 1678 3392 Cathara

100 3447 245 3490 501181»
252 3475 269 3491 ο

99 3544 218 3600 Csr.
257 3547 380 3602 XV.
412 3579 485 3590 -—-
507 3548 624 3625 Quo
657 3548 761 3617 [ine
795 3563 949 3603 suum
987 3562 1172 3619 sapere
1214 3544 1371 3601 Ocius
1403 3543 1678 3599 conclusit.

162 3635 438 3701 Prmterea
480 3640 627 3708 quod
663 3640 839 3694 adhuc
881 3640 949 3694 de
990 3636 1127 3693 Osio
1158 3635 1549 3705 subjiciendum
1576 3643 1679 3699 est,

99 3731 353 3796 quoniam
401 3730 655 3786 homines
702 3745 909 3794 sumus,
943 3745 1049 3784 non
1073 3729 1277 3796 absque
1302 3727 1450 3797 gravi
1478 3725 1681 3795 gemitu

97 3821 409 3887 exprimere
433 3835 740 3891 possumus.
764 3820 872 3874 Iste
893 3819 1147 3874 nimirum
1169 3817 1331 3873 Osius
1350 3813 1682 3869 Cordubensi

98 3912 358 3969 Ecclesia:
400 3914 616 3983 praefuit
652 3913 902 3976 antistes,
931 3911 1024 3981 qui
1060 3910 1333 3981 quondam
1377 3905 1686 3976 apostolicae

95 4005 241 4059 sedis
285 4004 681 4074 apecrisarius,
732 4018 837 4057 una
886 4016 1009 4056 cum
1062 3998 1348 4055 Vincentio
1379 4004 1434 4061 et
1472 3994 1687 4051 Victore

95 4095 456 4167 pmsbywris,
497 4104 688 4151 sancto
715 4101 771 4149 et
797 4092 996 4161 magno
1024 4088 1242 4146 Nicaeae
1278 4085 1524 4143 interfuit
1546 4100 1687 4141 con-

93 4186 238 4243 cilio.
282 4188 642 4245 Postmodqu
669 4201 801 4242 vero
839 4184 1221 4240 Sardicensem
1248 4179 1538 4253 synodum,
1564 4193 1687 4232 cum

95 4280 304 4353 ingenti
336 4281 717 4353 episcoporum
748 4293 978 4334 numero
1000 4275 1197 4332 fecisse
1236 4273 1453 4344 legitur,
1478 4270 1571 4326 ubi
1599 4284 1695 4326 ca-

93 4372 265 4442 pitula
288 4387 418 4443 qua:
440 4387 539 4442 per
558 4387 684 4427 eum
735 4371 1032 4426 decurrunt
1081 4375 1287 4423 statuta
1322 4362 1555 4418 filerunt.
1591 4361 1691 4417 Hic

89 4472 277 4520 autem
331 4476 505 4532 usque
530 4462 598 4517 ad
614 4459 924 4518 Constantii
970 4456 1320 4529 imperatoris
1370 4463 1581 4523 tempus
1632 4451 1689 4507 in

92 4569 338 4625 corpore
389 4553 609 4608 mansit.
656 4551 763 4607 Iste
804 4551 1024 4622 quidem
1071 4546 1424 4604 Constantius
1456 4543 1689 4597 'Ariana:

88 4645 349 4715 perﬁdia:
385 4645 662 4714 particeps
703 4640 934 4696 exstitit.
958 4638 1091 4697 Orta
1122 4637 1306 4706 itaque
1336 4631 1692 4690 altercatione

92 4734 371 4788 adversus
392 4733 641 4787 eamdem
666 4729 938 4793 haeresim,
964 4725 1284 4797 episcopalis
1305 4721 1501 4795 legatio
1525 4720 1689 4777 missa

95 4835 175 4881 381
204 4827 287 4880 ad
309 4821 504 4881 Osium
532 4822 592 4877 in
630 4820 885 4892 Hispania
929 4823 1399 4879 commorantem;
1449 4812 1693 4880 dixitque

54 4900 67 4905 ’
88 4917 158 4971 ad
206 4931 349 4973 eum
380 4932 394 4969 :
424 4914 504 4970 Tu
542 4914 635 4986 qui
679 4910 910 4968 Nieaznae
937 4911 1144 4983 synodo
1183 4922 1421 4977 praesens
1446 4903 1688 4966 adfuisti,

88 5008 203 5070 die,
258 5021 495 5076 quaeso,
542 4994 836 5060 Omousion
888 5002 1045 5055 sicuti
1101 5013 1199 5056 nos
1243 4996 1496 5053 catholici
1544 5002 1690 5050 reete

86 5094 450 5158 conﬁtemur,
491 5094 542 5149 id
565 5101 651 5148 est
681 5091 841 5144 unius
880 5104 1001 5145 cum
1046 5089 1206 5145 Patre
1249 5088 1567 5143 substantia
1605 5081 1691 5138 Fi-

88 5186 384 5255 linm._An,
401 5174 557 5238 sicuti
581 5177 769 5234 Ariani
786 5178 1050 5247 garriunt,
1064 5176 1436 5240 Omoiousion,
1454 5174 1596 5246 quod
1613 5178 1694 5224 est

87 5274 305 5329 similis
341 5287 460 5327 cum
497 5270 661 5324 Patre
709 5268 1024 5323 substantiae
1068 5267 1291 5330 Filium,
1336 5266 1562 5322 trecenti
1600 5260 1689 5314 dc.

85 5378 215 5421 cem
247 5373 312 5417 et
346 5371 463 5416 octo
498 5361 694 5414 Patres
722 5355 967 5410 conﬁteri
999 5355 1389 5431 decreverunt?
1417 5355 1542 5424 Qui,
1577 5352 1692 5407 s've

84 5472 190 5482 mn-
224 5453 446 5482 1-...nnm
474 5459 694 5482 mis-lana
726 5446 993 5480 .Iocininno
1049 5451 1320 5480 annuntians)
1363 5458 1462 5480 hsta
1501 5455 1692 5480 necll“«

1781 541 2136 596 verumetiam
2179 540 2248 595 ab
2286 539 2524 603 Arianis,
2573 552 2680 592 uno
2709 551 2803 592 ore
2845 535 3003 593 irrisa
3028 542 3189 606 atque
3212 535 3363 590 refu-

1783 643 1892 689 tata
1920 644 2021 689 est.
2045 634 2296 703 Denique
2327 632 2379 687 in
2409 631 2631 687 civitate
2657 630 2907 687 Corduba
2934 629 2988 682 in
3017 643 3123 699 qua
3152 628 3361 697 episco-

1780 734 1963 790 patum
2020 724 2219 785 tennit,
2258 729 2377 790 post
2425 719 2726 789 hujusmodi
2765 732 3111 788 responsum,
3158 704 3369 772 nomen-

1782 811 1897 881 ejus
1925 812 2061 865 intra
2084 810 2379 866 catholicos
2404 810 2683 879 episcopos
2711 816 3104 873 antecessores,
3126 803 3213 859 vel
3236 813 3363 876 post

1785 904 2101 958 decessores
2118 903 2258 973 ejus,
2283 901 2505 955 minime
2533 899 2813 952 recitatur.

1780 1013 1910 1069 CAP.
1938 1010 2076 1067 XVI.
2105 1012 2252 1065 --Ab
2274 1012 2393 1080 hinc
2420 1009 2676 1080 praeclara
2709 1017 2997 1079 sequuntur
3033 1009 3355 1080 testimonia,

1850 1083 2035 1154 quibus
2089 1098 2237 1151 paptc
2288 1078 2533 1154 Forntosi
2570 1078 2830 1154 ordinatio
2869 1088 2986 1132 rata
3031 1091 3078 1131 et
3109 1078 3360 1154 Alegitinta

1851 1146 1964 1207 esse
1991 1146 2331 1205 monstratur.
2362 1148 2544 1204 Sancti
2572 1146 2760 1203 Leonis
2784 1163 2954 1218 paper,
2980 1148 3120 1217 quod
3141 1146 3364 1218 pseudo-

1851 1223 2079 1291 episcopi
2120 1222 2224 1291 sint
2269 1219 2573 1289 objiciendi,
2609 1228 2656 1272 et
2698 1234 2877 1272 eorum
2900 1218 3164 1271 ordinatio
3193 1217 3375 1270 oossit'

1851 1290 1969 1345 rata
1988 1290 2286 1346 consistere.

1850 1400 2003 1455 Nulla
2032 1401 2168 1457 ratio
2194 1401 2324 1459 sinit
2352 1410 2413 1456 ut
2439 1409 2580 1456 mter
2603 1401 2887 1471 episcopos
2914 1400 3239 1464 habeantur,
3263 1398 3361 1469 qui

1783 1508 1882 1548 nec
1910 1507 1940 1547 a
1964 1491 2178 1547 clericis
2226 1500 2352 1547 sunt
2383 1491 2563 1555 electi,
2614 1506 2715 1547 nec
2752 1508 2783 1547 a
2824 1492 3069 1562 plebibus
3114 1490 3362 1560 expetiti,

1782 1598 1881 1638 nec
1925 1599 1955 1636 a
2010 1583 2433 1654 provincialibus
2476 1584 2743 1654 episcopis
2790 1600 2912 1639 cum
2964 1584 3364 1655 metropolitani

1774 1672 1979 1743 judicio
2011 1674 2337 1729 consecrati.
2371 1672 2526 1730 Unde
2555 1689 2678 1731 cum
2709 1689 2850 1745 saepe
2877 1676 3102 1744 quaestio
3131 1672 3196 1730 de
3224 1674 3365 1729 male

1785 1772 2007 1832 accepto
2049 1767 2257 1820 honore
2294 1773 2572 1830 nascatur,
2602 1765 2727 1835 quis
2752 1765 2988 1836 ambigat
3017 1779 3363 1836 nequaquam

1784 1850 1903 1905 istis
1954 1852 2295 1907 triluiendum
2344 1867 2487 1919 esse,
2535 1856 2681 1924 quod
2730 1869 2837 1909 non
2886 1855 3150 1909 doceatur
3195 1854 3365 1910 fuisse

1781 1944 2071 1999 collatum?
2101 1943 2159 1999 Si
2182 1944 2276 2015 qui
2304 1954 2485 2000 autem
2507 1945 2692 2000 clerici
2720 1946 2788 2000 ab
2812 1945 2933 2000 istis
2958 1945 3365 2015 pseudoepisco—

1780 2035 1863 2105 pis
1908 2034 1961 2088 in
2004 2034 2261 2091 Ecclesiis
2301 2036 2530 2089 ordinati
2574 2044 2719 2095 sunt,
2748 2035 2840 2104 qui
2879 2036 2946 2089 ad
2976 2035 3225 2107 proprios
3250 2036 3362 2106 epi-

1782 2139 1974 2194 scopos
2017 2125 2360 2194 pertinebant
2396 2164 2412 2189 ,
2458 2133 2529 2178 et
2559 2124 2828 2179 ordinatio
2871 2139 3059 2178 eorum
3103 2131 3364 2180 consueto

1774 2214 2403 2286 judiciopmzsidcntium
2428 2214 2567 2270 facta
2590 2223 2693 2280 est,
2716 2224 2892 2286 potest
2912 2223 3035 2269 rata
3053 2214 3263 2279 haberi,
3286 2215 3366 2271 ita

1784 2316 1843 2361 ut
1870 2307 1922 2360 in
1957 2306 2090 2376 ipsis
2123 2305 2383 2360 Ecclesiis
2418 2300 2790 2375 perseverent.
2816 2303 2988 2359 Aliter
3011 2313 3188 2359 autem
3225 2318 3366 2359 vana

1781 2394 2029 2450 habenda
2068 2405 2153 2449 est
2203 2394 2429 2461 creatio,
2456 2409 2577 2463 qua:
2603 2408 2705 2449 nec
2726 2392 2848 2449 loco
2875 2392 3099 2448 fundata
3129 2401 3235 2457 est,
3263 2407 3366 2448 nec

1783 2488 2107 2543 auctoritate
2138 2487 2367 2541 munita.

1781 2601 1910 2656 Csr.
1944 2599 2106 2655 XVII.
2139 2628 2190 2641 -
2242 2598 2423 2655 Sancti
2463 2596 2703 2668 Gregorii
2738 2614 2909 2669 papae,
2950 2602 3075 2669 quia
3105 2600 3239 2653 sicut
3267 2598 3363 2653 de-

1852 2688 1956 2726 nuo
1984 2670 2241 2740 baptizari
2274 2671 2549 2740 quisquant
2578 2684 2681 2723 non
2702 2679 2889 2738 potest,
2922 2669 2996 2723 ita
3024 2673 3196 2740 denuo
3227 2670 3281 2721 in
3308 2669 3365 2722 id

1851 2744 2020 2811 ipsum
2044 2737 2456 2811 consecrarunt!
2481 2737 2743 2792 Joannem
2767 2740 3063 2810 episcopum
3093 2737 3362 2792 Ravenna-

1851 2814 1919 2864 tis
1940 2810 2208 2865 Ecclesia.

1851 2921 1983 2976 Illud
2016 2928 2201 2976 autem
2249 2919 2391 2990 quod
2439 2920 2641 2984 dicitis,
2667 2928 2725 2974 ut
2757 2920 2803 2974 is
2832 2919 2924 2989 qui
2944 2919 3235 2976 ordinatus
3256 2929 3359 2983 est.

1785 3012 1986 3067 iterum
2016 3000 2320 3077 ordinetur,
2348 3010 2504 3066 valde
2538 3009 2950 3074 ridiculum'cst,
2981 3017 3037 3064 et
3065 3012 3134 3065 ab
3158 3010 3362 3081 ingenii

1781 3103 1949 3160 vestri
1998 3100 2434 3158 consideratione
2482 3108 2819 3162 extraneum,
2875 3098 2978 3153 nisi
3025 3096 3166 3155 forte
3219 3100 3365 3169 quod

1781 3195 2089 3266 esetuplum
2143 3195 2211 3249 ad
2265 3194 2500 3250 medium
2556 3191 2862 3256 deducitur,
2919 3191 2986 3247 de
3032 3207 3140 3262 quo
3174 3202 3231 3246 et
3275 3191 3367 3250 ille

1775 3286 2051 3358 judicatus
2108 3285 2361 3356 est,'qui
2418 3284 2524 3340 tale
2564 3283 2768 3353 aliquid
2811 3281 3003 3339 fecisse
3026 3283 3361 3352 perhibetur.

1781 3379 1935 3434 Absit
1965 3394 1995 3432 a
2019 3376 2364 3431 fraternitate
2402 3385 2585 3430 vestra
2630 3374 2712 3428 sic
2749 3387 2980 3442 sapere:
3022 3372 3164 3427 sicut
3189 3382 3371 3428 autem

1781 3470 2085 3539 baptizatus
2130 3467 2320 3530 semel,
2370 3466 2565 3520 iterum
2608 3464 2893 3536 baptizari
2923 3478 3027 3519 non
3058 3463 3250 3531 debet;
3288 3464 3363 3519 ita

1781 3567 2133 3615 consecratus
2157 3555 2343 3621 semel,
2370 3555 2426 3610 in
2448 3555 2636 3610 eodem
2654 3553 2849 3610 ordine
2873 3555 3070 3608 iterum
3094 3569 3200 3611 non
3218 3554 3363 3609 valet
3388 3560 3391 3561 ⁷

1784 3648 2111 3705 consecrari.
2530 3696 2533 3701 ,

1783 3739 1912 3797 CAP.
1938 3737 2121 3794 XVIII.
2140 3767 2213 3780 ——
2236 3734 2385 3791 Unde
2412 3752 2571 3806 supra
2595 3752 2650 3789 tn
2676 3734 2965 3789 canonibus
2984 3734 3364 3806 apostolorum.

1857 3830 1915 3885 Si
1945 3830 2067 3899 quis
2113 3829 2415 3900 episcopus,
2468 3836 2562 3882 aut
2605 3826 2909 3897 presbyter,
2944 3835 3041 3881 aut
3083 3827 3366 3891 diaconus,

1786 3921 2078 3976 secundam
2112 3934 2305 3974 manus
2333 3917 2732 3988 impositionem
2760 3915 3035 3986 acceperit
3066 3917 3134 3971 ab
3161 3915 3367 3986 aliquo,

1787 4012 2087 4082 deponatur
2115 4019 2171 4064 et
2208 4009 2346 4079 ipse,
2373 4019 2429 4063 et
2464 4008 2556 4078 qui
2586 4022 2713 4063 eum
2754 4006 3010 4062 ordinare
3059 4006 3381 4063 tentaverita

1788 4100 1923 4155 Nam
1972 4114 2070 4155 eos
2113 4099 2205 4169 qui
2255 4097 2325 4153 ab
2363 4095 2671 4166 hujusmodi
2720 4097 2978 4165 baptizati
3017 4095 3241 4161 fuerint,
3287 4095 3376 4150 vel

1789 4192 1952 4248 etiam
1982 4188 2239 4254 ordinati,
2290 4199 2467 4257 neque
2510 4185 2718 4251 fideles,
2764 4200 2942 4255 neque
2984 4186 3216 4241 clericos
3243 4198 3368 4240 esse

1790 4280 2047 4355 possibile
2093 4290 2180 4335 est

1790 4392 1922 4451 Csr.
1969 4391 2112 4446 XIX.
2150 4420 2219 4432 -—
2254 4390 2525 4446 Anastasii
2564 4403 2735 4459 pupis,
2770 4387 2911 4459 quod
2945 4403 3033 4442 eos
3056 4402 3227 4459 quos
3256 4396 3374 4459 post

1862 4463 2256 4516 damnationem
2299 4476 2476 4521 suum,
2523 4456 2604 4512 vel
2650 4456 2956 4526 baptizavit,
2990 4456 3065 4512 vel
3110 4456 3375 4511 ordinavit

1721 4503 1768 4561 ο
1861 4503 2486 4595 Ῐῖἇὲἶῦῖξ’ῖίἱίἆῖἔὲἓό
2494 4503 2787 4595 δεῖξ’ρᾶῧό
2796 4503 3076 4597 ὶίὶὶῆςῖιῖ.
3114 4503 3375 4580 ἱιὶῖἶᾶῖιᾶζ

1862 4602 2085 4656 stasium
2099 4600 2368 4667 'imperato
2376 4612 2502 4651 rent.

1862 4711 1995 4767 Nam
2017 4710 2310 4767 secundum
2334 4707 2588 4764 Ecclesiae
2604 4704 2886 4763 catholica:
2905 4704 3373 4769 consuetudinem,

1795 4803 2225 4860 sacratissimum
2252 4801 2561 4857 serenitatis
2587 4807 2692 4854 tua:
2718 4808 2908 4871 pectus
2933 4806 3212 4872 agnoscat,
3231 4800 3377 4867 quod

1795 4894 2001 4950 nullum
2033 4892 2099 4947 de
2124 4892 2235 4955 his,
2256 4889 2340 4944 vel
2366 4904 2504 4961 quos
2525 4886 2826 4959 baptizavit
2852 4889 3109 4949 Aeacius,
3135 4885 3221 4942 vel
3243 4899 3378 4955 quos

1796 4987 2112 5045 sacerdotes
2146 4984 2259 5038 sive
2292 4979 2512 5037 Levites
2538 4977 2837 5035 secundum
2875 4987 3115 5036 canones
3149 4973 3374 5028 ordina-

1798 5076 1895 5142 vit,
1923 5074 2069 5131 nulla
2104 5088 2201 5129 eos
2234 5084 2302 5125 ex
2333 5071 2553 5127 nomine
2576 5065 2758 5120 Aeacii
2802 5070 2982 5137 portio
3020 5060 3260 5120 Iasionis
3302 5069 3392 5115 st-

1797 5168 1993 5238 tingat,
2026 5167 2168 5234 quod
2190 5150 2418 5219 forsitan
2441 5164 2537 5235 per
2564 5156 2809 5226 iniquum
2835 5162 3036 5219 tradita
3061 5153 3396 5209 sacramenti

1796 5263 1971 5332 gratia
2018 5258 2200 5312 minus
2247 5251 2409 5311 ﬁrma
2456 5252 2721 5307 videatur.
2769 5246 2913 5308 Nam
2962 5263 3018 5306 et
3065 5242 3399 5311 baptismum

1797 5355 1944 5420 quod
1976 5347 2165 5422 procul
2192 5344 2255 5399 tit
2285 5344 2355 5395 ab
2389 5339 2656 5401 Ecclesia,
2684 5337 2800 5391 sive
2829 5343 2902 5398 ab
2929 5336 3199 5398 adultero,
3232 5333 3346 5384 sive
3371 5346 3407 5385 ι

1799 5438 1971 5476 Γνιιιιιο
2004 5438 2162 5474 roso-sil
2190 5434 2378 5472 (Italum
2432 5433 2497 5474 ad
2524 5424 2915 5472 ῃρνηίιιὶρηιηη,
2938 5433 3140 5470 munvl“
3164 5426 3294 5441 ⁵”¹¹····
