3948 5412
518 316 671 382 ..ψη

1237 317 1524 372 APPEND.
1563 318 1654 373 AD
1695 317 1868 374 SEC.
1912 318 2001 372 IX.
2044 350 2086 360 -

2205 314 2520 378 l’CTOﬂES
2556 309 2716 373 ANNI
2757 316 3044 374 INCEBTI.

3637 326 3760 380 {068

535 432 834 502 Spirituet
879 431 1000 500 igne
1043 430 1261 503 (Matth.
1313 448 1405 498 ιιι,
1458 431 1628 486 Marc.
1685 450 1722 497 ι,
1751 433 1911 490 Joan.
1969 435 2027 493 ι’).
2091 453 2106 484 ι
2147 441 2186 498 Α
2219 450 2426 486 summa
2465 434 2782 486 deliberatio
2820 434 2933 487 bare
2975 432 3107 499 fuit,
3141 441 3199 487 ut
3247 448 3384 504 quos
3410 433 3656 491 Bonosus
3689 458 3764 492 or-

532 524 667 589 l_\'am
713 524 758 577 si
793 521 1080 580 visibiliter
1119 520 1247 576 solis
1296 522 1452 577 istius
1487 523 1645 586 radii,
1694 538 1815 575 cum
1859 537 1954 592 per
1999 523 2111 577 loca

534 613 880 670 I‘aetidissima
937 622 1240 675 transeunt,
1288 613 1485 667 nullius
1530 625 1814 668 contactus
1864 613 2111 684 inquina-

531 707 680 760 tionc
719 703 1075 769 maculantur,
1106 704 1274 758 rnrrllo
1312 705 1482 774 magis
1511 705 1653 760 illirrs
1691 706 1780 773 qui
1827 705 1988 759 istum
2033 705 2108 757 vi-

530 798 738 853 sibilem
768 795 898 851 fecit
925 799 1094 852 virtrrs
1129 797 1273 852 nulla
1309 797 1590 851 ministerii
1635 797 1952 867 indignitate
1983 811 2109 850 corr-

531 890 771 960 tingitur.
805 887 936 942 Nam
967 899 1018 943 et
1059 888 1224 941 Judas
1254 905 1374 942 curn
1408 887 1569 942 fuerit
1617 889 1914 956 sacrilegus
1944 899 2106 957 atque

527 979 634 1040 fur,
663 978 922 1049 quidquid
953 979 1060 1048 egit
1091 979 1228 1032 inter
1259 979 1526 1047 apostolos
1554 994 1650 1047 pro
1679 979 1939 1049 dignitate
1968 995 2110 1033 corrr-

529 1069 717 1130 rnissa,
758 1066 1019 1120 beneﬁcia
1068 1082 1163 1137 per
1207 1067 1482 1135 indignum
1532 1069 1652 1120 data
1702 1068 1840 1121 rrrrlla
1889 1084 1954 1121 ex
2005 1069 2106 1122 hoc

528 1157 849 1209 detrimenta
889 1166 1196 1219 senserunt,
1229 1157 1540 1211 declarante
1583 1158 1684 1211 hoc
1722 1158 1836 1226 ipso
1880 1157 2106 1212 Doruiuo

525 1245 967 1301 manifestissima
1019 1262 1186 1310 voce,
1245 1267 1263 1298 ί
1303 1249 1506 1303 Seribaa
1536 1258 1591 1303 ct
1640 1250 1892 1303 Pharisaei
1943 1264 2106 1317 super

526 1338 838 1392 cathedram
870 1337 1040 1408 Moysi
1075 1340 1353 1403 sederunt,
1383 1355 1502 1410 qua:
1551 1341 1736 1393 dicrrnt
1778 1339 1954 1404 facite,
1984 1356 2104 1409 qua:

525 1435 702 1480 autem
751 1425 989 1493 faciunt,
1037 1428 1217 1482 facere
1261 1429 1448 1492 nolite,
1477 1429 1662 1482 dicrrnt
1707 1431 1848 1484 enim
1896 1439 1952 1484 et
1997 1445 2100 1484 non

525 1515 731 1570 faciunt
762 1515 978 1588 (Matth.
1012 1517 1192 1584 xxrrr).
1226 1537 1243 1569 ι
1289 1516 1556 1586 Quidquid
1584 1531 1713 1587 ergo
1745 1519 1795 1571 in
1826 1519 2099 1572 hominum

522 1608 826 1678 proiectum
875 1606 1100 1676 quilibet
1146 1607 1199 1660 in
1245 1606 1482 1661 Ecclesia
1529 1622 1632 1676 pro
1673 1607 1848 1662 cilicio
1894 1609 2102 1662 videtur

520 1699 762 1770 operari,
793 1699 896 1753 hoc
920 1706 1092 1752 totum
1123 1697 1357 1766 complet
1381 1706 1436 1752 et
1465 1697 1649 1767 implet
1683 1697 1984 1752 divinitatis
2023 1696 2100 1752 ef-

521 1795 716 1848 fectus.
757 1791 832 1846 lla
863 1792 973 1857 ille,
1004 1807 1102 1862 per
1136 1806 1294 1860 quem
1321 1791 1570 1847 Christus
1603 1793 1857 1860 loquitur,
1905 1791 2103 1847 Paulus
2133 1793 2179 1856 Β

523 1881 772 1936 afﬁrmat.
820 1901 838 1933 ι
874 1881 986 1952 Ego
1027 1881 1283 1952 plantavi,
1321 1881 1512 1951 Apollo
1561 1882 1775 1952 rigavit,
1826 1881 1918 1936 sed
1967 1881 2105 1935 Deus

523 1977 914 2031 incrementum
961 1974 1124 2029 dedit.
1180 1975 1384 2044 Itaque,
1418 1988 1593 2042 neque
1639 1974 1728 2042 qui
1781 1973 1984 2041 plantat
2023 1981 2106 2026 est

522 2064 754 2135 aliquid;
785 2079 960 2134 neque
986 2065 1077 2134 qui
1111 2065 1269 2133 rigat,
1299 2064 1393 2119 sed
1434 2065 1523 2133 qui
1557 2066 1950 2119 incrementum
1989 2064 2102 2127 dat,

519 2154 664 2210 Deus
692 2153 740 2225 (Ι
770 2155 893 2208 Cor.
920 2154 1024 2226 ιιι).
1053 2173 1071 2206 s
1102 2154 1146 2208 Α
1191 2153 1301 2208 Deo
1345 2166 1525 2209 autern
1565 2171 1668 2210 nou
1697 2155 1958 2223 quaeritur
1983 2153 2106 2222 quis

523 2246 610 2300 vel
639 2246 814 2314 qualis
853 2245 1147 2315 praedicet;
1196 2247 1290 2300 sed
1338 2261 1497 2316 quem
1545 2247 1822 2317 praedicet,
1861 2256 1919 2299 ut
1961 2246 2100 2300 iuvi--

517 2337 624 2392 dos
655 2338 814 2392 etiarn
849 2339 984 2392 bene
1014 2336 1290 2392 Christum
1322 2339 1620 2408 praedicare
1649 2338 1954 2404 confirmet,
1993 2351 2102 2408 quo

525 2429 668 2486 malo
699 2431 943 2486 diabolus
972 2431 1085 2502 ipse
1111 2429 1353 2500 dejectus
1379 2440 1481 2484 est.

521 2538 651 2595 CAP.
684 2539 800 2594 XX.
824 2571 896 2581 -—
921 2539 1190 2610 Ejusdem,
1224 2541 1360 2609 quod
1402 2541 1527 2610 mnii
1571 2541 1704 2593 bona
1733 2540 2096 2604 ministrando,

592 2611 692 2664 sibi
720 2608 1082 2664 tantumnodo
1105 2608 1344 2676 naccam,
1371 2626 1461 2664 nec
1483 2608 1731 2665 Ecclesia:
1771 2620 2100 2664 sacramenta

592 2679 992 2735 commuculent.

591 2770 717 2825 Ideo
763 2784 891 2840 ergo
937 2775 994 2824 et
1021 2767 1120 2823 .lric
1159 2767 1410 2834 Aeacius,
1442 2769 1591 2836 cujrrs
1633 2784 1827 2822 nomen
1871 2768 2100 2823 dicimus

524 2859 1034 2924 esse.reticendurn,
1066 2857 1206 2912 rrrale
1233 2860 1374 2914 bona
1413 2860 1786 2918 ministrando,
1830 2858 1931 2912 sibi
1976 2867 2096 2912 tarr-

525 2953 800 3006 tummodo
860 2949 1064 3005 nocuit.
1135 2948 1268 3004 Nam
1331 2948 1638 3004 inviolabile
1700 2957 2095 3003 sacramentum

523 3043 666 3112 quod
715 3057 810 3111 per
854 3041 1002 3095 illum
1049 3042 1230 3095 datum
1275 3050 1378 3105 est,
1406 3041 1524 3095 aliis
1567 3027 1952 3111 perfectionem
1985 3057 2097 3096 sua:

523 3133 746 3186 virtutis
773 3131 1024 3196 obtinuit,
1075 3132 1126 3185 ei
1157 3142 1336 3186 autem
1363 3131 1554 3185 obfuit.
1596 3131 1962 3198 Quorumdam
1999 3149 2094 3186 au-
2122 3149 2166 3211 ο

522 3231 631 3276 tem
659 3221 711 3275 in
748 3231 956 3276 tantum
988 3236 1047 3276 se
1075 3223 1316 3276 extendit
1350 3224 1561 3276 crrriosa
1592 3223 1934 3290 Srrspicio,.ut
1963 3223 2096 3276 ima-

521 3313 756 3380 ginetur,
787 3315 1015 3382 probato
1042 3329 1070 3366 a
1100 3329 1237 3383 papa
1275 3312 1450 3367 Felice
1482 3311 1710 3380 judicio,
1741 3326 1926 3382 postea
1962 3314 2097 3369 inef-

519 3403 763 3457 ficaciter
814 3407 866 3457 in
917 3403 1313 3468 sacramentis,
1362 3417 1480 3472 qrrae
1517 3404 1746 3458 Aeacius
1794 3407 2094 3476 usurpavit,

517 3498 733 3566 egisse;
779 3511 842 3550 ac
883 3497 1106 3566 perinde
1145 3510 1238 3552 eos
1273 3506 1534 3560 metuere,
1571 3496 1660 3564 qui
1700 3497 1785 3551 vel
1826 3497 1878 3551 in
1911 3513 2098 3552 conse-

519 3587 878 3650 crationibus,
933 3586 1022 3641 vel
1075 3588 1130 3640 in
1182 3584 1536 3654 baptismate,
1591 3588 1844 3659 mysteria
1898 3590 2094 3644 tradita

520 3688 894 3748 srrsceperrrrrt.
936 3678 1072 3734 Nam
1105 3676 1356 3748 superbia
1404 3693 1620 3747 semper
1666 3679 1789 3744 sibi,
1838 3696 1945 3734 non
1976 3681 2096 3735 aliis

506 3767 651 3822 facit
693 3769 926 3822 ruinam.

589 3877 718 3931 Car.
768 3876 1016 3952 XXI._—
1054 3879 1199 3934 Unde
1248 3899 1427 3950 supra.
1477 3891 1534 3937 δ.
1582 3883 1860 3952 Augustini
1913 3893 2093 3936 contra

898 3945 1322 4004 Parmenianurn'
1351 3945 1721 4006 Donastistarir.

590 4034 742 4102 Quod
772 4045 950 4090 autem
978 4037 1031 4091 in
1061 4037 1196 4093 libro
1226 4038 1518 4110 Sapientia:
1557 4040 1771 4111 legitur,
1806 4061 1822 4092 ι
1861 4041 2095 4113 Spiritus

519 4133 742 4180 sanctus
790 4126 1087 4197 disciplinae
1117 4127 1334 4200 etl‘ugiet
1373 4133 1576 4194 ﬁctum,
1629 4142 1685 4186 et
1719 4134 1925 4188 auferet
1959 4149 2019 4188 se
2061 4149 2092 4188 a

514 4216 933 4286 cogitationibus
976 4233 1096 4286 qua!
1137 4229 1266 4274 sunt
1301 4222 1415 4275 sine
1463 4222 1732 4277 intellectu
1780 4223 1932 4294 (Sap.
1961 4225 2034 4292 r);
2069 4243 2088 4276 ι

519 4307 595 4362 ita
624 4307 1025 4377 intelligendum
1045 4319 1152 4374 est,
1195 4320 1252 4364 ut
1299 4313 1435 4365 desit
1483 4311 1640 4366 salrrti
1674 4310 1821 4381 ejus,
1853 4312 2095 4366 ministe-

503 4401 658 4457 ‘rium
707 4409 890 4456 tamen
938 4416 1044 4457 non
1092 4400 1325 4467 deserat,
1374 4404 1514 4473 quod
1563 4419 1657 4472 per
1705 4419 1827 4459 eum
1863 4405 2089 4460 salutem

2218 527 2533 587 diuaverat,
2583 542 2649 580 ne
2685 540 2806 578 cum
2849 538 2914 578 eo
2960 535 3336 592 remanerent,
3379 541 3442 581 ac
3485 527 3635 582 fieret
3681 545 3768 583 neti

2217 615 2487 668 mediocre
2519 615 2851 675 scandalum,
2885 615 3117 668 ordinati
3152 616 3542 684 reciperentur.

2212 723 2341 779 Car.
2371 723 2555 778 XXIII.
2581 725 2900 796 -ένΝιι-(ῑιηα
2938 726 3167 793 synodus
3200 725 3414 779 clericos
3451 728 3544 796 qui
3589 730 3772 784 ratirati

2617 795 2882 860 dicuntur,
2913 797 2985 847 ita
3023 796 3178 864 recipi
3204 795 3374 864 jubet.

2281 907 2358 962 Dc
2386 907 2468 962 his
2491 909 2578 978 qui
2615 922 2671 962 se
2701 909 2979 963 nominant
3006 910 3278 972 catharos,
3312 909 3363 962 id
3405 918 3515 972 est,
3547 910 3774 975 mundos,

2211 997 2253 1052 si
2289 998 2504 1066 quando
2543 999 2760 1052 veniant
2789 1000 2853 1052 ad
2876 998 3176 1054 Ecclesiarn
3199 1000 3553 1062 catholicam,
3598 1001 3776 1070 placui!

2211 1099 2400 1144 Sancto
2443 1100 2496 1144 et
2539 1105 2732 1159 magno
2762 1091 3012 1154 concilio,
3040 1101 3098 1144 ut
3143 1091 3554 1160 irnpositionem
3606 1109 3778 1145 manus

2209 1178 2561 1247 accipientes,
2595 1181 2672 1232 sic
2703 1180 2756 1232 in
2783 1179 2982 1234 clerico
3011 1189 3384 1248 permaneant.

2207 1288 2334 1344 Crte.
2364 1288 2551 1346 XXIV.
2579 1322 2646 1331 -—
2678 1291 2751 1344 De
2791 1292 3034 1346 Anatolio
3069 1293 3185 1346 licet
3223 1294 3361 1346 male
3402 1296 3676 1359 ordinato,
3708 1307 3779 1348 ta-

2729 1379 2846 1416 men
2877 1379 2979 1415 non
3019 1362 3252 1431 expulso.

2271 1470 2478 1526 Sancto
2509 1471 2763 1525 Flaviano
2789 1471 3393 1543 Constantinopolitano
3441 1475 3698 1546 opisc0po
3722 1473 3782 1530 ob

2205 1562 2526 1617 catholicam
2574 1564 2730 1618 tidem
2776 1565 2828 1618 in
2865 1564 3115 1618 exsiliunt
3165 1565 3465 1624 destinato.
3515 1567 3782 1621 Anatolius

2203 1666 2268 1707 eo
2305 1656 2516 1709 vivente
2547 1655 2599 1707 in
2626 1653 2741 1722 ejus
2767 1655 2884 1708 loco
2912 1656 3193 1711 ordinatrrs
3221 1666 3326 1711 est.
3356 1655 3443 1710 Ad
3478 1671 3642 1726 quem
3668 1673 3779 1711 san-

2207 1755 2327 1827 ctus
2366 1761 2502 1816 papa
2548 1747 2654 1801 Leo
2696 1748 2765 1800 ita
2809 1745 3046 1815 loquitur
3091 1762 3107 1801 :
3156 1745 3459 1802 Deccssore
3506 1749 3654 1800 enim
3699 1759 3780 1801 tuo

2209 1838 2381 1893 beata:
2421 1838 2696 1893 memoriae
2733 1837 3014 1902 Flaviano,
3038 1847 3257 1907 propter
3287 1838 3670 1892 defensionem
3698 1851 3778 1889 ca-

2211 1930 2421 1985 tholica:
2466 1931 2717 1985 veritatis
2757 1929 2956 1998 eiecto,
2988 1946 3092 1984 non
3144 1931 3423 1986 immerito
3477 1931 3782 1985 credebatur

2207 2021 2351 2091 quod
2393 2021 2737 2076 ordinatores
2795 2021 2870 2076 tui
2926 2030 3110 2076 contra
3165 2030 3492 2075 sanctorum
3530 2036 3780 2073 canonum

2208 2116 2451 2170 instituta
2495 2112 2808 2168 viderentur
2850 2113 2935 2168 sui
2983 2111 3210 2168 similem
3257 2128 3641 2166 consecrasse.
3689 2111 3780 2164 Sed

2207 2203 2378 2259 adfuit
2421 2204 2794 2260 misericordia
2840 2203 2974 2266 Dei,
3026 2203 3080 2256 in
3113 2203 3216 2268 boc
3261 2209 3315 2255 te
3361 2201 3600 2271 diligas
3639 2212 3782 2268 atque

2205 2297 2558 2363 confirmans,
2588 2308 2646 2351 ut
2675 2298 2832 2352 malis
2860 2297 3138 2366 principiis
3164 2294 3303 2349 bene
3326 2297 3594 2360 utereris,
3616 2305 3780 2348 etnon

2206 2397 2259 2446 te
2285 2389 2491 2459 judicio
2522 2390 2802 2443 hominum
2835 2398 3168 2458 provectum,
3198 2389 3288 2442 sed
3333 2387 3432 2440 Dei
3465 2387 3781 2453 benignitate

2204 2490 2564 2534 morrstrares.
2596 2480 2747 2546 Quod
2778 2493 2904 2532 vere
2939 2479 3006 2532 ita
3040 2477 3416 2547 accipiendum
3449 2487 3558 2538 est.
3589 2479 3630 2532 si
3656 2477 3780 2529 hanc

2203 2556 2368 2623 divini
2406 2570 2645 2623 mrrrreris
2677 2568 2906 2637 gratiam
2935 2567 3039 2621 alia
3080 2566 3378 2621 oﬂ‘eusione
3425 2583 3536 2619 non
3581 2568 3775 2635 perdas.

2203 2658 2298 2714 llis
2338 2675 2468 2728 ergo
2511 2659 2727 2713 relectis
2771 2658 3062 2727 capitulis,
3113 2673 3148 2711 ο
3188 2657 3417 2726 justitiae
3467 2658 3776 2712 dilectores.

2203 2751 2432 2806 audistis
2468 2750 2746 2820 liquidius,
2775 2750 2920 2820 quod
2948 2764 2983 2802 ο
3013 2749 3490 2818 pseudoepiscopis
3519 2748 3781 2802 ordinatio

2200 2841 2342 2896 facta
2373 2841 2540 2910 possit
2570 2851 2682 2894 rata
2709 2841 3026 2894 consistere.
3054 2840 3292 2894 Audistis
3314 2841 3479 2893 etiam
3508 2840 3638 2908 quia
3668 2840 3772 2892 sic-

2199 2941 2258 2986 ut
2303 2934 2478 2987 denuo
2531 2933 2759 3000 qrrisqrre
2811 2931 3069 3001 baptizari
3121 2947 3225 2985 non
3270 2929 3470 2993 debet,
3557 2933 3629 2982 ita
3685 2944 3780 2981 nec.

2198 3024 2374 3079 denuo
2435 3025 2487 3078 in
2542 3025 2730 3078 eodem
2763 3024 2952 3078 ordine
2991 3023 3292 3077 consecrari
3334 3031 3531 3090 potest.
3587 3019 3779 3072 Nihilo

2201 3117 2375 3169 nriurrs
2411 3126 2591 3169 autem
2641 3115 2890 3177 audistis,
2918 3115 3058 3184 quod
3085 3128 3183 3168 eos
3226 3127 3362 3181 quos
3389 3113 3625 3165 Acacius
3664 3119 3780 3177 post

2199 3207 2604 3262 damnationem
2649 3223 2802 3260 suam
2833 3205 3123 3273 ordinavit,
3163 3204 3302 3257 nrrlla
3336 3204 3518 3272 portio
3551 3200 3781 3253 Iasionis

2198 3300 2457 3370 attigerit,
2489 3314 2555 3354 eo
2588 3301 2730 3369 quod
2766 3297 2891 3352 mali
2923 3297 3059 3351 bona
3101 3296 3477 3356 ministrando,
3520 3295 3625 3346 sil.i
3668 3302 3781 3344 Lin-

2198 3395 2476 3447 trrurmodo
2526 3401 2801 3455 noceant,
2855 3389 3215 3444 ministerium
3261 3397 3443 3440 autem
3505 3383 3779 3438 maculare

2197 3501 2305 3539 non
2353 3485 2587 3554 possint,
2630 3483 2772 3552 quod
2810 3479 3006 3535 talibus
3055 3477 3242 3533 oIiiciis
3271 3477 3505 3545 Spiritus
3537 3484 3761 3530 sanctus

2196 3576 2482 3646 praesideat
2507 3583 2716 3628 auctor.
2741 3573 2874 3628 :Iude
2903 3572 3157 3627 nimirum
3186 3579 3270 3625 est
3296 3571 3436 3638 quod
3466 3568 3770 3627 Bonosiaci.

2197 3669 2287 3738 qtri
2315 3668 2380 3720 ad
2420 3665 3065 3721 carlrolicamEcclesiam
3101 3663 3278 3718 redire
3315 3661 3621 3723 voluerunt,
3651 3675 3770 3711 cuiu

2197 3759 2310 3813 suis
2333 3758 2626 3812 honoribus
2655 3757 2852 3824 recepti
2878 3764 3024 3810 sunt.
3058 3754 3186 3808 Inde
3211 3755 3444 3810 etiamet
3463 3750 3768 3808 Novatiaui.

2197 3861 2256 3903 ut
2291 3851 2502 3904 fuerant
2532 3849 2790 3911 ordinati,
2822 3864 2917 3918 per
2945 3863 3136 3902 manus
3178 3845 3578 3916 impositioncm
3604 3844 3767 3897 susci-

2196 3942 2435 4010 piuntrrr.
2480 3942 2762 3996 Anatolius
2805 3955 3038 4010 quoque,
3092 3950 3150 3994 ut
3194 3941 3396 3994 dictum
3450 3948 3555 4000 est,
3605 3934 3765 4004 magis

2197 4033 2488 4104 sacrilegus
2525 4033 2751 4087 invasor
2792 4049 2952 4101 quam
2983 4032 3274 4101 episcopus
3318 4029 3420 4084 fuit
3464 4029 3758 4090 ordinatus,

2196 4131 2252 4177 et
2298 4133 2474 4177 tamen
2518 4139 2548 4176 a
2580 4131 2770 4178 sancto
2805 4138 2942 4192 papa
2982 4122 3163 4177 Leone
3209 4137 3314 4177 non
3361 4121 3759 4180 condemnatur,

2195 4214 2288 4267 sed
2318 4215 2494 4282 potius
2523 4217 2862 4278 admonetur,
2892 4224 3157 4283 quatenus
3183 4211 3577 4268 sacerdotalem
3619 4210 3758 4261 heni-

2192 4305 2459 4375 gnitatem
2512 4304 2618 4358 alia
2673 4304 2969 4360 offensione
3012 4319 3116 4360 non
3162 4305 3374 4372 perdat.
3437 4302 3507 4357 Et
3550 4300 3635 4352 isti
3677 4297 3758 4366 qui

2197 4395 2367 4448 sunt?
2395 4394 2478 4447 vel
2508 4392 2660 4460 cujus
2687 4395 3005 4464 magisterii,
3039 4392 3262 4460 cuiusve
3290 4391 3648 4450 auctoritatis,
3674 4386 3756 4454 qui

507 4498 772 4560 operatur
801 4489 1051 4545 aliorum.
1101 4491 1253 4547 Unde
1296 4493 1372 4545 ait
1417 4492 1705 4562 Αροειοιυε
1727 4510 1747 4547 ,ε
1796 4511 1815 4544 ε
1852 4492 1910 4548 Si
1939 4495 2084 4548 enim
2115 4493 2166 4552 ι)
2191 4499 2401 4540 sacram
2442 4486 2838 4540 ordinationem
2881 4499 2911 4540 a
2941 4483 3209 4540 catholico
3237 4482 3758 4538 viroministratam,

506 4579 706 4635 volens
736 4581 838 4635 hoc
865 4580 1028 4648 iacio,
1059 4583 1359 4638 mercedem
1403 4583 1613 4649 habeo;
1654 4584 1696 4638 si
1726 4596 1906 4638 autem
1944 4584 2084 4638 invi-

513 4680 621 4736 tus,
666 4670 998 4742 dispensatio
1027 4672 1159 4726 mihi
1192 4673 1394 4727 credita
1422 4681 1506 4727 est
1535 4672 1587 4744 (1
1620 4673 1740 4729 Cor.
1774 4676 1906 4744 rx).r
1933 4675 2012 4730 Ae
2042 4674 2087 4731 si

510 4761 656 4816 dicat
689 4778 702 4815 :
739 4761 845 4817 illis
881 4763 1100 4832 prodest
1131 4763 1326 4832 quibus
1360 4764 1463 4819 hoc
1500 4764 1773 4836 dispenso,
1803 4781 1911 4821 non
1954 4767 2088 4822 mihi

510 4852 602 4920 qui
636 4850 793 4907 ﬁctus
830 4865 970 4906 sum.

504 4945 510 4954 ⁴
579 4959 710 5014 CAP.
763 4959 1024 5015 XXll.—-
1054 4957 1207 5026 Quod
1260 4961 1536 5018 Bonosiaci
1587 4966 1761 5020 clerici
1809 4985 1926 5022 cum
1979 4971 2086 5025 suis

725 5030 1006 5084 honoribus
1033 5034 1138 5084 sint
1170 5036 1374 5103 recepti,
1405 5034 1698 5089 lnnocrntii
1724 5055 1889 5107 papw.

582 5137 800 5192 Certum
846 5149 929 5195 est
960 5143 1102 5210 quod
1143 5143 1425 5200 Bonosiaci
1457 5147 1696 5202 haeretici
1738 5153 2084 5219 comparandi

504 5239 642 5284 sunt
661 5229 880 5296 Judteis,
909 5248 973 5289 eo
994 5239 1138 5305 quod
1174 5238 1448 5294 Christum
1484 5241 1650 5296 Deum
1674 5258 1739 5296 ex
1767 5243 1940 5298 l’atris
1961 5245 2087 5298 sub-

517 5318 713 5362 stantia
759 5329 924 5362 τιν’-ί
1058 5325 1068 5340 ·
1327 5337 1336 5342 -
1559 5339 1569 5344 -
1617 5329 1632 5344 1
1699 5332 1708 5344 .
1765 5332 1774 5342 .
1904 5333 1914 5342 .
2001 5333 2012 5346 ,

2188 4585 2245 4630 et
2286 4575 2530 4646 pluribus
2560 4575 2716 4630 anuis
2750 4574 2860 4629 Deo
2897 4574 3129 4630 ﬁdeliter
3163 4571 3547 4633 famulantem,
3588 4580 3642 4622 (ιι
3683 4583 3758 4618 ρετ-

2188 4667 2493 4722 elesiastica
2539 4664 2711 4720 ofﬁcia
2756 4665 3063 4722 Christiano
3105 4664 3307 4733 populo
3356 4665 3751 4717 ministrantem,

2192 4773 2297 4813 non
2325 4759 2589 4814 catholice
2618 4759 2712 4814 sed
2744 4757 3036 4827 apostoliee
3061 4756 3388 4812 subvertere
3415 4755 3693 4808 nituntur!

2580 4869 2709 4925 Car.
2739 4868 2908 4923 XXV.
2940 4896 3010 4907 —
3040 4866 3118 4919 De
3153 4864 3387 4919 Liber-io.

2265 4986 2396 5052 Quis
2438 4983 2581 5038 enim
2642 4981 2846 5034 nesciat
2882 4979 3023 5047 qrrod
3061 4977 3334 5040 Liberius,
3373 4979 3481 5033 heu
3519 4978 3646 5047 proli
3680 4973 3755 5026 do»

2189 5071 2303 5126 lor!
2334 5073 2547 5126 Ariona:
2580 5070 2768 5124 haeresi
2803 5069 3208 5136 subscripserit,
3240 5079 3296 5122 et
3324 5083 3427 5138 per
3457 5068 3573 5135 ejus
3603 5077 3760 5118 trans-

2189 5162 2522 5232 gressionem
2577 5158 2964 5212 uel'arrdissima
3021 5157 3228 5211 scelera
3289 5159 3400 5211 sint
3453 5156 3758 5211 corttrtriSSﬂ‘.

2192 5253 2478 5307 multitudo
2505 5267 2717 5320 quoque
2759 5251 3100 5304 sacerdotum
3149 5259 3205 5303 et
3254 5249 3587 5303 clericorum
3617 5250 3764 5301 inter-

2649 5350 2692 5366 ..Ι
2705 5357 2734 5368 uo
