4012 6300
231 319 375 388 thas

871 327 1126 384 AUXlLll
1165 328 1250 382 nr:
1287 325 1515 384 OBDIN.
1557 329 1598 382 Α
1637 328 1963 386 ronuoso
2001 329 2105 390 re.
2140 331 2385 387 FACTlS
2420 332 2596 388 1.th
2637 321 2795 392 nuo.

3365 345 3387 397 l
3397 343 3502 398 οτθ

233 445 429 511 ludas,
459 443 704 514 quamvis
737 441 820 498 fu'r
843 452 895 498 et
922 442 1239 514 sacrilegus,
1269 447 1388 513 qua:
1411 442 1700 498 salubriter
1725 443 1810 497 in-
1835 451 1887 508 Α
1915 443 2087 500 Porro
2118 447 2182 500 de
2211 449 2339 503 sede
2381 449 2446 502 ad
2500 451 2702 516 sedem,
2744 450 2827 506 vel
2859 451 2922 506 de
2952 451 3172 509 civitate
3205 455 3272 510 ad
3312 459 3502 514 civita-

238 549 326 588 ter
351 533 622 605 apostolos
643 534 829 604 gessit,
855 535 1142 602 quisquam
1173 533 1356 587 redau
1401 539 1503 588 Ere
1528 541 1634 586 non
1661 547 1821 586 ausus

235 625 360 679 fait.

235 733 370 787 CAP.
401 731 589 790 XXVI.
616 759 688 770 ——
715 709 868 795 Quod
898 727 1076 799 Vigilii
1102 729 1460 783 ordinationes
1485 745 1634 784 nemo
1657 728 1824 784 remo;

803 815 916 853 vere
945 815 1106 852 ausus
1139 800 1258 867 fuit.

303 890 449 946 'Hinc
487 897 572 946 est
609 890 754 959 quod
782 885 961 960 Vigilii
988 889 1364 944 ordinationes
1397 905 1553 945 nemo
1582 906 1824 946 commo-

239 1000 372 1039 vere
411 999 576 1038 ausus
611 991 716 1037 est.
767 981 933 1037 lstum
965 997 1200 1050 namque
1248 982 1389 1036 scias
1423 997 1542 1036 esse
1569 983 1821 1052 Vigilium

235 1075 334 1145 qui
382 1075 532 1144 prius
574 1073 1036 1143 Bonifaeio‘papa:
1063 1074 1288 1129 insidias
1310 1074 1530 1129 molitus
1559 1085 1662 1140 est,
1695 1091 1824 1146 qua-

241 1176 403 1218 tenus
443 1179 506 1219 eo
546 1164 760 1218 vivente
801 1163 1151 1234 apostolicam
1180 1165 1500 1233 dignitatem
1529 1165 1825 1236 sacrilegus

233 1255 528 1310 obtineret.
574 1253 700 1319 Sed,
739 1255 1026 1310 resistente
1077 1265 1291 1320 senatu,
1332 1256 1437 1311 tale
1478 1258 1606 1326 quid
1645 1256 1824 1313 facere

236 1347 463 1401 minime
507 1346 696 1416 potuit.
729 1345 1079 1402 Postmodum
1107 1361 1236 1402 vero
1269 1346 1444 1403 sol-itis
1474 1349 1824 1403 machinatio~

231 1437 397 1492 nibus
445 1436 732 1493 Silver-ium
777 1453 969 1508 papam
1005 1439 1302 1508 apostolica
1341 1440 1601 1509 dignitate
1629 1454 1824 1510 exspo-

234 1512 375 1584 liare
419 1543 705 1600 aggressus
729 1539 831 1584 est.
863 1529 1014 1597 Quod
1046 1531 1136 1586 ille
1161 1519 1620 1597 animadvertetis,
1653 1531 1819 1612 advof

233 1623 377 1677 catis
397 1623 690 1693 episcopis,
737 1624 1064 1679 auctoritate
1102 1626 1274 1680 sancti
1325 1625 1558 1695 Spiritus
1598 1635 1653 1682 et
1695 1642 1823 1696 apo-

233 1711 431 1766 stolica
461 1720 750 1781 potestate.
787 1727 908 1766 eum
942 1712 1086 1766 velut
1119 1713 1492 1770 Simoniacum
1520 1726 1576 1772 et
1602 1717 1815 1772 invaso-

232 1818 354 1859 rem
380 1804 740 1860 anathematis
764 1803 994 1859 vinculis
1021 1804 1296 1877 obligavit.
1329 1815 1382 1862 et
1408 1807 1518 1872 ille,
1547 1818 1606 1863 ut
1635 1818 1814 1865 mente
1849 1801 1891 1862 Β

231 1904 582 1965 conceperat,
637 1910 739 1965 per
793 1895 1129 1965 imperialem
1170 1898 1500 1966 pctentiam,
1552 1898 1820 1968 simulque

231 1987 405 2044 falsos
436 1997 621 2050 te5tes,
653 1986 902 2043 eumdem
938 1988 1292 2060 apostolicum
1326 1989 1541 2045 Patrem
1571 1991 1821 2060 nequiter

229 2078 640 2143 condemnavit,
679 2079 1013 2136 monachicis
1047 2081 1306 2145 vestibus,
1347 2090 1405 2136 et
1428 2083 1493 2136 ad
1515 2081 1739 2138 Pontias
1759 2084 1818 2138 in

232 2169 486 2224 exsilium
524 2170 834 2236 destinavit,
865 2181 1180 2228 sustentans
1203 2189 1327 2228 eum
1354 2189 1496 2244 pane
1523 2174 1822 2232 tribulatio-

235 2260 326 2315 nis
369 2268 425 2315 et
455 2276 592 2331 aqua
627 2277 693 2314 an
706 2262 931 2333 gustizc;
969 2262 1149 2331 ibique
1172 2274 1419 2320 mortuus
1447 2275 1532 2322 est
1555 2282 1619 2322 ac
1644 2267 1821 2338 sepul-

233 2353 345 2409 tus,
373 2356 428 2402 et
452 2347 732 2403 confessor
778 2349 1003 2406 effectus
1043 2361 1155 2416 est;
1203 2353 1270 2408 ad
1315 2355 1469 2424 cujus
1507 2369 1706 2426 corpus
1738 2357 1820 2413 in-

233 2434 378 2490 firmi
419 2439 770 2494 sanabantur.
795 2440 1034 2510 Vigilius,
1064 2451 1246 2497 autem
1275 2443 1637 2501 anathematis
1665 2446 1818 2502 nexi-

232 2528 337 2582 bus
383 2529 577 2585 merito
611 2531 881 2597 irretitus,
923 2531 1148 2601 insuper
1193 2543 1248 2588 et
1284 2529 1560 2590 homicidii
1592 2537 1819 2594 crimine

233 2617 559 2672 nominatim
605 2619 916 2685 infamatus,
951 2622 1162 2678 nefario
1191 2638 1325 2678 ausu
1352 2639 1410 2678 se
1437 2640 1628 2694 papam
1667 2627 1819 2682 insti-

236 2707 362 2762 tuit.
395 2707 440 2764 Ο
483 2709 806 2766 ineffabilem
840 2708 936 2768 Dei
963 2714 1254 2784 pietateml
1305 2715 1549 2786 V’igilius,
1575 2720 1664 2787 qui
1703 2723 1817 2788 jam

237 2795 560 2869 desperatus
602 2813 745 2870 erat,
791 2815 1039 2860 servatur
1075 2808 1142 2861 ad
1186 2808 1578 2878 pmnitentiam.
1621 2813 1815 2868 Δηλιιὶ-

230 2906 386 2944 mum
417 2893 624 2949 scilicet
648 2895 958 2952 hacreticum
989 2899 1355 2966 patriarcham
1386 2917 1547 2970 quem
1579 2905 1816 2958 reconci-

231 2981 372 3038 liare
394 2989 771 3056 spoponderat,
801 2990 1154 3045 reconciliare
1183 2991 1390 3054 nolens,
1423 2991 1579 3062 longo
1600 2993 1812 3060 exsilio,

234 3078 504 3149 longaque
530 3082 818 3138 alllictione
843 3093 1171 3149 maceratus,
1203 3085 1361 3153 digna
1404 3084 1560 3140 factis
1587 3103 1724 3153 recc,
1749 3088 1810 3151 it,

1925 543 2030 588 tem
2061 535 2342 606 episcopos
2373 537 2674 602 transferri,
2716 551 2772 596 et
2814 542 2867 595 in
2893 543 3252 602 decretalibus
3278 547 3497 616 litteris,

1919 625 1990 680 ob
2020 628 2424 694 necessitatem,
2467 630 2550 684 vel
2588 630 2661 683 ob
2699 633 2986 689 utilitatem
3019 651 3336 694 concessum
3364 641 3500 714 legi-

1921 733 2064 781 mus,
2095 727 2148 772 et
2173 719 2436 786 plurimos
2481 723 2844 788 sacerdotum,
2889 726 3051 782 etiam
3103 743 3346 798 sanctos,
3394 735 3503 791 tale

1922 810 2050 878 quid
2089 809 2264 882 egisse
2295 807 2401 867 neu
2431 813 2651 869 dubium
2681 826 2785 873 est.
2821 819 2897 874 Ex
2934 823 3130 890 quibus
3158 806 3339 882 esstat
3375 828 3504 886 bea-

1923 909 2010 956 tus
2055 901 2352 973 Gregorius
2394 905 2793 971 Nazianzenus.
2856 924 2917 965 ut
2979 930 3140 984 supra
3197 919 3500 977 retulimus.

1923 988 2048 1045 Haec
2096 1003 2315 1058 autem,
2351 995 2592 1064 prudens
2641 997 2831 1064 lector,
2879 1017 2985 1057 non
3034 1005 3157 1060 ideo
3216 1009 3501 1077 pra-libare

1923 1083 2260 1146 studuimus.
2310 1096 2380 1142 ,ιιι
2429 1089 2678 1157 cuiquam
2733 1095 3074 1160 sacerdotum
3127 1100 3197 1156 de
3253 1104 3380 1158 sede
3431 1105 3499 1160 ad

1923 1171 2130 1235 sedem,
2163 1174 2252 1228 vel
2290 1175 2356 1230 de
2387 1178 2606 1234 civitate
2632 1181 2699 1236 ad
2729 1183 3026 1249 civitatem,
3063 1191 3256 1244 mutari
3295 1191 3500 1248 licitum

1921 1276 2041 1318 esse
2075 1263 2338 1330 dicamus,
2379 1270 2473 1323 sed
2503 1280 2561 1323 ut
2598 1288 2792 1328 manus
2831 1276 3232 1346 impositionem
3279 1287 3444 1338 etiam
3469 1301 3503 1342 a

1921 1355 2399 1426 pseudoepiscopis
2425 1359 2809 1430 ministratam,
2843 1376 3038 1434 ratam,
3076 1379 3132 1424 et
3152 1369 3356 1440 justam
3382 1389 3504 1432 esse

1925 1453 2024 1516 test
2050 1447 2244 1501 moniis
2275 1450 2774 1518 comprobaremus.

1921 1593 2046 1651 ΟΑΡ.
2076 1597 2322 1682 ¹ξίἳίγῐῐῐ.
2359 1602 2636 1682 -ηρηηοά
2670 1609 2759 1675 qui
2800 1627 2952 1682 papae
2994 1611 3238 1672 Formosi
3290 1592 3498 1676 sacrant

1992 1671 2376 1755 ordinationem
2403 1673 2533 1754 nihil
2567 1671 2814 1755 esse,_vef
2840 1671 3002 1750 fuisse
3025 1671 3504 1755 consulari-CVII";

1989 1741 2178 1793 aliena:
2207 1741 2469 1812 religionis
2488 1749 2554 1797 ait
2580 1741 2850 1804 inimicus:
3259 1789 3262 1792 ~

1990 1867 2106 1940 Qua
2130 1874 2196 1929 de
2215 1889 2275 1930 re
2300 1877 2392 1948 qui
2429 1877 2707 1949 praefatam
2748 1886 3147 1946 ordinationem
3167 1933 3184 1959 ,
3221 1893 3413 1953 falsam
3447 1909 3506 1956 et

1920 1960 2134 2017 inanem
2169 1981 2287 2021 esse
2309 1968 2390 2022 vel
2429 1969 2594 2026 fuisse
2623 1973 2962 2045 confingunt,
2989 1996 3161 2053 coque
3191 1987 3503 2048 sacerdotes

1920 2067 1984 2108 ac
2005 2053 2194 2111 levitas
2213 2063 2615 2120 consecrandos
2634 2081 2756 2122 esse
2777 2070 3162 2143 dogmatizant,
3189 2081 3318 2149 quid
3353 2083 3499 2140 aliud

1919 2158 2079 2239 quam
2109 2145 2278 2204 Italim
2302 2152 2548 2222 regiones
2573 2196 2587 2220 ,
2621 2155 2776 2228 longe
2814 2160 3029 2233 lateque
3055 2206 3069 2228 ,
3100 2145 3227 2224 ecce
3255 2170 3368 2239 jam
3395 2175 3504 2228 cir-

1918 2234 2058 2334 citer
2113 2239 2298 2309 viginti
2345 2257 2551 2310 annos,
2605 2249 2810 2320 absque
2878 2253 3182 2314 Christiana
3246 2263 3504 2334 religione

1917 2328 2120 2421 vixisse
2145 2333 2426 2403 garriunt?
2451 2337 2529 2392 Ac
2571 2349 2668 2410 per
2704 2343 2824 2410 hoc,
2848 2347 2976 2416 quid
3009 2349 3152 2405 aliud
3179 2328 3371 2421 restat,
3397 2357 3502 2414 nisi

1918 2420 1987 2475 ab
2014 2421 2278 2491 ejusmodi
2325 2428 2592 2500 episcopis
2629 2448 2730 2502 per
2757 2438 3064 2496 universam
3104 2442 3312 2500 italiam
3355 2420 3504 2505 dedi-

1917 2520 2055 2567 catte
2089 2515 2350 2581 C(fCieSilP,
2385 2520 2577 2575 altaria
2622 2539 2964 2595 consecrata,
2989 2543 3046 2586 et
3079 2534 3380 2592 cbrismata
3414 2555 3503 2596 so-

1919 2597 2168 2658 lemniter
2191 2606 2458 2676 instituta,
2477 2627 2696 2681 prorsus
2719 2617 2996 2686 perierint.
3024 2620 3290 2680 Similiter
3319 2638 3498 2686 autem

1921 2697 2029 2745 tam
2058 2695 2126 2748 ab
2155 2697 2425 2768 episcopis
2463 2718 2625 2772 quam
2655 2722 2685 2758 a
2716 2709 2926 2765 caeteris
2957 2716 3353 2784 sacerdotibus,
3380 2719 3502 2776 fou-

1921 2791 2000 2837 les
2029 2784 2082 2838 in
2123 2790 2495 2848 remissionem
2526 2807 2868 2864 peccatorum
2897 2805 3220 2864 sanctificati
3243 2851 3257 2872 ,
3289 2820 3340 2866 et
3372 2815 3503 2867 misp-

1914 2887 2098 2929 sarum
2149 2878 2410 2935 solemnia
2452 2893 2559 2938 tam
2593 2885 2648 2940 in
2689 2879 2986 2948 Dominicis
3017 2895 3206 2953 diebus
3253 2915 3415 2970 quam
3447 2904 3499 2958 in

1914 2963 2034 3018 aliis
2052 2965 2457 3037 festivitatibus,
2480 2973 2703 3042 frustra,
2724 2988 2782 3034 ut
2805 2981 3200 3054 blasphemant,
3223 2963 3498 3048 celebrata

1913 3054 2040 3107 sint.
2075 3055 2388 3116 Oblationes
2411 3077 2626 3134 quoque
2657 3076 2762 3122 tam
2806 3086 2904 3140 pro
2951 3075 3087 3130 vivis
3133 3093 3295 3146 quam
3331 3083 3496 3138 etiam

229 3177 290 3222 ει
327 3147 661 3225 s'ic‘demum
703 3177 886 3242 procul
919 3190 948 3228 a
977 3147 1165 3243 patrm
1199 3147 1481 3228 debuimus
1527 3147 1726 3245 quia”,
1761 3147 1811 3230 id
1843 3161 1886 3221 ρ
1917 3159 2014 3213 pro
2042 3147 2327 3245 defunctis,
2349 3155 2502 3245 quod
2537 3157 2681 3212 dictu
2713 3160 2865 3216 nefas
2889 3173 2972 3220 est
2994 3206 3009 3230 ,
3049 3176 3301 3240 tanquam
3329 3188 3500 3244 nuga-

229 3257 482 3314 Domino.
515 3257 895 3317 Ordinationes
927 3272 1104 3318 tamen
1135 3261 1276 3331 ejus,
1308 3273 1364 3317 ut
1391 3265 1589 3319 dictum
1618 3275 1724 3328 est,
1755 3265 1808 3319 iu

229 3347 334 3403 Sua
383 3351 518 3404 stabi
547 3351 676 3406 itate
706 3361 1042 3408 manserunt.
1097 3353 1221 3407 Haec
1265 3354 1407 3407 enim
1451 3370 1572 3423 quae
1613 3356 1676 3408 de
1706 3353 1810 3408 Sil-

229 3441 386 3496 verio
425 3451 478 3496 ct
525 3443 716 3514 Vigilio
760 3445 1058 3508 retulit-nus,
1103 3445 1301 3514 partim
1344 3446 1395 3498 in
1434 3446 1679 3515 synodali
1723 3447 1814 3500 de-

235 3539 396 3585 creto
441 3530 680 3598 ejusdem
719 3533 955 3599 Silverii,
1003 3535 1198 3604 partim
1243 3535 1294 3588 in
1337 3533 1641 3588 Pontilicali
1671 3534 1812 3588 libro

228 3621 518 3678 habentur.

223 3735 366 3791 CAP.
411 3735 620 3809 XXVII.
645 3769 713 3778 -—
738 3738 1110 3809 Quiarexrepto
1145 3737 1332 3792 Liberii
1353 3737 1648 3809 sacrilegio,
1673 3739 1812 3809 quod

307 3808 583 3878 pessimum
608 3818 712 3878 est,
752 3808 975 3877 VigiLius
998 3809 1180 3878 pejora
1206 3808 1528 3862 conmisisse
1549 3808 1814 3878 dignasci-

301 3875 392 3930 tur
413 3893 568 3946 quam
598 3875 906 3932 Formosus.

304 3987 402 4042 llis
431 3989 504 4042 ita
535 3988 600 4043 de
619 3989 944 4058 compendio
973 3988 1286 4060 praelibatis,
1331 3988 1640 4056 percontari
1675 3987 1809 4043 libet

234 4079 364 4150 quis
412 4075 602 4133 horum
645 4079 911 4134 deteriora
941 4078 1310 4134 commiserit?
1361 4077 1653 4134 Formosus
1695 4079 1814 4147 qui-

230 4173 379 4235 dem,
407 4183 464 4224 ut
494 4172 664 4236 aiunt,
691 4172 1002 4227 ambitionis
1042 4187 1204 4226 causa
1245 4172 1312 4225 ab
1343 4171 1634 4242 episcopali
1685 4171 1812 4226 sede

225 4261 298 4314 ad
349 4261 698 4330 apostolicum
747 4260 995 4314 thronum
1049 4260 1342 4315 translatus
1387 4271 1490 4315 est.
1553 4259 1705 4327 Quod
1765 4261 1810 4314 si

228 4349 531 4416 objecerint
583 4351 882 4420 depositum
925 4349 1111 4412 fuisse,
1155 4359 1208 4403 et
1245 4351 1582 4420 postmodum
1620 4366 1808 4405 recon-

228 4439 498 4503 ciliatum,
551 4439 799 4494 noverint
840 4439 962 4508 quia
1006 4439 1226 4507 plurimi
1276 4439 1614 4493 sacerdotum
1651 4441 1811 4508 depo-

1915 3251 2009 3291 ces
2033 3240 2312 3306 perierint.
2347 3241 2622 3305 Matutinte
2655 3266 2746 3306 seu
2789 3258 3104 3324 vespertinae
3125 3299 3141 3324 ,
3175 3276 3239 3316 ac
3262 3240 3498 3334 reliqua

1919 3345 2035 3383 rum
2065 3348 2254 3402 preces
2285 3337 2541 3395 horarum
2567 3385 2581 3406 ,
2629 3346 2774 3400 velut
2803 3348 2995 3418 inepta:
3039 3369 3145 3409 non
3175 3356 3286 3412 sint
3333 3375 3502 3416 exau-

1917 3420 2078 3484 ditte;
2116 3422 2400 3483 levitarum
2428 3445 2490 3485 ac
2514 3432 2964 3494 subdiacouorum
2992 3442 3164 3498 ollicia
3187 3445 3240 3500 itt
3266 3462 3498 3506 vacuum

1915 3696 2164 3797 clitetur,
2217 3700 2413 3774 quippe
2455 3723 2561 3761 non
2607 3711 2779 3765 solum
2807 3716 2895 3783 qui
2929 3696 3167 3786 faciunt,
3206 3724 3298 3779 sed
3326 3696 3381 3780 et
3405 3729 3500 3797 qui

1915 3791 2261 3886 consentiunt
2315 3809 2482 3862 prava
2531 3796 2888 3870 facientibus,
2945 3809 3172 3876 parilem
3223 3791 3502 3886 excipiunt

1915 3879 2226 3938 vindictam.
2256 3884 2304 3941 0
2335 3887 2761 3960 incomparabile
2791 3897 3163 3971 sacrilegium!
3194 3902 3326 3971 Quis
3347 3879 3498 3962 enim

1913 3971 1980 4027 de
2029 3973 2338 4033 timentibus
2374 3978 2544 4036 Deum
2592 3984 2762 4052 aequis
2789 3987 3011 4043 auribus
3052 3990 3154 4048 hoc
3188 3994 3377 4052 audire
3404 4012 3503 4067 po-

1916 4063 2062 4128 terit,
2098 4075 2156 4118 ut
2185 4081 2291 4122 non
2317 4070 2499 4124 statim
2530 4070 2838 4130 Christiano
2867 4077 2983 4133 zelo
3009 4063 3499 4146 commotusvscan-

1914 4155 2214 4212 dalizetur?
2257 4159 2446 4217 Nonne
2483 4163 2722 4234 linguam
2767 4166 2908 4220 illam
2940 4183 3062 4238 quae
3087 4171 3286 4235 talibus
3323 4173 3504 4243 impli-

1911 4257 2068 4301 catur
2119 4249 2464 4320 blasphemiis
2509 4254 2700 4310 melius
2743 4255 2921 4311 fuerat
2964 4259 3330 4326 particulatim
3377 4263 3498 4318 dari

1913 4339 2120 4401 avibus,
2155 4356 2316 4410 quam
2349 4343 2402 4396 in
2428 4351 3010 4418 tantam’prorumpere
3039 4351 3352 4407 vesaniam?
3379 4353 3497 4410 Sci-

1919 4444 2039 4482 mus
2068 4430 2212 4484 enim
2246 4433 2370 4500 quia
2401 4435 2743 4492 necessitatis
2780 4452 2977 4502 causa,
3020 4441 3184 4496 etiam
3223 4441 3361 4499 laico
3397 4445 3494 4500 ba-

230 4535 324 4590 siti
372 4533 623 4597 fuerunt,
673 4540 728 4587 et
776 4533 1116 4601 postmodum
1158 4529 1512 4593 reconciliati,
1567 4528 1810 4584 reconci-

1920 4519 2118 4587 ptizare
2150 4519 2292 4576 licet.
2327 4520 2432 4577 Sed
2462 4523 2606 4578 aliua
2631 4532 2734 4590 est,
2763 4529 3000 4597 periculo
3023 4533 3213 4586 mortis
3242 4543 3488 4604 urgente.

229 4623 371 4687 liati,
427 4623 668 4692 inquam,
720 4637 827 4676 non
881 4621 1060 4676 denuo
1106 4619 1160 4674 in
1200 4620 1431 4689 idipsum
1483 4620 1806 4674 consecrati.

227 4713 440 4784 Quippe
478 4715 622 4768 aliud
663 4722 750 4767 est
786 4711 1178 4774 reconciliatio,
1242 4720 1297 4766 et
1354 4710 1496 4765 aliud
1531 4725 1814 4767 consecra-

230 4805 331 4858 tio.
375 4801 510 4857 Nam
553 4803 643 4874 qui
670 4801 836 4858 semel
885 4813 1258 4866 consecratur,
1301 4801 1475 4856 denuo
1501 4800 1551 4854 in
1579 4795 1812 4873 idipsuta

231 4894 551 4948 consecrari
615 4911 721 4948 non
783 4902 1008 4963 potest;
1086 4891 1420 4946 reconciliari
1485 4901 1661 4946 tamen
1717 4909 1816 4964 per

226 4981 446 5051 dignam
493 4981 918 5048 satisfactionem
965 4990 1160 5052 potest.
1217 4979 1404 5034 Nonne
1431 4980 1572 5048 quod
1596 4981 1811 5051 plurimi

227 5073 575 5126 sacerdotum
622 5069 743 5140 post
789 5072 1178 5142 depositionem
1230 5065 1559 5126 reconciliati
1605 5073 1731 5136 sint,
1759 5073 1810 5126 in

225 5163 558 5219 authenticis
600 5163 844 5233 apicibus
881 5161 1210 5220 sullicienter
1249 5163 1517 5218 habetur?
1559 5161 1709 5230 Quod
1737 5163 1810 5218 le-

224 5259 486 5330 gentibus
537 5257 792 5328 liquidius
827 5265 996 5329 patet.
1029 5256 1123 5310 His
1157 5269 1392 5326 namque
1418 5257 1638 5326 digestis
1666 5254 1810 5327 Vigi-

226 5349 366 5402 lium
409 5346 793 5402 nefandissima
845 5356 1203 5418 perpetrasse,
1256 5346 1299 5399 si
1337 5345 1580 5400 homines
1627 5343 1808 5412 silent,

225 5436 333 5506 ipsi
389 5437 552 5492 etiam
603 5436 810 5507 lapides
863 5434 1193 5491 clamalmnt.
1253 5433 1419 5504 Cujus
1472 5435 1810 5491 exsecrabile

223 5526 408 5582 scelus
436 5543 597 5585 nemo
625 5529 823 5584 imitari
854 5515 1016 5581 ausus
1041 5533 1146 5585 est.
1176 5525 1258 5580 vel
1285 5524 1521 5588 audebit,
1551 5525 1652 5580 nisi
1686 5539 1811 5595 par-

225 5619 406 5687 ticeps
437 5616 611 5675 factus
635 5619 782 5675 illius
804 5619 894 5690 qui
925 5616 1056 5672 dicit
1085 5633 1098 5669 ε
1139 5635 1158 5666 α
1187 5613 1390 5670 Ponam
1425 5615 1607 5670 sedem
1635 5631 1809 5672 meam

227 5706 299 5762 ad
337 5710 675 5778 Aquilonem,
720 5717 771 5764 et
799 5727 891 5764 ero
933 5708 1120 5762 similis
1179 5705 1448 5760 Allissimo
1483 5699 1593 5770 (Ian
1627 5709 1754 5778 xiv).
1787 5729 1802 5759 ι

1917 4610 2110 4665 laicum
2139 4627 2295 4682 posse
2326 4613 2457 4670 dare
2491 4615 2760 4686 baptisma
2785 4656 2803 4683 ,
2835 4629 2890 4674 et
2913 4619 3069 4691 longe
3097 4623 3494 4693 incomp:.rabi-

1917 4703 2041 4760 liter
2062 4705 2204 4759 aliud
2234 4716 2351 4769 est,
2381 4709 2447 4763 ad
2469 4709 2811 4765 sacerdotum
2843 4728 3033 4781 preces
3065 4729 3130 4769 ac
3167 4716 3498 4771 benedictio-

1917 4808 2040 4856 nes,
2071 4802 2126 4848 et
2156 4795 2934 4874 cbrismatum.admixtiones,
2965 4813 3020 4856 et
3049 4803 3178 4857 cleri
3213 4819 3278 4858 ac
3310 4807 3492 4874 populi

1913 4883 2119 4940 votivas
2135 4888 2528 4956 responsiones,
2557 4867 2732 4945 fontes
2761 4891 2814 4944 in
2841 4893 3214 4948 remissionem
3237 4877 3490 4963 peccato-

1913 4995 2031 5032 rum
2072 4981 2461 5046 sanctificatos,
2493 4983 2625 5037 nihil
2647 4998 2901 5052 prorsus,
2938 4994 2996 5037 ut
3021 4985 3105 5040 isti
3135 4986 3336 5050 volunt,
3369 5001 3492 5042 san-

1913 5070 2255 5128 ctificationis
2327 5074 2598 5130 habuisse.
2673 5073 2805 5142 Quis
2875 5075 2977 5130 hoc
3019 5062 3151 5130 Inisi
3208 5077 3493 5133 hmreticos

1913 5161 2275 5232 dogmatizare
2305 5163 2536 5218 audeat?
2569 5163 2634 5218 Et
2674 5165 2797 5234 quis
2836 5161 2960 5219 talia
2999 5181 3094 5234 per
3121 5163 3491 5235 hujuscemodi

1911 5268 1973 5308 os
1997 5252 2253 5323 loquitur.
2284 5255 2385 5308 nisi
2415 5255 2483 5310 de
2506 5270 2615 5324 quo
2645 5253 2904 5310 Dominus
2933 5256 3063 5312 dicit
3093 5276 3106 5312 :
3144 5275 3164 5310 ο
3195 5255 3286 5314 Ille
3317 5254 3492 5315 homi-

1911 5343 2027 5398 cida
2076 5353 2194 5398 erat
2230 5345 2300 5400 ab
2347 5345 2520 5408 initio,
2549 5354 2604 5401 et
2652 5346 2704 5400 in
2728 5346 2953 5402 veritate
3003 5363 3110 5404 non
3141 5349 3318 5414 stetit,
3363 5349 3490 5420 quia

1911 5433 2111 5486 veritas
2165 5449 2269 5488 non
2311 5443 2395 5489 εει
2443 5436 2496 5489 in
2543 5449 2640 5499 eo;
2686 5450 2809 5491 cum
2857 5433 3094 5505 loquitur
3145 5438 3487 5504 mendaciiu‘u

1911 5519 1976 5580 ex
2019 5525 2253 5596 propriis
2293 5525 2550 5596 loquitur,
2603 5527 2727 5597 quia
2779 5529 3028 5593 mendax,
3089 5536 3141 5584 et
3184 5538 3334 5598 pater
3374 5525 3489 5596 ejus

1913 5616 2095 5687 (Iona.
2128 5618 2267 5687 vui).
2305 5638 2321 5666 υ
