3948 5304
478 340 613 393 ’1971

1194 326 1480 394 st‘i‘iiND.
1521 324 1612 382 AD
1652 321 1827 382 διες.
1869 321 1960 379 ut.
2003 298 2065 362 ;—
2104 317 2468 377 [inmunes
2507 314 2666 370 am
2704 310 2995 371 iNCER‘i'i.

3585 295 3725 353 1012

481 453 609 507 CAP.
639 444 832 508 XXIX.
858 475 927 489 υ·-
954 443 1108 510 Quod
1133 442 1178 496 si
1198 442 1588 512 cemnlatoribus
1613 439 1716 496 illis
1745 458 1880 512 papa
1911 436 2053 512 Fgr-
2085 442 2129 500 Α
2160 450 2263 492 non
2286 434 2468 490 volens
2499 434 2640 490 Dens
2675 430 3010 502 iniquitatem
3043 435 3096 482 tu
3229 420 3438 485 Odisti,
3466 418 3724 512 Domine,

552 537 726 576 mosus
750 508 1010 586 displicet,
1045 529 1147 568 non
1171 513 1396 586 externis
1421 520 1470 566 et
1499 508 1822 584 longinquis,
1838 511 1930 566 sed
1947 508 2054 564 Ro-

551 606 709 645 mano
733 583 923 659 populo
948 586 1205 662 imputare
1229 583 1435 636 debent.
1598 583 1601 584 ⁷
1885 618 1889 625 .
2035 619 2038 622 .

555 704 724 759 Porro
752 701 795 756 si
825 697 1373 757 aamulatnribusillis,
1400 711 1535 768 papa
1567 695 1859 751 Formosus
1880 695 2061 750 istius-

484 794 628 849 modi
682 792 826 846 iacto
877 788 1163 858 displicere
1207 787 1440 851 videtur,
1482 798 1538 841 ιιι
1569 792 1674 841 nun
1718 796 1863 839 recte
1899 783 2059 838 fuerit

485 887 792 948 ordinatus,
816 882 1015 953 quibus
1028 881 1135 934 hoc
1156 879 1424 947 imputare
1447 877 1659 940 debent,
1687 877 1787 931 nisi
1817 874 2061 930 Romano

483 972 682 1045 populo
703 987 793 1042 qut
817 984 941 1025 eum
960 967 1272 1040 elegerunt?
1292 966 1494 1034 Quibus
1522 967 1624 1022 hoc
1646 966 1877 1022 adscribi
1901 980 2058 1034 opor-

488 1071 586 1127 tet,
617 1062 718 1117 nisi
762 1060 925 1122 clero,
952 1068 1006 1115 et
1046 1058 1389 1129 magnatibns
1414 1054 1691 1111 'Romanze
1736 1056 1915 1119 urbis,
1966 1054 2059 1124 qui

485 1150 719 1205 Iibenter
766 1147 1029 1204 Dominiei
1058 1146 1330 1216 corporis
1378 1154 1435 1200 et
1479 1144 1757 1212 sanguinis
1805 1143 2056 1206 hostiam,

487 1239 661 1294 donec
684 1237 910 1302 advixit,
938 1236 1006 1292 ab
1027 1250 1091 1290 eo
1118 1234 1395 1305 percipere
1420 1232 1760 1297 studuerunt,
1785 1232 1942 1302 eique
1964 1245 2061 1300 per

486 1330 773 1384 universas
821 1326 1214 1389 solemnitates,
1245 1332 1409 1392 atque
1441 1322 1707 1378 stationes
1727 1321 1887 1376 solito
1911 1334 2062 1376 more

488 1419 1058 1480 communicaverunt,
1095 1422 1149 1469 et
1192 1429 1289 1484 per
1311 1413 1496 1468 omnia
1524 1412 1816 1482 participes
1842 1412 2058 1466 exstite.

493 1510 655 1565 runt?
710 1509 784 1562 De
826 1517 1022 1563 cietero
1049 1514 1247 1560 autem
1276 1505 1370 1574 qui
1402 1502 1519 1559 sani
1556 1502 1748 1573 capitis
1794 1509 1876 1557 est
1929 1500 2065 1556 nihil

491 1598 715 1652 omnino
740 1598 938 1652 habere
962 1611 1019 1650 se
1045 1595 1196 1658 dicit,
1221 1595 1365 1665 quod
1390 1594 1456 1648 de
1479 1593 1742 1648 Formoso
1762 1592 1868 1647 illis
1886 1591 2071 1662 impu:

490 1698 609 1745 tare
643 1688 978 1757 debeathqui
1008 1687 1073 1742 de
1102 1685 1411 1755 longinquis
1435 1694 1696 1739 terrarum
1725 1684 1936 1753 spatiis,
1969 1698 2067 1753 per

2158 538 2350 581 omnes
2374 524 2464 593 qui
2515 528 2807 592 operantur
2852 516 3214 587 iniquitatem,
3257 512 3457 583 perdes
3499 523 3595 563 eos
3634 506 3727 575 qui

2160 620 2450 689 loquuntur
2486 615 2819 670 mendacium
2851 610 3022 681 (Psal.
3055 616 3130 677 ν).
3166 627 3184 660 i
3228 606 3297 661 Et
3325 604 3443 675 ipse
3470 602 3732 655 Dominus

2159 713 2226 767 ad
2260 708 2591 765 Jeremiam:
2628 723 2646 757 ι
2681 703 2737 759 Si
2771 698 3134 775 separaveris,
3169 715 3189 750 ι
3229 697 3428 767 inquit.
3476 712 3495 745 ι
3531 691 3734 763 pretio.

2161 814 2279 854 sum
2310 813 2340 851 a
2371 796 2483 858 vili,
2505 793 2657 864 quasi
2693 806 2757 847 os
2789 806 2965 846 meum
2993 788 3103 845 eris
3129 785 3345 857 (Jemn.
3380 784 3530 854 xv)»
3565 778 3735 835 David

2159 903 2372 959 quoque
2404 887 2470 941 de
2510 899 2569 940 se
2612 891 2859 946 testatur,
2888 880 3077 936 dicens
3092 896 3115 932 σε
3170 895 3191 928 ι
3228 876 3344 931 Non
3369 874 3490 931 sedi
3514 874 3567 926 in
3601 887 3734 926 ωηο
3796 882 3801 888 '

2160 979 2283 1037 cilio
2304 976 2579 1039 vanitatis,
2596 983 2651 1028 et
2670 988 2791 1028 cum
2815 971 2999 1041 iniqua
3018 964 3326 1038 gerentibus
3345 976 3455 1019 non
3480 959 3737 1016 introiho.

2161 1072 2314 1128 Odivi
2354 1068 2798 1141 congregationes
2827 1062 3229 1133 malignantium
3251 1098 3269 1125 ,
3303 1066 3361 1112 et
3402 1068 3531 1112 cum
3559 1049 3741 1121 impiis

2162 1178 2266 1217 non
2290 1162 2489 1216 sedebo
2517 1158 2687 1231 (Psal.
2715 1154 2866 1233 xxv).
2892 1171 2919 1208 ι

2161 1272 2289 1329 CAP.
2321 1271 2557 1327 XXXIII.
2587 1299 2657 1311 —-
2699 1268 2852 1336 Quod
2894 1261 3033 1325 illud
3057 1260 3327 1336 Evangelii
3351 1256 3745 1336 ._0mnia_qu§

2232 1326 2467 1398 dixerint
2517 1341 2669 1395 vobis
2705 1326 2932 1394 ~servato
2980 1346 3035 1392 et
3066 1326 3264 1399 ncne,
3309 1326 3648 1385 solummodo
3688 1326 3745 1377 iis

2235 1413 2423 1466 bonam
2454 1425 2652 1481 partem
2682 1407 3040 1478 accipiendum
3066 1407 3151 1459 sit.
3234 1404 3241 1409 ’

2241 1522 2259 1554 α
2300 1499 2498 1570 ‘Snpcr
2548 1499 2860 1556 cathedram
2923 1495 3124 1567 Moysi,
3162 1515 3180 1549 ι
3239 1494 3316 1549 ait
3368 1485 3742 1559 Emugelimn.

2171 1611 2192 1646 ι
2230 1593 2486 1649 sederunt
2540 1589 2740 1645 Scriba:
2768 1599 2823 1645 et
2849 1588 3105 1643 Pharisaai
3127 1627 3142 1650 ,
3176 1585 3357 1640 omnia
3408 1591 3747 1653 qua-cunque

2167 1683 2401 1739 dixerint
2431 1682 2599 1747 vobis,
2628 1688 2840 1736 servate
2864 1688 2918 1734 et
2950 1677 3118 1733 Tacite
3147 1674 3594 1743 (καταδίκην.)
3619 1669 3739 1725 Om-

492 1776 661 1840 mille,
688 1785 745 1830 ut
772 1777 844 1831 ita
874 1776 1079 1839 dicam,
1109 1774 1421 1835 discrimina
1444 1774 1812 1840 tremebundi,
1840 1774 1906 1827 ad
1934 1788 2064 1842 apo-
2099 1788 2140 1848 3
2171 1774 2257 1828 nia
2292 1771 2436 1826 enim
2482 1768 2781 1838 hnjnsmodi
2826 1768 2880 1823 in
2922 1767 3039 1823 loco
3077 1765 3417 1822 soinmmodo
3459 1764 3513 1817 in
3557 1763 3741 1814 bonam

490 1869 739 1925 stolicam
777 1865 959 1923 sedem
989 1865 1212 1936 profecti
1243 1872 1390 1928 sunt,
1435 1873 1493 1919 et
1518 1879 1724 1919 sacram
1766 1862 2062 1917 ordinatio-

492 1976 641 2025 nem,
670 1970 729 2014 ut
759 1959 923 2014 moris
951 1966 1053 2021 est,
1084 1959 1253 2028 magis
1277 1957 1345 2011 ab
1371 1957 1612 2028 apostolo
1637 1956 1797 2013 Petro
1817 1972 1976 2027 quam
2000 1957 2069 2012 ab

496 2052 614 2124 ejus
644 2052 848 2107 vicario
888 2059 1270 2119 susceperunt,
1322 2050 1430 2104 imo
1458 2066 1488 2103 a
1520 2059 1709 2105 sancto
1737 2048 1974 2120 Spiritu,
2011 2057 2071 2103 ut

496 2158 635 2212 papa
666 2142 820 2196 docet
854 2139 1200 2207 Anastasius,
1230 2140 1373 2211 quod
1397 2138 1513 2209 jam
1544 2154 1708 2211 supra
1746 2152 2073 2196 commemo-

468 2272 475 2279 μ
498 2240 677 2287 ratum
703 2239 804 2289 est.

495 2344 827 2401 Car/XXX.
855 2374 921 2384 —
955 2341 1140 2398 Utrum
1164 2344 1369 2397 reresit
1391 2340 1656 2403 sacerdos,
1688 2338 1765 2393 rei
1796 2336 1969 2400 levita,
1996 2336 2075 2392 vel

567 2415 1059 2496 subdiaconus,.qui
1086 2412 1154 2493 ad
1175 2411 1569 2467 subvertendam
1600 2410 1834 2491 eumdem
1856 2408 2073 2462 ordina-

570 2488 761 2539 tionem
796 2500 850 2539 sc
871 2488 1112 2554 cuiquam
1123 2488 1426 2551 juramcnto
1461 2488 1792 2533 constrinxit.

568 2597 736 2669 igitur
758 2597 913 2667 quia,
944 2595 1268 2650 necessitate
1288 2592 1665 2656 incumbente,
1693 2591 1759 2646 de
1793 2590 1964 2646 sacris
1987 2605 2076 2645 or—
2116 2598 2121 2601 “

497 2687 865 2744 dinationibus
900 2686 1181 2742 altercatio
1222 2684 1538 2754 interposita
1594 2690 1709 2747 est,
1769 2681 2075 2752 percontari

498 2793 798 2849 congruum
824 2786 908 2833 est
942 2776 1070 2846 quid
1099 2776 1165 2829 de
1192 2789 1258 2830 eo
1288 2772 1615 2830 censendum
1654 2772 1742 2834 sit,
1776 2772 1868 2842 qui
1908 2784 2079 2827 sacrm

476 2867 892 2933 ordinationis,
956 2866 1023 2921 de
1072 2879 1191 2934 qua.
1229 2876 1373 2918 nunc
1420 2861 1716 2931 disputatio
1770 2859 2075 2925 ventilatur,

476 2957 701 3014 nullam
754 2957 974 3012 omnino
1022 2953 1484 3010 consecrationem
1533 2952 1738 3016 habet,
1787 2959 1852 3007 eti
1897 2960 2076 3005 tamen

502 3048 748 3103 eamdem
778 3045 1173 3101 ordinationem
1218 3059 1325 3099 non
1364 3041 1537 3097 solum
1576 3041 1710 3097 nihil
1747 3055 1899 3106 esse,
1944 3040 2079 3095 nihil

2169 1872 2377 1936 partem
2405 1862 2711 1930 accipienda
2752 1868 2900 1915 sunt.
2937 1858 3184 1928 Alioquin
3208 1855 3379 1911 Judaei
3410 1856 3505 1924 qui
3541 1852 3751 1907 Sx-riba-

2172 1970 2292 2010 rum
2323 1961 2377 2007 et
2421 1952 2820 2007 Pharisaeorum
2856 1949 3081 2006 consilio
3104 1959 3159 2005 et
3184 1949 3407 2004 hortatu
3460 1947 3750 2001 Dominum

2170 2045 2590 2109 cruciiixerunt,
2622 2044 2887 2097 immunes
2918 2057 2948 2094 a
2982 2049 3131 2094 tanto
3161 2040 3370 2095 scelere
3397 2053 3521 2093 esse
3552 2038 3749 2090 debue-

2171 2144 2316 2190 rant.
2345 2134 2451 2190 Sed
2503 2149 2662 2204 quam
2696 2135 2965 2204 graviter,
3017 2141 3074 2185 et
3120 2131 3211 2201 qui
3243 2129 3507 2183 dixerunt
3555 2135 3611 2182 et
3664 2127 3754 2195 qui

2174 2226 2417 2285 fecerunt
2460 2225 2833 2296 peccaverint,
2865 2233 2918 2277 et
2970 2221 3246 2292 Scriptura
3284 2230 3559 2286 testatur,
3609 2228 3667 2272 et
3706 2219 3755 2271 in

2174 2314 2407 2387 posteris
2456 2327 2643 2367 eorum
2691 2327 2862 2382 usque
2899 2311 2965 2365 ad
3001 2310 3182 2366 tnundi
3226 2309 3387 2364 ﬁnem
3432 2308 3754 2379 proteiatnr.

2176 2405 2327 2473 Quod
2361 2412 2539 2458 autem
2574 2402 2753 2458 omnia
2782 2417 2886 2456 non
2925 2416 3138 2471 semper
3163 2400 3228 2454 ad
3270 2408 3473 2465 totum,
3512 2398 3612 2452 sed
3636 2396 3757 2467 ple-

2165 2510 2405 2564 rumque
2431 2494 2498 2548 ad
2541 2493 2830 2547 maximam
2866 2491 3170 2561 pertineant
3203 2500 3446 2559 partem,
3491 2503 3598 2541 non
3638 2494 3758 2538 tan-

2179 2597 2290 2641 tum
2315 2585 2480 2639 divini
2529 2584 2731 2653 apices,
2759 2582 2952 2649 quibus
2979 2580 3147 2650 magis
3174 2577 3497 2634 credendum
3530 2586 3637 2639 est,
3665 2574 3762 2628 sed

2161 2678 2340 2733 etiam
2366 2673 2640 2746 gentilium
2669 2672 2927 2726 librorum
2965 2671 3300 2725 demonstrat
3324 2669 3649 2723 auctoritas.

2180 2788 2306 2844 CAP.
2336 2785 2575 2843 XXXIV.
2606 2815 2673 2825 α-
2706 2785 2861 2850 Quod
2889 2785 2958 2837 ad
3004 2781 3195 2836 scelera
3232 2782 3601 2836 committenda
3638 2781 3762 2834 nat-

2437 2858 2538 2911 lius
2576 2855 3043 2911 excutiununicatio
3070 2854 3138 2906 sit
3160 2854 3498 2907 obseruanda.

2240 2970 2358 3025 Sed
2388 2968 2518 3030 sive,
2550 2967 2817 3035 inquiunt,
2839 2964 3006 3033 jusle,
3035 2963 3150 3018 sive
3184 2961 3375 3029 injuste
3402 2960 3606 3031 obliget
3659 2974 3765 3029 pa-

2184 3070 2319 3125 stor,
2351 3059 2499 3130 gregi
2524 3056 2816 3111 timendum
2840 3064 2941 3118 est,
2975 3070 3042 3109 ne
3067 3054 3299 3107 eiatione
3325 3050 3545 3106 tumidae
3575 3065 3766 3118 vepre.

505 3137 673 3193 fuisse
696 3177 710 3203 ,
740 3152 924 3193 coram
953 3134 1179 3190 testibus
1213 3133 1524 3203 proﬁtetur,
1558 3132 1650 3187 sed
1675 3132 1837 3188 etiam
1867 3129 2076 3200 jureju-

2185 3129 2480 3212 hensionis,
2511 3147 2684 3217 culpa,
2717 3160 2836 3215 qua:
2872 3161 2975 3199 non
3018 3153 3133 3200 erat
3156 3184 3176 3208 ,
3221 3142 3334 3196 ﬁat.
3370 3140 3508 3196 Vera
3540 3141 3766 3210 quidem

506 3228 679 3284 rando
725 3225 1042 3281 subvertere
1101 3222 1405 3294 pollicetur.
1474 3220 1850 3292 Nunqttidnatn
1895 3219 2082 3287 hujus-

506 3317 651 3373 modi
694 3316 990 3387 promissor
1031 3313 1175 3369 inter
1216 3312 1506 3383 sacrilegos
1530 3321 1616 3367 est
1638 3311 1995 3382 deputandus,
2028 3319 2084 3367 et

509 3407 647 3462 male
690 3404 1032 3473 conjuratos,
1063 3403 1152 3473 qui
1193 3417 1252 3458 se
1294 3402 1367 3458 ad
1413 3402 1621 3458 facinus
1660 3402 2082 3473 perpetrandum

504 3496 821 3569 iuramentis
841 3495 1083 3566 obligant
1103 3494 1127 3547 i
1153 3493 1361 3549 Revera
1380 3491 1985 3557 enim‘talesmundana'
1998 3490 2085 3544 lex

502 3587 804 3643 districtius
849 3586 1039 3656 punit,
1065 3593 1122 3642 et
1157 3585 1203 3641 si
1233 3584 1414 3641 clerici
1459 3582 1695 3647 fuerint,
1720 3582 2086 3638 ecclesiastico

507 3676 710 3745 judicio
738 3691 769 3730 a
804 3676 918 3731 suis
950 3675 1277 3744 dejiciuntur
1302 3673 1597 3731 honoribus
1617 3712 1633 3738 ,
1661 3672 1725 3729 de
1757 3672 1953 3741 quibus
1989 3686 2084 3726 ea-

492 3767 707 3821 .nonica
730 3767 996 3821 institutio
1025 3768 1098 3821 ita
1127 3780 1185 3823 se
1208 3766 1390 3822 habet.

482 3908 486 3916 -
512 3879 639 3937 αλιι.
671 3877 864 3935 XXXI.
889 3878 1058 3933 --Es;
1077 3877 1296 3932 concilio
1316 3876 1724 3931 Chalcedonensi
1747 3876 1813 3931 de
1835 3874 2089 3945 conjura-

971 3950 1109 4002 tione
1133 3946 1207 4001 vel
1236 3947 1633 4014 conspiratione.

556 4036 981 4106 ~Conjnrationis
1047 4035 1273 4098 crimen,
1319 4035 1401 4090 vel
1455 4034 1906 4104 conspirationis,
1938 4044 1992 4088 et
2022 4034 2090 4089 ab

511 4130 718 4185 exteris
744 4138 831 4185 est
856 4128 1076 4184 omnino
1112 4127 1321 4197 legibus
1357 4125 1707 4197 prohibitmn,
1735 4126 1902 4181 multo
1923 4126 2093 4196 magis

517 4222 620 4276 hoc
647 4221 700 4274 in
726 4219 826 4275 Dei
861 4218 1097 4274 Ecclesia
1131 4232 1198 4273 ne
1245 4216 1338 4271 tiat
1383 4217 1673 4272 admonere
1702 4214 2004 4271 conveniet.
2034 4212 2093 4268 Si

513 4310 609 4380 qui
637 4324 768 4380 ergo
808 4307 990 4364 eicrici
1015 4308 1098 4362 vel
1142 4306 1388 4362 monachi
1428 4306 1627 4376 reperti
1666 4305 1867 4360 fuerint
1910 4302 2093 4372 conju-

518 4412 704 4457 ranles
730 4410 824 4457 aut
852 4401 1244 4471 conspirantes,
1296 4409 1390 4454 aut
1438 4399 1661 4454 insidias
1686 4407 1946 4468 ponentes
1978 4395 2093 4466 epi-

2186 3240 2476 3301 sententia,
2522 3238 2614 3292 sed
2662 3252 2766 3291 non
2809 3238 2882 3291 ita
2924 3234 3285 3306 intelligenda,
3330 3243 3388 3287 ut
3433 3232 3587 3296 illud,
3614 3230 3767 3300 quod

2186 3332 2381 3386 dicitur
2410 3329 2608 3398 injuste
2626 3369 2641 3393 ,
2666 3333 2745 3383 sic
2772 3328 3140 3397 accipiendum
3174 3326 3263 3390 sit,
3286 3334 3543 3395 tanquam
3569 3324 3625 3377 in
3656 3323 3769 3377 iliis

2185 3438 2308 3493 quas
2339 3422 2618 3475 manifesta
2645 3422 2854 3476 ratione
2892 3419 2999 3474 Deo
3048 3419 3263 3473 inimica
3303 3432 3422 3472 esse
3460 3416 3769 3486 probantur

2188 3512 2406 3569 cuilibet
2437 3513 2637 3581 pastori
2669 3509 3144 3581 obtemperandum
3172 3509 3263 3564 sit.
3294 3507 3455 3563 Verbi
3486 3507 3694 3577 gratia,
3721 3506 3769 3560 si

2189 3612 2241 3659 te
2262 3604 2330 3658 ad
2370 3600 2661 3674 periurium
2687 3644 2701 3663 ,
2742 3601 2932 3656 falsum
2971 3599 3361 3665 testimonium,
3390 3596 3768 3665 sacrilegium.

2188 3693 2272 3746 vel
2316 3693 2661 3746 homicidium
2715 3691 3230 3746 excommunicando
3268 3688 3575 3758 impulerit,
3628 3702 3771 3740 nun-

2188 3782 2444 3853 quidnam
2498 3782 2549 3834 in
2609 3780 2800 3834 talibus
2846 3781 2926 3834 vel
2971 3795 3159 3835 eorum
3216 3779 3481 3834 similibus
3531 3778 3769 3847 pastoris

2190 3869 2675 3926 excommunicatio
2712 3868 2944 3924 timenda
2994 3867 3080 3922 vel
3125 3867 3371 3922 facienda
3421 3863 3773 3920 decernitur?

2191 3960 2562 4030 Nequaquam.
2590 3958 2797 4029 Quippe
2835 3975 2935 4012 non
2959 3957 3126 4012 solum
3152 3958 3241 4025 qui
3268 3957 3471 4026 faciunt
3501 3953 3769 4025 (Apostoli

2191 4054 2356 4108 verba
2389 4050 2557 4120 sunt),
2590 4049 2681 4104 scd
2709 4059 2756 4103 et
2784 4048 2873 4121 qui
2893 4048 3218 4101 consentiunt
3248 4045 3598 4116 facientibus,
3629 4042 3772 4113 digni

2193 4142 2493 4198 eﬂiciuntur
2537 4152 2698 4195 morte
2737 4150 2991 4212 perpetua
3038 4137 3211 4210 (Rom.
3243 4136 3302 4205 ι).
3331 4136 3469 4190 Nam
3512 4136 3655 4204 quod
3679 4150 3771 4203 pa-

2194 4233 2430 4289 storibus
2464 4232 2530 4286 ad
2577 4231 2664 4286 illa
2719 4246 2839 4300 qua:
2883 4230 2990 4284 Deo
3032 4230 3247 4283 inimica
3294 4238 3421 4283 sunt
3467 4226 3773 4282 consentire

2194 4338 2301 4379 non
2325 4323 2615 4388 debemus,
2666 4329 2896 4377 te5tatur
2938 4321 3055 4390 ipse
3101 4318 3387 4383 Salvator,
3421 4318 3539 4387 qui,
3564 4333 3682 4371 cum
3721 4316 3769 4370 ei

2198 4416 2445 4487 discipuli
2468 4415 2710 4470 dicerent
2736 4430 2749 4467 :
2788 4431 2806 4464 ‹
2836 4412 2955 4467 Scis
2973 4413 3095 4482 quia
3122 4409 3379 4466 Pharisaei
3403 4410 3587 4464 audito
3611 4406 3772 4461 verbo

520 4493 701 4563 scopis
720 4504 813 4547 aut
833 4492 1067 4559 clericis,
1090 4496 1255 4562 gradu
1277 4489 1496 4562 proprio
1516 4490 1731 4559 penitus
1750 4485 2073 4554 abjiciantnr

2199 4482 2544 4563 scandalizati
2574 4502 2739 4559 sunt?
2768 4503 2863 4568 ait,
2898 4500 3067 4556 Sinite
3104 4500 3244 4565 illos,
3270 4499 3403 4554 eieci
3441 4508 3587 4562 sunt,
3610 4497 3771 4549 duces

523 4583 620 4657 llis
647 4598 776 4653 ergo
819 4583 1042 4652 prolatis
1089 4580 1407 4637 testimoniis
1451 4580 1569 4635 luce
1612 4578 1809 4633 clarius
1849 4584 2092 4647 apparet,

519 4676 665 4745 quod
696 4673 994 4730 istiusmodi
1017 4673 1269 4728 sacerdos
1291 4712 1305 4737 ,
1344 4681 1438 4726 aut
1457 4670 1617 4726 levita
1643 4711 1658 4736 ,
1699 4669 1780 4723 vel
1808 4668 2093 4725 subdiaco-

518 4784 657 4833 nus,
687 4768 828 4822 inter
860 4764 1150 4836 sacrilegos
1169 4803 1184 4828 ,
1209 4772 1265 4819 et
1290 4763 1427 4841 male
1450 4762 1757 4832 coniuratos
1785 4761 1855 4815 sit
1888 4760 2094 4816 baben-

526 4857 645 4923 dns,
672 4870 878 4911 necnon
908 4862 963 4909 et
985 4851 1467 4919 canonicojndicio
1489 4851 1880 4921 reprobandus.

526 4968 657 5023 CAP.
694 4964 903 5021 XXXII.
926 4995 1000 5006 —
1026 4964 1178 5031 Quod
1200 4964 1268 5016 ad
1290 4962 1581 5031 faciendam
1614 4962 1933 5031 iniquitatem
1966 4959 2099 5013 nulli

512 5042 515 5045 ’
902 5050 1130 5107 unquam
1156 5033 1222 5087 sit
1252 5033 1727 5100 obtemperantium.

601 5151 852 5200 Nonnulli
882 5162 1142 5204 praeterea
1180 5161 1332 5200 suam
1362 5144 1661 5198 anolnuiam
1685 5145 1754 5192 ita
1776 5151 2099 5192 nrmtexnnt.

2126 4638 2131 4646 .
2197 4610 2481 4651 amcorum.
2516 4592 2573 4648 Si
2615 4607 2787 4648 cazcus
2814 4606 2958 4646 caeco
3001 4590 3255 4645 ducatum
3308 4589 3568 4659 praebeat,
3596 4598 3771 4639 nonne

2198 4688 2358 4742 ambo
2389 4685 2442 4741 in
2471 4684 2681 4740 foveam
2710 4697 2774 4739 ca
2796 4680 2946 4736 funt?
2975 4699 2993 4732 ι
3038 4679 3255 4753 (Matth.
3286 4682 3401 4749 xv.)
3432 4678 3573 4748 Ergo
3599 4687 3649 4730 et
3679 4674 3769 4743 qui

2201 4778 2371 4840 ducit.
2397 4784 2453 4833 et
2481 4775 2570 4845 qui
2594 4774 2837 4844 sequitur
2862 4773 2927 4826 ad
2950 4771 3088 4826 male
3115 4765 3449 4833 faeieudum,
3475 4767 3607 4826 eieci,
3624 4773 3758 4825 Sttnt,

2202 4877 2255 4926 et
2287 4868 2479 4925 merito
2502 4878 2728 4936 uterque
2757 4865 2809 4919 in
2832 4862 3041 4919 foveam
3067 4858 3432 4915 damnationis
3463 4857 3672 4913 cadunt.
3704 4853 3764 4907 Et

2207 4976 2332 5031 quo,
2366 4959 2633 5029 inquiunt,
2666 4964 2822 5025 pacto
2862 4969 2959 5023 per
2989 4948 3303 5021 Apostolum
3335 4950 3534 5005 dicitur
3555 4968 3573 5003 :
3622 4967 3639 4997 ι
3669 4945 3764 5013 Qui

2208 5049 2409 5104 resistit
2438 5046 2723 5117 potestati,
2770 5044 2862 5117 Dei
2905 5040 3230 5101 ordinationi
3284 5039 3525 5094 resiszit?
3554 5036 3663 5091 Non
3689 5044 3766 5090 est

2209 5143 2353 5188 enim
2381 5149 2620 5188 nntestas
2644 5137 2745 5191 nisi
2763 5152 2792 5190 a
2810 5137 2918 5191 Deo
2939 5134 3111 5188 (Rom.
3132 5133 3309 5190 sini.»
3335 5132 3693 5201 Andiantque,
3716 5130 3766 5179 In
