3948 5820
180 532 318 592 ὓΟῚΞ

825 530 1079 590 suum
1117 533 1205 587 ne
1239 533 1467 591 ouum.
1504 537 1547 589 Α
1583 533 1913 594 rouuoso
1945 536 2050 592 pp.
2089 535 2330 595 FACTlS
2366 535 2544 594 LlBltl
2579 520 2733 596 n‘uo.

3282 526 3416 602 tim

170 652 254 706 cit
276 668 326 704 ε(
348 649 589 704 Minister
613 648 707 704 Dei
736 658 819 703 est
847 649 941 703 tibi
965 649 1017 701 in
1036 646 1233 704 bonum
1251 646 1457 720 (Ibid).
1488 647 1635 703 »ειη
1658 648 1752 703 ad-
1777 658 1826 718 Α
1854 645 2130 703 viviﬁcare
2173 648 2364 705 nititur
2382 690 2397 714 ,
2424 651 2520 710 aui
2550 665 2700 706 reum
2738 649 2998 725 supplicio
3027 650 3308 711 absolvere
3327 669 3420 712 co-

174 740 256 794 dit
280 740 337 794 in
362 740 556 794 bonum
576 778 592 806 ,
640 738 744 794 nisi
773 738 900 809 quia
928 738 1173 795 minister
1214 737 1309 794 Dei
1336 752 1443 793 non
1467 747 1551 794 est
1574 737 1668 793 tibi
1694 738 1748 793 in

173 831 379 884 malum
402 830 427 884 ἲ

169 942 305 998 Car.
346 941 561 999 XXXV.
589 970 664 984 -—-
691 942 768 997 De
808 942 1132 997 obseruanda
1171 940 1704 998 “communicatione
1729 979 1745 1002 ,

240 1016 457 1135 etdquod
486 1014 631 1067 aliud
653 1015 755 1068 sint
797 1012 1121 1083 pontiﬁcales
1147 1012 1293 1067 sedes
1312 1050 1328 1077 ,
1364 1021 1413 1065 et
1436 1010 1586 1065 aliud
1611 1026 1750 1081 pra-

239 1100 284 1137 si
330 1097 490 1137 eules.

240 1193 514 1249 Par-terea
546 1194 597 1248 si
638 1208 735 1248 nos
780 1192 1140 1251 Ecclesiarum
1182 1201 1426 1264 pastores
1452 1191 1771 1267 denostris

163 1284 563 1341 oﬂ‘ensionibus
605 1285 752 1352 juste
795 1286 876 1342 vel
931 1286 1130 1354 injuste
1167 1287 1410 1357 obligare
1454 1287 1745 1351 voluerint,

156 1374 313 1451 juste
348 1375 616 1441 videlicet,
662 1377 707 1430 si
739 1385 921 1431 nostra
950 1378 1285 1446 pra-cesserit
1318 1378 1509 1447 culpa;
1550 1378 1747 1447 injuste

164 1480 321 1528 vero,
389 1465 439 1520 si
488 1482 591 1519 non
635 1465 980 1521 habuerimus
1028 1466 1260 1537 culpam.
1306 1466 1452 1522 Talis
1490 1466 1747 1538 obligatio

161 1558 473 1612 rectissime
515 1555 850 1613 formidanda
882 1567 994 1623 est,
1040 1569 1097 1615 et
1125 1559 1533 1628 diligentissime
1559 1560 1748 1614 obser-

158 1647 367 1708 vanda,
411 1647 581 1701 donec
606 1662 717 1717 per
746 1646 862 1715 ejus
905 1647 998 1717 qui
1044 1646 1302 1718 obligavit
1334 1646 1745 1718 indulgentiam,

157 1738 373 1792 absolvi
423 1752 745 1793 mereamur.
789 1736 989 1809 Nempe
1042 1738 1187 1792 aliud
1237 1746 1363 1793 sunt
1408 1737 1744 1807 pontiﬁcales

155 1830 343 1893 sedes,
380 1839 435 1884 et
463 1827 604 1891 aliud
636 1831 1003 1900 praesidentes.
1034 1829 1267 1884 Proinde
1295 1830 1469 1885 honor
1496 1839 1551 1885 et
1571 1829 1744 1900 digni-

156 1929 246 1974 tas
270 1920 692 1989 uniuscujusque
715 1922 859 1976 sedis
884 1922 1203 1992 regulariter
1228 1922 1566 1978 observanda
1587 1932 1737 1977 sunt.

1852 744 2033 792 natur.

1992 849 2117 905 Car.
2144 849 2406 906 XXXVII.
2434 880 2504 898 υ·-
2531 850 2682 907 Unde
2702 869 2862 923 supra
2893 848 3273 910 inSalomons.

1923 938 2078 997 Sicut
2108 943 2223 997 avis
2244 943 2297 997 in
2323 944 2656 999 contrarium
2677 945 2887 1010 volans,
2908 956 2963 1002 et
2983 961 3172 1015 passer
3192 946 3417 1018 quilibet

1848 1030 2095 1096 vadens,
2137 1032 2217 1088 sic
2261 1032 2604 1089 maledictum
2653 1032 2851 1089 frustra
2899 1036 3164 1106 prolatum
3190 1052 3417 1108 ,.super

1848 1120 1996 1177 illum
2021 1123 2113 1193 qui
2146 1123 2290 1178 misit
2320 1123 2470 1186 illud,
2512 1125 2689 1179 veniet
2717 1123 2988 1193 (Prouerb.
3031 1129 3234 1199 κω..

2150 1234 2280 1291 Car.
2320 1237 2604 1292 XXXVlll.
2627 1268 2702 1279 —
2726 1238 2864 1293 Item
2896 1240 3109 1295 ibidem.-
3132 1284 3149 1291 -

1913 1326 2104 1381 Anima
2155 1342 2275 1398 quia
2318 1330 2636 1395 benedicit‘,,
2675 1329 3114 1399 inmingnaln'mr;
3168 1330 3258 1399 qui
3319 1346 3415 1384 au-

1846 1424 1954 1472 tem
2002 1416 2200 1471 frustra
2253 1418 2562 1485 maledicit,
2610 1418 2824 1488 ipsein
2886 1419 3269 1477 maledictione
3309 1420 3416 1475 erit

1843 1503 2117 1579 (Prooerb.
2152 1507 2251 1577 xl).
2625 1512 2643 1523 ‘

1877 1617 2006 1676 Car.
2034 1619 2275 1677 XXXIX.
2292 1653 2362 1663 —
2385 1579 2536 1679 nde
2563 1641 2722 1695 supra
2750 1627 2916 1680 sancti
2946 1579 3187 1696 Gregorii
3208 1638 3378 1697 papa.

1912 1735 1968 1791 In
1994 1737 2140 1792 omni
2166 1746 2344 1794 autem
2366 1739 2508 1809 quod
2532 1739 2778 1796 denohis
2805 1749 2956 1796 extra
2985 1739 3197 1802 dicitur,
3231 1754 3418 1795 recur-

1843 1839 1962 1879 rere
1989 1825 2055 1879 ad
2079 1840 2276 1880 arcana
2308 1829 2504 1882 mentis
2539 1829 2856 1893 debemus;
2876 1837 2931 1881 et
2966 1828 3009 1882 si
3038 1842 3226 1882 omnes
3267 1829 3409 1881 vitu-

1842 1923 2053 1986 perent,
2099 1915 2236 1971 liber
2255 1924 2550 1973 esttamen-
2571 1934 2730 1989 quem
2761 1919 3090 1975 conscientia
3121 1935 3224 1974 non
3253 1933 3413 1974 accu-

155 2009 526 2065 Pncsidcntes
544 2023 724 2065 autem
745 2011 793 2065 si
814 2010 1166 2075 deviaverint,
1192 2027 1289 2082 per
1309 2012 1460 2066 devia
1481 2012 1736 2080 sequendi
1770 1997 1827 2057 B‘
1844 2016 1948 2062 sat.
1984 2006 2119 2075 Quia
2142 2018 2195 2064 et
2220 2008 2264 2064 si
2289 2024 2478 2066 omnes
2509 2010 2745 2077 laudem.
2778 2012 2914 2068 liber
2935 2025 3055 2066 esse
3084 2026 3188 2066 ηοιι
3212 2019 3412 2082 Ροιεδιι
3439 2060 3443 2063 μ

155 2116 266 2153 non
309 2109 459 2165 sunt,
508 2100 609 2155 hoc
640 2111 743 2165 est,
788 2101 835 2155 si
881 2109 1068 2156 contra
1097 2100 1255 2155 ﬁdem
1295 2101 1378 2156 vel
1419 2100 1738 2157 catholicam

155 2189 481 2258 religionem
530 2203 691 2259 agere
730 2190 1029 2260 ceperint,
1069 2189 1123 2243 in
1165 2189 1359 2246 talibus
1402 2206 1496 2245 eos
1542 2205 1741 2261 nequa—

152 2294 323 2349 quam
351 2279 507 2348 sequi
533 2279 812 2335 debemus.
844 2280 900 2333 ln
945 2281 1031 2334 his
1056 2288 1234 2335 autem
1262 2295 1382 2349 quae
1405 2280 1507 2335 rite
1531 2280 1738 2348 dicunt,

151 2370 375 2425 etiamsi
409 2385 516 2423 non
539 2369 771 2435 iaciant,
799 2369 1029 2425 libenter
1083 2371 1162 2426 eis
1198 2370 1418 2427 obedire
1459 2371 1739 2426 debemus.

155 2457 300 2514 Hinc
323 2468 410 2514 est
439 2459 578 2529 quod
619 2459 806 2526 botros
833 2474 1074 2530 carpere,
1123 2467 1178 2513 et
1208 2460 1392 2531 spinas
1418 2474 1611 2516 cavere
1647 2459 1743 2516 de-

150 2549 373 2606 bemus.

222 2659 359 2715 Car.
384 2659 624 2716 XXXVI.
649 2692 722 2703 —
749 2662 825 2717 De
850 2657 1052 2734 injusia
1075 2665 1302 2735 pastoris
1334 2663 1667 2737 obligatione.

223 2770 428 2827 Beatus
471 2788 705 2842 namque
741 2772 1101 2847 Hieronymus
1144 2790 1422 2846 exponens
1462 2773 1740 2846 Evangelii

146 2862 454 2932 capitulum
481 2880 496 2918 :
545 2882 565 2914 s
598 2863 946 2934 Quaecunque
975 2865 1324 2936 alligaveritis
1351 2880 1515 2936 super
1537 2874 1736 2920 terram

144 2964 320 3009 erunt
364 2956 527 3026 ligata
584 2965 640 3010 et
679 2956 734 3011 in
773 2956 948 3021 celo,
994 2967 1049 3012 et
1085 2972 1418 3029 quaecunque
1467 2957 1740 3014 solveritis

145 3061 319 3116 super
368 3056 593 3113 terram,
619 3059 780 3104 erunt
825 3048 998 3104 soluta
1023 3051 1076 3104 in
1109 3050 1247 3106 caelo
1270 3049 1480 3121 (Matth.
1510 3055 1683 3122 xvm),
1713 3069 1732 3104 ι

144 3137 228 3192 ait
253 3155 271 3195 :
298 3139 466 3193 Istum
496 3139 672 3194 locum
710 3155 814 3196 non
845 3140 1206 3211 intelligentes
1232 3141 1505 3212 episcopi,
1531 3151 1587 3196 et
1611 3157 1735 3212 pre-

143 3229 383 3300 sbyteri,
431 3230 636 3302 aliquid
673 3232 774 3288 sibi
807 3234 874 3289 de
908 3233 1303 3289 Pharisaeorum
1332 3244 1616 3291 assumunt
1640 3252 1728 3291 su-

1840 2097 1888 2152 si
1928 2097 2072 2152 hunc
2102 2098 2431 2152 conscientia
2465 2109 2711 2154 accusat.

1910 2205 2039 2261 Car.
2078 2205 2191 2261 XL.
2217 2237 2285 2247 —
2316 2206 2394 2261 De
2431 2207 2709 2263 universali
2738 2207 2970 2263 Concilio
3001 2207 3335 2279 expectanda.

1910 2317 2037 2373 llaec
2073 2319 2236 2389 igitur
2264 2321 2653 2389 scripturarum
2679 2320 2916 2385 collatio,
2948 2318 3193 2376 fortassis
3221 2334 3411 2389 superr-

1839 2410 2352 2481 vacuaquibusdam
2382 2412 2612 2477 videtur,
2656 2427 2722 2468 eo
2750 2414 2892 2483 quod
2922 2413 2989 2467 ad
3018 2426 3255 2481 praesens
3279 2421 3411 2468 tem-

1836 2514 1940 2571 pus
1967 2514 2071 2554 non
2095 2501 2182 2564 sit,
2211 2500 2301 2570 qui
2329 2500 2596 2570 aequitatis
2617 2500 2900 2571 depromat
2916 2500 3199 2571 judicium.
3226 2499 3409 2569 Neque

1838 2590 2213 2661 enimjustitia':
2223 2590 2457 2660 palmam
2470 2586 2616 2662 apud
2630 2588 2724 2646 eos
2734 2590 2979 2646 obtinere
2994 2605 3297 2659 possumus,
3318 2589 3411 2659 qui

1836 2690 2026 2737 contra
2073 2696 2191 2746 nos,
2224 2681 2327 2751 ipsi
2361 2681 2466 2738 sibi
2502 2692 2627 2739 sunt
2644 2681 2858 2752 judices
2882 2691 2939 2737 et
2969 2691 3154 2748 testes,
3184 2683 3412 2752 pariter-

1838 2785 1945 2842 que
1969 2770 2251 2826 causidici.
2294 2770 2546 2827 Attamen
2571 2772 2728 2842 juxta
2755 2771 2900 2827 beati
2946 2770 3254 2843 Hieronymi
3284 2785 3410 2829 sen-

1838 2865 2085 2930 tentiam,
2121 2864 2370 2921 canimus
2395 2862 2550 2920 nobis
2571 2873 2628 2920 et
2653 2867 2858 2920 nostris
2876 2902 2892 2931 ,
2918 2864 3154 2930 scilicet,
3180 2873 3237 2917 ut
3266 2865 3409 2919 bono

1838 2956 2018 3012 animo
2053 2957 2244 3022 simus,
2290 2966 2348 3011 et
2395 2957 2594 3012 bonam
2636 2971 2736 3012 nos
2783 2970 3000 3011 causam
3046 2956 3268 3019 habere,
3300 2968 3406 3008 non

1836 3048 1993 3103 nobis
2036 3048 2132 3103 sed
2171 3048 2375 3115 sanctis
2421 3046 2672 3103 Patribus
2709 3048 3012 3112 credamus,
3059 3048 3410 3103 observantes

1835 3139 1977 3210 quod
2006 3148 2265 3209 scriptum
2296 3147 2381 3194 est
2408 3156 2423 3193 :
2459 3156 2479 3189 ι
2518 3138 2575 3193 Si
2602 3138 2838 3209 Spiritus
2863 3146 3185 3208 potestatem
3211 3138 3410 3193 baben-

1838 3231 1906 3286 tis
1951 3231 2258 3286 ascenderit
2298 3245 2459 3301 super
2500 3237 2575 3296 te,
2624 3231 2800 3286 locum
2831 3240 2978 3284 tuum
3008 3246 3079 3285 ne
3127 3228 3409 3285 demiseris

142 3320 405 3388 percilio,
462 3329 529 3375 ut
565 3321 649 3376 vel
692 3323 975 3378 damnent.
1001 3325 1335 3390 innocentes,
1391 3326 1479 3380 vel
1521 3326 1733 3383 solvere
1759 3338 1805 3400 ρ
1838 3321 2035 3395 (Eccle.
2089 3322 2145 3395 x)
2174 3337 2189 3375 :
2220 3340 2240 3374 ι
2304 3321 2572 3387 Etrillml,
2602 3320 2737 3377 Tene
2757 3322 2919 3391 quod.
2946 3322 3123 3388 habes,
3168 3336 3235 3377 ne
3270 3321 3408 3375 alius

136 3411 345 3468 noxios
372 3425 432 3466 se
458 3414 810 3479 arbitrentur,
833 3432 954 3471 cum
978 3418 1117 3486 apud
1148 3419 1311 3473 Deum
1335 3434 1440 3499 non
1461 3420 1726 3475 sententia

139 3503 518 3565 sacerdotum,
567 3506 662 3559 sed
698 3521 912 3561 reorum
966 3509 1074 3562 vita
1104 3520 1394 3579 quairatur.
1438 3510 1568 3566 Haec
1603 3525 1730 3566 san-

137 3603 273 3647 ctus
300 3592 680 3667 Hieronymus.
727 3597 831 3653 Per
862 3600 1177 3670 prophetam
1223 3616 1438 3671 quoque
1483 3602 1721 3656 dicitur:

141 3702 165 3733 ι
198 3682 606 3742 Mortilicabant
634 3688 843 3743 animas
873 3706 992 3760 qua:
1018 3707 1123 3746 non
1162 3692 1484 3758 moriuntur,
1512 3700 1569 3747 et
1591 3691 1726 3747 vivi-

135 3771 390 3829 ﬁcabaut
433 3779 642 3835 animas
694 3795 814 3850 qua:
867 3798 972 3836 non
1020 3783 1209 3837 vivunt
1250 3782 1466 3855 (Exuit.
1519 3782 1661 3849 xm).
1698 3801 1718 3836 ι

132 3861 269 3918 Non
314 3867 632 3923 morientem
671 3871 868 3942 quippe
897 3872 1215 3933 niortilicat.
1244 3885 1300 3927 ut
1328 3882 1547 3928 sanctus
1570 3874 1729 3930 docet

129 3953 475 4030 Gregorius,
524 3962 614 4031 qui
649 3961 855 4032 justum
902 3965 1157 4028 damnat,
1197 3973 1252 4018 et
1295 3980 1401 4019 non
1457 3964 1722 4019 victurum

1832 3413 2057 3478 accipiat
2084 3428 2335 3467 coronam
2358 3423 2504 3467 tuam
2531 3413 2711 3485 (Apoc.
2738 3411 2842 3483 ιιι).
2874 3411 3106 3481 ideoque
3155 3412 3210 3466 in
3249 3424 3408 3465 sacro

1832 3503 2026 3559 ordine
2049 3517 2159 3573 quo
2181 3503 2482 3558 consecrati
2516 3518 2702 3558 sumus
2738 3511 3150 3572 permanentes,
3182 3510 3406 3572 praesto-

1829 3593 2044 3660 lamur,
2085 3593 2411 3649 universalis
2474 3593 2687 3648 concilii
2737 3594 3103 3663 mquissimum
3152 3607 3400 3655 examen,

1830 3695 2052 3743 auctore
2103 3685 2194 3741 illo
2240 3685 2309 3740 ad
2355 3701 2514 3756 quem
2536 3685 2832 3741 clamantes
2858 3685 3106 3750 dicimus,
3141 3683 3400 3754 Exsurge,

1831 3779 2092 3844 Domine,
2142 3788 2201 3833 et
2253 3778 2442 3848 judico
2506 3788 2886 3833 consummant
2931 3773 3102 3843 (Prol.
3150 3778 3435 3844 unum.

1830 3872 1915 3929 cui
1952 3882 2037 3928 est
2074 3871 2246 3927 honor
2296 3880 2352 3926 et
2377 3870 2545 3942 gloria
2575 3883 2671 3941 per
2705 3868 2913 3925 inllnita
2953 3868 3147 3925 saecula
3176 3866 3425 3924 saeculo.»

1831 3979 1891 4018 ι·ιι
1898 3979 1973 4017 ΙΙΙ.

735 4144 3399 4177 ww

958 4322 1815 4441 EJUSDEMJ
1842 4326 2575 4441 AUXILII
2602 4432 2605 4437 .

1393 4578 1475 4620 DE
1529 4577 1744 4620 EADEM
1788 4577 2107 4629 ρυλεδτιολ
2119 4580 2172 4621 Ε·

544 4753 1066 4825 TitACTATUS
1118 4756 1272 4836 om
1321 4751 1790 4824 INFENSOR
1841 4753 1966 4824 ET
2012 4754 2520 4826 DEFENSOR‘
2578 4750 2975 4829 menon.

788 4896 815 4923 ἐ

1592 4950 1946 4977 oui—hui.—

1394 5082 2108 5146 PRJEFATIUNCULA";

1010 5244 1105 5305 Ad
1132 5242 1379 5305 modum
1415 5238 1943 5323 interrogationis
1983 5252 2037 5307 et
2065 5246 2521 5325 responsionis.

72 5512 481 5585 λικιεηρααηο
500 5521 662 5585 βαρεῖ
698 5504 779 5585 his
813 5506 902 5575 qui
935 5512 1114 5585 primo
1139 5525 1235 5581 per
1264 5512 1388 5585 vim,
1413 5526 1593 5584 postea
1618 5529 1711 5568 vo-
1742 5517 1790 5576 D
1815 5518 2075 5585 primitus
2097 5517 2389 5574 violentam
2420 5531 2613 5577 manus
2637 5514 3040 5585 impositionem
3083 5525 3415 5582 acceperunt.

320 5576 537 5634 luntarie
558 5575 617 5632 in
646 5575 828 5630 eodem
850 5575 1033 5636 ordine
1058 5575 1351 5637 consecrati
1365 5575 1509 5641 sunt.
1532 5634 1535 5637 Α

1816 5622 1892 5667 ac
1919 5627 2017 5683 per
2034 5610 2146 5667 :hoc
2174 5607 2544 5677 hujuscemodi
2577 5606 2865 5670 noluerunt
2892 5615 3037 5688 fungi
3072 5601 3415 5671 sacerdotio:

76 5698 79 5699 '
184 5685 404 5741 Vellem
431 5689 566 5745 scire
610 5685 747 5758 quid
794 5686 860 5742 de
899 5688 1006 5746 illis
1047 5706 1281 5764 congrua
1323 5693 1708 5752 deliberatione
1814 5700 2164 5767 postmodum
2215 5714 2343 5754 vero
2387 5698 2764 5774 aequanimiter
2800 5685 3120 5763 ministrare
3163 5694 3421 5750 Sacerdo-

84 5775 451 5820 nnncpmlnm
471 5781 535 5820 eis
586 5776 687 5820 ηιιί
725 5776 898 5820 nrimn
941 5790 995 5820 ιιι
1030 5786 1177 5820 ηις-πη
1241 5797 1337 5820 nni-
1361 5785 1469 5820 vim
1518 5792 1700 5820 ηηοιω

1845 5790 1957 5820 =nnm
2002 5795 2335 5820 n-ml..-.\nnlnl
2392 5806 2704 5820 -..-nnnuen|n
2741 5798 3114 5820 κ..-.----ξΔ-ιιι“
3147 5783 3203 5820 ill
3224 5784 3418 5820 Δαδιηη

1871 5806 1957 5820 ...κ
2002 5795 2335 5820 ιιι-πηιιι-ΛιηιηΙ
2392 5806 2704 5820 -..Αιιηριισιιι
2741 5798 2943 5820 κ..-.----2
