3948 5792
529 438 668 494 1075

1269 433 1558 488 ΛΡΡΕΜ).
1599 434 1687 485 AD
1728 432 1900 484 leiC.
1944 432 2030 484 lx.
2071 461 2139 471 -‹
2177 428 2548 484 Αυωτωιεε
2579 427 2742 482 ΔΝΜ
2778 426 3080 483 ΙΝΕΕΚἸΊμ

3641 429 3766 483 ιθῖᾶ

525 532 720 585 iterum
749 515 1427 586 consecrart'debuerunt?
1473 511 1659 579 Nonne
1692 524 1847 593 juxta
1887 535 2099 578 sancto-
2129 541 2173 596 Α
2204 523 2540 593 profitentur.
2576 521 2727 576 Unde
2768 522 3019 589 quoniam
3065 518 3301 588 quolibet
3341 519 3504 575 modo
3549 523 3770 574 turmam

527 635 645 673 rum
672 618 893 672 Patrum
923 617 1315 680 definitionem,
1354 618 1432 669 sic
1463 616 1713 669 nimirum
1746 613 1991 668 cavenda
2022 622 2109 666 est

527 710 761 766 secunda
790 723 978 762 manus
1010 707 1279 777 impositio
1299 749 1312 769 ,
1354 706 1802 776 quemadmodum
1839 703 2106 758 secundus

527 797 797 862 cavendus
847 806 931 852 est
961 797 1300 868 baptismus?
1331 798 1432 852 Sed
1481 798 1630 850 aiunt
1663 815 1675 849 :
1723 795 1900 850 Prima
1931 795 2105 850 illius-

528 890 672 945 modi
701 889 1058 951 consecratio,
1089 889 1334 957 quamvis
1363 905 1391 942 a
1425 888 1689 941 catholico
1718 887 1984 956 pontifice,
2023 895 2103 939 ta—

530 993 651 1034 men
682 979 912 1035 violenta
951 978 1084 1043 fuit,
1128 990 1182 1034 et
1211 989 1492 1049 propterea
1524 994 1622 1047 pro
1669 978 1834 1032 nihilo
1865 978 2105 1031 ducenda

531 1078 631 1124 est.
658 1068 774 1132 Dic,
806 1085 1006 1138 quaaso,
1042 1070 1086 1124 si
1113 1071 1373 1140 quispiam
1406 1085 1502 1138 per
1522 1070 1626 1122 vim
1659 1069 1903 1123 fortassis
1929 1067 2102 1137 bapti-

531 1171 684 1216 zatus
717 1161 879 1216 fuerit
908 1163 1094 1217 nolens
1120 1165 1342 1216 credere
1366 1163 1417 1215 in
1445 1160 1741 1223 Christum,
1764 1161 2104 1230 postmodum

528 1266 660 1306 vero
689 1267 748 1308 se
772 1253 824 1306 in
851 1268 973 1308 eum
1001 1253 1222 1309 credere
1248 1253 1550 1307 voluntarie
1577 1252 1876 1321 profitetur,
1908 1264 2108 1319 ergone

530 1349 707 1402 denuo
757 1347 1106 1415 baptizandus
1161 1347 1280 1402 est?
1337 1347 1449 1402 Non
1502 1347 1575 1400 ita
1619 1346 1860 1415 sapiebat
1920 1344 2109 1398 beatus

529 1435 834 1490 Alexander
878 1438 1184 1505 patriarcha
1212 1478 1225 1499 ,
1259 1437 1475 1507 quando
1517 1446 1736 1491 sanctus
1779 1433 2111 1488 Athanasius

531 1527 706 1582 adhuc
732 1528 1004 1597 puerulus,
1033 1529 1127 1583 sed
1151 1528 1460 1599 utiquejam
1491 1529 1824 1598 hatipzatus,
1852 1527 1918 1581 ad
1955 1542 2107 1581 oram

530 1617 716 1681 maris,
744 1619 894 1680 quasi
925 1620 1199 1682 sacerdos,
1218 1634 1522 1687 quanquam
1549 1618 1800 1678 ludendo,
1826 1631 1952 1670 vere
1983 1631 2109 1684 pue-

527 1706 675 1763 rulos
713 1708 1023 1777 baptizavit.
1067 1708 1204 1774 Quid
1251 1707 1446 1778 plura?
1485 1707 1710 1771 Vellem,
1753 1715 1813 1760 ut
1856 1705 2110 1775 praefatus

528 1812 669 1862 sum,
706 1798 770 1852 de
801 1796 1107 1865 hujusmodi
1136 1797 1398 1852 sententia
1445 1797 1510 1850 ad
1555 1808 1757 1851 certam
1805 1795 2108 1866 pertingere

2206 613 2544 683 baptismatis
2567 612 2890 682 acceperint,
2917 610 3216 680 baptizandi
3247 625 3352 664 non
3388 618 3537 673 sunt,
3562 611 3656 665 sed
3680 625 3772 678 per

2207 718 2397 757 manus
2435 702 2829 770 impositionem
2873 701 3075 754 virtute
3115 699 3352 769 Spiritus
3395 701 3568 753 sancti
3617 715 3772 768 quem

2206 792 2273 846 ab
2301 793 2573 846 haereticis
2599 792 2840 861 accipere
2878 807 2982 844 non
3028 800 3338 861 potuerunt,
3372 791 3660 846 catholicis
3687 806 3775 844 co-

2183 883 2421 954 pulandi
2449 893 2594 938 sunt.
2627 882 2812 938 Nonne
2838 883 2986 937 vides
3017 882 3142 950 quia
3176 871 3337 936 Pater
3361 891 3587 936 sanctus
3617 884 3773 936 etiam

2207 976 2274 1028 ab
2304 975 2500 1044 ignotis
2530 975 2795 1028 hmreticis
2825 973 3121 1043 baptizatos
3148 989 3253 1028 non
3278 974 3476 1027 iterum
3504 974 3778 1042 baptizan-

2207 1075 2303 1128 dos
2328 1090 2465 1136 esse.
2495 1075 2588 1128 sed
2617 1088 2711 1143 per
2735 1088 2925 1126 manus
2947 1072 3343 1142 impositionem
3368 1071 3570 1139 suseipi
3594 1069 3779 1136 jubet?

2210 1164 2566 1219 Recolendum
2621 1163 2781 1217 etiam
2831 1162 2970 1232 quod
3024 1172 3245 1215 sanctus
3289 1160 3562 1215 Genesius
3603 1159 3782 1214 Arela-

2210 1256 2378 1310 tensis
2406 1256 2708 1324 episcopus,
2740 1269 2859 1308 cum
2885 1263 3027 1308 esset
3066 1253 3278 1316 histrio,
3314 1252 3474 1307 ﬁctus
3503 1263 3557 1307 et
3600 1253 3782 1307 ludens

2211 1347 2512 1416 baptizatus
2539 1346 2729 1412 fuerit;
2760 1347 2851 1400 sed
2882 1347 3090 1416 cognita
3119 1347 3366 1408 veritate,
3401 1362 3523 1413 qua:
3544 1344 3782 1400 Christus

2209 1450 2312 1506 est,
2334 1440 2448 1494 sine
2466 1439 2803 1508 baptismatis
2822 1439 3101 1492 iteratione
3121 1438 3446 1493 Christiana:
3469 1439 3617 1500 fntei,
3632 1455 3783 1507 quam

2211 1548 2268 1587 se
2298 1533 2519 1587 credere
2551 1530 2815 1585 fallaciter
2854 1531 3250 1600 spoponderat,
3298 1531 3575 1585 veraciter
3619 1531 3787 1583 adhm—

2211 1623 2300 1679 sit.
2324 1622 2426 1678 Sed
2455 1623 2571 1677 ais:
2602 1622 2812 1674 Parvuli
2844 1621 3125 1692 baptizati,
3164 1623 3210 1676 si
3259 1622 3312 1675 in
3351 1637 3528 1691 parva
3560 1623 3788 1675 moriun-

2213 1721 2298 1766 tur
2322 1721 2496 1775 aetate,
2533 1727 2637 1765 non
2669 1712 2888 1764 dubium
2919 1721 3002 1766 est
3023 1713 3164 1781 quod
3188 1712 3428 1780 paradisi
3461 1713 3654 1783 gaudia
3676 1728 3787 1780 par.

2214 1803 2307 1856 tim
2339 1802 2666 1872 percipiant;
2718 1801 2804 1855 ille
2850 1810 3027 1854 autem
3073 1802 3162 1872 qui
3213 1800 3491 1870 perfectus
3520 1812 3674 1855 :t-tate
3702 1817 3790 1868 per

525 1890 836 1943 veri=atem.
881 1888 1218 1958 Propositam
1257 1904 1386 1957 ergo
1421 1889 1770 1958 quaestionem
1813 1886 1906 1956 qui
1937 1885 2102 1947 novit,
2142 1910 2183 1968 Β
2212 1893 2319 1945 vim
2347 1893 2652 1962 baptizatus
2677 1899 2777 1954 est,
2819 1892 2860 1946 si
2899 1893 3048 1960 prius
3074 1907 3139 1945 ex
3184 1891 3286 1945 hac
3312 1892 3424 1944 vita
3461 1891 3791 1946 subtrahitur

527 1980 728 2034 obnixe
743 1979 894 2034 nobis
915 1979 1269 2049 prresentibus
1293 1981 1574 2049 dignanter
1602 1979 1830 2048 aperiat.
1854 1978 2108 2046 quoniam

531 2067 672 2122 inter
701 2070 821 2123 illos
863 2070 1091 2139 accipiet
1135 2084 1416 2133 coronam,
1447 2071 1513 2123 de
1550 2071 1745 2139 quibus
1777 2067 1977 2121 Dauieli
2019 2083 2114 2136 per

529 2161 778 2230 angelum
805 2161 1016 2215 dicitur.
1052 2179 1070 2211 ι
1108 2160 1206 2228 Qui
1244 2171 1423 2216 autem
1452 2162 1592 2216 docti
1623 2161 1819 2216 fuerint
1838 2161 2114 2230 fulgebunt

527 2249 682 2319 quasi
730 2249 1161 2312 ﬁrmamentum,
1216 2259 1271 2305 et
1317 2252 1406 2320 qui
1457 2251 1522 2303 ad
1564 2249 1830 2318 justitiam
1861 2251 2114 2303 erudiunt

529 2337 731 2392 multos
764 2377 780 2402 ,
847 2339 1001 2408 quasi
1064 2339 1232 2394 stella:
1299 2340 1352 2394 in
1433 2350 1720 2410 perpetuas
1784 2338 2116 2394 mternitates

529 2427 689 2500 (Dan.
727 2429 859 2499 xu).
894 2449 914 2481 ι

1163 2501 1468 2572 Responsio.

599 2611 770 2682 llujus
801 2614 1122 2683 quaestionis
1158 2630 1319 2670 ansas
1347 2614 1632 2670 manifesta
1682 2613 1822 2668 ratio
1849 2613 2118 2669 dissolvit.

525 2703 674 2758 Dicis
697 2705 840 2758 enim
870 2706 914 2759 si
961 2705 1228 2775 quispiam
1268 2706 1453 2760 nolens
1479 2705 1701 2760 credere
1744 2705 1796 2758 in
1837 2703 2114 2759 Christum

531 2809 626 2866 per
643 2796 750 2850 vim
775 2797 1085 2866 baptizatus
1102 2796 1282 2859 fuerit,
1315 2806 1368 2852 et
1391 2797 1726 2867 postmodum
1760 2797 1813 2850 in
1838 2795 2114 2851 Christum

532 2888 753 2941 credere
775 2887 1354 2958 acquieseet,nunquid
1379 2889 1572 2942 iterum
1598 2887 1951 2957 baptizandus
1972 2886 2118 2941 erit?

532 2977 769 3033 Minime.
802 2979 1114 3048 Exemplum
1145 2981 1211 3033 de
1245 2980 1481 3048 parvulis
1509 2995 1682 3042 sume,
1707 2979 1796 3048 qui
1823 2994 1945 3033 cum
1976 2978 2110 3032 alie-

531 3070 618 3124 nis
666 3071 913 3125 mauibus
949 3069 1286 3135 deferuntur,
1329 3081 1588 3140 quantum
1637 3072 1689 3124 in
1738 3070 1818 3124 eis
1857 3078 1978 3134 est,
2005 3079 2116 3123 toto

537 3163 730 3214 annisu
767 3161 1114 3222 reluctantur,
1156 3177 1221 3217 ne
1267 3163 1317 3215 iu
1348 3162 1687 3230 baptismatis
1729 3162 1928 3217 fontem
1976 3174 2114 3214 mer-

2212 2001 2370 2055 quam
2387 1984 2691 2038 voluntarie
2709 1985 2895 2037 credat
2919 1984 2970 2036 in
2994 1982 3284 2043 Christum,
3314 1981 3686 2051 nttnquitlltam
3700 1997 3789 2050 prs

2211 2093 2276 2132 eo
2306 2087 2556 2147 tanquam
2588 2092 2684 2145 pro
2719 2075 2869 2129 fide‘i
2895 2077 3159 2129 orandum
3188 2085 3264 2129 est
3283 2076 3316 2129 ?
3344 2075 3658 2128 Prmsertim
3679 2092 3790 2128 cum

2211 2167 2447 2221 Joannes
2471 2166 2742 2235 apostolus
2764 2165 2906 2219 dicat
2935 2183 2948 2218 :
2985 2183 3003 2215 ι
3035 2165 3126 2218 Est
3150 2174 3436 2232 peccatum
3460 2166 3530 2217 ad
3555 2173 3788 2220 mortem.

2212 2271 2315 2309 non
2335 2272 2432 2326 pro
2460 2255 2545 2309 illo
2573 2256 2690 2310 dico
2716 2267 2774 2309 ut
2799 2255 2920 2326 quis
2939 2252 3442 2326 roget(lloan.‘v.)
3468 2273 3488 2304 υ
3521 2253 3789 2306 Peccatum

2213 2347 2410 2418 quippe
2455 2345 2520 2400 ad
2566 2358 2811 2407 mortem,
2867 2353 2925 2398 ut
2976 2345 3049 2398 ait
3095 2343 3474 2414 Augustinus,
3506 2353 3588 2397 est
3627 2343 3794 2402 (idem.

2213 2454 2332 2507 qua:
2372 2453 2468 2507 per
2516 2438 2853 2492 dilectionem
2902 2447 3176 2507 operatur,
3228 2437 3491 2490 deserere
3544 2436 3791 2504 usquead

2214 2541 2462 2585 mortem.
2495 2529 2664 2599 Hujus
2710 2529 3026 2600 quaestionis
3074 2528 3244 2581 nodus
3272 2529 3345 2580 ita
3381 2527 3636 2580 solvitur.
3671 2527 3789 2580 Par-

2213 2619 2350 2674 vulis
2374 2629 2656 2689 propterea
2690 2634 2793 2672 non
2817 2625 2901 2671 est
2927 2615 3326 2685 imputandum,
3354 2616 3514 2682 quod
3540 2615 3791 2670 reluctan-

2217 2719 2297 2765 tes
2335 2708 2684 2776 nolentesque
2733 2706 3092 2774 baptizantur,
3137 2704 3261 2772 quia
3315 2703 3559 2758 necdum
3606 2704 3792 2755 ratiome

2215 2801 2290 2853 uti
2329 2806 2583 2869 possunt,
2630 2797 2858 2851 necdum
2893 2795 3015 2849 boni
3048 2794 3248 2849 malive
3275 2795 3605 2848 distantiam
3653 2809 3793 2846 uage

2218 2891 2411 2944 valent.
2443 2889 2551 2944 Illis
2577 2898 2756 2942 autem
2788 2887 2881 2957 qui
2921 2886 3212 2957 legitimam
3253 2894 3475 2940 aetatem
3529 2885 3791 2940 habentes.

2215 2999 2310 3055 per
2339 2982 2444 3036 vim
2468 2979 2724 3050 baptizati
2751 2987 2899 3042 sunt,
2937 2979 2980 3032 si
3013 2978 3164 3045 prius
3191 2976 3506 3030 moriantur
3531 2988 3688 3042 quam
3707 2987 3790 3024 vo—

2217 3074 2446 3129 luntarie
2474 3074 2527 3128 in
2567 3073 2839 3128 Christum
2887 3067 3148 3133 credant,
3184 3068 3308 3123 ideo
3352 3067 3664 3136 baptismns
3684 3078 3796 3132 pro-

2217 3168 2373 3222 desse
2404 3183 2510 3220 non
2547 3174 2746 3236 potest,
2779 3179 2877 3218 nec
2902 3177 2997 3233 pro
3030 3161 3109 3216 eis
3133 3159 3406 3214 orandum
3438 3168 3528 3212 est
3551 3198 3564 3217 ,
3603 3155 3718 3224 quia
3744 3163 3793 3205 et

535 3261 748 3320 gantur.
783 3249 888 3306 Sed
919 3266 1040 3305 cum
1071 3252 1138 3305 ad
1170 3251 1488 3305 rationalem
1515 3253 1792 3306 scientiam
1837 3251 2110 3321 pertime-

2218 3257 2444 3314 rationis
2474 3272 2699 3328 capaces
2735 3254 2980 3315 fuerunt.
3009 3260 3062 3306 et
3088 3249 3408 3304 distantiam
3455 3248 3603 3300 inter
3627 3258 3794 3296 verum

531 3349 642 3400 rint
671 3345 1085 3420 [pi-irvenerint},
1112 3347 1317 3402 etiamsi
1348 3347 1618 3402 recordari
1649 3355 1917 3418 nequeant
1945 3363 2115 3416 quan-

533 3436 603 3489 do
647 3436 900 3504 baptizati
947 3445 1091 3498 sunt,
1129 3437 1474 3490 narrantibus
1521 3445 1696 3490 tamen
1749 3437 2114 3490 imlubitanter

535 3525 782 3590 credunt,
814 3534 870 3579 et
893 3525 1256 3580 Christianam
1289 3525 1598 3597 religionem
1629 3527 1830 3595 absque
1860 3525 2109 3594 baptismi

535 3612 820 3668 iteratione
845 3615 1023 3669 colere
1060 3616 1338 3684 incipiunt.
1381 3617 1512 3671 Hinc
1555 3618 1696 3686 quod
1746 3617 1936 3671 beatus
1976 3633 2110 3687 papa

535 3700 645 3757 Leo
669 3703 799 3759 dicit
831 3723 843 3758 :
876 3704 931 3759 Si
965 3705 1103 3759 nulla
1130 3706 1364 3760 existant
1389 3706 1584 3760 indicia
1616 3706 1756 3760 inter
1784 3707 2110 3776 propinquos

533 3800 590 3846 et
641 3793 954 3858 fantiliares,
1005 3795 1148 3849 nulla
1203 3796 1344 3850 inter
1392 3796 1619 3850 clericos
1665 3805 1828 3865 atque
1883 3796 2108 3862 Vicinos,

534 3884 731 3952 quibus
762 3884 837 3949 hi,
868 3884 934 3938 de
968 3885 1160 3953 quibus
1190 3886 1476 3954 quaeritur,
1521 3887 1774 3955 baptizati
1805 3884 1972 3940 fuisse
2013 3887 2110 3941 do-

536 3985 780 4039 ceantur.
806 3979 1068 4046 agendum
1097 3986 1182 4032 est
1227 3987 1284 4031 ut
1314 3987 1688 4041 renascantur,
1715 3993 1781 4032 ne
1829 3977 2113 4033 manifeste

534 4076 781 4138 pereant,
804 4069 926 4136 quia
949 4069 1090 4139 quod
1122 4085 1224 4123 non
1252 4071 1553 4124 ostenditur
1583 4079 1812 4139 gestum,
1846 4071 1982 4123 ratio
2007 4084 2109 4122 non

533 4161 665 4217 sinit
693 4169 752 4216 ut
781 4162 1026 4216 videatur
1055 4164 1326 4218 iteratum.
1361 4164 1433 4218 De
1462 4164 1544 4218 his
1568 4171 1745 4217 autem
1772 4163 1860 4231 qui
1888 4178 1950 4218 ex
1975 4161 2110 4216 Afri-

534 4267 620 4318 ca,
655 4253 737 4307 vel
761 4268 824 4307 ex
875 4253 1194 4309 Mauritania
1247 4256 1486 4318 veniunt,
1525 4263 1580 4311 et
1625 4255 1870 4310 nesciunt
1914 4254 1966 4308 in
2006 4269 2109 4326 qua

536 4351 686 4398 secta
722 4353 845 4397 sunt
875 4345 1148 4414 baptizati,
1181 4361 1284 4399 non
1313 4361 1370 4400 se
1399 4345 1697 4414 baptizatos
1722 4346 1990 4407 nesciunt,
2015 4345 2112 4398 sed

536 4432 692 4502 cujus
715 4434 836 4489 ﬁdei
868 4433 1067 4490 fuerint
1109 4437 1199 4506 qui
1231 4452 1323 4491 eos
1365 4437 1774 4508 baptizaverunt
1801 4449 1858 4491 se
1900 4435 2111 4490 nescire

2220 3359 2274 3404 et
2303 3330 2495 3401 falsum
2527 3347 2723 3402 habere
2751 3352 3062 3414 potuerunt.
3092 3340 3188 3395 llis
3220 3354 3355 3409 ergo
3389 3338 3460 3392 de
3490 3333 3795 3404 compendio

2195 3439 2531 3509 praelibatis,
2554 3437 2858 3493 evident-ius
2879 3443 3027 3505 patet
3049 3441 3104 3486 ut
3135 3432 3226 3486 ille
3245 3431 3342 3500 qui
3366 3443 3470 3498 per
3491 3428 3608 3480 vim
3638 3423 3794 3491 bapti-

2218 3539 2372 3585 zatus
2398 3538 2501 3592 est.
2553 3529 2595 3583 si
2638 3536 2819 3597 postea
2870 3525 2922 3580 in
2973 3523 3250 3580 Christum
3284 3520 3519 3575 credere
3557 3515 3800 3573 voluerit,

2214 3622 2570 3691 baptizandus
2599 3621 2794 3674 iterum
2824 3632 2928 3672 non
2954 3616 3045 3678 sit,
3075 3614 3169 3670 sed
3199 3611 3376 3682 magis
3397 3607 3718 3668 hortandus,
3739 3611 3797 3656 ut

2215 3715 2354 3783 quod
2383 3713 2583 3767 invitus
2610 3710 2866 3778 suscepit,
2897 3707 3129 3762 amando
3150 3712 3208 3760 et
3229 3701 3512 3772 operando
3538 3711 3706 3768 usque
3744 3695 3796 3747 in

2215 3804 2375 3859 ﬁnem
2413 3803 2704 3860 custodiat.
2734 3801 2900 3872 igitur
2933 3814 3030 3868 per
3073 3799 3214 3852 hanc
3258 3793 3550 3848 formulam
3582 3786 3792 3856 intellig

2213 3897 2374 3952 datur
2408 3905 2465 3950 ut
2503 3896 2594 3967 qui
2643 3909 2857 3949 sacrum
2904 3891 3148 3946 ordinem
3202 3887 3410 3942 invitus
3459 3882 3707 3950 accepit,
3749 3879 3794 3930 si

2213 3988 2554 4060 postmodum
2620 3987 2926 4041 ministrare
2986 3981 3248 4042 voluerit,
3309 3978 3544 4031 ulterius
3587 3975 3698 4044 jam
3741 3971 3791 4060 in

2213 4059 2400 4135 eodem
2427 4078 2614 4132 ordine
2646 4092 2748 4131 non
2796 4075 2868 4129 sit
2903 4070 3324 4132 consecrandus,
3373 4067 3472 4122 sed
3501 4063 3678 4135 potius
3701 4059 3791 4112 ad-

2220 4169 2534 4228 monendus.
2571 4174 2630 4220 'ut
2667 4165 2805 4236 quod
2852 4179 2949 4234 per
2996 4163 3100 4216 vim
3151 4168 3378 4215 coactus
3421 4156 3676 4224 suscepit,
3702 4164 3794 4221 per

2213 4259 2556 4323 dilectionem
2586 4266 2901 4314 reverenter
2928 4252 3241 4309 ministrare
3280 4249 3524 4304 studeat.

2661 4410 2890 4480 Explicit
2915 4407 3348 4478 prwfatiuuculn.

557 4622 3780 4661 ___________________________________________________._

1673 4810 2172 4890 EPISTOLA
2231 4807 2656 4887 PBJEVIA.

1576 4991 1676 5054 Ad
1716 4992 1972 5054 Leonem
2008 4987 2324 5054 Nolanum
2365 4989 2743 5069 episcopum.

619 5255 1086 5311 Reverendissimo
1118 5257 1313 5311 domno
1345 5257 1510 5312 erom
1533 5266 1736 5311 sanctae
1766 5255 1980 5312 Nolana:
2007 5257 2109 5313 Ec-
2142 5259 2189 5319 D
2215 5259 2377 5321 viros,
2407 5269 2699 5324 eorumque
2727 5253 2970 5309 consulta
2997 5252 3137 5323 apud
3181 5255 3467 5323 rescripta
3494 5253 3570 5326 [te
3587 5248 3774 5319 scripta]

543 5345 722 5404 clesiae
748 5347 985 5414 praesuli,
1014 5347 1272 5404 Annuus
1300 5350 1352 5404 in
1378 5347 1606 5402 Domino
1643 5347 1891 5403 salutem.

616 5435 779 5491 Missa
808 5434 1070 5504 legatione
1113 5437 1314 5493 asseris
1343 5448 1394 5494 te
1436 5437 1704 5493 violentas
1739 5439 1848 5507 pati
1890 5453 2110 5509 oppres—

549 5524 751 5589 siones,
778 5533 839 5577 ut
863 5523 1164 5594 epise0pale
1188 5528 1565 5590 sacerdotium,
1590 5527 1732 5597 quod
1756 5527 1882 5581 olim
1913 5544 1940 5580 a
1972 5542 2106 5597 papa

546 5615 810 5670 Formosa
847 5613 1145 5681 suscepisti.
1180 5617 1332 5684 quasi
1370 5618 1503 5673 nihil
1528 5619 1619 5682 sit,
1664 5617 1873 5672 irritum
1919 5616 2105 5676 facias.

547 5707 659 5768 Qua
685 5716 748 5756 ex
781 5715 944 5756 causa
984 5701 1168 5755 fateris
1207 5709 1266 5757 te
1298 5705 1536 5762 miriﬁca:
1570 5705 1804 5763 solertia:
1838 5705 2106 5770 Francos,

2213 5346 2469 5407 retinere,
2500 5358 2620 5412 qua
2671 5351 2722 5396 te
2769 5340 3072 5410 hujusmodi
3119 5344 3623 5412 transgressionem
3654 5355 3773 5394 enat-

2213 5434 2430 5489 miitere
2459 5431 2743 5487 manifesta
2789 5431 2995 5484 ratione
3038 5429 3401 5499 prohibeant.
3455 5430 3775 5487 Nihiioxaiaos

2215 5535 2390 5580 autem
2418 5526 2563 5594 cogis
2599 5538 2684 5578 me
2711 5522 3122 5592 objectionibus,
3157 5537 3302 5591 quas
3345 5525 3611 5579 adversus
3650 5533 3770 5575 eum-

2213 5619 2335 5671 dem
2368 5615 2686 5670 Formosum
2715 5628 2908 5683 papam
2931 5610 3151 5681 ejusque
3175 5613 3569 5669 ordinationes
3593 5609 3772 5682 quidam

2213 5705 2502 5773 objiciunt,
2532 5705 2796 5774 dialogico
2849 5705 3132 5760 schemate.
3151 5703 3411 5760 breviter
3460 5703 3768 5773 respondere.
