3948 5816
145 413 284 472 ἏΥΞἹ

794 407 1049 468 Αυχιιιι
1089 413 1171 466 DE
1211 410 1439 468 οῐιυιΝ.
1483 412 1523 462 Α
1568 410 1737 466 ιεὈῑί)

1841 410 1891 464 ,Ο
1933 408 2034 462 ΡΡ.
2078 407 2320 464 FACTIS
2360 408 2534 463 LIBRI
2577 407 2724 464 DUO.

3266 399 3412 471 tors‘

142 535 405 583 causatus
432 539 572 580 sum.
609 526 858 578 Attamen
906 524 1031 593 quia
1079 525 1144 578 de
1191 540 1296 578 una
1329 523 1443 577 auri
1495 523 1718 577 materia
1748 529 1796 586 Α
1825 536 1928 576 non
1966 521 2427 592 perihermeuiaca
2475 521 2782 588 subtilitas,
2807 531 2990 592 utpote
3020 525 3108 592 qui
3154 507 3402 597 discipuli

141 617 380 672 (livet-ste
405 613 766 670 coniiciuntur
790 614 1020 684 species,
1046 628 1166 682 qua:
1193 613 1420 668 diversis
1451 613 1725 666 hominum

143 705 516 761 voluntatibus
539 705 809 776 placeant,
830 705 1165 760 orationibus
1187 705 1293 758 tuis
1321 703 1502 768 fultus,
1534 701 1724 758 faciam

143 798 293 867 quod
334 796 593 860 hortaris,
631 797 704 851 ita
747 796 1010 850 duntaxat
1051 806 1109 849 Iit
1143 797 1196 850 in
1229 808 1545 865 unaquaque
1583 794 1730 863 obje-

139 886 328 939 etione
346 893 674 952 praenotetur
693 882 957 947 lnfensor,
979 891 1036 938 et
1067 884 1415 953 responsione
1447 883 1724 938 Defensor.

143 972 262 1027 Non
319 974 409 1028 hic
457 973 893 1045 syllogismorum
935 984 1211 1043 queratur
1243 982 1393 1028 arcta
1436 972 1728 1036 conclusio,

1831 629 2017 669 sumus
2041 613 2343 684 piscatoris,
2375 612 2474 667 hoc
2515 621 2629 677 est,
2671 611 2897 682 apostoli
2941 609 3107 667 Petri.
3141 609 3207 668 Et
3233 613 3404 685 quan~

1831 719 1993 774 quam
2026 704 2077 758 in
2102 703 2217 772 ejus
2246 704 2488 758 navicula
2532 703 2849 767 sedeamus,
2899 711 3266 773 tempestatem
3314 723 3407 776 pa-

1834 796 2016 859 timur,
2047 796 2358 850 invocantes
2389 794 2784 850 Dominatorem
2807 795 3067 858 omnium,
3097 805 3155 850 ut
3183 796 3408 866 imperet

1832 886 2012 940 ventis
2032 892 2086 940 et
2113 885 2272 951 mari,
2304 892 2360 938 et
2386 884 2477 938 fiat
2504 882 2861 955 tranquillitas
2884 899 3094 954 magna.

1342 1308 1740 1387 INCIPIT
1815 1281 2251 1385 TEXT-US‘.

147 1616 279 1671 Cn.
316 1616 435 1670 I.—
451 1615 607 1692 Quod
629 1617 890 1670 ordinatio
919 1624 1096 1692 quoin
1115 1628 1252 1685 papa
1274 1615 1564 1692 Formosus
1591 1616 1738 1692 fecit,
1766 1624 1810 1682 Β
1840 1628 1934 1684 tet,
1981 1621 2188 1675 scilicet
2237 1629 2295 1674 ut
2321 1625 2606 1692 episcopus
2648 1624 2714 1677 de
2763 1623 2979 1678 civitate
3045 1623 3112 1678 ad
3141 1623 3415 1678 civitatem

217 1698 332 1740 rata
365 1697 413 1740 et
444 1684 672 1756 legitima
700 1702 809 1739 esse
834 1684 1191 1753 probabiliter
1221 1685 1548 1756 ostendatur,
1576 1684 1732 1740 etiam

217 1758 264 1810 si
303 1757 412 1824 ipse
437 1753 743 1821 Formosus,
787 1765 841 1808 ut
885 1757 1055 1819 aiunt,
1086 1772 1188 1809 non
1238 1756 1335 1809 rite
1380 1754 1538 1824 fuerit
1590 1757 1737 1810 ordi-

219 1837 398 1880 natus.
1373 1850 1391 1867 ς

220 1980 504 2033 lxreason.
533 1979 844 2041 Formosus,
874 1979 1088 2049 propria
1123 1978 1310 2034 relicta
1357 1995 1545 2044 uxore,
1578 1980 1738 2035 aliam

141 2071 393 2138 abstulit,
444 2071 548 2126 hoc
597 2080 698 2135 est,
745 2070 931 2125 relicto
979 2071 1315 2141 episcopatu,
1359 2071 1445 2125 his
1472 2072 1560 2141 qui
1595 2081 1739 2126 recte

142 2161 436 2217 ordinandi
465 2170 622 2215 erant
649 2161 998 2231 apostolicam
1021 2161 1242 2214 abstulit
1284 2161 1489 2224 sedem,
1523 2169 1579 2215 ct
1609 2175 1736 2232 pro-

142 2264 332 2323 pterea
369 2254 630 2323 reprobus
655 2263 708 2307 et
733 2254 886 2306 lictus
905 2266 1025 2306 esse
1051 2252 1401 2322 dignoscitur.
1440 2253 1737 2307 Derasson.

144 2342 275 2397 Non
300 2344 433 2398 mihi
468 2359 613 2398 cura:
633 2351 717 2398 est
742 2344 870 2414 quid
919 2342 1083 2396 fuerit
1128 2342 1438 2402 Formosus,
1472 2344 1567 2398 scd
1596 2344 1738 2411 quod

119 2436 423 2491 ordinatio
468 2451 628 2505 quam
680 2435 809 2492 fecit
855 2444 970 2492 rata
1019 2445 1072 2488 et
1102 2434 1344 2505 legitima
1377 2448 1498 2488 esse
1524 2435 1736 2488 indubi-

145 2537 336 2581 tantcr
355 2537 560 2598 pateat.
604 2529 709 2583 lxr.
736 2527 1029 2582 Formosus
1057 2543 1159 2580 non
1187 2526 1286 2580 fuit
1323 2542 1480 2596 papa,
1512 2527 1738 2596 ideoque

143 2620 424 2674 ordinatio
471 2635 633 2688 quam
673 2621 798 2674 fecit
843 2635 943 2689 pro
991 2620 1160 2674 nihilo
1197 2620 1440 2674 ducenda
1470 2628 1573 2674 est.
1605 2620 1734 2673 Der.

141 2708 264 2764 Non
305 2711 480 2764 solum
525 2711 576 2765 in
615 2709 856 2764 Romano
907 2726 1089 2782 regno,
1143 2710 1236 2764 sed
1267 2712 1430 2765 etiam
1456 2710 1642 2779 procul
1684 2710 1737 2764 in

143 2802 400 2857 barbaris
429 2803 741 2858 nationibus
765 2802 1096 2872 divulgatum
1124 2811 1230 2866 est,
1257 2803 1398 2871 quod
1446 2801 1738 2856 Formosus

140 2907 246 2960 per
272 2907 540 2947 annorum
583 2892 874 2957 curricula,
917 2891 1244 2961 apostolicus
1273 2891 1434 2947 fuerit
1475 2892 1734 2961 pontifex.

1845 1728 1949 1767 non
1981 1713 2358 1778 transferatur,
2393 1721 2447 1766 et
2503 1713 2547 1768 si
2579 1714 2868 1768 translatus
2910 1714 3306 1769 ordinationem
3339 1713 3416 1768 fe—

1843 1805 1998 1870 cerit,
2050 1805 2162 1873 ipsa
2214 1805 2482 1860 ordinatio
2532 1821 2755 1876 prorsus
2802 1807 2853 1860 in
2901 1805 3113 1860 irritum
3167 1806 3413 1860 ducatur.

1843 1893 1971 1948 Dur.
2014 1887 2111 1950 Hic
2157 1895 2371 1964 quidem
2422 1895 2595 1951 nodus
2658 1897 2708 1950 in
2745 1895 2909 1963 junco
2952 1895 3272 1963 quaerendus
3309 1910 3417 1949 non

1841 1995 1942 2041 est.
2014 1985 2144 2053 Quis
2194 1987 2374 2041 videat
2424 1988 2566 2057 quod
2610 1987 2912 2058 lmjusmodi
2973 1987 3234 2052 deﬁnitio,
3287 1988 3420 2042 nihil

1841 2075 2190 2130 obscuritatis
2238 2077 2452 2139 habeat,
2492 2086 2547 2131 et
2578 2077 2709 2130 nihil
2754 2077 2898 2132 aliud
2949 2077 3170 2147 intelligi
3225 2076 3420 2144 possit,

1842 2165 1944 2219 nisi
1981 2180 2203 2234 prorsus
2252 2166 2463 2220 irritum
2506 2167 2732 2222 ducatur
2762 2168 2881 2232 hoc,
2925 2168 3065 2236 quod
3112 2168 3176 2222 de
3205 2167 3423 2220 civitate

1842 2257 1910 2312 ad
1975 2257 2247 2313 civitatem
2306 2256 2681 2313 transferatur.
2747 2258 2820 2314 De
2871 2259 3212 2312 ordinatione
3258 2272 3420 2326 quam

1843 2347 1970 2403 fecit
2013 2349 2142 2402 nihil
2187 2349 2406 2402 omnino
2447 2351 2645 2420 tetigit,
2693 2351 2832 2418 quod
2881 2364 3114 2418 sequens
3157 2348 3423 2402 articulus

1842 2439 2181 2494 manifestius
2207 2441 2446 2494 declarat
2477 2441 2682 2504 dicens,
2724 2440 2788 2492 Et
2819 2441 3141 2494 restituatur
3167 2439 3421 2494 Ecclesia:

1843 2529 1926 2583 cui
1962 2527 2063 2582 fuit
2089 2528 2392 2597 episcopus,
2417 2539 2509 2580 aut
2542 2528 2844 2600 presbyter,
2878 2537 2972 2582 aut
2995 2529 3256 2582 diaconus
3276 2527 3421 2582 ordi—

1843 2629 2019 2674 natus.
2051 2618 2107 2672 Si
2141 2634 2269 2686 ergo
2295 2620 2596 2674 restituitur
2626 2620 2873 2674 Ecclesiae
2896 2621 2981 2675 cui
3009 2620 3106 2673 fuit
3135 2621 3422 2689 episcopus

1841 2712 2142 2776 Ordinatus,
2165 2711 2432 2766 ordinatio
2455 2728 2615 2781 quam
2647 2723 2773 2768 tunc
2800 2711 2950 2776 fecit,
2975 2711 3244 2781 quomodo
3267 2712 3422 2765 irrita

1840 2817 1961 2857 esse
1989 2802 2206 2872 potest?
2237 2801 2342 2855 lar.
2387 2801 2702 2864 Formosus,
2726 2810 2784 2854 ut
2810 2801 2940 2865 dixi,
2974 2800 3130 2856 fictus
3154 2808 3208 2855 et
3238 2816 3432 2870 rcpro—.

1842 2897 1943 2949 bus
1972 2910 2186 2949 sacrum
2222 2893 2465 2947 ordinem
2502 2894 2570 2947 ibi
2601 2908 2705 2946 non
2748 2892 2953 2956 habuit,
2991 2891 3260 2961 quomodo
3281 2891 3440 2954 aliis,.

141 2981 214 3036 Et
254 2982 467 3036 ichrco
507 2983 573 3038 de
619 2983 922 3053 longinquis
959 2991 1230 3036 terrarum
1273 2982 1516 3052 partibus
1549 2983 1731 3038 clerici
1762 2995 1806 3055 ο
1841 2995 1976 3040 teste
2017 3000 2150 3055 papa
2200 2984 2536 3048 Innocentio,
2592 2982 2775 3053 largiri
2824 2982 3045 3053 potuit?
3093 2983 3220 3036 DI-zr.
3277 2980 3423 3050 Papa

139 3070 217 3124 ad
249 3071 623 3140 apostolorum
651 3073 836 3127 limina
877 3083 1251 3143 properantes,
1284 3088 1492 3127 sacram
1515 3075 1735 3128 ordina-

142 3163 376 3226 tionem,
411 3173 470 3217 ut
524 3167 694 3220 moris
736 3175 840 3229 est,
873 3165 941 3219 ab
969 3180 1034 3221 eo
1074 3165 1353 3237 percipere
1392 3167 1730 3222 studuerunt.

141 3252 255 3308 lsr.
315 3252 514 3308 Tenuit
563 3256 778 3324 quidem
843 3258 1194 3326 apostolicam
1245 3257 1583 3328 dignitatem,
1638 3259 1733 3312 sed

143 3338 332 3406 fictus,
363 3359 428 3399 ac
460 3347 720 3414 reprobus
759 3356 814 3402 et
844 3363 949 3402 non
992 3348 1228 3418 legitime
1256 3348 1556 3404 ordinatus.
1603 3349 1732 3404 Dor.

142 3429 268 3485 Non
293 3433 362 3485 ad
386 3448 471 3488 me
493 3436 725 3502 pertinet
749 3445 1057 3491 utrumnam
1081 3447 1228 3494 recte
1255 3438 1416 3494 fuerit
1435 3441 1734 3505 ordinatus,

142 3521 244 3574 sed
277 3521 511 3589 pertinet
540 3525 608 3576 ad
655 3539 740 3578 me
771 3533 828 3579 ut
853 3527 1123 3581 ordinatio
1151 3542 1313 3596 quam
1358 3527 1484 3582 fecit
1529 3539 1644 3584 rata
1682 3537 1738 3583 et

146 3608 392 3679 legitima
422 3626 542 3666 esse
573 3612 826 3681 liquidius
873 3616 1206 3670 ostendatur.
1261 3616 1366 3670 lar.
1425 3615 1480 3671 Si
1513 3616 1736 3672 Formo-

145 3716 248 3756 sus
305 3702 460 3757 fictus
511 3719 576 3760 ac
624 3707 884 3774 reprobus
931 3706 1052 3773 fuit,
1083 3708 1352 3762 ordinatio
1379 3724 1540 3778 quam
1587 3707 1735 3774 fecit,

145 3805 260 3859 qua
289 3792 494 3848 ratione
527 3803 677 3849 stare
695 3795 934 3862 poterit?
964 3797 1090 3850 Der.
1143 3795 1234 3849 llla
1261 3797 1508 3852 videlicet
1531 3799 1740 3852 ratione

146 3896 264 3950 qua
317 3884 697 3940 sanctissimus
738 3885 844 3941 Leo
894 3901 1029 3956 papa
1082 3889 1289 3943 censuit
1333 3899 1391 3944 ut
1427 3892 1742 3960 pseudoepi-

147 3976 308 4046 scopi
359 3977 704 4046 abjiciantur,
747 3989 800 4034 et
851 3981 1122 4036 ordinatio
1165 3996 1352 4037 eorum
1407 3985 1576 4053 possit
1625 3995 1741 4040 rata

149 4068 496 4132 consistere;
532 4083 738 4124 necnon
764 4081 818 4124 et
855 4071 942 4124 illa
975 4072 1182 4128 ratione
1210 4089 1312 4142 qua
1343 4088 1478 4144 papa
1507 4077 1740 4131 Anasta-

149 4161 274 4216 sius
317 4162 651 4214 continuavit
719 4171 774 4216 ut
824 4164 1208 4227 ordinationes,
1256 4181 1391 4234 quas
1457 4168 1742 4224 haereticus

147 4248 413 4311 Aeacius,
449 4249 614 4303 etiam
652 4260 934 4321 postquam
959 4253 1244 4309 damnatus
1265 4264 1367 4319 est,
1397 4255 1541 4321 fecit,
1568 4257 1619 4310 in
1642 4273 1735 4312 sua

1839 3074 2184 3130 Innocentius
2217 3076 2318 3130 hoc
2345 3075 2411 3128 de
2447 3073 2715 3128 hmreticis
2761 3073 3004 3144 protulit,
3054 3070 3196 3142 quod
3241 3084 3430 3125 tamen.

1838 3182 1943 3221 non
1986 3165 2054 3221 de
2093 3166 2342 3221 omnibus
2377 3165 2646 3220 lucretius
2693 3165 3062 3233 accipiendum
3094 3172 3220 3228 est;
3267 3161 3423 3231 juxta

1837 3256 1978 3326 quod
2006 3257 2119 3326 ipse
2152 3255 2477 3311 Bonosiaeos
2499 3255 2748 3319 clericos,
2771 3270 2905 3325 quos
2930 3263 3105 3309 tamen
3133 3265 3421 3323 antequam

1841 3350 2214 3415 damnaretur,
2257 3349 2500 3404 Bonosus
2535 3349 2905 3413 ordinaverat,
2952 3363 3073 3403 cum
3114 3346 3225 3402 suis
3254 3347 3424 3400 bono-

1840 3441 1989 3496 ribus
2021 3441 2184 3504 recipi
2216 3455 2495 3495 assensum
2540 3439 2784 3509 praebuit.
2814 3435 2920 3494 lar.
2950 3438 3114 3492 Miror
3139 3453 3241 3507 qua
3272 3436 3422 3492 fron-

1841 3540 1892 3587 te
1939 3532 2302 3602 dogmatizare
2348 3540 2500 3600 potes
2548 3539 2628 3594 ut,
2659 3531 2942 3600 reprobato
2997 3529 3274 3594 Formoso,
3309 3529 3427 3598 ejus
3469 3517 3472 3520 ’

1839 3625 2112 3681 ordinatio
2136 3624 2428 3679 consistere
2458 3623 2647 3692 possit,
2696 3637 2818 3676 cum
2853 3621 3088 3676 membra
3116 3621 3422 3677 nullomodo

1840 3719 1957 3774 sine
1985 3717 2160 3786 capite
2198 3715 2497 3770 consistant
2520 3715 2551 3766 ἲ·
2578 3714 2642 3768 Ει
2686 3723 2745 3768 ιιι
2772 3712 2967 3783 aliquid
3000 3713 3118 3782 plus
3147 3712 3418 3783 objiciam,

1839 3809 2034 3880 quibus
2066 3823 2194 3878 ergo
2246 3805 2614 3876 imputandum
2643 3807 2894 3876 estquod
2941 3805 3231 3860 Formosus
3263 3805 3425 3859 fallax

1841 3915 1904 3954 ac
1933 3898 2190 3968 reprobus
2217 3896 2334 3960 fuit,
2368 3898 2411 3952 si
2436 3896 2550 3963 ejus
2579 3897 2849 3951 ordinatio
2899 3897 3100 3951 illibata
3144 3897 3426 3968 persistit?

1841 3989 1973 4044 Der.
2004 3990 2245 4044 Romano
2268 3989 2475 4046 scilicet
2521 3991 2666 4045 clero
2701 4007 2762 4046 ac
2789 3991 3004 4060 populo,
3035 3991 3122 4061 qui
3159 4007 3280 4045 eum
3316 3989 3427 4042 ele-

1843 4088 2054 4152 gerunt,
2089 4089 2250 4150 atque
2301 4080 2473 4135 donec
2519 4081 2740 4145 advixit,
2764 4097 2868 4150 per
2895 4081 3072 4134 omnia
3112 4078 3423 4148 participes,

1845 4172 2212 4241 imputandum
2241 4180 2343 4226 est.
2369 4171 2494 4225 Mihi
2521 4182 2698 4226 autem
2722 4172 2810 4240 qui
2837 4171 2900 4224 de
2925 4169 3228 4240 longinquis
3255 4176 3424 4221 terra-

1845 4280 1965 4318 rum
1997 4263 2185 4332 spatiis
2231 4263 2296 4316 ad
2340 4261 2698 4330 apostolorum
2745 4263 2926 4317 limina
2978 4261 3251 4331 profectus
3281 4274 3422 4323 sum,

148 4338 452 4393 stabilitate
475 4350 878 4408 permanerent.
902 4341 1282 4398 Ordinationes
1303 4359 1515 4414 quoque
1539 4340 1894 4406 LiberiiDet
1940 4367 2150 4406 sacram
2198 4351 2614 4413 ordinationem,
2653 4358 2708 4403 ut
2760 4351 2925 4404 moris
2987 4358 3090 4413 est,
3139 4349 3306 4418 magis
3353 4348 3422 4404 ab

150 4430 407 4482 innocuae
439 4443 868 4499 permanserunt,
922 4434 1028 4487 imo
1061 4444 1116 4488 et
1147 4433 1318 4506 Vigilii
1350 4435 1741 4504 omlinationes,

148 4518 250 4586 qui
281 4533 386 4571 non
437 4519 611 4574 solum
642 4521 982 4578 Simoniacus
1011 4525 1245 4588 invasor,
1287 4525 1379 4579 sed
1418 4525 1582 4579 etiam
1612 4541 1741 4581 ana-

151 4611 421 4666 thematis
442 4613 669 4669 nexibus
701 4615 894 4669 merito
927 4617 1186 4677 irretitus,
1213 4625 1399 4671 contra
1423 4617 1740 4674 canonicum

153 4702 265 4766 fas,
305 4713 387 4758 est
415 4705 718 4758 ordinatus.
747 4705 898 4772 Quod
922 4707 994 4760 ita
1026 4708 1112 4766 sit.
1148 4722 1284 4778 pene
1313 4708 1522 4762 cunctis
1560 4708 1742 4777 legen-

155 4797 310 4850 tibus
355 4807 541 4851 notum
588 4808 689 4852 est.
724 4796 926 4854 Sancto
965 4815 1199 4870 namque
1237 4799 1491 4854 Flaviano
1522 4811 1745 4870 pmpter

151 4887 486 4942 catholicam
513 4887 670 4942 fidem
704 4889 755 4942 iu
790 4889 1037 4944 exsilium
1063 4891 1353 4956 destinato,
1384 4891 1669 4946 Anatolius
1690 4892 1743 4947 in

149 4979 278 5048 ejns
319 4980 436 5035 loco
473 4983 541 5034 ab
590 4981 857 5036 haereticis
905 4984 1189 5039 ordinatus
1214 4992 1319 5047 est,
1370 4999 1468 5038 nec
1497 4993 1674 5038 tamen
1714 5000 1744 5039 a

153 5079 355 5124 sancto
395 5085 531 5140 papa
586 5070 767 5125 Leone
797 5073 1083 5129 damnatus
1129 5083 1234 5139 est,
1274 5074 1365 5127 sed
1415 5075 1741 5130 admonitus.

151 5161 270 5216 lxr.
304 5161 362 5214 In
389 5162 622 5216 concilio
648 5159 876 5217 Nicmno
893 5166 1169 5233 praefixum
1209 5164 1457 5231 habetur,
1483 5176 1543 5221 ut
1577 5165 1644 5220 de
1669 5165 1744 5219 ci-

153 5252 335 5305 vitate
371 5252 735 5307 adcivitatem
767 5267 870 5307 non
923 5254 1226 5327 episcOpns,
1281 5270 1385 5310 non
1437 5256 1756 5326 presbyter,

155 5358 272 5398 non
297 5342 554 5398 diaconus
583 5341 1001 5400 transferantur.
1032 5348 1087 5404 Si
1115 5349 1235 5419 quis
1274 5359 1454 5403 autem
1475 5348 1593 5405 tale
1617 5346 1742 5416 quid

155 5449 328 5506 agere
356 5434 666 5495 tentaverit,
718 5443 772 5488 et
798 5449 856 5492 se
887 5438 1250 5507 hujuscemodi
1301 5442 1514 5511 negotio
1540 5441 1742 5496 manciv

154 5524 386 5594 paverit,
418 5526 517 5581 hoc
562 5523 774 5579 factum
823 5543 1047 5596 prorsus
1089 5534 1142 5587 in
1180 5530 1391 5586 irritum
1415 5533 1662 5594 ducatur,
1687 5538 1740 5583 et

155 5615 473 5670 restituatur
495 5611 760 5670 Ecclesiae
782 5619 869 5672 cui
892 5617 990 5674 fuit
1011 5623 1310 5692 episcopus,
1333 5629 1425 5675 aut
1443 5620 1736 5690 presbyter,

115 5744 118 5748 ι
154 5716 250 5763 aut
284 5707 535 5761 diaconus
565 5704 876 5764 ordinatus.
933 5709 1078 5768 Sane
1102 5711 1245 5782 quod
1273 5712 1366 5774 ait,
1405 5711 1515 5766 Hoc
1541 5710 1739 5764 factum

1843 4439 2082 4509 apostolo
2120 4439 2280 4493 Petro
2323 4454 2484 4509 quam
2515 4439 2582 4491 ab
2611 4439 2725 4507 ejus
2766 4437 2981 4492 Vicario
3016 4438 3222 4507 suscepi
3254 4453 3269 4502 ;
3311 4437 3422 4490 imo
3453 4473 3455 4475 ι
3485 4445 3490 4450 ’

1842 4544 1872 4584 a
1901 4537 2089 4584 sancto
2131 4528 2354 4597 Spiritu,
2400 4539 2457 4582 ut
2486 4530 2673 4583 beatus
2700 4543 2833 4598 papa
2877 4529 3035 4584 docet
3080 4527 3418 4590 Anastasius,

1842 4622 1910 4674 ab
1939 4621 2024 4675 his
2050 4621 2140 4690 qui
2174 4635 2316 4673 sana:
2341 4621 2537 4675 mentis
2563 4629 2706 4684 sunt,
2734 4619 2864 4673 nihil
2899 4619 3275 4674 ascribendum
3303 4630 3423 4669 esse

1844 4712 2170 4767 decernitur.
2197 4713 2302 4766 lar.
2328 4711 2461 4766 Nolo
2490 4712 2776 4765 verborum
2793 4712 3070 4782 ambages,
3096 4711 3189 4763 sed
3211 4710 3254 4763 si
3281 4707 3428 4762 vales

1845 4804 2010 4858 certis
2037 4802 2194 4857 rebus
2218 4804 2461 4868 ostende,
2491 4800 2720 4872 qualiter
2749 4816 2783 4854 a.
2807 4801 2932 4856 ficto
2957 4810 3012 4856 et
3038 4799 3268 4867 reprobo
3294 4812 3427 4851 conm

1845 4903 2119 4948 secratore
2149 4892 2317 4962 possit
2353 4891 2622 4950 ordinatio
2649 4891 2792 4960 justa
2823 4901 2879 4946 et
2907 4895 3095 4947 idonea
3127 4887 3265 4943 fieri.
3301 4889 3428 4942 Der.

1847 4981 1903 5038 Si
1927 4981 2092 5051 judex
2122 4981 2397 5049 aequitatis
2448 4986 2679 5044 adesset,
2704 4981 2816 5050 jam
2867 4992 2922 5040 te
2955 4986 3155 5038 victum
3188 4980 3438 5034 ostende-

1848 5085 1954 5131 ret.
1984 5073 2361 5146 Nunquidnam
2390 5080 2593 5137 oblitus
2627 5087 2684 5125 es
2713 5074 3024 5132 testimonia
3067 5083 3189 5138 quae
3207 5069 3441 5122 breviter

1846 5167 1918 5224 de
1947 5180 2134 5227 sancto
2177 5180 2314 5240 papa
2342 5167 2558 5232 Leone,
2592 5172 2645 5218 et
2680 5168 2995 5233 Anastasio,
3025 5170 3082 5219 et
3121 5159 3186 5212 de
3211 5158 3446 5220 Liberio.

1847 5267 2168 5337 Pariterque
2222 5258 2450 5334 Viguit),
2493 5260 2652 5319 etiam
2693 5255 2873 5312 etde
2919 5250 3170 5337 Anatolio
3205 5247 3403 5337 contuli
3426 5251 3449 5301 ’ἔ

1845 5348 1964 5415 lar,
1997 5335 2224 5413 Aeacius
2253 5346 2356 5403 rite
2399 5353 2682 5412 ordinatus
2712 5340 2830 5405 fuit,
2871 5359 2929 5404 et
2956 5350 3076 5404 ideo
3102 5335 3218 5403 (⁸]υῦ
3245 5336 3455 5389 οτάῖιωο

1847 5441 2035 5502 tiones
2076 5447 2316 5498 innocuae
2370 5438 2810 5511 permanserunt.
2860 5435 2991 5494 Περ,
3038 5431 3158 5499 Ipse
3211 5423 3456 5511 nimirum

1845 5529 2145 5591 decretalis
2177 5508 2391 5594 textus;
2419 5519 2761 5589 manifestius
2789 5528 3038 5582 Ostendit
3061 5513 3205 5586 quod
3225 5508 3460 5580 pontifex

1845 5617 2184 5681 Anastasius
2236 5613 2299 5668 de
2349 5618 2474 5680 illis
2527 5609 2813 5682 baptizatis
2882 5603 3258 5673 ordinatisque
3296 5597 3467 5695 dicat,

1845 5721 2002 5775 quos
2050 5703 2334 5768 haereticus
2388 5681 2658 5770 Aeacius,
2705 5706 3003 5771 postquam
3036 5715 3067 5753 ει
3118 5701 3268 5775 papa,
3296 5681 3474 5739 Felice

1851 5797 1905 5816 .I-
2064 5813 2072 5816 .
2180 5802 2252 5816 --ι
2315 5792 2344 5816 ι-
2472 5807 2481 5816 ι
2562 5793 2630 5816 -.ει
2686 5794 2728 5816 ΑΙ

2768 5792 2930 5816 ..-.|:-_
2956 5794 3043 5816 .-.τι
3101 5773 3358 5816 Εἱηὶῖιῖιρδν
3387 5787 3478 5804 ἰι-ι
