3948 5376
495 437 648 510 teis

1173 501 1181 509 .
1222 434 1508 490 APPEND.
1552 433 1642 488 AD
1685 433 1858 490 SEO.
1897 433 1988 488 li.
2017 465 2098 502 ξ·-
2133 431 2507 490 A‘UCTORES
2537 433 2698 488 ΔΝΜ
2733 429 3027 488 INCEBTI.

3634 432 3762 490 im

512 557 620 600 tem
669 551 725 598 et
769 545 836 600 de
879 543 1096 600 Liberio
1134 545 1224 614 qui
1272 544 1484 599 Arianae
1534 545 1724 599 hzeresi
1769 544 2158 613 subscripsitA
2191 553 2273 598 tra
2320 543 2736 600 Parmenianum
2809 544 3146 603 Donatistam
3197 546 3266 599 iti
3313 546 3762 615 exponit:in

509 635 849 691 sentiendum
888 643 988 690 est.
1014 634 1132 690 .lam
1157 650 1284 689 vero
1326 637 1391 690 de
1438 634 1629 703 Vigilio
1655 635 1782 704 quid
1804 635 2087 690 dicendum

514 736 618 790 est,
642 728 732 797 qui
766 742 870 781 non
894 725 1066 780 solum
1099 725 1706 787 Simoniacusinvasor,
1738 724 2086 780 verumetiam

512 820 787 874 homicidii
816 835 962 886 reus,
993 829 1045 876 et
1075 820 1293 888 insuper
1316 834 1345 872 a
1371 834 1506 889 papa
1537 817 1764 871 Silver‘o
1792 816 2090 884 jnstissime

510 911 1021 973 anathematizatns,
1081 911 1437 978 eamdemque
1483 907 1833 979 apostolicmn
1878 906 2089 959 Patrem

513 1002 801 1057 Silverium
851 1004 902 1057 in
933 1004 1177 1058 exsnium
1203 1002 1529 1066 destinavit;
1581 1010 1634 1054 et
1676 1000 1720 1053 si
1769 997 2090 1064 sacrilegum

508 1107 705 1163 papam
734 1094 984 1159 instituit,
1005 1094 1376 1148 ordinationes
1406 1103 1583 1146 tamen
1606 1107 1742 1162 quas
1763 1088 1908 1154 fecit,
1935 1101 2093 1142 uenio

511 1199 791 1239 removere
830 1200 994 1240 ausus
1025 1183 1148 1238 fuit.

513 1294 637 1350 CAP.
679 1296 736 1350 ll.
781 1327 851 1336 -—
893 1295 1209 1350 Testimonia
1257 1311 1374 1366 qum
1421 1311 1557 1364 popa
1608 1293 1919 1366 Anastasius
1965 1307 2089 1366 con-

581 1366 698 1418 mlit
736 1367 790 1420 in
827 1367 1178 1435 defensionem
1223 1363 1615 1420 ordinationum
1651 1380 1781 1434 quas
1819 1363 2094 1417 Ita'reticus

585 1436 706 1504 fecit
745 1439 993 1490 Acutius.

588 1545 697 1600 lar.
728 1545 862 1599 Dum
899 1547 1139 1601 membra
1167 1547 1283 1601 sine
1309 1545 1506 1616 capite,
1548 1551 1608 1599 ut
1648 1543 1902 1614 prtefatus
1949 1557 2093 1605 sum,

515 1638 815 1692 consistere
844 1637 1064 1690 minime
1104 1637 1328 1705 possint,
1373 1634 1558 1689 mirari
1589 1649 1692 1687 non
1732 1630 1938 1687 stillicio
1965 1646 2098 1700 qna-

490 1729 641 1803 _liter
669 1729 777 1783 ficti
808 1729 1149 1782 ordinatorcs
1184 1737 1329 1782 ratas
1363 1727 1731 1780 ordinationes
1764 1724 1974 1778 etlicere
1999 1738 2095 1775 va—

516 1821 686 1873 leant.
721 1819 849 1874 Der.
884 1819 1128 1886 Qualiter
1166 1821 1266 1873 hoc
1297 1819 1410 1872 fieri
1443 1818 1612 1888 possit
1642 1816 1928 1886 praedictus
1961 1829 2094 1884 pon-

2190 645 2365 690 autem
2396 637 2654 704 scriptum
2709 645 2818 699 est,
2851 656 2870 686 ι
2906 634 3142 704 Spiritus
3197 647 3421 691 sanctus
3473 637 3768 706 disciplina

2189 727 2404 797 etl‘ugiet
2431 727 2634 790 fictum,
2675 746 2702 780 υ·
2733 727 2803 780 ita
2837 727 3238 798 intelligendum
3265 740 3350 783 est
3378 739 3442 782 ut
3459 729 3602 784 desit
3629 730 3768 784 salu-

2190 819 2228 871 ti
2268 819 2417 887 ejus;
2473 818 2828 874 ministerium
2875 828 3054 872 tamen
3106 833 3211 872 non
3261 819 3510 881 deserat,
3549 835 3771 887 quopcr

2179 922 2311 973 eum
2349 907 2575 962 salutem
2621 918 2874 976 operatur
2900 907 3149 961 aliorum.
3185 906 3338 962 Unde
3376 908 3517 963 dicit
3539 909 3770 976 Aposto-

2191 1000 2273 1056 lus
2305 1020 2320 1054 :
2356 1019 2373 1050 ι
2408 1000 2463 1054 Si
2491 1001 2634 1054 enim
2677 1000 2868 1054 volens
2885 1001 2986 1055 hoc
3017 1000 3184 1063 facio,
3207 1001 3524 1054 mercedem
3565 1001 3771 1062 haben;

2193 1092 2248 1146 Si
2279 1102 2456 1146 autem
2483 1091 2702 1154 invuus,
2726 1091 3058 1160 dispensatio
3078 1091 3207 1145 mihi
3238 1093 3447 1144 credita
3465 1099 3552 1143 est
3578 1088 3628 1158 tl
3653 1087 3772 1142 Cor.

2193 1184 2292 1251 nt).
2338 1202 2355 1234 ›
2384 1185 2460 1236 Ac
2495 1183 2540 1236 si
2588 1182 2732 1236 dicat
2760 1199 2774 1235 :
2817 1181 2918 1235 illis
2946 1183 3187 1251 prodest,
3217 1181 3421 1249 quibus
3443 1181 3550 1233 hoc
3576 1181 3776 1249 dispeno

2194 1288 2275 1334 so,
2303 1287 2407 1326 non
2457 1271 2584 1324 mihi
2613 1272 2702 1339 qui
2740 1270 2893 1324 fictus
2916 1285 3055 1324 sum.
3081 1270 3187 1324 lar.
3215 1271 3368 1338 Quod
3397 1268 3641 1337 Spin‘tus
3662 1283 3779 1322 san-

2194 1373 2313 1418 ctus
2362 1363 2718 1416 ministerium
2748 1362 2856 1414 [icti
2880 1361 3179 1415 sacerdotis
3218 1376 3336 1435 non
3365 1361 3614 1421 deserat,
3643 1358 3776 1410 aliud

2195 1457 2324 1509 mihi
2362 1455 2554 1510 exhibe
2595 1454 2982 1509 testimonium.
3017 1455 3142 1508 Der.
3185 1453 3334 1507 Idem
3365 1452 3706 1519 Augustinus
3731 1451 3778 1502 in

2197 1545 2533 1616 expositione
2590 1545 2640 1598 in
2679 1543 2966 1608 Joannem,
3018 1543 3107 1596 ubi
3164 1541 3435 1596 Dominus
3483 1541 3779 1610 baptizatus

2198 1646 2300 1700 est,
2333 1636 2496 1690 latins
2516 1651 2582 1690 ex
2615 1650 2682 1689 eo
2715 1635 3064 1704 apertiusque
3087 1634 3350 1703 disputat.
3373 1631 3670 1688 Ordinatio
3693 1631 3774 1700 igi-

2201 1736 2291 1780 tur
2317 1740 2480 1795 quam
2510 1727 2700 1778 beatus
2746 1724 3042 1778 Formosus
3071 1723 3216 1786 fecit,
3261 1724 3412 1792 quod
3449 1732 3570 1775 rata
3595 1730 3648 1774 et
3663 1722 3778 1791 legi-

2202 1816 2330 1869 tima
2359 1816 2449 1880 sit,
2476 1825 2620 1869 recte
2644 1815 3066 1882 intelligentibus
3094 1829 3221 1869 ecce
3251 1814 3612 1868 satisfactum
3640 1815 3781 1866 habe-

514 1909 646 1964 tifex
669 1911 988 1964 Anastasius
1007 1909 1374 1978 probabilibus
1399 1910 1594 1964 astruit
1618 1907 1975 1962 documentis.
2003 1906 2092 1958 Ait
2126 1906 2166 1964 Β
2200 1917 2305 1962 tur.
2333 1908 2484 1963 Nunc
2517 1923 2634 1978 age,
2657 1907 2742 1960 dic
2765 1907 2961 1976 quibus
2984 1907 3327 1960 documentis
3350 1906 3441 1958 vel
3470 1921 3588 1974 qua
3617 1914 3784 1957 auc-too

515 2000 662 2053 cnim
717 2001 858 2054 inter
901 2010 1130 2064 ctetera,
1187 2001 1478 2054 secundum
1510 1998 1766 2053 Ecclesia;
1813 1996 2094 2051 catholicae

515 2089 995 2155 consuetudinem,
1022 2088 1225 2142 nullmn
1261 2089 1328 2142 de
1372 2089 1454 2162 his
1505 2087 1586 2142 vel
1617 2100 1752 2156 quos
1808 2084 2098 2153 baptizavit

516 2179 770 2243 Aeacius,
801 2178 882 2232 vel
921 2194 1056 2247 quos
1088 2179 1397 2232 sacerdotes
1427 2176 1544 2230 sive
1581 2175 1771 2228 levitas
1799 2174 2094 2227 secundum

518 2285 755 2324 canones
779 2269 1068 2332 ordinavit,
1096 2268 1238 2322 nulla
1266 2282 1359 2321 eos
1379 2281 1444 2319 ex
1478 2264 1694 2318 nomine
1716 2263 1895 2317 Acacii
1924 2262 2098 2330 portio

514 2358 752 2414 lzcsiouis
799 2359 1048 2429 attingat.
1101 2357 1238 2411 Hinc
1283 2367 1365 2410 est
1410 2356 1553 2424 quod
1593 2354 1918 2422 baptismum
1955 2351 2096 2420 quod

514 2449 706 2518 procul
753 2449 811 2502 fit
837 2450 904 2502 ab
934 2448 1196 2512 Etclesia,
1243 2447 1356 2501 sive
1383 2447 1451 2499 ab
1487 2445 1750 2508 adultero,
1784 2445 1866 2498 vel
1907 2458 1936 2495 a
1982 2441 2098 2496 fure

517 2537 680 2594 fuerit
708 2539 920 2604 datum,
947 2539 1011 2592 ad
1044 2535 1455 2608 percipientem,
1489 2551 1684 2588 munus
1723 2532 1967 2601 pervenit
1995 2530 2098 2586 illi-

513 2629 719 2682 batum.
751 2629 885 2695 Quia
915 2644 1016 2683 vox
1048 2628 1136 2682 illa
1161 2642 1280 2695 qua:
1300 2627 1481 2681 sonuit
1519 2641 1614 2695 per
1641 2623 1953 2677 Columbam
1985 2638 2099 2675 om-

516 2734 640 2772 nem
666 2719 934 2775 maculam
967 2721 1214 2772 humanae
1244 2717 1502 2788 pollution
1529 2731 1554 2770 ε
1583 2714 1844 2777 excludit,
1874 2728 1980 2781 qua
2009 2713 2097 2766 dc-

515 2811 753 2866 claratur
779 2828 843 2866 ac
864 2812 1084 2877 dicitur,
1120 2831 1138 2862 ι
1169 2809 1267 2865 llic
1291 2809 1485 2878 estqui
1518 2810 1779 2878 baptizat,
1810 2806 1861 2858 in
1895 2803 2097 2873 Spiritu

517 2914 573 2958 et
623 2905 744 2975 igne
780 2905 995 2976 (Matth.
1051 2920 1139 2969 Ill;
1186 2903 1354 2957 Marc.
1402 2919 1450 2967 ις
1503 2900 1665 2955 Joan.
1699 2901 1760 2970 l).
1797 2918 1815 2950 ›
1875 2897 2007 2950 Nam
2053 2895 2096 2950 si

517 2994 804 3048 visibiliter.
833 2995 965 3049 solis
994 2994 1150 3048 istius
1189 2993 1346 3054 radii,
1374 3007 1494 3045 cum
1521 3006 1617 3061 per
1643 2990 1757 3044 loca
1785 2987 2099 3042 fetidissima

525 3094 824 3148 transeunt,
859 3086 1058 3139 nullius
1087 3093 1370 3139 contactus
1404 3081 1773 3151 inquinatione
1823 3077 2098 3132 maculan-

524 3185 644 3238 tur;
679 3175 847 3230 tnulto
877 3177 1047 3246 magis
1081 3175 1222 3228 illius
1254 3189 1373 3244 quae
1427 3174 1587 3227 istum
1637 3172 1909 3228 visibilem
1931 3171 2096 3225 solem

519 3267 652 3320 fecit
684 3268 864 3320 virtus
895 3265 1039 3321 nulla
1072 3265 1357 3319 ministerii
1397 3262 1720 3333 indignitate
1749 3261 2100 3330 contingitur.
2131 3265 2174 3326 C

519 3358 656 3413 Nam
692 3369 746 3414 et
775 3357 942 3413 Iudas
967 3373 1088 3413 cum
1116 3355 1282 3411 fuerit
1303 3355 1601 3425 sacrilegus
1624 3363 1784 3422 atque
1816 3350 1922 3416 fur,
1949 3350 2105 3419 quid-

521 3450 652 3521 quid
683 3453 794 3522 egit
837 3451 978 3505 inter
1027 3448 1302 3520 apostolos
1344 3463 1442 3518 pro
1491 3445 1756 3516 dignitate
1793 3441 2101 3504 commissa,

519 3540 780 3596 beneficia
819 3556 914 3612 per
941 3539 1214 3608 indignum
1238 3539 1361 3594 data
1385 3535 1526 3591 nulla
1550 3552 1616 3592 ex
1649 3535 1752 3589 hoc
1785 3533 2104 3588 detrimenta

525 3643 832 3686 senserunt.
887 3632 978 3686 Sic
1020 3631 1129 3697 ille,
1186 3647 1282 3701 per
1332 3645 1492 3700 quem
1545 3626 1793 3681 Christus
1845 3623 2105 3692 loquitur,

523 3725 723 3781 Paulus
783 3725 1014 3781 aﬂlrmat
1060 3745 1072 3779 :
1119 3744 1136 3776 ι
1165 3725 1280 3795 Ego
1327 3721 1586 3794 plantavi,
1641 3718 1830 3788 Apollo
1891 3717 2104 3787 rigavit,

523 3821 667 3874 Deus
708 3828 886 3874 autem
927 3820 1318 3873 incrementum
1360 3814 1526 3870 dedit.
1571 3812 1757 3881 itaque
1810 3825 1984 3879 neque
2015 3808 2105 3876 qui

525 3911 734 3982 plantat
765 3919 847 3964 est
891 3910 1113 3979 aliquid,
1145 3923 1318 3977 neque
1359 3907 1448 3976 qui
1486 3905 1646 3976 rigat,
1678 3903 1770 3957 sed
1801 3901 1888 3970 qui
1935 3900 2103 3953 incre-

529 4011 769 4056 mentum
817 4003 927 4066 tlat,
970 4001 1111 4055 Deus
1151 3999 1198 4070 (1
1233 3996 1354 4052 Cor.
1387 3996 1490 4064 tu).
1527 4015 1544 4045 ι
1582 3994 1625 4048 Α
1669 3994 1776 4048 Deo
1799 4002 2106 4062 autcmjnon

525 4095 787 4160 qmeritur
823 4094 964 4162 quis,
996 4091 1078 4147 vel
1117 4091 1292 4160 qualis
1326 4089 1576 4160 przealicct
1598 4127 1611 4150 ,
1642 4085 1732 4140 sed
1765 4100 1923 4154 quem
1967 4096 2108 4151 pra:-

526 4186 690 4248 diret,
727 4196 785 4240 ut
830 4185 1040 4240 invidos
1088 4185 1252 4238 etiam
1302 4181 1438 4236 bene
1494 4181 1766 4234 Christum
1818 4175 2111 4246 praedicare

526 4281 831 4345 confirmet,
893 4294 999 4350 quo
1045 4277 1202 4332 modo
1258 4272 1504 4328 diabolus
1555 4273 1667 4340 ipse
1717 4268 1957 4338 dejectus
2008 4273 2109 4318 est.

527 4372 652 4427 Ideo
677 4387 806 4442 ergo
833 4380 888 4425 et
928 4371 1037 4432 hic,
1075 4368 1229 4436 cujus
1259 4381 1453 4420 nomcn
1485 4364 1712 4416 dicimus
1735 4373 1856 4413 esse
1882 4357 2112 4411 reticen-

527 4462 674 4520 dum.
703 4461 842 4515 male
888 4461 1023 4513 bona
1070 4456 1429 4512 ministrando
1465 4454 1565 4508 sibi
1600 4448 1976 4506 tantummodo
2012 4462 2109 4500 no-

527 4552 680 4606 cuit:
715 4567 838 4606 nam
881 4549 1192 4604 inviolabile
1233 4554 1634 4601 sacramentum
1661 4541 1804 4611 quod
1837 4555 1932 4609 per
1959 4538 2118 4619 illum.

2196 2001 2355 2056 ritate
2377 1999 2654 2070 prtefatatn
2675 1998 3068 2053 ordinationem
3089 1997 3416 2051 subvertere
3440 1995 3777 2057 nitimini,rt,

2196 2096 2339 2166 quod
2365 2104 2449 2148 est
2469 2094 2728 2156 deterius,
2757 2093 2808 2145 in
2835 2093 3023 2146 eodem
3042 2091 3209 2158 gradu
3244 2089 3452 2144 iterum
3476 2106 3494 2141 ‹
3511 2104 3783 2142 esseet-are

2198 2204 2302 2242 non
2334 2185 2678 2239 formidatis?
2701 2184 2808 2238 lar.
2837 2182 3011 2238 Omne
3040 2182 3183 2250 quod
3230 2180 3434 2233 falsum
3465 2195 3597 2233 esse
3622 2180 3785 2232 decer-

2201 2279 2355 2333 nitur.
2378 2277 2760 2332 destruendum
2810 2283 2914 2338 est,
2964 2284 3021 2327 et
3048 2281 3342 2341 propterea
3394 2269 3782 2323 ordinationem

2200 2372 2342 2427 illam
2368 2370 2568 2424 destrui
2591 2378 2822 2439 oportet,
2857 2367 2982 2436 quia
3007 2365 3138 2420 falsa
3160 2373 3262 2420 est.
3299 2363 3370 2417 Et
3389 2362 3784 2416 ordinationem

2199 2477 2317 2532 quae
2346 2477 2472 2516 vera
2498 2469 2588 2515 est
2605 2460 2919 2527 unicuique,
2951 2465 3111 2528 prout
3135 2456 3276 2510 ratio
3306 2453 3583 2523 postulat,
3610 2453 3787 2518 imper-

2203 2559 2291 2613 tiri
2325 2558 2624 2613 studemus.
2650 2555 2780 2608 Dsr.
2812 2553 2980 2608 Video
3002 2561 3052 2606 te
3081 2549 3272 2620 puerili
3301 2548 3623 2603 certamine
3643 2547 3703 2598 ad
3730 2560 3784 2598 ea

2201 2668 2320 2722 quae
2357 2649 2468 2718 jam
2497 2650 2740 2704 discussa
2771 2655 2916 2708 sunt,
2965 2653 3020 2698 et
3066 2643 3402 2698 testimoniis
3425 2639 3784 2709 comprobata,

2181 2744 2542 2814 .impulentcr
2566 2753 2866 2795 recurrere.
2893 2737 3045 2804 Quod
3075 2737 3197 2790 ideo
3225 2735 3386 2805 quasi
3409 2747 3638 2786 securus
3661 2730 3785 2798 agis,

2202 2838 2328 2906 quia
2370 2835 2522 2890 deest
2555 2833 2778 2901 iustitia:
2818 2845 3031 2886 censor.
3065 2829 3234 2882 Adest
3266 2835 3456 2880 tamen
3489 2825 3642 2878 Isaia:
3663 2822 3788 2874 vati-

2203 2929 2427 2992 ciaittm,
2463 2947 2482 2978 ι
2534 2925 2623 2980 Va:
2653 2925 2744 2994 qui
2773 2924 2948 2978 dicitis
2983 2923 3182 2976 bonum
3219 2918 3448 2978 malum,
3501 2925 3559 2971 et
3599 2915 3786 2969 malent

2203 3020 2423 3078 bonmn,
2454 3026 2715 3086 ponentes
2738 3015 2988 3069 tenebras
3015 3013 3208 3073 lucem,
3235 3019 3291 3064 et
3322 3009 3502 3062 lucem
3523 3007 3786 3064 tenebras,

2203 3120 2466 3181 ponentes
2518 3123 2761 3164 amarum
2811 3107 2864 3161 in
2919 3104 3104 3170 dulce,
3151 3111 3205 3157 et
3250 3101 3413 3156 dulce
3441 3100 3496 3153 in
3546 3111 3788 3152 amarum

2205 3203 2341 3272 (lsa.
2367 3203 2440 3272 v).
2486 3220 2506 3253 ι

2207 3293 2334 3348 CAP.
2377 3293 2464 3347 IV.
2507 3323 2577 3332 —
2615 3291 2767 3356 Quod
2820 3287 3151 3364 constqntini
3200 3284 3467 3364 Νεσριψιὶ
3527 3280 3791 3364 ordinatio

2417 3374 2598 3417 contra
2621 3355 2814 3414 statuta
2843 3359 2949 3414 SS.
2981 3358 3201 3412 Patrum
3224 3355 3462 3424 deposita
3491 3355 3579 3406 sit.

2277 3456 2384 3510 lar.
2403 3453 2517 3508 Non
2553 3452 2648 3506 tibi
2691 3467 2886 3506 novum
2917 3449 3183 3511 videatur,
3212 3446 3258 3499 si
3301 3447 3460 3498 fictus
3487 3444 3791 3502 ordinatur.

2205 3548 2511 3620 projicitur,
2567 3545 2791 3615 ejusque
2844 3540 3114 3596 ordinatio
3168 3537 3457 3592 refutatur.
3513 3536 3789 3604 Siquidem

2208 3637 2617 3699 Constantinus,
2661 3645 2718 3688 ut
2767 3635 2818 3686 in
2850 3630 3146 3687 Pontilicali
3173 3629 3312 3684 libro
3356 3628 3575 3696 legitur,
3605 3627 3697 3694 qui
3727 3639 3792 3678 ex

2208 3731 2344 3785 laico
2372 3737 2592 3798 repente
2643 3727 2964 3796 neophytus,
3007 3723 3294 3791 validaque
3342 3735 3505 3773 manu
3535 3729 3792 3774 armatus.

2212 3822 2562 3894 apostolicam
2611 3819 2792 3873 sedem
2834 3817 3084 3886 nequiter
3120 3813 3341 3876 invasit,
3373 3813 3651 3880 depositus
3689 3821 3792 3868 est.

2212 3924 2268 3970 et
2301 3916 2373 3969 ita
2426 3913 2734 3974 damnatus,
2759 3919 2818 3964 ut
2846 3909 3007 3962 ctiam
3047 3906 3221 3961 oculis
3262 3905 3616 3974 privaretur:
3658 3903 3796 3954 ordi-

2210 4007 2481 4062 nationem
2526 4021 2654 4057 vero
2684 4018 2847 4071 quam
2879 4000 3004 4054 fecit
3045 4001 3097 4052 in
3136 3997 3402 4068 pristinos
3433 3996 3793 4063 deposuerunt

2210 4099 2427 4169 gradus.
2483 4094 2729 4166 Episcopi
2790 4106 3018 4160 namque
3047 4091 3242 4142 itcrmn
3279 4104 3308 4139 a
3347 4101 3487 4155 papa
3521 4084 3796 4151 Stephano

2210 4190 2511 4246 consecrati
2546 4196 2691 4243 sunt.
2725 4187 2798 4240 De
2843 4182 3184 4253 presbyteris
3217 4193 3348 4233 vero
3382 4187 3440 4232 et
3485 4174 3796 4231 diaconibns

2211 4281 2490 4352 przefixum
2536 4289 2640 4343 est,
2671 4287 2726 4331 ut
2748 4277 2790 4331 si
2823 4275 3022 4330 civium
3051 4287 3274 4326 suorum
3300 4269 3498 4323 electio
3520 4267 3699 4326 vellet,
3741 4269 3791 4316 in

2213 4375 2430 4430 eosdem
2479 4373 2676 4442 gradus
2719 4371 2784 4423 de
2819 4366 3020 4436 quilms
3039 4362 3267 4432 depositi
3317 4369 3473 4423 sunt,
3521 4359 3716 4411 iterum
3763 4373 3792 4407 ι

2214 4482 2350 4538 papa
2400 4465 2676 4533 Stephano
2735 4463 3232 4518 consecrarentur;
3296 4453 3369 4506 ita
3427 4451 3695 4504 duntaxat
3738 4456 3792 4498 ut

2211 4555 2560 4624 jurejurando
2606 4551 3003 4622 promitterent,
3045 4555 3314 4616 quatenus
3361 4543 3431 4598 ad
3485 4541 3785 4612 amphoram

533 4647 718 4700 datum
751 4654 835 4698 est
857 4644 977 4698 aliis
1003 4640 1389 4713 perfectionem
1415 4654 1526 4694 suze
1549 4635 1763 4690 virtutis
1784 4631 2039 4694 obtinuit,
2062 4625 2115 4684 e'
2149 4632 2196 4691 Ι)
2224 4653 2482 4708 honorem
2531 4649 2643 4718 iam
2703 4647 3008 4702 "ullatenus
3051 4651 3542 4714 promovemnwr'
3585 4654 3651 4693 ηε
3680 4637 3789 4691 uti,

529 4747 708 4792 autem
742 4736 934 4790 obfuit.
971 4734 1335 4803 Quorumdam
1374 4742 1554 4785 autem
1589 4745 1646 4783 se
1697 4731 1745 4781 in
1781 4736 1987 4780 tantum)
2018 4739 2113 4778 ex-

531 4829 702 4883 tendit
724 4828 935 4881 curiosa
961 4826 1216 4894 suspicio,
1241 4835 1297 4876 ut
1319 4822 1662 4891 imagiuetur,
1689 4818 1896 4887 prolato
1918 4832 1948 4870 a
1977 4831 2110 4884 papa

531 4921 711 4974 Felice
751 4918 976 4987 judicio,
1014 4928 1198 4986 postea
1238 4913 1586 4969 inefﬁcaciter
1635 4912 1686 4964 in
1733 4907 2111 4969 sacramentis,

535 5027 656 5080 qua:
681 5012 912 5065 Aeacius
940 5007 1238 5078 ursurpavit,
1271 5007 1468 5074 egisse,
1516 5019 1580 5056 ac
1615 5002 1837 5071 perinde
1861 5014 1956 5052 eos
1996 5011 2109 5051 me-

536 5115 700 5148 tuere
731 5101 822 5144 mli
853 5099 933 5140 νρι
963 5101 1014 5138 in
1044 5095 1564 5147 mne-mra!ionihns.
1591 5093 1672 5142 vel
1711 5093 1763 5140 in
1790 5092 2111 5140 bantismate

2213 4759 2370 4798 error
2395 4757 2490 4810 per
2533 4738 2785 4806 injuriam
2835 4734 3139 4806 pullularet.
3184 4732 3511 4785 Statuerunt
3552 4729 3712 4784 etiam
3737 4738 3787 4776 ut

2214 4844 2410 4890 cuncta
2463 4830 2826 4886 ecclesiastica
2875 4835 3216 4879 sacramenta
3267 4839 3388 4891 qua:
3418 4820 3787 4876 Constantinus

2215 4914 2526 4996 peregerat,
2581 4919 2824 4974 iterando
2902 4924 3080 4971 essent
3154 4914 3363 4983 absque
3419 4912 3687 4980 baptismo
3743 4917 3785 4959 et

2217 5016 2533 5070 chrismate.
2569 5011 2695 5064 Der.
2729 5007 3009 5076 Nunquam
3033 5005 3346 5072 exemplum
3369 5019 3398 5055 a
3429 5003 3589 5055 malis
3609 5008 3687 5055 est
3707 5015 3784 5049 su-

2528 5104 2598 5127 ρ-.
2631 5102 2710 5128 ι.ε,.
2738 5123 2742 5129 .
2907 5113 3022 5128 ~~~-
3045 5099 3099 5144 in
3131 5096 3511 5151 voluminibus
3537 5094 3787 5164 legulllﬂfo

3567 5199 3644 5209 λ’*
3667 5184 3789 5231 5m
