3948 5580
115 423 264 485 “illi~

751 428 1004 485 Al‘lll.“
1046 429 1132 484 DE
1169 426 1399 484 O‘liDlN.
1439 428 1486 481 A
1526 424 1708 481 F0831

1815 424 1854 481 Ο
1888 424 1991 480 PP.
2029 424 2498 483 FACTIS'LIBN’
2529 428 2683 485 DUO.

3236 429 3385 487 ιαιι

116 550 203 597 tus
242 549 417 609 atque
458 539 695 610 dejeetus
742 548 845 595 est.
877 537 998 593 Jam
1033 552 1163 593 vero
1196 536 1339 607 quod
1366 551 1491 593 eum
1519 533 1691 591 oculis
1717 539 1765 597 Α
1793 534 1839 589 ri
1885 546 1941 591 et
1971 543 2126 591 suum
2160 551 2325 608 agere
2350 538 2584 594 ollicium
2609 538 2899 608 praecepit,»
2930 553 3153 610 ejusque
3186 555 3378 611 mum.

114 631 426 698 privarunt,
475 646 580 687 non
629 629 981 699 apostoliutm
1042 630 1138 685 sed
1194 626 1552 697 apostaticum
1590 633 1692 681 est.

115 721 531 779 Ordinationem
580 735 793 790 quoque
820 718 938 787 ejus
968 734 1074 773 non
1113 716 1451 774 rectitudinis
1477 717 1693 779 intuitu,

114 812 213 866 sed
255 812 474 867 invidia:
510 812 627 866 zelo
652 820 838 866 contra
862 820 1175 867 sanctorum
1216 807 1434 863 Patrum
1463 806 1698 862 sanctio-

117 917 247 965 nes,
271 903 329 956 in
372 900 628 971 pristinos
675 900 1039 970 deposuerunt
1085 899 1307 967 gradus,
1344 898 1604 953 addentes
1643 902 1698 950 et

108 993 427 1062 iuramento
470 991 917 1061 constringentes,
947 997 1005 1043 ut
1053 989 1228 1043 nullus
1255 989 1321 1044 de
1367 984 1698 1057 presbyteris

114 1098 183 1138 ac
211 1082 532 1139 diacouibus
577 1082 643 1136 ad
672 1080 978 1149 superiores
1027 1078 1227 1150 gradus
1266 1084 1693 1147 promoveretur.

117 1174 305 1244 inqua
356 1174 743 1229 deliberatione
796 1172 924 1241 quid
950 1171 1097 1228 aliud
1145 1169 1370 1258 intelligi
1408 1165 1695 1258 daturnisi

116 1266 496 1320 retributionis
525 1264 704 1326 timor,
735 1263 960 1323 scilicet.
994 1276 1062 1315 ne
1085 1260 1300 1330 quando
1334 1260 1402 1314 ad
1424 1257 1696 1327 festigiuut

117 1356 429 1425 apostolica:
472 1354 746 1427 dignitatis
783 1353 1020 1423 provecti
1053 1367 1205 1407 suam
1247 1348 1584 1407 vindicarent
1610 1348 1697 1402 in-

109 1444 353 1519 iuriam?
379 1444 487 1499 lar.
532 1444 838 1500 Istiusmodi
866 1443 1159 1497 vindictam
1188 1451 1469 1511 propterea
1498 1438 1700 1494 inferre

116 1538 501 1598 decreverunt,
534 1545 594 1590 ut
639 1535 986 1589 ambitionem
1026 1548 1054 1585 a
1095 1547 1253 1591 sacro
1278 1532 1465 1587 ordine
1485 1530 1700 1600 penitus

117 1634 489 1695 amputarent.
535 1623 664 1679 Der.
693 1624 845 1680 Sicut
878 1623 1096 1678 morbus
1119 1638 1223 1677 non
1265 1621 1410 1676 valet
1433 1619 1701 1691 erpellere

118 1718 399 1781 morimur,
447 1716 517 1771 ita
570 1732 671 1772 nec
717 1717 906 1771 vitium
937 1724 1113 1787 potest
1154 1715 1445 1773 excludere
1484 1714 1695 1775 vitium.

117 1806 284 1868 Bene.
315 1808 559 1877 inquam,
590 1809 745 1872 bene,
779 1808 920 1878 quod
947 1807 1274 1878 neopbytum
1306 1806 1377 1861 ab
1405 1804 1697 1877 apostolica

1798 628 2005 682 sculum
2031 631 2175 699 quod
2198 631 2553 700 pertinaciter
2575 632 2810 701 ejectum
2842 630 3015 686 fuerat
3041 648 3167 688 eum
3190 635 3377 691 exsul-

1798 717 2001 773 tatione
2028 721 2096 775 ad
2124 721 2481 789 apostolicam
2504 722 2744 777 tumbam
2786 722 3020 777 reduxit.

1795 827 1925 883 CAP.
1970 830 2031 883 V.
2072 860 2144 870 -—
2182 830 2335 896 Quod
2365 829 2597 897 ejusdem
2625 832 3073 895 pmmricatiom’s
3097 833 3163 885 sit
3186 831 3381 886 iterata

1868 902 2210 1021 zonsecratio,
2265 902 2417 970 cujus
2488 902 2938 970 prwvaricationis
2968 909 3068 955 est
3128 903 3377 956 iteratum

1904 981 2151 1021 autumn.

1904 981 2151 1039 optuma.

1798 1126 1803 1133 .
1868 1079 1975 1135 INF.
2003 1079 2170 1136 Estne
2196 1080 2398 1152 aliquid
2428 1089 2619 1136 contra
2664 1081 2992 1137 catholicam
3036 1082 3300 1152 regulam.
3329 1082 3377 1137 si

1764 1173 2081 1244 ‘quisquam
2121 1173 2174 1227 in
2218 1173 2408 1233 eodem
2446 1174 2637 1229 ordine
2691 1174 2889 1229 iterum
2929 1186 3279 1231 consecratus
3302 1176 3383 1230 fu-

1798 1263 1939 1319 erit?
1964 1262 2094 1317 Der.
2126 1261 2382 1332 Ejusdem
2414 1263 2600 1332 procul
2626 1264 2789 1319 dubio
2810 1265 3271 1334 praevaricationis
3298 1272 3384 1319 est

1766 1348 1772 1357 ’
1802 1354 1994 1409 iterata
2039 1355 2396 1419 consecratio,
2424 1354 2579 1423 cujus
2604 1357 3067 1426 prmvaricatiouis
3106 1366 3188 1411 est
3220 1357 3384 1411 itera-

1803 1456 1913 1501 tum
1931 1447 2212 1517 baptisma.
2243 1447 2351 1502 lar.
2379 1447 2515 1514 Quis
2534 1449 2635 1503 boc
2657 1449 2823 1504 dicit?
2846 1451 2972 1505 Der.
2997 1447 3225 1505 Sanctus
3247 1465 3381 1519 papa

1800 1534 2097 1607 Gregorius
2146 1537 2211 1591 ad
2244 1535 2509 1592 Joannem
2562 1538 2875 1609 episcopum
2907 1538 3238 1595 Ravennatis
3281 1536 3383 1593 Ec-

1802 1625 1980 1682 clesia:
2009 1626 2251 1696 scripsit,
2287 1626 2476 1682 dicens
2502 1645 2515 1681 :
2542 1626 2673 1681 Illud
2703 1629 2843 1697 quod
2865 1629 3069 1692 dicitis,
3094 1636 3153 1681 ιιι
3173 1627 3264 1697 qui
3293 1642 3384 1681 or—

1758 1716 2019 1771 «dinatus
2045 1725 2131 1770 est
2171 1716 2365 1772 iterum
2398 1718 2702 1780 ordinetur,
2745 1717 2898 1771 valde
2945 1718 3228 1772 ridiculum
3272 1726 3382 1781 est,

1801 1815 1858 1861 et
1892 1807 1977 1871 ab,
2004 1807 2205 1878 ingenii
2228 1807 2397 1861 vestri
2437 1807 2875 1863 comideratione
2912 1815 3255 1871 extraneum,
3277 1807 3381 1861 nisi

119 1897 445 1952 celsitudine
474 1896 854 1968 projeceruut;
886 1896 980 1951 sed
1008 1895 1294 1950 manifeste
1325 1895 1378 1948 in
1406 1894 1488 1949 eis
1509 1908 1703 1962 pecca-
1732 1886 1776 1945 Β
1805 1894 1943 1951 forte
1970 1897 2115 1966 quod
2149 1896 2457 1965 exemplum
2486 1898 2553 1951 ad
2583 1896 2816 1951 medium
2844 1896 3152 1960 deducitur,
3188 1898 3253 1951 de
3275 1912 3383 1965 quo

112 1997 316 2051 ,verunt
369 1987 461 2057 qui
489 1988 782 2041 secundum
812 2001 1047 2042 canones
1078 1985 1316 2041 ordinati
1360 1984 1595 2049 fuerant,
1644 1991 1699 2038 et

117 2092 211 2132 eos
241 2077 518 2147 deponere
548 2094 653 2133 non
677 2077 1056 2142 formidaruut,
1087 2092 1290 2146 eosque
1328 2075 1537 2131 nefario
1567 2090 1699 2129 ausu

120 2156 331 2222 iterum
350 2167 405 2221 in
435 2168 624 2223 eadem
646 2169 986 2225 ordinatione
1014 2167 1416 2224 consecrandos
1440 2179 1560 2222 esse
1586 2174 1700 2221 sta-

120 2269 365 2314 tuerunt.
407 2258 658 2329 Alioquin
730 2263 930 2316 frustra
989 2262 1362 2316 sanctissimus
1409 2258 1519 2314 Leo
1565 2275 1700 2330 papa

114 2354 336 2406 censuit
383 2360 441 2405 ut
470 2353 909 2423 pseudoepiscopi
941 2354 1285 2424 abjiciantur,
1308 2363 1365 2408 et
1397 2368 1583 2407 eorum
1614 2368 1704 2406 or-

115 2443 333 2497 diuatio
382 2452 498 2499 rata
538 2447 837 2500 consistere
875 2437 1065 2513 possit.
1110 2444 1334 2499 Frustra
1372 2444 1518 2500 enim
1566 2458 1701 2514 papa

113 2532 448 2588 Anastasius
507 2534 737 2603 praefixit
799 2543 856 2588 ut
911 2535 1280 2595 ordinationes
1318 2536 1503 2591 Acacii
1556 2534 1702 2588 nulla

117 2626 296 2694 portio
348 2624 587 2680 laesiouis
641 2625 950 2695 attingeret.
988 2626 1100 2680 lmo
1144 2637 1196 2680 et
1237 2625 1439 2681 Liberii
1487 2627 1705 2689 ordina-

118 2716 325 2780 tiones,
355 2727 520 2787 atque
549 2716 727 2788 Vigilii
760 2719 1216 2781 consecrationes,
1262 2717 1459 2775 frustra
1488 2718 1705 2774 illibatae

119 2818 559 2877 permanserunt.
594 2809 803 2866 Numae
830 2820 952 2881 post
983 2811 1255 2880 apostolos
1296 2811 1420 2881 quis
1446 2811 1498 2865 in
1521 2809 1702 2866 Eccle-

118 2900 199 2956 sia
229 2898 409 2967 major
454 2899 766 2954 beatissimo
789 2915 925 2969 papa
974 2898 1179 2965 Leone,
1225 2900 1292 2961 ad
1323 2898 1509 2967 cujus,
1546 2907 1607 2953 ut
1633 2900 1705 2953 ita

120 2990 324 3046 dicam.
357 2988 637 3044 cmlestem
663 2990 921 3059 rugitnm,
946 2989 1143 3043 diversi
1173 3004 1237 3042 ac
1259 2989 1439 3057 plures
1464 2987 1706 3043 breretici

122 3082 372 3137 exterriti
400 3092 526 3137 sunt
549 3091 713 3152 atque
738 3081 944 3153 fugati?
971 3082 1080 3136 Nec
1125 3096 1258 3152 papa
1284 3082 1602 3139 Anastasius
1625 3093 1707 3137 cst

122 3176 578 3239 contemnendus,
607 3173 699 3244 qui
742 3190 870 3229 suos
896 3174 1200 3230 decretales
1235 3175 1415 3245 apices
1436 3175 1706 3246 evangeli-

122 3264 231 3327 cis,
275 3265 480 3332 pariter
523 3262 830 3333 apostolicis
871 3263 1221 3328 testimoniis,
1246 3264 1541 3319 roboravit.
1598 3263 1709 3319 Nec

123 3355 515 3409 sanctissimus
551 3370 689 3423 papa
735 3353 1032 3424 Gregorius
1086 3362 1170 3408 est
1219 3354 1706 3424 parvipendendus,

123 3446 219 3515 qui
248 3446 467 3515 scripsit
491 3454 549 3499 ut
594 3446 736 3500 sicut
762 3446 1059 3514 baptismus
1091 3445 1277 3500 iterari
1299 3462 1410 3500 non
1430 3446 1609 3510 debet,
1635 3446 1711 3501 ita

125 3553 233 3593 nec
252 3537 597 3593 consecratio
625 3537 807 3591 iterari
842 3536 1036 3591 valeat.
1063 3535 1405 3606 Quapropter
1430 3538 1477 3592 si
1517 3538 1710 3591 horum

124 3628 357 3693 Patrum
399 3636 604 3682 statuta
643 3626 979 3701 observanda
1008 3641 1114 3681 non
1142 3635 1290 3691 sunt,
1332 3628 1421 3681 ubi
1465 3636 1550 3682 est
1582 3642 1713 3696 ergo

122 3719 277 3788 quod
333 3720 594 3789 scriptum
650 3726 754 3783 est,
789 3736 809 3769 ι
848 3716 925 3773 Ne
979 3719 1397 3789 transgrediaris
1454 3721 1714 3775 terminos

124 3814 413 3881 antiquos,
470 3826 607 3881 quos
660 3819 956 3879 posuerunt
1022 3820 1204 3879 patres
1262 3811 1371 3866 tui?
1434 3811 1710 3877 (Proverb.

124 3909 294 3973 xm.)
319 3923 338 3956 ι
370 3904 430 3957 Et
455 3901 764 3974 Apostolus,
796 3921 814 3954 ι
836 3902 988 3973 Licet
1005 3918 1121 3965 nos.
1153 3903 1477 3975 autaugelds
1500 3904 1715 3959 decutio

126 3995 285 4050 aliud
305 3994 460 4050 vobis
483 3995 953 4066 evangelizaverit,
980 4010 1143 4066 quam
1164 3997 1307 4065 quod
1333 3994 1716 4066 evangelizavi-

128 4101 293 4149 mus,
323 4086 611 4140 anathema
638 4084 743 4138 sit?
772 4103 791 4136 ι
827 4081 1028 4156 (Galat.
1061 4085 1125 4156 ι.)
1166 4085 1273 4141 lnr.
1301 4084 1453 4152 Quod
1478 4085 1715 4156 ejusdem

128 4177 426 4247 neopbyti,
450 4178 720 4232 ordinatio
742 4190 929 4232 contra
957 4186 1156 4232 statuta
1207 4177 1429 4232 Patrum
1475 4178 1716 4246 deposita

127 4266 231 4329 sit,
255 4266 311 4321 in
342 4265 644 4322 Pontificali
691 4265 831 4321 libro
862 4281 1177 4337 expressum
1206 4267 1428 4322 minime
1468 4267 1714 4322 habetur.

128 4357 295 4425 Quod
337 4370 518 4413 autem
564 4373 702 4428 papa
743 4359 1050 4429 Stephanus
1078 4355 1395 4413 Formosum
1447 4366 1568 4428 post
1598 4355 1719 4424 ejus

129 4450 349 4506 obitum
387 4448 725 4521 deposuerit,
767 4457 823 4505 et
869 4449 1010 4519 quod
1064 4450 1332 4504 neminem
1361 4464 1428 4504 ex
1474 4448 1559 4504 bis
1584 4463 1720 4517 quos

128 4542 281 4598 idem
304 4540 599 4599 Formosus
626 4540 973 4597 ordinaverat
999 4555 1180 4596 secum
1207 4542 1258 4596 iu
1277 4539 1516 4595 Ecclesia
1535 4539 1719 4594 vestiri

127 4634 471 4705 permiserit,
500 4633 716 4703 plurimi
744 4632 1007 4689 recolunt.
1042 4634 1174 4689 Der.
1202 4632 1256 4686 lu
1284 4632 1472 4686 eodem
1492 4630 1718 4686 Pontifi-

128 4726 246 4781 cali
286 4726 426 4781 libro
465 4727 729 4797 scriptum
770 4727 1019 4792 habetur,
1045 4726 1186 4797 quod
1232 4724 1480 4781 Liberius
1509 4725 1724 4781 Arianae

129 4816 339 4872 haeresi
366 4816 776 4886 subscripserit,
794 4818 889 4873 sed
919 4832 1023 4874 non
1051 4818 1127 4873 ibi
1152 4816 1397 4872 additum
1419 4815 1561 4887 Quod
1585 4813 1725 4869 male

124 4907 353 4964 fecerit.
381 4907 492 4963 Nec
513 4908 581 4962 de
604 4906 802 4978 Vigilio
828 4908 1067 4963 additmn
1090 4917 1175 4965 est
1194 4908 1335 4979 quod
1366 4907 1508 4962 male
1529 4905 1724 4976 egerit,

128 4999 189 5052 in
246 5011 315 5050 eo
353 4997 496 5067 quod
536 4995 824 5052 Silverium
864 4997 1173 5066 pontificem
1203 5012 1358 5051 suum
1390 4996 1443 5050 in
1472 4994 1723 5051 exsilium

126 5087 454 5150 destinavit,
499 5095 554 5143 et
602 5101 664 5141 se
687 5086 1038 5154 apostolicum
1070 5086 1325 5142 instituit.
1378 5086 1484 5141 Sed
1509 5099 1606 5140 eos
1631 5082 1725 5136 ad-

127 5194 334 5234 versus
364 5179 649 5234 interdicta
681 5176 1081 5246 Scripturarum
1103 5179 1278 5248 egisse
1298 5193 1457 5233 nemo
1477 5172 1724 5242 ambigit.

125 5271 265 5325 Ideo
283 5277 343 5323 et
364 5269 435 5323 de
454 5264 809 5323 ordinatione
845 5267 1051 5334 praefati
1079 5268 1436 5329 Constantini,
1462 5265 1607 5339 quod,
1634 5278 1726 5317 ne-

217 5358 223 5362 '
277 5373 324 5389 ·τ
351 5356 589 5410 denos-ita
632 5352 801 5407 litterit
828 5356 1193 5419 sentiendum.
1235 5353 1404 5413 Porro
1431 5353 1572 5428 quod
1595 5350 1728 5417 FO!"

630 5452 799 5495 ""em
848 5444 1178 5511 deposuerit,
1223 5446 1358 5502 nihil
1395 5440 1723 5503 ordin‘ationi

1229 5539 1326 5562 τη*
1362 5539 1610 5577 cunni-inc
1641 5548 1725 5572 eo-

1798 1997 1855 2043 et
1882 1988 2258 2058 illejudieatus
2297 1996 2404 2054 est,
2425 1990 2521 2058 qui
2549 1988 2653 2043 tale
2680 1988 2880 2058 aliquid
2910 1988 3103 2044 fecisse
3132 1991 3385 2059 perbibe-

1801 2089 1908 2135 tur.
1951 2078 2110 2151 Absit
2142 2079 2344 2134 etenim
2385 2094 2413 2132 a
2462 2078 2800 2134 fraternitate
2826 2088 3002 2134 vestra
3048 2080 3129 2134 sic
3170 2093 3383 2151 sapere.

1802 2172 1955 2229 Sicut
1982 2181 2160 2227 autem
2194 2171 2501 2243 baptizatus
2525 2171 2692 2227 semel
2717 2173 2913 2226 iterum
2964 2172 3225 2243 baptizari
3276 2186 3383 2225 non

1800 2264 1981 2327 debet,
2012 2263 2086 2318 ita
2114 2272 2466 2318 consecratus
2489 2261 2655 2316 semel
2685 2261 2738 2315 in
2761 2263 2949 2316 eodem
2972 2261 3164 2316 ordine
3185 2261 3382 2315 iterum

1801 2356 2110 2412 consecrari
2143 2370 2250 2410 non
2282 2354 2457 2409 valet.
2486 2353 2599 2408 lloc
2622 2354 2807 2421 itaque
2859 2369 2963 2408 non
2991 2352 3165 2407 solum
3196 2352 3389 2406 beatus

1802 2448 2115 2516 Gregorius,
2144 2448 2238 2502 sed
2264 2447 2429 2503 etiam
2452 2460 2687 2501 canones
2709 2454 2974 2499 testantur
3002 2444 3385 2515 apostolorum.

1804 2540 2037 2595 Sanctus
2087 2553 2320 2606 namque
2373 2537 2610 2591 Isidorus
2673 2535 2726 2589 in
2785 2534 3098 2604 praefatione
3138 2533 3386 2595 canonici

1803 2631 2011 2702 collegii
2033 2630 2399 2702 apostolorum
2422 2643 2660 2684 canones
2683 2626 3023 2696 recipiendos
3044 2642 3166 2682 esse
3187 2625 3390 2682 confir-

1806 2730 1935 2777 mat.
1968 2720 2120 2788 Quod
2148 2721 2192 2775 si
2222 2721 2472 2789 cuiquam
2503 2719 2770 2789 displicet,
2794 2718 2941 2781 velit,
2970 2717 3140 2780 nolit,
3170 2716 3385 2785 Grego-

1806 2812 1939 2874 rius,
1995 2810 2149 2879 cujus
2176 2809 2469 2864 auctoritas
2498 2808 2565 2861 ad
2614 2808 2784 2862 instar
2820 2807 2950 2861 solis
2986 2808 3189 2866 iu,tota
3219 2807 3390 2876 fulget

1807 2904 2070 2966 Ecclesia,
2099 2901 2434 2971 respuendus
2458 2915 2562 2953 non
2601 2909 2705 2954 est.
2741 2899 2848 2954 lar.
2877 2898 3045 2963 Major
3073 2906 3156 2953 est
3194 2898 3383 2953 conci-

1808 2994 2000 3048 liorum
2039 2991 2337 3046 auctoritas
2358 3004 2518 3057 quam
2557 2988 2717 3041 unius
2738 3002 2889 3055 papa:
2933 2985 3202 3056 Gregorii.
3256 2986 3387 3039 Der.

1807 3083 2083 3152 Nusquam
2142 3081 2338 3152 legitur
2388 3079 2530 3149 quod
2605 3078 2872 3132 catholica
2939 3077 3280 3132 consecratio
3335 3077 3389 3129 iu

1810 3175 1997 3229 eodem
2025 3171 2216 3226 ordine
2245 3171 2441 3226 iterum
2469 3169 2584 3223 dari
2615 3169 2803 3238 possit.
2837 3167 3102 3221 Craterum
3130 3166 3286 3236 longe
3317 3165 3395 3219 in-

1812 3261 2249 3333 comparabiliter
2305 3259 2497 3314 melius
2546 3258 2735 3314 beatus
2780 3256 3073 3328 Gregorius
3129 3256 3390 3332 cont-ilio—

1814 3371 1932 3409 rum
1964 3353 2099 3408 scita
2127 3350 2501 3405 considerasse
2524 3360 2685 3418 atque
2709 3346 3037 3401 intellexisse
3060 3343 3394 3415 dignoscitur

1813 3463 1973 3519 quam
2009 3446 2257 3501 homines
2302 3443 2475 3498 nostri
2521 3440 2799 3510 temporis,
2849 3439 3076 3509 ideoque
3122 3437 3196 3495 illi
3232 3450 3394 3491 nemo

1812 3534 2180 3609 praeferendus
2206 3542 2310 3587 est.

1814 3648 1941 3705 CAP.
1978 3646 2061 3701 Vl.
2088 3678 2158 3688 ——
2192 3645 2344 3711 Quod
2373 3642 2609 3714 ejusdem
2635 3640 3082 3714 pra'varicationis
3113 3640 3177 3714 sit
3204 3639 3394 3714 iterata

1885 3707 2411 3785 consecratiohujus'
2461 3707 2910 3785 pra'mtricatt‘oms
2960 3719 3078 3764 sunt
3124 3707 3395 3772 luereu'ci,

1883 3790 1973 3860 qui
2003 3786 2287 3840 catltoiicos
2314 3780 2646 3853 'rebaptizare
2683 3780 2898 3835 audent.

1884 3898 1994 3953 lar.
2045 3895 2298 3950 lteratam
2349 3892 2403 3946 in
2452 3892 2643 3946 eodem
2693 3889 2858 3960 gradu
2908 3888 3398 3952 consecrationem,

1816 3988 1969 4059 cujus
1992 3982 2455 4056 prtewricationis
2476 3997 2596 4036 esse
2617 3979 2809 4050 putas?
2840 3978 2967 4034 Der.
2996 3975 3112 4033 Non
3137 3977 3399 4047 putative,

1816 4080 1911 4135 sed
1940 4075 2208 4131 veraciter
2232 4074 2368 4136 scio,
2397 4072 2540 4143 quod
2568 4071 2805 4140 ejusdem
2839 4068 3300 4138 prtevaricationis
3329 4068 3403 4121 sit

1816 4171 2011 4225 iterata
2032 4165 2396 4229 Consecratio,
2420 4162 2573 4230 cujus
2601 4160 3062 4230 praevaricationis
3083 4167 3208 4212 sunt
3233 4159 3403 4211 Ιιιετιιο

1821 4259 1915 4315 tici
1953 4270 2140 4312 omnes
2183 4255 2274 4323 qui
2320 4244 2618 4307 catholicos
2677 4249 3014 4319 rebaptizare
3048 4254 3269 4302 audent.
3312 4245 3401 4299 An

1820 4356 2003 4402 mente
2042 4344 2246 4399 excidit
2288 4342 2416 4411 quia
2452 4341 2590 4394 sicut
2637 4339 2802 4393 semel
2853 4338 3159 4406 baptizatus
3209 4337 3402 4391 iterum

1819 4441 2087 4511 baptizari
2128 4452 2234 4492 non
2281 4437 2462 4498 debet,
2496 4434 2569 4487 ita
2615 4443 2669 4486 et
2707 4433 2797 4502 qui
2844 4430 3011 4485 semel
3055 4440 3405 4485 consecratus

1823 4541 1907 4586 est
1940 4532 1992 4584 in
2017 4530 2207 4585 eodem
2235 4526 2427 4582 ordine
2462 4524 2573 4594 jam
2616 4523 2925 4578 consecrari
2958 4537 3062 4577 non
3091 4522 3265 4576 valet?
3294 4521 3402 4575 lar.

1824 4627 1972 4681 itane
2012 4622 2307 4678 levioribus
2348 4618 2569 4674 oﬂ'ensis
2618 4616 2796 4671 oritur
2838 4616 3097 4672 lueresis‘!
3140 4613 3268 4668 Der.
3299 4611 3404 4666 Pa-

1827 4730 2018 4771 rumne
2066 4712 2160 4767 tibi
2209 4711 2450 4777 videtur,
2500 4708 2715 4764 irritum
2766 4706 2951 4763 facere
2999 4713 3405 4762 sacrosanctum

1828 4802 2188 4860 ministerium
2219 4814 2315 4870 per
2343 4800 2488 4870 quod
2531 4798 2728 4857 divina:
2758 4795 3040 4853 Trinitatis
3070 4794 3201 4848 fides
3229 4791 3406 4861 perci-

1828 4896 1975 4967 pitur
2004 4903 2062 4950 et
2101 4890 2409 4949 Christiana
2458 4889 2646 4960 religio
2684 4888 3055 4943 indesinenter
3093 4884 3326 4946 colitur;
3359 4889 3414 4935 et

1829 4990 1985 5060 quasi
2025 4989 2128 5044 hoc
2156 4999 2263 5039 non
2305 4983 2559 5047 sufficiat,
2607 4981 2860 5034 iteratam
2892 4993 3085 5035 manus
3119 4972 3418 5043 itnpositio-

1830 5098 1955 5137 nem
1984 5075 2386 5152 super-adjicere
2414 5094 2522 5135 non
2554 5071 2980 5146 pertimescitis?

1830 5191 1964 5246 Cn,
1994 5191 2103 5247 VII,
2133 5217 2205 5230 --
2231 5184 2388 5256 Quod
2435 5188 2604 5245 minor
2627 5177 2805 5256 culpa.
2833 5197 2991 5256 quam
3016 5180 3217 5256 iterum-
3246 5188 3427 5256 conse-

1905 5266 2110 5326 cratio,
2172 5254 2316 5324 infra
2378 5258 2649 5323 fiagreseon
2708 5249 3069 5307 denotationes
3128 5249 3433 5308 inveniatur

1907 5337 2160 5389 udmista.

1910 5449 2019 5506 ‘NF-
2054 5439 2383 5505 incredibile
2426 5441 2564 5504 mibi
2597 5432 2812 5491 videtur
2852 5446 2915 5492 ut
2948 5444 3164 5493 errares
3201 5423 3290 5494 qui
3332 5439 3441 5478 non

3070 5525 3223 5554 .Innns
3233 5523 3278 5546 nl
3288 5513 3444 5550 ἰαυο-

1835 5550 2230 5580 ηεηιιοηινὶηηρ
2259 5534 2412 5580 noti;
2450 5542 2565 5574 cuni
2594 5531 2732 5564 ἷηιον
2756 5525 3042 5570 hair-alioue
