4012 6300
555 361 694 415 1035

1255 357 1564 412 ΑΡΡΕΝῧ..
1609 355 1700 411 AD
1735 355 1910 411 5.450..
1951 355 2040 409 IX.
2081 383 2151 394 --
2187 352 2554 411 AUCTORES
2591 353 2753 408 AN-Nl
2791 353 3081 410 INCERTI.

3673 353 3814 408 ωει

561 471 728 527 Deum
757 484 862 523 non
893 467 1079 522 facere
1111 467 1273 533 inata,
1301 475 1488 522 contra
1523 467 1653 520 illud
1681 466 1824 536 quod
1868 467 2126 534 scriptum
2155 465 2206 524 Α
2230 462 2500 521 Czcterum
2520 475 2697 521 autem
2713 465 2941 534 justitize
2967 467 3405 536 praevaricatores
3425 466 3678 522 imitandi
3701 483 3816 523 non

557 570 663 624 est,
695 559 804 630 Ego
837 574 955 612 sum
987 557 1129 613 Deus
1159 573 1354 613 creans
1383 557 1522 611 mala
1554 556 1691 626 (lsa-
1719 556 1865 628 xu).
1893 555 2126 610 Floriani

557 663 775 718 quoque
824 661 856 700 a
899 645 1140 711 Floriuo,
1195 645 1350 715 quia
1387 647 1662 701 contrario
1707 645 1920 700 dicebat
1960 644 2127 698 Deum

561 752 778 794 creasse
798 735 961 800 mala,
983 748 1168 790 contra
1196 736 1250 790 id
1273 736 1418 806 quod
1439 736 1642 791 dictum
1677 745 1784 800 est,
1812 734 1963 789 Fecit
1991 734 2130 788 Deus

558 827 764 890 omnia,
815 833 874 882 et
915 841 1041 882 ecce
1088 827 1229 882 bona
1285 827 1438 882 valde
1467 824 1620 897 (Gen.
1662 824 1724 896 ι).
1785 825 1862 879 Ac
1889 840 1984 894 per
2031 825 2134 879 hoc

558 919 806 989 quamvis
832 916 1104 973 contraria
1149 919 1294 973 inter
1321 933 1380 974 se
1428 919 1692 982 dicentes,
1749 927 1928 971 tamen
1975 916 2134 969 ambo

555 1008 757 1064 divinis
787 1007 1018 1077 eloquiis
1044 1008 1390 1064 resistebant.
1431 1007 1592 1063 Great
1620 1007 1766 1062 enim
1799 1007 1940 1060 Dens
1971 1005 2132 1069 mala,

558 1113 750 1168 ptenas
794 1098 1126 1168 justissimas,
1169 1099 1484 1170 irrogaudo,
1531 1100 1682 1168 quod
1719 1097 1982 1153 Coluthus
2029 1112 2134 1150 non

560 1188 794 1254 videbat,
829 1203 934 1244 non
987 1197 1170 1243 autem
1205 1190 1378 1245 malas
1423 1191 1662 1244 creando
1708 1198 1934 1243 naturas
1977 1196 2136 1258 atque

559 1280 918 1344 substantias,
965 1281 1018 1334 in
1069 1289 1326 1349 quantum
1373 1289 1502 1336 sunt
1546 1289 1754 1334 naturae
1799 1288 1962 1349 auiae
2003 1278 2134 1333 sub-

562 1371 800 1437 stanlim,
830 1373 906 1426 uti
933 1371 1185 1428 Florinus
1210 1372 1452 1428 errabat.

560 1482 688 1537 Car.
726 1483 853 1556 Ylll.
885 1515 956 1525 —
982 1485 1244 1540 Adversus
1268 1501 1354 1540 eos
1389 1502 1476 1556 qui
1506 1502 1562 1539 se
1594 1495 1846 1539 excusant
1870 1485 2098 1538 dicentes
2120 1496 2140 1534 :.

728 1553 887 1608 lneiti
915 1556 1086 1609 denuo
1117 1557 1170 1609 in
1199 1553 1426 1623 idipsum
1456 1557 1743 1609 consecrati
1769 1571 1972 1608 sumus.

632 1640 737 1695 lar.
791 1643 848 1696 Si
898 1658 1050 1712 aqua
1099 1642 1252 1698 lance
1295 1650 1547 1713 pensetur
1575 1657 1745 1698 sacne
1787 1641 2146 1698 ordinationis

562 1730 800 1797 iteratio,
840 1749 946 1788 non
976 1733 1134 1798 mihi,
1169 1734 1263 1788 sed
1294 1734 1366 1788 illi
1390 1733 1772 1788 ascribendum
1799 1741 1907 1797 est,
1933 1731 2024 1802 qui
2057 1747 2142 1787 me

2231 566 2374 621 sunt,
2385 557 2695 628 juxtahuod
2720 557 3042 614 Mathathias
3062 560 3194 614 dicit
3223 577 3278 612 τι
3302 559 3360 613 Et
3387 559 3430 613 si
3458 573 3659 615 omnes
3685 575 3818 615 eon-

2231 649 2472 701 sentiunt
2493 648 2603 717 regi
2627 648 2927 713 Antiocho,
2943 663 3050 719 ego
3070 658 3125 702 et
3155 650 3345 702 dooms
3371 651 3546 719 patris
3567 650 3678 704 mei
3707 665 3822 705 non

2231 736 2627 791 consentiemus
2671 736 2723 805 (I
2757 736 2933 792 Maeli.
2971 737 3056 807 ir}.
3094 737 3232 792 nPcr
3250 737 3577 808 Pr0phetam
3595 753 3824 809 quoque

2232 830 2434 884 dicitur
2472 845 2490 884 :
2522 830 2682 886 iNoli
2729 831 2970 886 amulari
3005 833 3144 887 inter
3171 833 3530 903 malignantes
3553 872 3574 894 ,
3631 847 3814 901 neque

2233 921 2698 995 anullatusliueris
2726 921 2986 978 facientes
3012 921 3542 994 iniquitatem'(Psal.
3565 924 3818 994 xxxn).n

2235 1012 2502 1080 Tempore
2549 1013 2716 1081 igitur
2760 1014 3084 1068 sanctissimi
3117 1013 3294 1067 Patris
3322 1014 3638 1076 Athanasii,
3681 1027 3822 1080 pene

2237 1103 2521 1158 universus
2548 1103 2696 1158 orbis
2721 1104 2787 1158 ad
2815 1101 3075 1158 Arianam
3106 1103 3352 1158 haeresim
3381 1119 3440 1158 se
3471 1103 3725 1164 contulit.
3765 1110 3824 1156 et

2239 1199 2419 1246 tamen
2468 1192 2776 1260 paucissimi
2832 1194 2884 1246 in
2935 1193 3198 1247 catholica
3256 1193 3358 1248 [ide
3403 1203 3824 1263 perseverantes

2237 1280 2480 1335 victoriae
2509 1280 2736 1350 palmam
2763 1281 3036 1336 consecuti
3065 1289 3226 1335 sunt-

2238 1391 2366 1452 CAP.
2400 1393 2466 1446 Χ.
2502 1423 2571 1433 -—
2609 1391 2674 1446 Ut
2704 1393 2793 1461 qui
2818 1393 2974 1446 semel
3015 1401 3063 1446 et
3107 1393 3294 1445 iterum
3323 1393 3376 1445 in
3419 1393 3605 1444 eodem
3649 1392 3823 1461 gradi.

2309 1472 2640 1516 consecrotus
2706 1471 2786 1516 est.
2840 1480 2872 1515 a
2944 1478 3108 1517 sacro.
3159 1463 3447 1516 minister-io
3511 1464 3582 1516 sit
3640 1461 3822 1516 exciso

2310 1533 2530 1586 dandus.

2307 1645 2416 1700 ch.
2444 1644 2559 1712 Qua
2600 1645 2811 1700 ratione
2847 1642 3004 1698 fateri
3041 1658 3204 1699 ausus
3247 1658 3305 1698 es
3347 1653 3407 1697 ut.
3438 1645 3529 1712 qui
3573 1641 3737 1696 semel
3762 1649 3823 1696 et

2241 1738 2432 1793 iterum
2461 1737 2734 1794 iueodem
2771 1743 3124 1791 consecratus
3163 1733 3328 1788 fuerit.
3372 1749 3402 1788 a
3452 1747 3613 1787 sacro
3654 1730 3824 1784 mini-

562 1823 789 1886 υτὶἰιιειω
822 1839 1018 1894 negare
1045 1833 1101 1879 et
1142 1825 1436 1880 secundum
1463 1823 1928 1879 consecrationem
1959 1823 2134 1877 susei-
2167 1839 2215 1899 Β
2242 1827 2410 1884 sterio
2437 1826 2509 1882 sit
2533 1826 2931 1882 excludendos?
2969 1824 3094 1879 Der.
3134 1823 3245 1878 Non
3273 1839 3303 1878 a
3330 1824 3666 1892 meetipso.
3703 1821 3821 1884 sed.

561 1926 692 1980 pere
709 1914 986 1983 compulit.
1003 1913 1130 1969 Der.
1160 1914 1206 1970 0
1227 1914 1453 1969 Domine
1473 1915 1846 1969 universorum
1863 1912 2135 1984 Magister,

561 2005 690 2073 quid
717 2004 783 2059 ad
814 2005 919 2061 hoc
963 2006 1144 2062 dicis?
1185 2026 1204 2060 ι
1233 2005 1407 2062 Sinite
1433 2007 1584 2072 illos,
1634 2007 1761 2062 caici
1793 2015 1950 2070 sunt,
1975 2007 2139 2061 duces

562 2109 849 2151 caecorum.
903 2097 960 2150 Si
992 2112 1170 2152 caseus
1205 2113 1350 2153 caeco
1389 2098 1646 2153 ducatum
1688 2103 1930 2167 priestet,
1962 2110 2140 2152 nonne

563 2186 724 2241 ambo
763 2188 820 2242 in
846 2189 1053 2244 foveam
1079 2191 1320 2246 cadunt?
1360 2211 1380 2244 ι
1411 2191 1625 2263 (Matth.
1667 2190 1784 2263 ιν.)
1824 2191 2153 2262 Ergojuxta.

565 2275 704 2330 hanc
737 2278 946 2334 Domini
985 2281 1330 2345 sententiam,
1359 2282 1426 2336 ad
1469 2281 1608 2335 male
1645 2281 1946 2336 faciendum
1972 2289 2026 2335 et
2049 2280 2140 2350 qui

563 2362 712 2418 ducit
742 2378 799 2420 et
823 2367 912 2435 qui
950 2369 1200 2440 sequitur
1235 2371 1367 2426 eieci
1411 2379 1564 2437 sunt,
1589 2379 1646 2425 et
1683 2371 1889 2426 merito.
1917 2381 2144 2440 uterque

565 2453 620 2506 in
670 2454 882 2511 foveam
928 2458 1294 2514 damnationis
1323 2462 1543 2518 cadunt.
1577 2462 1656 2516 Tu
1686 2473 1865 2517 autem
1895 2477 1990 2517 vas
2029 2461 2144 2516 ele-

564 2549 782 2612 ctionis,
813 2565 909 2619 per
935 2551 1351 2621 quemChristus
1377 2553 1644 2624 loquitur,
1669 2556 1796 2624 quid
1821 2555 1992 2608 dit-is?
2019 2554 2143 2609 Non

563 2635 734 2690 soium
764 2639 854 2709 qui
893 2655 1059 2708 prava
1105 2640 1331 2710 faciunt,
1370 2644 1460 2697 sed
1489 2653 1547 2699 et
1573 2645 1662 2716 qui
1690 2645 2018 2698 consentiunt
2061 2645 2143 2714 fa-

564 2729 841 2793 cientibus,
875 2732 1019 2802 digni
1047 2731 1355 2790 eliiciuntur
1381 2745 1545 2788 morte
1573 2743 1833 2803 perpetua
1875 2733 2047 2805 (Item.
2077 2736 2137 2802 ηε

564 2817 672 2877 lsr.
706 2821 846 2886 Quid
891 2837 1028 2892 ergo
1071 2823 1334 2878 adversus
1381 2839 1476 2878 eos
1505 2824 1771 2890 agendum
1813 2833 1918 2885 est.
1948 2825 2144 2894 quibus

567 2911 822 2965 resistere
873 2913 1093 2968 minime
1139 2916 1469 2982 possumus?
1525 2914 1652 2970 Der.
1707 2913 1838 2968 lllud
1883 2915 2024 2984 quod
2071 2913 2146 2967 ait

569 2999 821 3056 Salvator
849 3019 866 3055 :
907 3023 924 3053 ι
957 3003 1130 3059 Nolite
1161 3005 1354 3059 timere
1381 3019 1476 3059 eos
1503 3006 1592 3074 qui
1631 3005 1886 3060 occidunt
1927 3018 2146 3072 corpus,

569 3091 806 3147 animam
851 3104 1032 3148 autem
1079 3112 1182 3149 non
1225 3105 1450 3165 possunt
1492 3096 1766 3151 occidere.
1810 3095 1916 3149 Sed
1969 3095 2146 3166 potius

2241 1929 2304 1975 ut
2334 1935 2493 1989 supra
2525 1918 2748 1974 relatum
2792 1926 2904 1980 est,
2940 1933 2970 1971 a
3002 1918 3162 1972 beato
3199 1915 3478 1986 Gregorio,
3511 1928 3726 1968 necnon
3767 1919 3826 1966 et

2244 2010 2609 2080 apostolorum
2651 2009 2968 2072 eanonibus,
3005 2007 3112 2061 tale
3151 2007 3275 2075 quid
3303 2006 3563 2060 audenter
3600 2004 3821 2073 pmtuli.

2243 2103 2350 2158 lus.
2377 2103 2584 2171 Ergone
2603 2101 2694 2170 qui
2717 2101 2890 2154 denuo
2912 2098 3214 2167 baptizatus
3235 2094 3394 2150 fuerit
3413 2093 3826 2148 Christianitate

2244 2193 2526 2264 pellendus
2548 2193 2664 2247 est?
2691 2191 2822 2246 Der.
2851 2191 3224 2260 Nequaquam,
3253 2187 3345 2242 sed
3374 2186 3514 2240 aliud
3535 2194 3617 2239 est
3647 2186 3826 2252 bapti-

2243 2297 2421 2350 zatus,
2448 2286 2590 2340 aliud
2617 2293 2986 2339 consecratus.
3019 2280 3205 2336 Omnis
3231 2279 3374 2334 enim
3407 2278 3497 2346 qui
3535 2291 3827 2331 consecra-

2249 2386 2336 2431 tus
2354 2384 2444 2430 est
2459 2375 2784 2444 baptismum
2810 2372 2940 2427 dare
2967 2351 3162 2442 potest,
3189 2385 3292 2424 non
3322 2377 3498 2422 tamen
3527 2366 3711 2419 omnis
3733 2363 3822 2432 qui

2246 2467 2554 2538 baptizatur
2580 2464 3044 2521 consecrationem
3094 2461 3175 2516 vel
3221 2461 3320 2514 sibi
3363 2459 3562 2513 habere
3592 2457 3676 2510 vel
3709 2457 3830 2511 aliis

2249 2560 2382 2614 dare
2411 2567 2606 2629 potest.
2651 2555 2789 2610 Hinc
2822 2564 2906 2610 est
2943 2554 3086 2624 quod
3114 2551 3370 2622 baptizati
3399 2549 3618 2620 bigami,
3645 2549 3696 2602 si
3739 2562 3828 2602 ue-

2248 2649 2472 2704 cessitas
2499 2647 2780 2709 incumbit,
2831 2643 3108 2714 baptizare
3154 2648 3398 2710 possunt,
3439 2651 3658 2691 sacrant
3703 2651 3830 2690 vero

2247 2743 2491 2798 ordinem
2512 2739 2773 2794 canonice
2802 2738 3048 2807 accipere
3078 2741 3367 2802 nequeunt.
3397 2731 3658 2785 CerniSue
3683 2728 3826 2797 quod

2249 2834 2549 2903 baptismus
2578 2832 2654 2886 ad-
2673 2830 2830 2886 ﬁdem
2874 2829 3164 2900 pertineat,
3189 2825 3524 2882 consecratio
3553 2831 3740 2878 autem
3766 2821 3829 2873 ad

2252 2921 2610 2978 ministerium
2649 2934 2746 2990 per
2772 2920 2914 2987 quod
2950 2917 3063 2986 ipsa
3096 2915 3230 2969 lides
3267 2912 3564 2982 percipitur
3591 2920 3648 2963 ot
3673 2909 3833 2964 Chri-

2251 3013 2425 3068 stiana
2477 3011 2662 3080 religio
2697 3007 3037 3068 celebratur?
3085 3007 3150 3066 Et
3191 3005 3392 3060 idcirco
3431 3003 3522 3071 qui
3567 3001 3830 3069 ejusmodi

2251 3103 2589 3174 sacrilegium
2615 3102 2866 3165 incurrit,
2883 3117 2913 3156 a
2941 3115 3099 3155 sacro
3122 3097 3420 3153 ministerio
3441 3105 3525 3149 est
3552 3108 3836 3149 removen-

568 3197 694 3236 eum
728 3184 914 3238 timete
941 3186 1032 3254 qui
1063 3195 1239 3254 potest
1267 3194 1322 3240 et
1346 3187 1584 3240 animam
1613 3197 1668 3241 et
1693 3201 1892 3256 corpus
1923 3185 2148 3256 perdere
2177 3197 2222 3258 ο
2253 3196 2372 3250 dus,
2421 3194 2573 3250 Adde
2607 3193 2772 3248 etiam
2796 3192 2942 3262 quod
2992 3192 3194 3260 absque
3246 3189 3538 3258 baptismo,
3573 3186 3756 3240 nullus
3783 3185 3836 3239 in

568 3272 622 3330 in
659 3273 960 3345 gehennam
996 3275 1213 3348 (Matth.
1246 3279 1360 3348 ιη.»

645 3385 767 3441 Car.
800 3387 891 3442 IX.
912 3420 991 3462 ς-
1017 3388 1276 3462 Adversus
1307 3407 1394 3445 eos
1428 3392 1518 3462 qui
1552 3393 1730 3445 dicunt
1757 3407 1777 3445 :
1807 3387 1931 3444 Non
1976 3390 2154 3460 perdet

891 3459 1034 3513 Deus
1065 3459 1454 3515 multitudinem
1479 3473 1831 3531 peccatorum.

645 3565 755 3604 .a'r.
790 3548 1042 3619 Nunquid
1071 3567 1260 3606 omnes
1295 3552 1386 3620 qui
1414 3551 1656 3607 Formosi
1685 3551 2154 3606 consecrationem

574 3639 708 3694 nihil
736 3655 856 3696 esse
899 3641 1124 3709 professi
1169 3652 1318 3708 sunt,
1345 3652 1402 3698 et
1441 3643 1493 3698 in
1520 3643 1707 3698 eodem
1739 3643 1928 3697 ordine
1959 3642 2154 3696 iterum

574 3735 873 3789 consecrati
905 3746 1062 3800 sunt,
1111 3738 1178 3792 ad
1231 3738 1440 3792 inferna
1485 3739 1926 3808 przecipitantur?
1973 3739 2158 3808 Neque

563 3826 722 3878 enim
756 3827 896 3880 Deus
927 3836 1130 3882 tantam
1169 3829 1564 3899 episcoporum,
1597 3831 2036 3902 presbyterorum
2071 3839 2156 3884 at.

577 3930 681 3984 que
703 3915 986 3971 levitarum
1011 3915 1402 3974 multitudinem
1423 3921 1648 3990 perdet?
1677 3921 1802 3975 Der.
1832 3921 1994 3989 Quasi
2018 3923 2160 3977 Deus

580 4008 647 4062 ad
701 4009 1064 4078 quorumlibet
1123 4011 1522 4068 multitudinem
1579 4012 1660 4068 vel
1718 4013 2158 4066 numerositatem

580 4103 854 4172 respiciat,
884 4113 939 4159 et
979 4120 1084 4159 non
1113 4106 1290 4176 pmius
1317 4105 1503 4180 ad‘eos
1533 4106 1599 4160 de
1628 4107 1828 4174 quibus
1853 4107 1966 4174 ipse
1991 4105 2161 4174 loqui-

581 4202 668 4248 tur
697 4213 709 4248 :
739 4194 819 4248 Ad
843 4213 995 4266 quem
1021 4197 1290 4266 respiciam
1315 4198 1415 4251 nisi
1438 4197 1506 4250 ad
1535 4195 1792 4251 humilem
1817 4207 1871 4250 et
1897 4197 2160 4266 quietum,

577 4295 632 4340 et
665 4287 940 4342 timentem
967 4304 1225 4342 sermones
1248 4289 1428 4342 meos?
1453 4287 1586 4359 (lsa.
1619 4289 1788 4358 ιινι.)
1813 4288 1879 4342 Et
1909 4289 1962 4342 in
1989 4287 2164 4345 Evan-

581 4379 720 4450 gelio
754 4398 768 4434 :
800 4380 998 4445 Nolite,
1027 4381 1224 4450 inquit,
1253 4381 1435 4435 timere
1460 4379 1682 4450 pusillus
1728 4395 1872 4450 grex,
1911 4379 2162 4449 quoniam

581 4469 891 4537 complacuit
927 4467 1078 4522 Patri
1100 4481 1266 4524 vestro
1296 4473 1426 4523 dare
1453 4469 1590 4523 vobis
1615 4485 1828 4538 regnum
1859 4467 2010 4535 (Luc.
2038 4470 2157 4537 xu).

2254 3300 2477 3355 regnum
2503 3285 2762 3338 cmlorum
2788 3283 2992 3336 intrare
3019 3279 3220 3349 possit;
3252 3286 3308 3333 et
3331 3278 3452 3331 ideo
3477 3278 3563 3330 his
3589 3275 3835 3345 baptiza-

2257 3385 2364 3430 tum
2429 3391 2459 3430 a
2513 3375 2932 3430 Chrisﬁanitate-
2981 3371 3310 3441 sequestrari
3363 3367 3661 3423 nefarium.
3729 3367 3840 3421 ls'r.

2257 3466 2576 3522 Sacerdotes
2617 3465 2710 3535 qui
2751 3475 2992 3533 tempore
3040 3460 3436 3531 perseeutiouis
3481 3469 3836 3530 negarentur,

2256 3557 2694 3616 suishonoribus
2722 3571 2827 3612 non
2872 3562 3005 3610 sunt
3025 3551 3330 3622 evspoliati.
3381 3550 3474 3605 lsti
3513 3565 3682 3619 ergo.
3723 3564 3842 3618 pro-

2255 3658 2376 3719 pter
2423 3647 2672 3702 iteratam
2720 3660 2914 3700 manus
2959 3643 3394 3713 impositionem,
3450 3655 3480 3693 a
3538 3638 3842 3694 sacerdotio

2259 3739 2527 3810 quomodo
2551 3745 2684 3792 sunt
2705 3734 3072 3792 excludendi?-
3106 3735 3234 3788 Der.
3275 3731 3448 3785 Aliter
3475 3741 3584 3792 est,
3616 3745 3746 3783 nam
3781 3731 3846 3782 de

2259 3829 2628 3886 sacerdotibus
2652 3827 2742 3894 qui
2782 3837 3022 3894 tempore
3063 3823 3458 3892 persecutionis
3485 3828 3844 3891 negaverunt,

2258 3935 2366 3976 non
2400 3933 2574 3990 parva
2599 3917 2856 3972 distantia
2887 3924 2976 3970 est-
2994 3916 3136 3969 inter
3158 3930 3255 3968 eos
3278 3915 3369 3984 qui
3399 3901 3610 3980 absque
3637 3914 3843 3980 pericu»

2259 4011 2326 4066 lis
2353 4019 2407 4064 et
2431 4025 2526 4064 eos
2551 4009 2642 4078 qui
2675 4007 2912 4062 violenta
2937 4006 3288 4076 oppressione
3317 4010 3675 4074 negaverunt.
3696 3999 3842 4067 Quod

2261 4104 2334 4159 ita
2365 4104 2454 4168 sit,
2485 4103 2635 4157 testis
2664 4109 2749 4156 est
2786 4100 3105 4170 Ancyranus
3129 4113 3300 4152 canon
3341 4096 3485 4166 (can.
3521 4094 3576 4162 υ
3612 4080 3804 4146 dicens
3828 4105 3852 4145 :,

2261 4195 2569 4266 Presbyteri
2600 4193 2962 4255 immolantes,
2989 4198 3044 4243 et
3083 4192 3275 4244 iterum
3325 4189 3600 4242 luctamen
3647 4185 3846 4238 adeun-

2263 4298 2364 4351 tes,
2397 4289 2440 4342 si
2469 4303 2575 4342 non
2624 4301 2720 4356 per
2765 4285 3066 4339 illusionem
3098 4282 3356 4351 aliquam,
3389 4279 3484 4332 sed
3521 4291 3594 4331 ex.
3619 4276 3844 4330 veritate

2264 4382 2530 4445 fecerunt,
2557 4396 2658 4434 nec
2687 4387 2814 4432 ante
2850 4384 3100 4446 parentes
3127 4415 3144 4439 ,
3192 4388 3290 4428 nec
3317 4371 3641 4425 allectautes
3689 4378 3848 4434 atque

2266 4470 2574 4529 suadentes.
2617 4475 2678 4520 ut
2704 4466 3057 4522 aestimentur
3083 4463 3302 4532 quidem
3335 4457 3623 4512 tormentis
3649 4454 3844 4523 aptari,

582 4557 720 4624 Quid
745 4559 934 4630 plura?
961 4558 1114 4626 Quod
1144 4559 1284 4614 Deus
1311 4558 1638 4614 multitudini
1662 4558 2160 4628 praevaricatorem,
2193 4543 2242 4600 ι)
2269 4560 2364 4615 sed
2414 4557 2497 4614 his
2526 4558 2644 4612 visu
2678 4566 2857 4610 tamen
2905 4564 2961 4610 et
3008 4553 3192 4608 habitu
3247 4549 3466 4617 subjici,
3512 4547 3614 4601 hos
3653 4543 3849 4615 placuit

583 4653 685 4706 nisi
710 4652 1080 4722 pmoitentiam
1107 4653 1335 4722 egerint,
1369 4667 1474 4706 non
1506 4649 2162 4722 parcat,audiapostolum

581 4741 802 4798 Petrum
834 4743 1101 4798 dicentem
1136 4759 1150 4797 :
1186 4742 1247 4798 Si
1273 4746 1412 4797 enim
1441 4741 1581 4796 Deus
1609 4741 1806 4811 angelis
1836 4739 2165 4809 peccantibus

583 4849 687 4889 nou
717 4835 962 4903 pepercit,
990 4835 1078 4888 sed
1111 4833 1412 4887 rudentibus
1441 4832 1634 4900 inferni
1661 4832 1941 4895 detractos,
1971 4832 2025 4884 iu
2053 4839 2165 4882 tar—

555 4938 760 4981 tarum
799 4926 1015 4980 tradidit
1064 4926 1378 4980 cruciandos
1423 4924 1478 4978 in
1513 4923 1782 4993 judicium
1819 4923 2071 4977 reseruari
2119 4931 2166 4975 et

587 5017 831 5088 originali
855 5017 1048 5070 mundo
1087 5033 1190 5071 non
1218 5016 1463 5085 pepercit,
1489 5014 1580 5067 sed
1603 5023 1842 5068 octavum
1876 5011 1991 5066 Noe
2004 5011 2162 5082 justi

588 5109 676 5164 tite
718 5123 1010 5176 prtcconem
1048 5107 1346 5171 custodiuit,
1375 5105 1632 5160 diluvium
1661 5103 1855 5160 mundo
1889 5103 2157 5171 impiorum

589 5203 863 5264 inducens,
893 5201 1184 5260 exemplum
1229 5215 1407 5254 eorum
1435 5239 1450 5264 ,
1496 5198 1584 5267 qui
1623 5197 1778 5265 impie
1812 5195 1982 5248 acturi
2027 5201 2168 5258 sunt,

590 5309 786 5367 ponens
815 5293 899 5363 (II
927 5293 1069 5348 Petr.
1105 5297 1188 5359 ιι).
1243 5291 1396 5358 Item,
1426 5291 1469 5346 si
1503 5289 1642 5344 Deus
1671 5288 1737 5342 ad
1775 5286 2168 5340 multitudinem

593 5387 954 5457 malignorum
986 5387 1316 5456 respiceret,
1367 5393 1444 5440 tot
1493 5383 1658 5438 millia
1699 5383 1972 5437 hominum
2005 5381 2056 5434 in
2083 5381 2176 5433 de-

597 5488 745 5534 serto
772 5477 902 5532 Sina
947 5492 1054 5532 non
1085 5476 1487 5546 proslravisset,
1529 5484 1692 5545 atque
1719 5473 1919 5527 utinam
1950 5485 2176 5540 corpore

601 5578 806 5626 tantum
836 5577 892 5622 et
919 5581 1022 5623 non
1059 5567 1266 5621 anima!
1299 5565 1452 5621 Unde
1492 5565 1544 5618 in
1583 5563 1817 5634 Epistola
1861 5559 2011 5615 Judze
2050 5559 2178 5630 legi-

603 5670 689 5714 tur
721 5677 734 5714 :
767 5659 945 5724 Iesus,
974 5656 1222 5729 populum
1253 5655 1412 5711 lsrael
1438 5655 1501 5709 de
1530 5664 1670 5710 terra
1698 5651 1916 5722 zEgypti
1945 5649 2176 5714 salvans,

604 5750 828 5804 secundo
856 5765 942 5804 eos
975 5749 1063 5826 qui
1104 5763 1202 5802 non
1248 5745 1578 5801 crediderunt
1627 5743 1847 5813 perdidit
1895 5739 2073 5811 (Judtr
2104 5739 2180 5809 v).

2267 4652 2526 4707 honorem
2577 4647 2798 4718 quidem
2847 4646 3094 4700 retinere
3133 4642 3366 4713 propria:
3413 4638 3560 4694 sedis
3582 4677 3598 4701 ,
3657 4633 3854 4690 olierre

2265 4758 2394 4799 vero
2421 4751 2516 4796 aut
2540 4741 2735 4810 alloqui
2769 4738 3021 4809 populum
3047 4777 3062 4801 ,
3105 4743 3200 4790 aut
3234 4732 3458 4789 omnino
3505 4724 3852 4784 sacerdotali-

2267 4837 2369 4892 bus
2400 4833 2546 4902 l'ungi
2580 4830 2792 4892 oﬂiciis,
2825 4843 2929 4882 non
2959 4827 3140 4880 licere.

2270 4945 2404 5002 item
2433 4961 2496 4998 ex
2528 4940 2745 4997 concilio
2789 4937 3030 4999 Nicwno,
3067 4935 3130 4988 de
3163 4934 3244 4987 his
3271 4933 3361 5003 qui
3399 4927 3850 5004 iupersecutioui:

2339 5016 2434 5070 bus
2482 5021 2792 5084 negaverunt
2816 5050 2830 5073 ,
2873 5020 2920 5062 et
2967 5001 3292 5076 postmodum
3340 5005 3396 5055 in
3441 5001 3582 5054 clero
3631 5001 3848 5066 promoti

2339 5094 2482 5140 sunt.

2341 5193 2682 5263 Quicumque
2721 5190 2788 5244 de
2836 5187 3000 5258 lapsis
3025 5187 3091 5241 ad
3132 5183 3376 5240 ordinem
3404 5178 3588 5234 clerici
3625 5172 3852 5245 promoti

2273 5298 2396 5343 sum
2434 5300 2530 5357 per
2569 5280 2930 5352 ignorantiam
2972 5277 3056 5332 vel
3088 5290 3183 5346 per
3205 5269 3574 5328 ordiuantium
3601 5265 3852 5357 dlSSilllu—

2275 5352 2552 5439 lationem,
2588 5374 2692 5428 hoc
2725 5369 3108 5426 ecclesiastica:
3145 5380 3250 5420 non
3282 5359 3596 5432 pra-iudicat
3639 5352 3850 5423 regulae.

2279 5470 2476 5541 cogniti
2507 5479 2739 5535 namque
2765 5463 3121 5532 deponantur.
3163 5456 3258 5510 llis
3293 5455 3478 5541 itaque
3505 5445 3754 5541 digestis,
3791 5441 3851 5496 ad

2281 5532 2598 5614 memeriam
2634 5532 2771 5618 redit
2813 5551 2955 5620 quod
2987 5561 3124 5619 papa
3170 5540 3516 5598 Innocentius
3555 5532 3851 5590 Rusticum,

2280 5648 2374 5718 qui
2413 5646 2608 5701 iterata
2634 5641 2976 5708 ordinatione
3013 5637 3298 5708 presbyter
3334 5628 3556 5718 effectus
3586 5632 3680 5718 est
3701 5661 3746 5718 ,.
3770 5632 3856 5671 ao-

2285 5709 2524 5793 lateritio
2558 5730 2796 5788 Ecclesia
2845 5725 3090 5784 retineri.
3143 5720 3374 5780 Scripsit
3404 5716 3549 5774 enim
3585 5709 3864 5766 Marciano
