3948 5586
102 480 256 539 1085
762 485 1025 544 AUXILII
1064 490 1150 546 DE
1183 489 1413 547 OBDIN.
1453 491 1498 546 Α
1532 491 1857 550 FORMOSO
1896 496 1996 551 PP.
2039 498 2291 557 FACTIS
2321 501 2501 559 LIBRI
2538 503 2694 561 DUO.
3237 509 3375 567 ισιιί

100 596 380 668 episcopo
408 597 709 666 Naisitano,
734 601 920 660 dicens
948 604 1119 675 (epist.
1141 606 1234 675 Si)
1262 626 1280 660 ης
1310 607 1368 661 ln
1396 606 1696 661 Ravennati
1725 608 1778 668 Α
1805 606 2000 665 fuerint
2035 612 2376 685 conjurantes
2398 657 2417 682 ,
2456 627 2554 672 aut
2603 617 2992 687 conspirantes,
3026 630 3118 675 aut
3154 596 3374 681 insidias

102 687 255 742 urbe
290 688 424 743 mihi
454 692 769 780 constituto,
800 696 1274 765 propterliomani
1306 697 1483 767 populi
1513 712 1700 752 neces-
1801 715 2062 770 ponentes
2089 706 2353 776 episcopis
2380 716 2475 762 aut
2497 708 2737 770 clericis,
2779 709 2977 779 gradus
3006 713 3251 780 proprius
3278 714 3377 768 ab-

101 780 316 833 eitates
356 779 741 849 creberrimas,
770 784 1098 842 Germanius
1125 789 1216 857 qui
1253 805 1311 844 se
1341 788 1535 844 asserit
1577 803 1702 858 pre-
1792 789 2030 860 jiciatnr.
2067 794 2328 852 Ccrnisne
2368 813 2531 867 quam
2559 797 2772 852 sublimi
2822 779 3142 855 auctoritate
3187 804 3373 861 clerici

101 869 399 961 sbyterutu
442 880 603 943 atque
651 874 949 946 aneutius
990 880 1082 949 qui
1127 896 1186 936 se
1221 882 1503 937 diaconum
1547 882 1697 945 dicit,
1797 878 1865 935 de
1892 883 2087 951 quibus
2133 900 2311 941 sermo
2356 897 2577 941 exortus
2624 896 2741 951 est,
2795 889 2934 943 inter
2974 890 3259 961 sacrilegos
3316 900 3375 957 et

101 958 415 1015 munerum
454 963 637 1019 talium
683 968 836 1037 quasi
884 969 1149 1040 legatione
1196 983 1443 1044 suscepta
1470 1013 1486 1038 ,
1541 988 1700 1044 prece

100 1051 251 1113 fusa,
287 1052 507 1109 dolores
539 1058 788 1128 proprios
814 1062 1114 1131 exprimere
1143 1065 1506 1131 gestiverunt,
1546 1079 1695 1120 asse-

99 1154 300 1202 rentes
338 1166 400 1206 se
430 1150 649 1218 quidem
690 1152 960 1209 Ecclesias
997 1157 1050 1210 in
1096 1158 1395 1212 dilectionis
1427 1167 1529 1212 tute
1562 1173 1694 1213 con-

97 1240 639 1311 stitutas-parochiis
677 1242 929 1302 retinere.
960 1244 1054 1298 sed
1096 1253 1238 1300 tuam
1266 1248 1694 1303 communionem

99 1346 208 1384 non
250 1333 501 1401 potuisse
530 1333 748 1396 mereri,
775 1348 838 1386 ea
870 1335 1123 1390 videlicet
1157 1337 1362 1391 ratione
1386 1353 1490 1408 qua
1520 1337 1697 1391 Rusti-

98 1423 225 1477 eius
249 1424 483 1492 quidam
515 1424 748 1487 nomine.
791 1425 981 1480 iterata
1017 1428 1378 1497 ordinatione,
1420 1430 1696 1500 presbyte-

98 1513 245 1568 rium
286 1516 620 1586 suscepisset
650 1502 666 1571 ἐ
694 1525 748 1571 et
776 1533 885 1572 non
914 1517 1023 1572 levi.
1050 1519 1432 1589 impedimento
1456 1520 1534 1582 lit,
1567 1521 1692 1574 dum

97 1613 195 1659 aut
226 1606 309 1661 illi
351 1608 533 1663 dolent
574 1608 879 1680 hnjusmodi
912 1611 1182 1666 hominem
1217 1612 1271 1666 in
1300 1612 1538 1667 Ecclesia
1570 1613 1694 1666 reti-

101 1699 242 1759 neri.
276 1709 379 1755 aut
408 1700 497 1757 ille
529 1701 608 1756 sic
653 1716 880 1770 peccare
909 1703 1109 1771 debere
1145 1703 1196 1757 in
1245 1703 1353 1756 alio
1378 1704 1690 1767 arbitretur,

97 1792 564 1859 quemadmodum
599 1792 653 1846 in
682 1808 742 1848 se
770 1793 1017 1863 agnoscit
1052 1809 1173 1849 esse
1198 1804 1497 1864 peccatum.
1533 1793 1695 1849 Simi-

96 1878 221 1934 liter
248 1892 439 1938 autem
466 1891 523 1938 et
552 1884 680 1938 illud
705 1884 1065 1944 recolendum,
1107 1886 1248 1955 quod
1272 1887 1291 1905 ⁹
1329 1885 1693 1940 sulzhaheatur

1797 970 1941 1025 male
1965 972 2275 1042 coniuratos
2311 976 2421 1032 sint
2466 977 2737 1041 habendi,
2784 986 2840 1032 et
2883 978 3145 1033 canonico
3168 978 3374 1047 judicio

1799 1061 2115 1128 reprobandi
2132 1064 2156 1117 ?

1795 1174 1924 1230 CAP.
1958 1177 2069 1251 XII.
2106 1209 2176 1220 —
2204 1179 2270 1234 Ut
2302 1182 2371 1235 ad
2412 1181 2671 1249 synodum
2713 1197 2830 1251 quae
2872 1182 3147 1251 manifeste
3189 1192 3372 1237 contra

1863 1250 2170 1369 galltolicmn
2219 1253 2578 1306 rectitudinem
2642 1253 2752 1323 agit
2808 1268 2910 1306 non
2961 1250 3027 1306 sit
3093 1268 3372 1307 occurren-

1902 1333 2009 1370 um.
3362 1334 3367 1337 '

1865 1427 1968 1481 lar.
2011 1428 2353 1499 Apostolicus
2380 1430 2619 1500 pontifex
2650 1431 2857 1487 vocavit
2893 1438 2944 1484 te
2988 1430 3055 1484 ad
3085 1430 3371 1501 synodum,

1796 1526 1849 1572 tu
1892 1535 2023 1574 vero
2063 1521 2359 1590 jussionem
2398 1522 2519 1590 ejus
2549 1534 2898 1577 contemnens
2930 1537 3220 1576 occurrere
3269 1536 3371 1601 no-l

1793 1609 1957 1665 luisti.
1989 1613 2113 1666 Der.
2149 1612 2204 1667 Si
2234 1614 2521 1682 aliquando
2544 1615 2610 1668 ad
2635 1630 2817 1668 vocem
2841 1613 2944 1683 lupi
2970 1613 3203 1668 cucurrit
3232 1612 3369 1673 otiis.

1792 1707 1845 1754 et
1873 1715 1974 1768 ego
2013 1704 2080 1755 ad
2109 1705 2374 1774 synodum
2411 1705 2552 1757 illam
2604 1720 2888 1759 occurrere
2934 1704 3112 1759 debui.
3163 1703 3259 1756 llic
3286 1711 3370 1757 est

1791 1789 1931 1858 quod
1954 1788 2201 1845 Salvator
2226 1793 2301 1845 ait
2333 1813 2345 1845 :
2384 1812 2402 1843 ι
2431 1792 2569 1847 Oves
2596 1802 2864 1861 pastorem
2895 1805 3210 1862 seqnunmr,
3241 1792 3369 1859 quia

1792 1880 1966 1934 sciunt
1992 1897 2176 1936 vocem
2224 1881 2373 1950 ejus;
2420 1883 2651 1937 alienum
2682 1893 2881 1944 autem,
2914 1900 3017 1936 non
3046 1891 3367 1950 sequuntur,

96 1984 234 2037 papa
262 1969 588 2042 Gregorius,
626 1972 692 2026 ad
721 1972 986 2027 Joannem
1018 1949 1329 2043 episcopum
1356 1974 1690 2031 Ravennatis
1723 1949 1766 2007 Β
1794 1973 1886 2027 sed
1917 1971 2129 2042 fugiunt
2155 1975 2223 2028 ab
2247 1949 2331 2038 eo,
2367 1976 2489 2044 quia
2520 1990 2623 2028 non
2661 1983 2924 2028 noverunt
2944 1981 3133 2027 'vocem
3161 1973 3369 2027 alieno-

97 2060 361 2117 Ecclesiae
383 2063 647 2126 scribens,
673 2062 803 2118 dicit
830 2078 845 2116 :
875 2062 1007 2117 illud
1037 2064 1180 2133 quod
1206 2063 1406 2129 dicitis,
1435 2073 1492 2118 ut
1524 2065 1570 2121 is
1597 2064 1689 2134 qui

95 2153 387 2209 ordinatus
419 2165 498 2209 est
533 2157 723 2209 iterum
754 2156 1059 2218 ordinetur,
1081 2156 1240 2209 valde
1271 2156 1555 2211 ridiculum
1584 2165 1687 2220 est,

98 2256 150 2301 et
178 2247 249 2301 ab
282 2248 489 2316 ingenii
517 2250 681 2303 vestri
724 2249 1159 2303 consideratione
1202 2257 1544 2313 extraneum,
1583 2250 1685 2304 nisi

98 2337 234 2391 forte
265 2339 416 2406 quod
448 2339 752 2408 exemplum
784 2338 849 2392 ad
886 2339 1119 2394 medium
1151 2340 1456 2404 deducitur,
1485 2341 1551 2395 de
1582 2355 1688 2410 quo

96 2437 148 2481 et
184 2428 274 2482 ille
313 2427 591 2496 judicatus
616 2439 734 2492 est,
771 2430 1000 2500 qui,tale
1034 2430 1235 2501 aliquid
1275 2430 1468 2488 fecisse
1509 2432 1688 2502 perhi-

97 2517 273 2572 betur.
339 2518 529 2572 Nonne
572 2520 724 2575 vides
773 2520 914 2589 quod
959 2520 1327 2590 hujuscemodi
1386 2530 1687 2591 transgres-

96 2620 267 2669 sores,
300 2615 360 2661 et
391 2605 504 2675 jam
537 2608 676 2677 apud
726 2609 1028 2664 anteriores
1073 2609 1265 2665 Patres
1310 2610 1421 2680 jam
1457 2608 1685 2678 judicati

98 2695 237 2750 sint?

97 2803 219 2859 Car.
253 2803 353 2860 Xl.
382 2838 454 2879 —7
482 2805 547 2860 Ut
573 2808 935 2878 juramentum
971 2809 1110 2879 quod
1151 2809 1220 2862 ad
1254 2808 1421 2863 scelus
1448 2811 1684 2864 commit-

306 2876 522 2930 tendum
556 2876 798 2947 pertinet,
835 2895 937 2932 non
965 2876 1032 2932 sit
1065 2880 1461 2934 observandum.

158 2965 267 3021 lar.
323 2965 457 3022 Cum
507 2984 719 3023 summo
756 2970 995 3040 pontiﬁci
1048 2971 1100 3025 in
1145 2971 1395 3027 omnibus
1442 2972 1513 3028 sit
1554 2973 1682 3028 obe-

101 3058 382 3128 diendum,
419 3070 473 3115 tu
504 3075 534 3114 e
564 3062 840 3117 contrario
871 3062 1006 3117 dicis
1031 3072 1092 3117 ut
1115 3063 1420 3133 quicunque
1448 3079 1513 3120 ex
1536 3063 1681 3120 clero

96 3165 150 3204 se
181 3151 253 3206 illi
276 3152 593 3222 iuramento
621 3154 1025 3214 constrinxerit,
1064 3163 1333 3224 quatenus
1359 3153 1425 3211 ad
1457 3155 1680 3211 subver-

96 3240 310 3294 tendam
358 3241 751 3298 ordinationem
798 3242 1012 3313 adiutor
1047 3246 1263 3311 cxistat,
1301 3246 1562 3302 canonico
1607 3247 1678 3301 sit

89 3328 288 3396 judicio
322 3331 660 3402 plectendus.
713 3334 842 3389 Der.
899 3334 980 3388 Ad
1032 3336 1239 3391 scelera
1288 3337 1672 3392 committenda

95 3421 216 3475 nulli
260 3439 501 3493 unquam
548 3425 805 3494 potestati
859 3422 1340 3496 obtemperandum
1387 3435 1469 3483 est
1497 3469 1511 3494 ,
1548 3430 1674 3499 quia

92 3513 198 3567 edit
237 3513 505 3571 Dominus
538 3533 728 3573 omnes
755 3518 847 3588 (ιιιιί
901 3528 1196 3589 operantur
1231 3518 1587 3590 iniquitatem,
1620 3529 1677 3577 et

93 3605 274 3673 perdet
310 3620 402 3660 eos
430 3606 519 3676 qui
564 3606 856 3676 loquuntur
903 3610 1240 3665 meudacittm
1292 3609 1465 3681 (Psal.
1495 3619 1573 3681 v).
1608 3612 1676 3667 Et

91 3692 382 3763 Apostolus
414 3714 428 3750 :
458 3695 580 3750 Non
612 3696 781 3751 solum
810 3699 900 3767 qui
930 3714 1092 3768 prava
1122 3699 1345 3769 faciunt,
1376 3702 1469 3754 sed
1504 3709 1553 3755 et
1582 3702 1674 3771 qui

91 3786 416 3840 consentiunt
441 3787 770 3856 facientibus.
796 3788 943 3859 digni
967 3788 1270 3844 efficiuntur
1296 3799 1461 3845 morte
1484 3807 1675 3862 perpe-

92 3882 175 3929 tua
202 3876 380 3947 (liam.
406 3879 469 3948 ι).
499 3878 606 3934 lae.
634 3878 1001 3951 Quisquamne
1023 3882 1256 3937 ﬁdelium
1278 3883 1670 3953 jnramentum,

93 3971 228 4037 quod
256 3970 430 4026 semel
477 3972 823 4041 spoponderit
846 4014 861 4038 ,
893 3974 1112 4030 audebit
1146 3974 1323 4030 liciter
1350 3976 1560 4030 irritum
1588 3975 1671 4031 fa-

93 4059 242 4113 cere?
267 4052 399 4114 Dur.
428 4059 799 4116 Jnramentum
829 4064 976 4131 quod
1001 4080 1029 4117 a
1055 4073 1282 4133 peccato
1306 4065 1538 4121 alienum
1566 4072 1668 4132 est,

93 4146 430 4215 praevaricari
487 4167 594 4207 non
642 4154 820 4208 debet.
877 4152 1253 4211 Juramentum
1300 4167 1480 4212 autem
1528 4158 1670 4228 quod

94 4240 318 4307 pertinet
341 4241 431 4295 ‘ad
478 4242 653 4298 scelus
699 4244 1165 4313 committendum,
1194 4248 1470 4303 observari
1517 4249 1670 4305 nefas

95 4339 188 4382 est.
237 4328 309 4387 Ut
337 4340 532 4386 etetcra
564 4333 808 4387 omittam
838 4373 853 4399 ,
904 4333 1073 4390 David
1124 4336 1195 4390 ad
1240 4352 1428 4407 preces
1461 4337 1673 4408 Abigaii

92 4416 255 4476 flexus
276 4463 290 4485 ,
326 4423 605 4478 remissius
633 4424 793 4495 elegit
834 4423 1126 4494 periurium
1159 4428 1438 4486 incurrere
1459 4470 1474 4494 ,
1507 4446 1667 4499 quam

95 4506 434 4565 homicidium
463 4520 796 4582 perpetrare.
830 4514 1066 4571 Herodes
1092 4526 1274 4572 autem
1297 4519 1424 4588 quia
1448 4520 1499 4573 in
1521 4519 1670 4587 jure~

1789 2077 1906 2116 runt
1943 2061 2126 2128 (Joan.
2158 2063 2233 2133 κ).
2273 2083 2289 2111 ι
2335 2066 2415 2118 An
2451 2080 2554 2118 non
2583 2072 2708 2118 sunt
2735 2065 2864 2133 lupi,
2895 2080 2999 2118 non
3028 2073 3151 2117 sunt
3180 2062 3365 2127 alieni,

1789 2151 1878 2222 qui
1906 2150 2179 2219 prrefatam
2207 2152 2601 2208 ordinationem
2631 2152 3028 2213 subvertenles,
3062 2149 3174 2206 fere
3202 2159 3369 2205 totam

1786 2242 1991 2297 Italiam
2044 2259 2073 2297 a
2129 2244 2373 2313 pluribus
2421 2247 2578 2299 annis
2627 2246 2791 2300 veluti
2849 2260 3111 2315 paganam
3163 2249 3371 2312 absque

1789 2331 1985 2387 Christi
2010 2334 2264 2405 religione
2286 2336 2487 2390 vixisse
2509 2336 2915 2406 blasphemant?
2942 2335 3200 2389 Dominus
3219 2336 3362 2390 enim

1785 2423 1922 2477 dixit
1950 2432 2006 2479 et
2030 2421 2155 2479 fecit
2188 2439 2203 2478 :
2231 2424 2414 2479 Bonus
2442 2422 2635 2479 Pastor
2660 2425 2890 2478 animum
2914 2439 3063 2478 suam
3093 2424 3241 2493 ponit
3275 2440 3369 2486 pro

1785 2512 1962 2567 ovibus
1988 2514 2097 2568 suis
2129 2513 2350 2583 (Ibid.),
2392 2530 2491 2569 vos
2532 2529 2564 2569 e
2593 2515 2865 2570 contrario
2898 2514 3202 2568 Dominicas
3239 2528 3370 2569 oves

1784 2602 1984 2672 lupinis
2009 2604 2262 2659 dentibus
2290 2620 2397 2659 non
2434 2613 2640 2659 tantum
2680 2619 2925 2674 corpore,
2959 2606 3077 2669 sed,
3106 2604 3247 2674 quod
3276 2613 3367 2660 est

1783 2691 2070 2759 infelicius,
2092 2703 2148 2748 et
2171 2693 2349 2748 anima
2377 2694 2687 2765 discerpere
2713 2708 2818 2749 non
2844 2695 3183 2750 erubescitis.
3218 2694 3364 2750 Istud

1781 2788 1865 2837 est
1892 2783 2034 2853 quod
2060 2784 2251 2838 beatus
2275 2783 2568 2854 Gregorius
2592 2783 2785 2839 dolens
2810 2784 2940 2839 dicit
2969 2802 2982 2838 :
3006 2782 3365 2839 Considerate

1782 2872 1909 2943 quid
1932 2873 1997 2926 de
2025 2873 2278 2943 gregibus
2306 2887 2516 2942 agatur,
2547 2874 2763 2944 quando
2790 2873 2900 2944 lupi
2932 2883 3179 2943 pastores
3208 2872 3361 2936 fiunt,

1780 2977 1964 3023 contra
1998 2982 2132 3037 quos
2163 2967 2254 3023 Dei
2290 2984 2481 3040 greges
2527 2952 2799 3023 custodire
2844 2967 3162 3022 debuerant.
3219 2966 3366 3022 Con-

1782 3056 1995 3126 tempsit
2042 3072 2333 3127 properare
2375 3058 2443 3111 ad
2487 3057 2772 3113 concilium
2816 3057 2929 3111 :ad
2972 3055 3131 3125 quale
3175 3055 3362 3110 conci-

1779 3146 1949 3201 lium?
1992 3146 2212 3204 Scilicet
2258 3149 2346 3203 ubi
2396 3150 2632 3204 secundo
2673 3149 2994 3221 baptismate
3029 3148 3361 3219 haptizarer,

1781 3254 1844 3294 ac
1865 3254 1964 3309 per
1989 3241 2090 3295 hoc
2119 3256 2224 3296 non
2253 3240 2590 3311 purilicaIus,
2621 3256 2715 3295 seu
2748 3239 3144 3294 contaminatus
3166 3238 3367 3294 existe-

1779 3345 1914 3385 rent.
1945 3329 2304 3397 Quamobrem
2336 3330 2629 3385 salubriter
2653 3329 2788 3401 elegi
2815 3345 2937 3383 cum
2975 3330 3139 3384 David
3177 3329 3363 3384 verbis

1776 3429 1831 3476 et
1861 3430 1983 3476 actu
2014 3436 2207 3476 canere
2240 3440 2253 3475 :
2293 3439 2312 3473 ι
2355 3419 2468 3474 Non
2511 3420 2622 3475 sedi
2651 3420 2706 3474 in
2741 3420 2971 3474 concilio
3002 3417 3273 3482 vanitatis,
3304 3427 3362 3472 et

1774 3526 1896 3564 cum
1928 3509 2106 3580 iniqua
2136 3508 2451 3579 gerentibus
2488 3524 2593 3565 non
2644 3507 2877 3562 introibo
2910 3525 2924 3560 :
2951 3506 3093 3561 odivi
3120 3521 3357 3575 congre-

1773 3604 2014 3674 gationes
2055 3602 2415 3672 malignorum
2446 3641 2462 3665 ,
2508 3610 2562 3655 et
2618 3616 2739 3655 ctnn
2793 3599 2972 3670 impiis
3005 3614 3115 3654 non
3158 3596 3358 3653 sedebo

1775 3690 1947 3765 (Psol.
1984 3690 2134 3762 xxv).
2168 3708 2185 3742 ι

1771 3805 1901 3862 ὼε».
1931 3803 2067 3861 Xlll.
2102 3835 2168 3844 —
2209 3801 2364 3868 Quod
2399 3805 2799 3873 prmpositoruut
2841 3798 3141 3873 culpata“
3179 3813 3365 3852 omnes

2019 3873 2250 3945 tegenda:
2282 3870 2515 3927 sint'ncc
2542 3888 2717 3925 omnes
2746 3870 3098 3924 denudanda.

1839 3967 1948 4023 lar.
1997 3964 2417 4034 Praapositorum
2452 3962 2624 4032 culpa:
2647 3960 2801 4032 juxta
2829 3958 3186 4015 reverentiam
3217 3957 3354 4012 lilio-

1770 4073 1889 4113 rum
1916 4056 2052 4123 Noe,
2083 4071 2111 4111 a
2138 4054 2368 4111 subditis
2390 4052 2725 4108 denudanda:
2754 4065 2860 4105 non
2889 4059 3036 4114 sunt,
3060 4049 3153 4103 sed
3176 4049 3371 4118 potius.

1770 4151 2029 4221 tegendzc.
2063 4150 2190 4204 Der.
2226 4146 2539 4216 Exemplum
2571 4144 2695 4200 Sent
2722 4153 2778 4199 ct
2801 4142 3014 4213 Japhet,
3039 4142 3091 4196 in
3120 4158 3184 4197 eo
3210 4143 3359 4210 quod

1767 4242 1939 4313 patris
1967 4241 2199 4296 verenda
2244 4246 2639 4308 cooperuerunt
2684 4234 2833 4304 (Gen.
2866 4235 2978 4304 ut»),
3025 4232 3359 4287 discretione

1767 4330 2043 4400 adjuncta,
2075 4330 2151 4384 ita
2179 4343 2278 4383 nos
2302 4325 2501 4382 imitari
2526 4333 2755 4394 oportet,
2784 4331 2843 4377 ut
2867 4336 2965 4377 nec
2985 4322 3052 4375 ad
3078 4322 3344 4382 dextram,

1768 4438 1867 4478 nec
1895 4422 1962 4476 ad
1995 4421 2274 4475 sinistram
2305 4417 2575 4471 declinare
2599 4401 2896 4468 videamur.
2928 4413 3043 4479 Qua
3070 4412 3137 4466 de
3169 4426 3227 4466 re
3252 4426 3354 4466 nec

1766 4525 1957 4567 omnes
1980 4508 2388 4580 praepositorum
2411 4505 2579 4573 culpa:
2611 4503 2847 4573 tegendae
2868 4510 3019 4568 sunt,
3042 4517 3142 4555 nec
3161 4512 3355 4555 omnes

86 4594 311 4663 iurando
338 4602 716 4661 discretionem
748 4606 947 4663 habere
984 4607 1239 4678 neglexit,
1267 4608 1539 4665 homicidii
1568 4610 1665 4665 ba-
1692 4630 1744 4691 υ
1768 4602 2115 4657 denudandte.
2151 4601 2220 4657 Ut
2246 4612 2437 4656 caetera
2466 4599 2735 4661 omittam.
2772 4596 2859 4650 illa
2892 4596 3144 4650 nimirum
3195 4593 3353 4691 culpa

96 4689 330 4745 ratbrum
362 4692 607 4749 incurrit.
636 4695 887 4762 Attende,
920 4697 1158 4766 inquam,
1190 4699 1317 4769 quid
1344 4715 1408 4754 ex
1444 4700 1545 4756 hoc
1570 4686 1729 4755 lsi-tw
1773 4708 1893 4763 qua:
1922 4691 2201 4748 catholicae
2234 4691 2477 4761 religioni
2519 4688 2680 4744 ollicit
2712 4729 2727 4753 ,
2778 4688 2825 4743 si
2872 4688 3030 4742 aliter
3072 4686 3350 4741 emendari

94 4778 246 4834 dorus
286 4793 536 4848 censeat;
589 4784 664 4839 ait
699 4786 840 4841 enim
886 4804 899 4840 :
939 4786 1055 4842 Non
1104 4797 1185 4844 est
1232 4789 1662 4845 conservandum

95 4882 487 4929 sacramentum
516 4876 658 4946 quod
698 4875 838 4932 male
864 4884 917 4933 et
946 4876 1161 4935 incaute
1185 4878 1535 4949 promittitur,
1569 4896 1662 4935 ve-

94 4956 181 5015 luti
217 4962 259 5016 si
295 4963 559 5034 quispiam
610 4965 866 5022 adultera:
901 4977 1212 5036 perpetuam
1263 4984 1384 5023 cum
1430 4985 1493 5026 ea
1549 4983 1669 5024 ma-

94 5050 241 5105 nendi
274 5051 432 5106 ﬁdem
460 5053 794 5123 polliceatur,
827 5056 1161 5114 tolerabilius
1185 5068 1398 5114 estnon
1435 5060 1661 5131 implere

96 5150 476 5224 sacramentum
501 5184 517 5209 ,
554 5157 715 5213 quam
746 5160 1063 5215 permanere
1111 5148 1165 5203 in
1217 5149 1385 5219 stupri
1436 5150 1660 5224 flagitio.

93 5221 189 5279 lar.
240 5227 616 5298 Huiuscemodi
667 5232 987 5288 testimoniis
1031 5251 1137 5290 non
1168 5236 1300 5292 satis
1331 5221 1559 5312 apparet
1605 5245 1663 5292 ut

94 5318 309 5389 quisque
334 5335 432 5390 pro
461 5323 551 5379 tali
578 5323 890 5393 iuramento
918 5339 949 5379 a
977 5342 1132 5385 sacro
1159 5328 1348 5385 ordine
1377 5335 1450 5391 sit
1478 5345 1659 5390 remo-

1772 4798 1877 4839 non
1907 4791 2105 4854 potest,
2137 4780 2322 4851 procul
2341 4781 2503 4837 dubio
2531 4777 2848 4833 denudanda
2875 4786 2976 4842 est,
3010 4792 3077 4837 ne
3102 4790 3199 4844 per
3229 4791 3350 4829 eam

1771 4872 1972 4942 ignara:
2001 4871 2085 4927 vel
2116 4870 2389 4943 simplices
2428 4870 2619 4924 anima:
2647 4879 2894 4936 pereant.
2933 4866 3191 4936 Quasdam
3218 4880 3353 4934 pra:-

1768 4963 2064 5034 positorum
2096 4962 2282 5032 culpae,
2319 4970 2455 5018 teste
2484 4959 2782 5016 Pontiﬁcali
2814 4960 2973 5026 libro,
3009 4959 3140 5014 adeo
3167 4971 3354 5025 super—
3405 4968 3419 4978 ‘

1768 5057 2063 5123 abundant,
2094 5068 2151 5113 ut
2176 5057 2424 5128 apicibus
2456 5056 2763 5119 tradantur,
2792 5057 2981 5127 utique
3008 5068 3112 5109 non
3150 5060 3210 5104 ut
3237 5049 3358 5104 imi-

1768 5160 1972 5219 tentur,
2000 5151 2095 5205 sed
2123 5159 2181 5206 ut
2206 5167 2235 5204 a
2264 5154 2498 5220 posteris
2528 5157 2848 5203 caveantur.
2878 5149 3072 5205 Notum
3101 5150 3184 5197 est
3212 5141 3357 5196 enim

1763 5242 1909 5307 quod
1942 5238 2085 5298 mala
2126 5240 2541 5309 priepositorum
2593 5233 2735 5288 acliu
2766 5236 3094 5306 generaliter
3133 5227 3362 5282 subditis

1764 5342 2009 5398 noceat,
2046 5330 2188 5399 quod
2235 5341 2461 5397 peccata
2514 5321 2659 5393 regis
2703 5326 3008 5383 redundent
3036 5325 3089 5378 in
3118 5333 3360 5387 regnum.

92 5410 298 5467 rendus.
334 5412 458 5467 Der.
485 5415 620 5470 Post
644 5411 912 5472 Nicaeuum
940 5422 1224 5477 concilium
1248 5421 1658 5484 Chalcedonen-
1761 5414 1873 5476 Sed
1907 5435 2049 5478 nunc
2079 5418 2147 5474 de
2178 5418 2265 5472 illa
2303 5421 2461 5492 culpa
2513 5411 2827 5483 specialiter
2856 5433 3032 5477 sermo
3061 5413 3368 5516 frequenta-

92 5505 156 5536 εἰ.
175 5505 401 5546 ‘Vnm'ne
424 5505 762 5540 ηοιηΙΛοῗσΑοῖιι
792 5510 980 5544 mli-sal
1008 5514 1238 5548 “almam
1286 5515 1374 5556 ιιιη
1400 5518 1650 5568 ηἰυνιεμοοηῖ

1761 5514 1854 5542 ιιι-
1908 5526 2031 5548 “non
2060 5506 2406 5548 mpﬁr'I'nan
2440 5507 2519 5548 vnl
2553 5501 2828 5552 ςῖιιιηΙίηρςε
2861 5511 2913 5546 in
2956 5525 2978 5534 ~
3020 5507 3052 5522 ’⁸
