3948 5578
546 431 683 487 1087

542 634 840 691 Imitatores
871 640 969 692 mei
998 650 1161 695 estote
1191 642 1448 716 (Philipp.
1482 651 1584 718 ιιι),
1617 653 1670 707 in
1702 634 1894 712 faciem
1927 662 2127 716 restitit

541 726 902 796 apostolorum
924 729 1150 801 principi
1174 732 1351 799 Petro,
1368 738 1492 806 quia
1518 743 1954 811 reprehensibilis
1971 759 2123 818 erat;

538 835 609 874 eo
655 820 795 887 quod
841 822 1066 891 gentiles
1111 824 1163 879 in
1212 828 1535 896 quibusdam
1579 832 1866 903 judaizare
1907 852 2125 910 cogeret

539 906 737 979 (Colat.
768 911 848 982 ιι).
885 912 1035 979 Quod
1061 914 1297 985 claviger
1324 922 1469 991 regni
1496 922 1757 981 caelorum
1791 929 1926 985 adeo
1951 906 2121 989 liben-

539 1011 623 1055 ter
650 1004 919 1073 suscepit,
967 1015 1026 1061 ut
1055 1009 1101 1061 ei
1152 1010 1456 1069 nullomodo
1485 1022 1915 1089 contradireret,
1949 1036 2004 1081 et
2037 1028 2123 1084 in-

535 1105 698 1162 super
723 1094 839 1163 ejus
868 1097 1188 1155 documenta
1231 1103 1284 1156 in
1310 1120 1405 1158 sua
1442 1107 1685 1165 laudaret
1714 1112 1972 1183 Epistula.

533 1203 664 1260 CAP.
715 1207 959 1291 XIV..—
992 1210 1061 1298 l'Jt
1106 1221 1583 1298 excomiiiitnicatio
1634 1243 1752 1298 quae
1796 1229 1867 1282 ad
1914 1230 2121 1298 facinus

680 1281 1105 1338 committendum
1139 1290 1357 1354 pertinet
1402 1307 1504 1344 non
1538 1294 1606 1347 sit
1635 1281 1976 1355 ὀὸεειϊαιιιίιι.

536 1376 542 1460 ς
606 1386 713 1441 lar.
746 1387 1025 1455 Quomodo
1054 1396 1450 1467 parvipendens
1499 1408 1847 1475 apostolicam
1896 1429 2116 1471 excom-

534 1479 953 1536 municationem
983 1525 997 1548 ,
1034 1485 1312 1545 celebrare
1343 1494 1627 1551 missarum
1676 1501 1935 1558 solemnia
1982 1522 2118 1576 pne-

534 1570 850 1637 sumpsisti?
885 1572 1013 1628 Der.
1048 1575 1138 1630 illa
1175 1581 1423 1648 equidem
1466 1593 1954 1650 cxcommunicatio
1996 1614 2116 1669 qum

531 1660 597 1714 ad
648 1663 984 1736 sacrilegium
1033 1675 1477 1732 committendum
1530 1685 1759 1750 pertinet
1801 1704 1897 1756 pro
1948 1695 2115 1753 nihilo

530 1747 771 1807 ducenda
813 1764 917 1819 est,
949 1768 1003 1810 et
1034 1762 1340 1820 nullatenus
1371 1769 1728 1828 observanda.
1771 1777 1978 1850 Quippe
2009 1787 2111 1839 sub

528 1839 898 1907 hujuscemodi
947 1852 1233 1910 occasione
1283 1860 1473 1926 cogitis
1522 1879 1605 1917 me
1641 1880 1835 1935 negare
1861 1877 2110 1930 sacerdo-

1238 468 1245 469 ί
1293 441 1571 502 ιιψεθιι).
1615 412 1707 504 tu)
1741 452 1913 511 sese.
1959 457 2050 514 nt.
2090 491 2096 500 ς

2208 461 2556 528 ιυρτοιιες
2594 474 2755 531 rum
2793 446 3107 539 mesen.

543 545 818 601 debemus.
868 546 1108 619 Denique
1152 557 1427 623 apostolus
1456 559 1676 628 Paulus,
1733 567 1823 636 qui
1875 569 2075 626 clamat
2111 590 2125 627 ;
2156 575 2202 634 Α
2234 580 2286 634 in
2333 598 2573 643 amarum

3680 495 3790 552 ιοςι

2612 585 2746 657 (lca.
2781 588 2833 660 v)
2867 609 2929 657 »ς
2979 602 3035 647 et
3073 592 3200 648 illud
3247 614 3260 649 :
3310 617 3328 649 ι
3379 599 3440 653 Si
3480 609 3792 671 separantis

2227 673 2520 738 pretiosmn
2553 691 2582 729 a
2622 677 2731 740 vili,
2757 680 2908 747 quasi
2934 696 2998 736 os
3026 698 3202 737 meum
3234 687 3349 741 eris
3379 686 3605 749 (Jerem.
3630 694 3717 750 xv)
3739 714 3789 759 »ς

2225 764 2279 811 et
2323 759 2449 815 illud
2489 778 2504 816 :
2552 783 2571 814 ι
2617 765 2859 824 Minister
2899 769 2991 824 Dei
3029 782 3115 827 est
3156 773 3249 829 tibi
3295 775 3348 829 in
3391 777 3597 834 bonum
3638 780 3792 849 (Rau.

2223 851 2370 917 xm).
2402 871 2419 903 ι
2455 852 2662 911 Interea
2691 867 2747 912 ct
2772 859 2875 914 hoc
2905 860 3273 928 recolendum,
3305 870 3573 936 quoniam
3599 873 3794 941 quidem

2225 937 2314 995 ille
2352 945 2445 1013 qui
2476 945 2610 1000 dicit
2643 965 2655 999 :
2684 947 2834 1005 Iuste
2861 965 2928 1006 an
2958 951 3155 1021 injuste
3179 955 3387 1026 obliget
3417 937 3635 1023 Pastor,
3668 967 3793 1033 gregi

2222 1029 2522 1088 timendum
2550 1045 2651 1091 est.
2681 1038 2797 1108 Ipse
2828 1041 2879 1094 in
2902 1043 3088 1097 eodem
3119 1043 3237 1099 loco
3262 1046 3399 1110 dicit
3434 1066 3448 1099 :
3480 1048 3595 1104 Sub
3625 1029 3796 1124 magno

2224 1124 2590 1181 moderamine
2619 1139 2863 1197 pastores
2890 1133 3143 1192 Ecclesiae
3184 1138 3283 1192 vel
3318 1140 3797 1201 solverer-swdeant

2220 1213 2303 1268 vel
2333 1216 2501 1285 ligare
2551 1218 2875 1292 Plerumque
2904 1225 3167 1297 contingit
3198 1236 3257 1281 ut
3283 1229 3374 1284 hic
3404 1229 3614 1297 judicis
3638 1234 3797 1288 locum

2224 1316 2421 1372 teneat,
2454 1311 2543 1381 qui
2573 1312 2638 1367 ad
2671 1313 2845 1370 locum
2869 1317 2975 1371 vita
3007 1319 3228 1376 minime
3248 1325 3573 1390 concordat,
3599 1338 3658 1382 et
3677 1344 3796 1399 me

2213 1397 2396 1468 agitur
2417 1410 2474 1454 ut
2504 1402 2585 1457 vel
2613 1404 2829 1460 damnet
2858 1407 3176 1475 immeritos,
3200 1413 3283 1468 vel
3309 1415 3450 1471 alios
3478 1419 3595 1487 ipse
3622 1397 3797 1491 ligatis

2220 1487 2425 1544 solvat..
2454 1490 2519 1545 Et
2568 1491 2705 1548 infra
2726 1509 2750 1551 _:
2786 1493 3034 1554 Judicare
3064 1510 3245 1557 autem
3277 1503 3447 1576 digne
3474 1508 3548 1562 de
3584 1487 3798 1568 subditis

2210 1585 2511 1647 nequeunt,
2542 1584 2632 1651 qui
2667 1584 2718 1639 iu
2751 1587 3086 1644 subditorum
3126 1594 3309 1648 causis
3336 1610 3436 1649 sua
3464 1597 3555 1651 vel
3579 1600 3704 1655 odia
3725 1600 3795 1654 vel

2216 1669 2444 1736 gratiam
2487 1684 2805 1742 sequuntur.
2857 1677 3009 1732 Unde
3050 1690 3198 1736 recte
3238 1699 3339 1753 per
3374 1675 3700 1757 Propheta
3722 1691 3796 1743 di-

2217 1762 2358 1815 citur
2381 1777 2396 1815 :
2426 1782 2444 1815 ι
2477 1762 2871 1824 Mortilieabant
2894 1772 3102 1827 animas
3123 1791 3246 1843 qua:
3269 1792 3377 1831 non
3405 1782 3729 1844 moriuntur,
3748 1794 3797 1835 et

2216 1852 2564 1911 viviticabant
2590 1858 2798 1914 animas
2833 1875 2953 1929 qua:
2981 1879 3085 1917 non
3116 1865 3303 1921 vivunt
3355 1868 3581 1945 (βιαία.
3609 1873 3747 1939 xm).
3774 1897 3789 1924 ι

530 1933 686 1993 tium.
712 1940 853 2006 quod
880 1955 1006 1997 ecce
1021 1941 1132 2008 jam
1155 1945 1283 2001 circi
1396 1950 1580 2020 viginti
1616 1925 1784 2011 annos
1816 1974 1909 2027 per
1937 1969 2104 2019 totam
2143 1925 2187 1985 Β
2217 1940 2499 2000 Ροδίνθωο
2544 1956 2723 2003 “mpm
2752 1989 2767 2012 '
2820 1966 2918 2005 "ec
2964 1951 3093 2007 mm!
3141 1955 3407 2013 ommoni
3468 1962 3792 2021 mimum

526 2024 819 2082 Ausoniam
853 2032 1061 2087 Domini
1098 2034 1395 2094 Salvatoris
1417 2042 1550 2112 regit
1579 2043 1892 2112 Ecclesiam,
1920 2062 1975 2106 et
2001 2062 2109 2110 tam

526 2129 626 2180 pro
656 2119 791 2175 vivis
820 2139 980 2192 quam
1007 2128 1169 2181 etiam
1202 2144 1299 2197 pro
1334 2132 1601 2190 defunctis
1635 2137 1998 2199 ecclesiastica
2030 2147 2111 2201 of-

529 2203 670 2272 ficia,
701 2219 758 2263 ut
787 2214 950 2269 moris
979 2226 1080 2281 est,
1118 2218 1464 2289 frequentare
1497 2241 1600 2279 non
1634 2240 1829 2284 cessat.
1868 2234 1933 2288 Et
1964 2239 2107 2305 quod

524 2303 611 2350 est
652 2298 886 2356 deterius
911 2345 925 2366 ,
975 2309 1373 2366 consentientes
1405 2314 1555 2369 vobis
1586 2315 1776 2371 iterum
1826 2320 1878 2374 in
1916 2327 2105 2381 eodem

525 2388 692 2456 gradu
720 2406 1041 2450 consecrare
1071 2415 1174 2454 non
1205 2401 1527 2459 formidatis.
1564 2404 1741 2461 lstane
1768 2410 2104 2471 observanda

524 2483 1047 2540 cxconnnunieatio?

525 2588 653 2673 Car.
689 2591 835 2675 AXVn
867 2627 938 2675 ——_
989 2598 1067 2675 _De
1120 2618 1179 2656 eo
1231 2606 1370 2673 quod
1432 2611 1681 2675 scriptum
1738 2625 1813 2668 est
1860 2632 1879 2669 .'
1931 2635 1949 2665 ι
1985 2616 2106 2674 Sive

583 2661 749 2784 juéste,
788 2666 894 2721 sive
922 2668 1113 2738 injuste
1157 2661 1342 2746 obliget
1385 2661 1607 2747 pastor,
1630 2661 2103 2753 ῥὶεῄἷίίὲηεὶιέιὶῑιῖ

591 2748 643 2784 es
673 2772 686 2784 .
738 2753 757 2784 ι

591 2748 686 2785 εει.
738 2753 757 2785 ι

514 2824 519 2829 ’
591 2822 698 2877 lar.
731 2825 855 2881 Sive
876 2826 1035 2899 justo.
1076 2835 1187 2889 sive
1228 2836 1440 2907 injuste,
1478 2853 1533 2898 ut
1561 2856 1783 2904 sanctus
1812 2847 2102 2920 Gregorius

518 2913 617 2978 ait,
647 2917 843 2988 obliget
873 2934 1078 2991 pastor,
1105 2929 1251 2999 gregi
1284 2931 1578 2989 timendum
1608 2946 1726 3004 est,
1773 2957 1841 2995 ne
1868 2956 1963 3011 per
1989 2943 2103 2997 ela-

521 3004 719 3083 tionem
751 3010 967 3066 tumidze
1009 3019 1444 3084 reprehensionis
1489 3028 1642 3097 culpa
1675 3046 1799 3098 quin
1845 3048 1950 3089 non
1979 3044 2099 3090 erat

517 3092 631 3148 fiat.
668 3096 794 3151 Der.
828 3098 885 3153 Si
913 3101 978 3157 de
1008 3107 1205 3160 nostris
1233 3111 1569 3179 negligentiis
1596 3122 1902 3190 nostrisque
1931 3120 2097 3177 allien-

516 3185 757 3241 sionibus
778 3196 1263 3252 excommunicatio
1293 3200 1431 3256 facta
1459 3203 1635 3267 fuerit.
1667 3211 1884 3265 omnino
1912 3212 2097 3268 formi-

515 3273 687 3328 danda
719 3287 820 3341 cst,
858 3290 910 3333 et
944 3297 1111 3351 usque
1141 3288 1207 3341 ad
1258 3290 1347 3361 dig
1372 3308 1475 3345 2am
1527 3296 1958 3355 satisfactionem
2011 3304 2092 3358 vel

515 3362 921 3436 indulgentiam,
950 3374 1162 3440 penitus
1192 3378 1552 3440 observanda.
1583 3385 1852 3443 Czeterum
1884 3407 2014 3449 vero
2043 3395 2095 3449 in

514 3454 599 3509 his
626 3472 745 3525 qua:
776 3462 1062 3519 manifesta
1094 3469 1301 3527 ratione
1328 3472 1438 3528 Deo
1469 3476 1685 3533 inimica
1716 3496 1836 3536 esse
1863 3484 2094 3553 proban-

517 3555 622 3609 tur,
658 3550 854 3605 nuliius
884 3562 1373 3618 excommunicatio
1404 3570 1690 3623 metuenda
1739 3582 1823 3627 cst
1866 3573 1948 3627 vel
1995 3578 2094 3631 ob-

510 3640 790 3693 servanda.
834 3643 990 3699 Verbi
1031 3650 1225 3716 gratia,
1254 3653 1298 3707 si
1334 3669 1419 3709 me
1445 3657 1510 3710 ad
1538 3658 1853 3728 periurium,
1899 3663 2095 3721 falsum

512 3726 898 3793 testimonium,
934 3738 1276 3810 sacrilegium
1322 3744 1406 3800 vel
1452 3747 1834 3817 homicidium,
1879 3770 2094 3819 excom-

512 3818 836 3873 Inunicando
891 3824 1195 3896 impulerit;
1248 3836 1613 3904 nunquitlnam
1668 3841 1719 3895 in
1769 3842 1967 3900 talibus
2009 3846 2091 3901 vel

508 3919 694 3959 eormn
725 3910 1010 3979 similibus,
1043 3922 1273 3988 pastoris
1318 3932 1804 3987 excommunicatio
1855 3934 2090 3991 timenda

508 3998 589 4050 vel
620 3998 860 4057 facienda
896 4023 1013 4061 esse
1052 4010 1396 4070 decernitur?
1438 4018 1745 4078 Prmsertim
1777 4041 1900 4080 cum
1946 4027 2090 4084 dicat

507 4087 794 4156 Apostolus
836 4111 849 4147 :
888 4094 1009 4152 Non
1031 4101 1200 4156 solum
1224 4105 1314 4174 qui
1343 4122 1505 4176 prava
1536 4110 1759 4179 faciunt,
1798 4115 1890 4169 sed
1928 4126 1975 4170 et
2000 4119 2090 4188 qui

506 4183 831 4238 consentiunt
861 4185 1174 4253 facientibus
1203 4196 1347 4266 digni
1378 4197 1683 4256 efﬁciuntur
1708 4216 1872 4260 morte
1902 4222 2088 4279 perpe-

506 4278 593 4324 tua
625 4270 802 4338 (noni.
842 4278 902 4346 l).
954 4279 1067 4335 lar.
1117 4283 1267 4341 Hanc
1315 4288 1556 4359 Apostoli
1598 4270 1923 4352 sententiam
1961 4270 2087 4355 ecce

495 4356 604 4428 jam
633 4360 715 4418 bis
746 4366 982 4433 obiicere
1015 4389 1118 4429 non
1149 4376 1349 4433 vitasti.
1377 4380 1507 4437 Der.
1528 4383 1583 4439 Si
1612 4389 1828 4456 quando
1852 4393 2085 4448 necessi-

500 4459 582 4505 tas
612 4453 890 4522 incumbit,
924 4477 1028 4515 non
1056 4464 1176 4519 dico
1203 4467 1288 4523 bis
1315 4480 1407 4525 aut
1435 4481 1536 4539 ter,
1568 4453 1660 4531 sed
1685 4479 1847 4534 etiam
1876 4483 2084 4539 centies

499 4556 663 4598 unum
693 4546 940 4620 idemque
971 4556 1336 4615 testimonium
1381 4565 1618 4623 sinistris
1658 4576 2083 4641 argumentatio-

468 4632 654 4690 ‘nibus
704 4639 928 4698 lideuer
972 4662 1238 4717 opponam
1265 4694 1281 4719 ,
1335 4670 1436 4712 nec
1479 4658 1780 4729 immerito;
1836 4669 2077 4737 agonista

495 4727 639 4780 enim
680 4739 866 4786 contra
897 4736 1489 4803 diversainimieOrnm
1528 4748 1707 4818 jacula
1755 4770 1863 4811 uno
1912 4759 2079 4814 utitur

416 4878 423 4883 ἱ
494 4813 701 4886 clypeo.
727 4821 829 4876 lar.
861 4822 1144 4896 Responde
1173 4834 1303 4888 mibi
1331 4813 1599 4905 quomodo
1627 4826 1894 4900 hactenus
1915 4861 2079 4917 super

492 4908 805 4973 pontificum
842 4923 1498 4984 exeommunicationibus
1541 4932 1841 4991 istiusmodi
1881 4939 2077 4994 distin-

491 4996 727 5054 ctionem
774 5004 953 5062 nullus
999 5008 1179 5069 facere
1226 5021 1613 5090 praesumpsit?
1676 5025 1803 5079 Dsr.
1861 5027 2073 5099 Ergone

490 5084 691 5142 oblitus
720 5106 778 5146 es
806 5097 1151 5167 testimonia,
1183 5084 1380 5176 quibus
1418 5084 1577 5180 paulo
1612 5116 1860 5183 superius
1895 5084 2075 5174 decla-

494 5183 668 5228 ratum
694 5190 801 5245 est,
830 5200 932 5239 nou
964 5204 1081 5247 esse
1113 5193 1310 5268 iniquis
1332 5199 1667 5268 jussionibus
1692 5206 2069 5277 obtemperan-

492 5263 641 5329 ιιυιιι.
678 5284 779 5325 nec
806 5274 1040 5335 sinistris
1080 5289 1292 5347 actibus
1335 5297 1823 5348 consentiendum?
1869 5300 1986 5344 9m»-

493 5351 622 5396 tlltm
651 5372 747 5382 ~---
777 5362 789 5378 '
823 5364 834 5373 '
906 5367 938 5376 "
991 5371 1003 5376 ·

2215 2034 2357 2103 quod
2406 2035 2602 2093 Doctor
2652 2040 2892 2110 gentium
2943 2043 3278 2115 redarguens
3330 2049 3457 2105 ait:
3490 2069 3509 2099 ι
3539 2050 3643 2118 Qui
3684 2068 3794 2123 erg:

2211 2123 2373 2179 alium
2405 2127 2584 2193 doces,
2620 2139 2671 2183 te
2699 2130 2872 2200 ipsum
2908 2149 3012 2187 non
3045 2136 3237 2204 doces;
3279 2142 3375 2210 qui
3410 2144 3680 2211 pradicas
3705 2160 3792 2198 non

2212 2216 2525 2285 furandmn,
2551 2220 2779 2289 fur-aris;
2809 2224 2900 2294 qui
2933 2225 3069 2280 dicis
3095 2243 3200 2282 non
3230 2233 3644 2295 mmchandum.
3680 2250 3793 2288 mm-

2210 2311 2428 2378 charis;
2461 2314 2550 2383 qui
2584 2315 2910 2373 abominaris
2962 2319 3136 2387 idola,
3190 2325 3543 2397 sacrilegium
3590 2329 3787 2386 facis?»

2211 2398 2382 2468 (Rom.
2421 2405 2503 2473 ιι.)
2544 2405 2609 2459 Et
2654 2404 2913 2464 Dominus
2939 2409 3346 2485 insEvangelio:
3374 2436 3392 2467 ι
3428 2417 3657 2485 Mediee,
3680 2436 3791 2476 eum

2210 2496 2260 2543 te
2294 2492 2465 2560 ipsum
2499 2492 2650 2562 (Luc.
2680 2498 2777 2569 tv).
2812 2517 2845 2550 »η

2206 2601 2332 2657 Car.
2374 2604 2607 2690 XVI...—
2628 2606 2706 2690 De
2747 2612 2983 2690 cognati
3022 2626 3276 2683 scriptum
3319 2627 3420 2690 est,
3459 2618 3659 2675 Omnia
3688 2637 3789 2690 qua

2471 2676 2705 2732 dixerint
2742 2676 2924 2744 vobis,
2963 2676 3210 2749 servate,
3249 2696 3305 2740 et
3345 2676 3533 2743 facite.

2276 2785 2381 2842 lar.
2423 2787 2525 2844 Ubi
2556 2799 2639 2845 est
2668 2807 2796 2864 ergo
2824 2793 2950 2849 illud
2979 2799 3378 2867 evangelicum,
3421 2822 3443 2855 ι
3494 2805 3668 2873 Supra
3712 2823 3787 2862 ca-

2204 2879 2447 2936 thedram
2477 2882 2645 2955 Moysi
2684 2886 2941 2943 sederunt
2967 2890 3174 2947 Scribze
3212 2903 3271 2948 et
3308 2895 3601 2961 Pharisei,
3622 2901 3788 2953 omnia

2200 2985 2321 3039 qua:
2345 2971 2579 3028 dixerint
2599 2976 2749 3031 vobis
2774 2987 2987 3034 servate
3014 2970 3071 3037 et
3091 2979 3290 3039 facite?
3318 3007 3338 3038 ι
3370 2986 3597 3056 (Νίκαια.
3622 2994 3789 3061 nm.)

2201 3058 2336 3114 Der.
2374 3059 2564 3117 Omnia
2595 3063 2697 3120 hoc
2731 3067 2782 3120 in
2825 3066 2945 3124 loco
2972 3071 3321 3151 solummodo
3351 3078 3406 3131 in
3446 3080 3643 3134 bonam
3682 3058 3793 3152 par;

2202 3156 2308 3202 tem
2338 3151 2647 3221 accipienda
2676 3165 2800 3210 sumt
2831 3175 2845 3210 :
2881 3158 3117 3229 alioquin
3144 3161 3319 3219 Judazi
3353 3169 3453 3236 qui
3491 3151 3787 3227 Scribarum

2122 3272 2166 3334 Ο
2198 3251 2247 3294 et
2276 3240 2670 3301 Pharismorum
2700 3249 2925 3304 consilio
2950 3261 3007 3305 et
3036 3253 3254 3310 hortatu
3288 3257 3593 3316 Dominum
3631 3266 3788 3323 oratr

2199 3331 2453 3397 ﬁxerunt,
2478 3335 2743 3397 immunes
2783 3356 2812 3395 a
2855 3350 3006 3415 tanto
3046 3346 3258 3403 scelere
3302 3365 3436 3408 esse
3477 3354 3786 3418 debuerant,

2197 3422 2291 3476 sed
2332 3438 2491 3490 quam
2532 3427 2768 3496 graviter
2796 3438 2853 3484 et
2879 3431 2968 3501 qui
3002 3433 3259 3491 dixerunt
3303 3448 3366 3494 et
3404 3442 3506 3511 qui
3558 3444 3785 3499 factum

2196 3516 2553 3581 peccaverint,
2604 3528 2660 3573 et
2707 3518 2987 3591 Scriptura
3030 3532 3288 3593 testatur,
3343 3541 3404 3587 et
3460 3534 3519 3589 in
3575 3539 3789 3606 posteris

2195 3615 2383 3657 eorum
2438 3620 2605 3673 usque
2652 3608 2718 3661 ad
2770 3609 2930 3666 finem
2983 3616 3169 3670 mundi
3219 3620 3558 3687 proteiatnr.
3614 3627 3785 3696 Igitur,

2194 3693 2334 3761 quod
2369 3710 2529 3751 omne
2554 3712 2658 3753 non
2689 3714 2903 3770 semper
2939 3705 3005 3759 ad
3036 3714 3235 3773 totum,
3256 3711 3357 3765 sed
3384 3713 3705 3787 plerumque
3725 3720 3787 3772 ad

2195 3783 2482 3840 maximam
2524 3797 2731 3857 partem
2773 3790 3059 3861 referatur,
3100 3801 3262 3856 testis
3295 3811 3383 3858 est
3415 3783 3783 3879 Hieronymus.

2194 3871 2282 3926 ubi
2335 3873 2400 3928 ad
2445 3871 2731 3933 Damasum
2760 3881 2824 3937 de
2878 3881 3018 3953 frugi
3069 3897 3128 3942 et
3183 3888 3471 3950 luxurioso
3529 3871 3640 3953 ﬁlio

2191 3974 2360 4034 putat.

2246 4079 2389 4135 CAP.
2442 4081 2603 4138 XVII.
2624 4088 2874 4173 ῗ-ρκριι
2903 4092 2996 4173 Ind
3038 4101 3374 4173 peccandum
3421 4102 3622 4158 nullius
3660 4116 3784 4173 pote

2605 4158 2726 4210 stati
2763 4159 2829 4212 sit
2863 4158 3358 4232 obtemperantium.
3476 4214 3511 4243 ,

2256 4238 2365 4297 lar.
2402 4242 2535 4299 Cum
2577 4245 2695 4302 aliis
2729 4252 3087 4318 potestatibus
3129 4238 3507 4318 resistendum
3548 4283 3656 4321 non
3696 4269 3778 4327 sit.

2186 4346 2251 4386 eo
2280 4332 2423 4403 quod
2452 4350 2558 4388 non
2589 4336 2661 4391 sit
2686 4348 2926 4406 potestas
2954 4341 3058 4396 nisi
3095 4358 3129 4398 a
3176 4347 3323 4413 Deo,
3357 4360 3407 4405 et
3452 4355 3547 4422 qui
3594 4357 3782 4411 resistit

2186 4425 2433 4491 potestati
2477 4425 2590 4491 Dei,
2634 4428 2959 4485 ordinationi
2999 4433 3209 4490 resistit
3240 4437 3415 4508 (Rom.
3464 4444 3587 4516 sm)
3613 4462 3631 4509 ;
3660 4462 3781 4516 apu-

2184 4511 2386 4568 stolica:
2425 4518 2677 4585 potestati
2722 4535 2842 4589 quae
2883 4523 3271 4590 proculdubio
3305 4511 3779 4592 omnes

2111 4623 2159 4683 ι)
2186 4612 2477 4671 potestates
2505 4607 2744 4673 excellit,
2785 4609 2838 4663 in
2868 4613 3121 4668 oninibus
3162 4632 3291 4685 qua}
3322 4618 3484 4687 jubet
3532 4626 3779 4681 resistat-

2185 4691 2310 4746 dum
2341 4706 2570 4751 nonest.
2616 4695 2743 4751 Der.
2776 4698 2933 4755 Omni
2976 4701 3229 4761 lnunante
3273 4713 3538 4777 potestati
3583 4716 3775 4770 subditi

2183 4798 2302 4838 esse
2350 4786 2640 4852 debemus,
2689 4800 2745 4844 et
2782 4805 2942 4859 quam
2996 4796 3232 4850 maxime
3279 4802 3622 4867 apostolica.
3679 4806 3777 4860 Sed

2184 4874 2366 4943 utique
2396 4892 2502 4931 non
2542 4878 2594 4932 in
2635 4878 2740 4935 illis
2783 4898 2900 4951 quae
2937 4882 3245 4941 Christiana
3300 4889 3387 4945 lex
3434 4893 3777 4950 abominetur

2181 4981 2244 5021 ac
2284 4970 2548 5038 prohibet,
2587 4981 2651 5042 ,ει
2686 4974 2793 5027 Deo
2836 4975 3050 5031 inimica
3089 4993 3212 5034 esse
3246 4994 3655 5052 monstrantur,
3696 4991 3773 5045 cui

2179 5058 2309 5114 dicit
2334 5059 2640 5130 Propheta:
2678 5084 2696 5115 ς
2724 5065 2985 5131 Quoniam
3029 5084 3138 5123 non
3180 5072 3366 5129 volens
3394 5076 3542 5132 Deus
3586 5081 3776 5150 iniqui-

2179 5156 2342 5204 tatem
2375 5158 2428 5204 tu
2450 5166 2533 5205 es.
2552 5171 2571 5203 ο
2620 5171 2638 5204 ι
2663 5152 2832 5210 Odisti
2862 5175 2882 5208 ι
2914 5156 3138 5212 Domine
3168 5177 3187 5210 ι
3208 5175 3403 5219 omnes
3421 5167 3520 5235 qui
3543 5182 3773 5238 operan-

2178 5246 2264 5292 tur
2289 5240 2644 5296 iniauilalem-
2683 5246 2911 5284 *ιο-Λω-
2945 5263 3035 5280 ’“’“
3082 5268 3096 5274 ·
3192 5251 3207 5269 ³
3232 5250 3246 5272 ¹
3364 5264 3536 5287 ·““·“·
