3948 5410
63 335 212 390 1689

715 334 967 391 AUXILII
1010 338 1096 393 DE
1134 339 1365 394 OltDlN.
1404 341 1445 395 Α
1483 338 1811 397 FORMOSO
1846 338 1953 395 PP.
1992 341 2236 399 FACTIS
2272 341 2451 396 LlBlll
2494 343 2640 397 L‘llO.

3185 353 3208 407 1
3222 351 3322 414 090

55 455 268 501 uratum
322 455 488 510 tenet,
531 447 756 516 ideoque
785 448 992 517 jndicat
1020 466 1228 515 omnes,
1267 462 1320 507 et
1345 453 1470 522 ipsa.
1498 470 1526 506 a
1560 468 1652 507 ne-
1684 458 1730 515 Α
1760 464 1861 506 nec
1889 451 2046 506 debet
2083 468 2182 509 nec
2208 463 2405 523 potest,
2446 456 2535 524 qui
2576 453 2691 524 jam
2740 456 2792 510 in
2822 458 2964 515 illius
3007 470 3090 517 est
3130 464 3337 533 judicio

52 537 204 591 mine
226 536 523 603 judicatur.
580 536 623 592 Τ
629 555 659 592 ιι
700 550 880 593 autem
915 541 1038 608 quis
1072 557 1152 605 es,
1182 542 1272 611 qui
1299 552 1485 597 contra
1525 559 1644 598 eam

50 627 345 694 loqueris?
402 629 527 683 nar.
587 629 737 685 Absit
793 641 850 684 ut
903 647 1004 702 ego
1058 634 1295 698 infimus,
1348 635 1429 690 vel
1471 637 1652 705 potius

48 719 285 777 vermis.
313 728 499 772 contra
527 720 880 790 eatn'loquar,
911 724 1025 786 sed,
1063 732 1120 777 ut
1161 724 1299 780 Deus
1344 726 1648 792 donaverit,

51 809 234 876 magis
263 823 364 877 pro
382 826 465 862 ea.
506 809 719 875 Qnarso,
754 810 1041 882 diligenter
1066 814 1282 869 attende
1304 817 1445 883 quod
1474 815 1650 869 dictu-

52 912 148 950 rus
178 912 307 951 sum
346 897 503 970 longe
535 900 1046 970 incomparabiliter.
1094 903 1250 959 Aliud
1276 916 1401 960 sunt
1433 906 1649 975 pontiﬁ-

48 986 205 1043 cales
256 991 437 1053 sedes,
489 990 629 1045 aliud
685 992 1053 1059 pnesidentes.
1109 995 1335 1050 Proinde
1384 997 1552 1051 honor
1598 1006 1651 1050 et

48 1079 298 1149 dignitas
346 1079 765 1150 uniuscujusque
822 1083 966 1137 sedis
1024 1087 1403 1140 venerabiliter
1462 1089 1650 1142 obser-

49 1170 235 1222 vanda
263 1179 412 1223 sunt.
462 1169 819 1227 Pm:sidentes
844 1185 1025 1227 autem
1067 1176 1109 1229 si
1151 1176 1502 1242 deviaverint,
1552 1194 1652 1248 per

47 1258 208 1311 devia
241 1260 502 1327 sequendi
536 1276 639 1315 non
679 1274 836 1328 sunt;
871 1265 970 1318 hoc
1007 1274 1110 1328 est,
1162 1267 1205 1319 si
1251 1280 1439 1320 contra
1488 1268 1644 1322 fidem

44 1348 131 1399 vel
158 1348 490 1404 catholicam
524 1350 832 1420 religionem
864 1368 1026 1423 agere
1054 1355 1332 1424 cmperint,
1368 1357 1420 1410 in
1454 1357 1647 1412 talibus

46 1452 145 1491 eos
170 1454 513 1507 nequaquam
536 1440 687 1510 sequi
711 1442 986 1505 debemus,
1010 1446 1149 1511 quod
1172 1444 1489 1515 plerumque
1509 1448 1648 1516 apud

46 1528 708 1599 Constantiimpolitanam
737 1542 791 1586 et
818 1534 1233 1589 Alexandrinam
1266 1538 1443 1590 sedem
1472 1539 1650 1592 conti-

47 1619 131 1685 git
159 1637 173 1671 :
202 1618 256 1672 in
288 1620 372 1673 his
399 1629 579 1675 autem
614 1637 734 1692 quae
756 1621 878 1691 jure
899 1624 1115 1690 dicunt,
1139 1627 1239 1681 etsi
1286 1642 1389 1680 non
1424 1627 1645 1695 faciunt,

53 1708 295 1763 libenter
332 1710 415 1764 eis
449 1712 671 1765 obedire
701 1713 976 1769 debemus.
1028 1714 1164 1770 Hinc
1185 1718 1428 1785 estquod
1466 1718 1647 1773 botros

1754 542 2095 607 constitutus,
2127 545 2216 614 qui
2248 554 2334 599 est
2368 543 2533 613 judex
2574 548 2818 601 vivorum
2869 560 2925 605 et
2955 561 3287 609 mortuorum
3316 571 3342 620 ;-

1754 631 1843 699 qui
1870 647 1971 684 non
1999 636 2290 688 secundum
2317 636 2557 691 auditum
2582 639 2815 705 aurium,
2841 657 3016 711 neque
3035 645 3331 698 secundum

1752 721 2030 776 oculorum
2069 724 2316 778 intuitum
2353 724 2583 794 judicat,
2629 727 2721 782 sed
2764 722 3057 785 secundum
3097 732 3147 786 id
3192 734 3339 803 quod

1752 821 1991 865 scrutaris
2025 813 2184 867 corda
2210 825 2261 867 et
2287 831 2431 868 renes
2464 816 2604 871 Deus
2637 818 2809 889 (Paul.
2837 813 2958 891 vn).
2987 822 3096 876 lar.
3134 823 3248 879 Non
3282 836 3336 880 te

1754 914 2080 970 cognoscere
2109 904 2312 973 pigeat,
2342 909 2611 975 quomodo
2647 924 2745 977 per
2765 926 2887 965 eum
2919 914 2970 967 in
3019 922 3201 969 sancta
3237 916 3342 971 Ec-

1755 990 1942 1056 clesia,
1997 994 2086 1047 tibi
2135 1009 2346 1049 summa
2393 1001 2682 1054 concordia
2727 1018 2846 1057 esse
2875 1005 3051 1070 debet,
3099 1008 3335 1063 scandali

1750 1086 2098 1140 seminarium
2149 1088 2220 1142 sit
2260 1098 2526 1145 exortum.
2574 1095 2701 1149 Der.
2748 1095 3060 1164 Formosus,
3108 1109 3167 1156 ut
3201 1103 3335 1168 disi,

1752 1190 1857 1228 non
1888 1177 1955 1230 ad
1988 1192 2091 1243 me,
2121 1178 2173 1233 id
2205 1190 2308 1247 est,
2346 1184 2413 1237 ad
2442 1186 2841 1243 ordinationem
2872 1209 3033 1263 quam
3067 1194 3213 1261 fecit,
3241 1179 3348 1253 sed

1754 1268 1821 1319 ad
1855 1282 1950 1323 eos
1999 1271 2236 1339 pertinet
2277 1274 2366 1343 qui
2417 1289 2538 1329 eum
2587 1277 2886 1349 elegerunt,
2929 1285 3334 1351 ordinaverunt,

1752 1356 1913 1425 eique
1981 1357 2153 1414 donec
2218 1363 2428 1418 advixit
2462 1353 3072 1440 'communicaverunt,
3129 1386 3185 1431 et
3242 1393 3340 1446 per

1746 1448 1930 1501 omnia
1966 1451 2255 1521 participes
2302 1456 2624 1513 exstiterunt
2652 1477 2666 1525 ;
2700 1471 2963 1530 attamen,
2994 1466 3191 1530 fac,‘ut
3239 1471 3332 1525 tibi

1753 1546 1960 1593 rectum
2009 1540 2237 1596 videtur.
2286 1544 2396 1598 lar.
2448 1544 2740 1605 Formosus
2783 1564 2903 1622 post
2944 1556 3331 1626 depositionem

1750 1643 1901 1683 suam
1923 1630 2205 1702 episcopus
2229 1649 2348 1690 esse
2375 1652 2482 1691 non
2510 1637 2704 1707 potuit,
2726 1653 2928 1711 quanto
2961 1648 3136 1702 minus
3162 1649 3337 1719 papa?

1749 1719 1879 1773 Der.
1915 1719 2067 1776 Sicut
2112 1737 2298 1778 verum
2344 1736 2429 1780 est
2479 1728 2633 1797 quod
2675 1732 2968 1801 apostolica
3006 1739 3333 1795 auctoritate

51 1812 287 1867 carpere
329 1810 381 1854 et
415 1800 596 1870 spinas
630 1817 823 1858 cavere
852 1805 1124 1872 jubemur.
1159 1806 1293 1873 Quid
1332 1807 1545 1861 multa?
1582 1808 1648 1862 de
1678 1825 1722 1882 Β
1748 1809 2024 1878 depositus
2060 1811 2242 1879 fuerit,
2277 1816 2350 1869 ita
2383 1830 2568 1872 verum
2612 1800 2879 1892 estquod
2912 1827 3205 1894 apostolica
3237 1845 3334 1884 au-

49 1887 376 1944 Pastoribus
397 1892 464 1944 ad
486 1894 737 1962 populum
760 1910 949 1950 revoca
977 1896 1352 1960 intentionem,
1385 1899 1475 1967 qui
1497 1899 1646 1966 dicit,

54 1998 72 2026 ι
104 1978 352 2034 Minister
378 1979 470 2035 Dei
496 1992 578 2037 est
620 1984 715 2038 tibi
745 1988 797 2040 in
841 1986 1040 2041 bonum
1077 1987 1255 2059 (Rom.
1290 1990 1431 2060 χιιι).
1461 2009 1479 2042 ι
1514 1990 1651 2045 Pro-

46 2077 237 2133 pterea
298 2069 572 2138 subiunxit
614 2091 633 2124 ι
664 2073 715 2127 in
758 2073 992 2139 bonum,
1023 2094 1040 2127 ι
1094 2077 1219 2146 quia
1269 2078 1516 2137 minister
1553 2080 1648 2135 Dei

48 2171 263 2216 nonest
305 2162 398 2217 tibi
422 2163 474 2217 in
507 2164 724 2219 malum.

45 2291 182 2374 Cane.
220 2292 461 2374 ΧΙξη-ι
486 2294 559 2349 De
596 2297 832 2369 eoquod
868 2300 1116 2369 scriptum
1138 2311 1229 2374 es!
1253 2315 1272 2353 :
1304 2301 1647 2374 Quaecunque

118 2364 424 2442 ligaveritis
460 2381 622 2442 super
661 2364 858 2422 terram
890 2408 905 2433 ,
944 2364 1102 2424 erunt
1136 2371 1296 2442 ligata
1315 2364 1385 2427 ct
1418 2376 1471 2428 in
1510 2364 1647 2431 eti-lo

118 2433 342 2501 (Matth.
387 2433 560 2506 mn).

116 2564 230 2618 latr.
270 2565 499 2635 Ligaudi
528 2577 689 2639 atque
725 2570 970 2627 solvendi
998 2582 1237 2643 potestas
1258 2578 1510 2634 omnibus
1532 2594 1646 2648 epi-

44 2653 229 2720 scopis
269 2656 484 2711 cualitus
510 2668 592 2713 est
614 2659 841 2725 collata;
874 2664 1143 2731 praecipue
1169 2673 1345 2720 tamen
1376 2669 1644 2735 apostolo-

44 2757 170 2795 rum
197 2742 422 2809 vicario,
446 2747 535 2814 qui
565 2748 732 2802 vicem
758 2751 980 2819 apostoli
1006 2752 1175 2818 Petri,
1206 2746 1257 2808 et
1286 2757 1465 2811 claves
1494 2758 1641 2829 regni

43 2832 266 2886 caelitus
316 2843 481 2888 tenet.
531 2836 595 2890 Et
637 2838 838 2894 idcirco
864 2881 879 2906 ,
923 2845 1320 2911 qnomodolihct
1366 2848 1640 2918 ligavcrit,

42 2924 271 2991 ligatum
300 2927 425 2979 erit.
477 2926 605 2981 Der.
648 2928 764 2985 Non
811 2931 882 2986 ita
916 2935 1053 3004 sapit
1090 2936 1284 2991 divina:
1308 2938 1443 3008 legis
1480 2941 1643 2996 inter-

41 3030 173 3083 pres
223 3013 602 3086 Hieronymus.
672 3021 961 3090 Exponens
1017 3026 1145 3081 illud
1203 3032 1567 3101 evangelicum
1621 3051 1636 3088 :

48 3124 65 3152 ι
97 3102 451 3173 Quaecunque
493 3106 788 3177 ligaveritis
828 3128 992 3183 super
1037 3125 1234 3171 terram
1269 3130 1431 3174 erunt
1478 3121 1635 3191 ligata

1753 1900 2004 1955 ctoritate
2041 1904 2419 1961 reconciliatus
2461 1910 2749 1965 exstiterit.
2779 1912 2882 1967 lar.
2914 1913 3137 1980 Quando
3165 1918 3337 1989 depoo

1750 1989 1886 2046 situs
1913 2000 2012 2055 est,
2046 1995 2404 2052 mediantibus
2442 2003 2799 2057 sacrosanctis
2848 2003 3155 2076 Evangeliis
3185 2022 3347 2076 ιιιιειξι·Δ

1744 2081 1977 2147 Iurando
2008 2082 2294 2149 conclusit,
2347 2095 2405 2140 ut
2444 2086 2758 2146 Romuleam
2804 2092 2992 2149 urbem
3024 2097 3333 2153 nullatenus

1750 2169 2139 2240 ingrederetur,
2167 2188 2433 2246 suumque
2455 2178 2824 2249 episcopatum
2853 2184 3160 2242 nullomodo
3189 2189 3328 2243 reci-

1750 2269 1920 2326 pcret,
1951 2268 2005 2313 et
2027 2270 2311 2331 propterea
2345 2268 2679 2323 reconciliari
2711 2272 2935 2328 minime
2963 2276 3156 2345 potuit.
3200 2279 3330 2332 Der.

1745 2348 2052 2405 istiusmodi
2095 2351 2465 2420 juramentnm
2516 2373 2623 2413 non
2675 2361 2849 2417 solum
2899 2380 2931 2419 a
2984 2365 3327 2435 Christianis,

1744 2441 2100 2495 verumetiam
2140 2445 2209 2497 ab
2252 2445 2483 2502 ethnicis
2534 2458 2818 2505 cruentum
2846 2462 3010 2524 atque
3064 2454 3327 2512 nefarium

1748 2546 1870 2585 esse
1898 2532 2226 2588 decernitur.
2266 2535 2474 2591 Revera
2508 2539 2655 2593 enim
2696 2541 2831 2596 nihil
2860 2544 3007 2600 aliud
3051 2546 3104 2601 in
3139 2560 3206 2603 eo
3237 2548 3337 2603 de-

1747 2622 2127 2690 prehenditur,
2181 2626 2284 2681 nisi
2339 2636 2397 2681 ut
2439 2628 2626 2685 limina
2668 2634 3032 2702 apostolorum
3080 2637 3225 2693 Petri
3269 2649 3324 2694 et

1742 2709 1890 2765 Pauli
1938 2728 2211 2782 nunquam
2243 2716 2513 2782 adoraret,
2566 2736 2840 2797 nunquam
2892 2724 2959 2779 ad
3004 2727 3324 2782 reconcilia-

1744 2800 1942 2855 tionem
1982 2804 2286 2870 accederet,
2341 2822 2605 2878 suumque
2639 2812 3005 2883 episcopatum
3049 2833 3323 2888 nunquam

1742 2897 2025 2966 reciperet.
2054 2897 2200 2954 Proh
2238 2901 2417 2957 nefas!
2451 2902 2763 2970 Huiusmodi
2803 2908 3098 2976 juramenti
3124 2916 3323 2971 crude-

1739 2985 1884 3051 litas,
1930 3002 2029 3043 nec
2054 2991 2192 3060 apud
2223 3007 2461 3061 paganos
2493 2994 2780 3051 invenitur.
2818 2999 2907 3055 Va:
2936 3002 3041 3069 illis
3083 3005 3176 3073 qui
3217 3006 3324 3062 tale

1739 3089 2139 3134 sacramentum
2173 3083 2241 3137 ab
2268 3098 2335 3138 eo
2359 3101 2457 3154 per
2488 3087 2595 3140 vim
2624 3098 2988 3145 extet-serunt.
3045 3092 3317 3166 Beuiguus

39 3204 99 3246 et
149 3195 204 3247 in
251 3171 413 3260 ccclo,
462 3171 1197 3271 et'quzccunque-solveritis
1666 3171 1712 3232 C
1744 3171 1830 3277 “is
1855 3181 1911 3226 el
1954 3173 2265 3277 ‘I'ise'im?
2290 3179 2616 3277 “mimicus
2636 3178 2802 3277 ine}.
2824 3182 2916 3250 qui
2944 3199 3068 3277 θ¹¹¹η
3113 3202 3325 3243 rem"?

39 3295 207 3337 erunt
251 3284 429 3340 soluta
472 3297 523 3342 et
564 3288 614 3342 in
647 3291 806 3354 cazlo,
840 3312 859 3344 ι
890 3294 968 3348 ait
996 3313 1009 3348 :
1035 3295 1195 3349 istum
1225 3297 1398 3353 locum
1445 3301 1637 3357 intelli-

39 3384 239 3443 gentes
265 3377 503 3445 episcopi
536 3389 589 3432 et
614 3381 918 3452 presbyteri
966 3385 1167 3455 aliquid
1211 3388 1310 3442 sibi
1357 3401 1637 3446 assumunt

39 3471 106 3520 de
138 3465 540 3524 Pharisaeorum
571 3474 877 3541 supercilio,
906 3485 964 3531 ut
997 3478 1080 3531 vel
1109 3479 1361 3535 damnent
1384 3482 1637 3539 innocen-

39 3568 145 3623 tes,
186 3559 275 3614 vel
325 3560 533 3617 solvere
582 3566 773 3620 noxios
818 3583 879 3622 se
927 3569 1293 3636 arbitrentur,
1334 3588 1457 3628 cum
1496 3578 1635 3646 apud

39 3647 218 3704 Deum
271 3666 380 3720 non
423 3656 689 3709 sententia
739 3658 1098 3721 sacerdotum,
1142 3662 1234 3714 scil
1275 3678 1487 3718 reorum
1526 3666 1633 3718 vita

39 3744 340 3803 queratur.
389 3738 499 3793 Nec
544 3741 671 3796 illud
716 3746 1069 3800 omittendum
1108 3749 1249 3817 quod
1274 3766 1372 3819 per
1406 3753 1634 3822 prophe-

39 3838 151 3880 tam
178 3828 381 3883 dicitur
406 3847 421 3884 :
450 3829 842 3888 Mortilicabant
871 3838 1078 3891 animas
1107 3854 1226 3909 qua:
1255 3856 1360 3894 nun
1392 3845 1635 3898 moriun-

39 3929 152 3984 tur,
205 3929 263 3974 et
310 3920 652 3978 vivificahant
690 3926 900 3982 animas
924 3943 1044 3999 qua:
1067 3944 1175 3984 non
1202 3931 1390 3986 vivunt
1416 3930 1630 4005 (Ezech.

39 4010 187 4078 Illi).
242 4008 357 4064 Non
392 4013 714 4067 morientem
740 4016 938 4087 quippe
983 4019 1291 4085 mortificat,
1328 4031 1383 4075 ut
1416 4034 1634 4079 sanctus

39 4102 201 4155 docet
229 4099 541 4170 Gregorius,
570 4104 661 4174 qui
681 4104 885 4175 justum
926 4106 1179 4174 damnat;
1226 4118 1280 4164 et
1326 4125 1429 4166 non
1469 4113 1634 4168 victu-

39 4209 160 4246 rum
186 4193 462 4249 viviﬁcare
486 4195 691 4260 nititur,
720 4196 810 4267 qui
830 4213 985 4252 reum
1015 4215 1044 4252 a
1066 4200 1326 4271 supplicio
1352 4203 1634 4259 absolvere

39 4293 296 4336 leuatur.
349 4283 482 4338 Item
510 4300 540 4340 a
564 4285 851 4342 Salomone
876 4306 889 4340 :
916 4287 1069 4343 Sicut
1090 4292 1204 4345 avis
1228 4292 1279 4345 in
1302 4295 1633 4349 contrarium

39 4372 258 4438 volans,
287 4382 341 4428 et
364 4389 554 4445 passer
590 4376 830 4446 quolibet
875 4380 1077 4437 vadens
1121 4379 1301 4453 (Prov.
1347 4385 1515 4453 xxvi),
1554 4386 1634 4440 sic

39 4462 392 4517 maledicwm
422 4462 621 4518 frustra
654 4467 945 4536 prolatum,
985 4485 1148 4539 super
1188 4470 1335 4525 illum
1370 4475 1461 4542 qui
1489 4474 1634 4529 misit

39 4550 218 4615 illudz,
267 4552 467 4607 veniet.
511 4551 642 4608 Item
697 4554 768 4610 ibi
809 4573 822 4610 :
878 4556 1119 4612 tAniina
1173 4575 1292 4628 qua!
1339 4559 1629 4627 benedicit,

39 4640 473 4711 iinpinguabitur
519 4641 700 4713 (Prov.
748 4644 855 4716 xt);
888 4664 907 4698 ι
942 4662 1063 4715 qua:
1095 4656 1273 4701 autem
1298 4648 1495 4704 frustra
1529 4667 1635 4705 ma-

39 4731 254 4797 ledicit,
297 4747 409 4801 ipsa
444 4732 495 4786 in
527 4733 902 4792 maledictione
944 4740 1068 4793 erit.
1113 4738 1245 4793 ltem
1293 4742 1466 4796 sancti
1502 4741 1637 4798 Gre-

39 4819 182 4889 gorii
214 4835 367 4890 papae
398 4839 413 4874 :
446 4820 501 4875 lu
531 4825 676 4879 omni
705 4835 882 4880 autem
912 4827 1055 4895 quod
1081 4827 1146 4882 de
1173 4829 1325 4883 nobis
1359 4838 1513 4885 extra
1551 4832 1633 4886 di-

39 4911 211 4973 citur,
260 4924 537 4966 recurrere
580 4912 648 4966 ad
695 4928 889 4969 arcana
936 4923 1115 4970 mente
1163 4918 1449 4986 debemus;
1501 4929 1556 4975 et
1592 4920 1638 4975 si

39 5012 237 5052 oinnes
267 4997 590 5066 vituperent,
619 4999 755 5054 liber
777 5012 856 5058 est
886 5010 1063 5058 tamen
1103 5018 1261 5073 quem
1304 5009 1633 5064 conscientia

39 5104 152 5142 non
188 5096 455 5155 accusat;
501 5090 651 5160 quia,
684 5092 784 5146 etsi
832 5106 1028 5149 omnes
1058 5094 1295 5160 laudent,
1337 5096 1476 5154 liber
1512 5115 1633 5158 esse

39 5193 149 5233 non
198 5185 405 5247 potest,
442 5180 486 5234 si
535 5182 685 5236 hunc
732 5180 1060 5240 conscientia
1105 5188 1342 5242 aecusat.

105 5309 248 5354 θην
285 5306 470 5356 xx-..
492 5312 737 5354 ηηηιδιρ..
770 5313 1052 5352 mm“...
1084 5298 1195 5354 4,...
1225 5300 1624 5374 ιιηῷεάιεηηεηι,

1739 3260 1923 3316 ciliare
1951 3263 2207 3318 decrevit.
2237 3265 2345 3319 lar.
2386 3266 2592 3328 Verene
2617 3268 2802 3324 debuit
2837 3275 3162 3340 apostolicus
3185 3292 3321 3347 pen»

1739 3351 1872 3405 til'cx
1907 3354 2262 3410 reconciliare
2303 3358 2598 3421 hominem,
2630 3360 2720 3428 qui
2761 3374 2819 3414 se
2839 3377 3023 3417 coram
3054 3367 3323 3437 episc0pis

1735 3449 1955 3517 proprio
2006 3463 2100 3503 ore
2148 3450 2443 3514 damnavit,
2490 3461 2545 3507 et
2610 3453 2813 3520 idcirco
2866 3444 3139 3527 depositus
3176 3459 3321 3515 fuit?

1737 3536 1865 3590 Der.
1897 3536 2146 3592 Poteram
2178 3541 2244 3594 ad
2277 3540 2391 3595 haec
2418 3557 2709 3613 opponere,
2748 3545 2871 3613 quia
2899 3561 3022 3602 cum
3072 3562 3132 3604 se
3185 3565 3315 3619 pro-

1733 3630 1853 3699 prio
1897 3645 1991 3684 ore
2054 3630 2346 3691 damnavit.
2411 3649 2518 3689 non
2569 3638 2747 3692 veraci
2812 3640 3193 3708 professione,.
3225 3645 3320 3698 sed

1702 3733 1931 3789 .magno
1975 3720 2170 3777 timore
2204 3723 2523 3790 perterritus
2562 3724 2913 3797 interroganti
2945 3745 3022 3792 se.
3075 3733 3321 3800 quamvis

1732 3822 1840 3861 non
1898 3807 2298 3878 inculpabiliter
2346 3811 2641 3879 satisfecit;
2689 3817 2782 3873 sed
2833 3816 3030 3883 sulIieit
3075 3820 3123 3874 ei
3174 3823 3317 3889 quod

1732 3898 2073 3965 postmodum
2103 3901 2394 3971 apostolica
2431 3906 2754 3961 auctoritate
2802 3910 3187 3966 reconciliatus
3220 3911 3313 3967 sit.

1730 3984 1872 4042 Audi
1906 3988 2092 4054 etiam,
2144 3992 2273 4061 quid
2326 3992 2635 4051 Alexander
2677 4011 2813 4068 papa
2866 4014 3030 4070 super
3066 3988 3317 4070 hujusce.

1733 4077 1875 4135 modi
1927 4080 2214 4136 occasione
2267 4085 2608 4154 synodaliter
2651 4100 2872 4145 censeat
2922 4092 3160 4149 dicens:
3212 4094 3311 4155 Est

1733 4170 1895 4223 etiam
1940 4178 1997 4224 et
2047 4171 2151 4226 hoc
2204 4175 2272 4227 ad
2326 4175 2467 4231 hanc
2500 4188 2744 4233 sanctam
2796 4180 3064 4249 perlatum
3110 4184 3311 4265 sedem,

1733 4256 1873 4324 quod
1904 4257 2069 4326 pudet
2111 4261 2310 4323 dicere,
2344 4273 2400 4317 et
2451 4281 2558 4319 non
2607 4267 2778 4324 solum
2836 4273 3175 4340 sacerdotali,
3210 4256 3317 4331 sed

1730 4343 1894 4399 etiam
1921 4347 2066 4401 omni
2091 4347 2401 4406 Christiano
2432 4355 2635 4409 nomini
2664 4357 2944 4414 inimicum
2975 4371 3089 4427 est;
3112 4362 3182 4423 id
3205 4375 3310 4429 est,

1732 4437 1873 4504 quod
1908 4438 2196 4495 nonnullos
2239 4441 2521 4511 episcopos
2567 4445 2651 4502 vel
2699 4449 3009 4508 sacerdotes
3037 4460 3131 4507 aut
3168 4462 3312 4523 metu

1660 4522 1709 4580 Ι)
1735 4525 2084 4612 compellunt,
2115 4538 2211 4583 aut
2234 4531 2283 4586 vi
2312 4540 2654 4603 extorquent,
2688 4547 2783 4591 aut
2806 4537 2995 4596 fraude
3016 4522 3311 4612 decipiunt,

1730 4611 1939 4683 aliquas
1967 4615 2321 4675 confessionis
2350 4636 2481 4685 suae,
2516 4622 2570 4676 in
2599 4623 2746 4679 aliud
2783 4630 2924 4695 quod
2952 4646 3058 4687 non
3089 4611 3311 4699 debent,

1732 4712 1827 4756 aut
1862 4719 1958 4772 pro
1990 4721 2211 4761 suarum
2254 4712 2608 4778 requisitione
2651 4729 2855 4779 rerum,
2887 4726 3000 4782 aut,
3043 4718 3184 4787 quod
3221 4719 3314 4777 de-

1736 4795 1906 4850 terius
1925 4803 2031 4861 est,
2061 4812 2159 4865 pro
2179 4798 2339 4855 alieni
2362 4804 2568 4859 erroris
2593 4813 2764 4871 secta,
2787 4807 3085 4879 scripturas
3107 4808 3310 4882 facere,

1736 4892 1791 4939 et
1817 4886 2051 4958 propriis
2085 4890 2333 4946 manibus
2360 4895 2641 4959 rohorare,
2690 4904 2748 4951 et
2773 4912 2960 4955 coram
2999 4901 3196 4971 populo
3226 4919 3317 4960 rc-

1738 4974 1928 5041 citare,
1966 4986 2129 5048 atque
2163 4980 2431 5040 confiteri.
2466 4984 2694 5055 Aliquos
2728 4986 2911 5043 dicunt
2939 4991 3222 5061 ergastulis
3261 5003 3319 5049 et

1735 5067 2044 5123 carceribus
2095 5071 2319 5137 recludi,
2374 5084 2435 5131 ut
2477 5073 2673 5132 saltem
2713 5076 2801 5131 bis
2847 5082 3065 5135 territos
3112 5080 3321 5138 insidiis

1735 5150 2005 5224 decipiant
2037 5156 2249 5214 Domini
2282 5167 2623 5227 sacerdotes,
2665 5173 2722 5219 et
2757 5170 2873 5225 suis
2898 5169 3099 5225 faciant
3138 5172 3324 5226 volun-

1734 5242 1935 5301 tatibus
1963 5249 2206 5307 subditos
2232 5249 2374 5308 ﬁeri.
2406 5257 2517 5311 llas
2545 5254 2960 5318 considerantes
3001 5259 3324 5328 impiBIaIGS.

1730 5337 1782 5370 nl
1818 5336 2057 5376 norit-Illa
2104 5342 2341 5380 vilonloa
2394 5347 2707 5384 unﬁnnrnm
2763 5360 2875 5394 ...ιηι
2914 5366 2992 5374 -_--
