  <div class='ocr_page' id='page_1' title='image "/cluster/home/n/w/nwhite01/storage/ocr_20150623/129/hvd.32044015471709/551.png"; bbox 0 0 3948 5782; ppageno 0'>
   <div class='ocr_carea' id='block_1_1' title="bbox 609 320 742 423">
    <p class='ocr_par' dir='ltr' id='par_1_1' title="bbox 609 320 742 423">
     <span class='ocr_line' id='line_1_1' title="bbox 609 320 742 423; baseline 0.008 -3"><span class='ocrx_word' id='word_1_1' title='bbox 609 366 742 423; x_wconf 71' lang='grc'>1091</span> 
     </span>
    </p>
   </div>
   <div class='ocr_carea' id='block_1_2' title="bbox 1315 338 2157 448">
    <p class='ocr_par' dir='ltr' id='par_1_2' title="bbox 1315 338 2157 435">
     <span class='ocr_line' id='line_1_2' title="bbox 1315 338 2157 435; baseline 0.011 -9"><span class='ocrx_word' id='word_1_2' title='bbox 1315 338 1611 431; x_wconf 61' lang='lat' dir='ltr'><strong>Arcano.</strong></span> <span class='ocrx_word' id='word_1_3' title='bbox 1647 376 1739 432; x_wconf 65' lang='lat' dir='ltr'><strong>an</strong></span> <span class='ocrx_word' id='word_1_4' title='bbox 1778 376 1952 435; x_wconf 61' lang='lat' dir='ltr'><strong>sago.</strong></span> <span class='ocrx_word' id='word_1_5' title='bbox 1992 378 2085 434; x_wconf 75' lang='lat' dir='ltr'><strong>ix.</strong></span> <span class='ocrx_word' id='word_1_6' title='bbox 2126 412 2157 421; x_wconf 77' lang='grc'><strong>.-</strong></span> 
     </span>
    </p>
   </div>
   <div class='ocr_carea' id='block_1_3' title="bbox 2260 338 3130 448">
    <p class='ocr_par' dir='ltr' id='par_1_3' title="bbox 2260 372 3130 448">
     <span class='ocr_line' id='line_1_3' title="bbox 2260 372 3130 448; baseline 0.008 -9"><span class='ocrx_word' id='word_1_7' title='bbox 2260 372 2605 442; x_wconf 68' lang='grc' dir='ltr'><strong>ιυΟΤΟΚΕει</strong></span> <span class='ocrx_word' id='word_1_8' title='bbox 2638 374 2800 443; x_wconf 71' lang='grc' dir='ltr'><strong>ΔΝΜ</strong></span> <span class='ocrx_word' id='word_1_9' title='bbox 2831 389 3130 448; x_wconf 64' lang='lat' dir='ltr'><strong>chr-3311.</strong></span> 
     </span>
    </p>
   </div>
   <div class='ocr_carea' id='block_1_4' title="bbox 3738 388 3856 465">
    <p class='ocr_par' dir='ltr' id='par_1_4' title="bbox 3738 388 3856 465">
     <span class='ocr_line' id='line_1_4' title="bbox 3738 388 3856 465; baseline 0.059 -7"><span class='ocrx_word' id='word_1_10' title='bbox 3738 388 3856 465; x_wconf 67' lang='lat' dir='ltr'><strong>ius:</strong></span> 
     </span>
    </p>
   </div>
   <div class='ocr_carea' id='block_1_5' title="bbox 600 480 3856 575">
    <p class='ocr_par' dir='ltr' id='par_1_5' title="bbox 600 480 3856 575">
     <span class='ocr_line' id='line_1_5' title="bbox 600 480 3856 575; baseline 0.01 -40"><span class='ocrx_word' id='word_1_11' title='bbox 600 487 696 535; x_wconf 82' lang='lat' dir='ltr'><strong>aut</strong></span> <span class='ocrx_word' id='word_1_12' title='bbox 733 494 985 536; x_wconf 79' lang='lat' dir='ltr'><strong>amovere</strong></span> <span class='ocrx_word' id='word_1_13' title='bbox 1033 480 1116 536; x_wconf 87' lang='lat' dir='ltr'><strong>vel</strong></span> <span class='ocrx_word' id='word_1_14' title='bbox 1146 480 1449 541; x_wconf 89' lang='lat' dir='ltr'><strong>dilacerare</strong></span> <span class='ocrx_word' id='word_1_15' title='bbox 1480 487 1910 553; x_wconf 83' lang='lat' dir='ltr'><strong>manifestantur,</strong></span> <span class='ocrx_word' id='word_1_16' title='bbox 1960 489 2188 548; x_wconf 82' lang='lat' dir='ltr'><strong>infames</strong></span> <span class='ocrx_word' id='word_1_17' title='bbox 2217 508 2263 562; x_wconf 78' lang='grc' dir='ltr'>Α</span> <span class='ocrx_word' id='word_1_18' title='bbox 2293 492 2522 565; x_wconf 75' lang='lat' dir='ltr'><strong>ideoque</strong></span> <span class='ocrx_word' id='word_1_19' title='bbox 2569 494 2738 552; x_wconf 89' lang='lat' dir='ltr'><strong>solius</strong></span> <span class='ocrx_word' id='word_1_20' title='bbox 2779 497 2871 553; x_wconf 88' lang='lat' dir='ltr'><strong>Dei</strong></span> <span class='ocrx_word' id='word_1_21' title='bbox 2899 497 3104 568; x_wconf 86' lang='lat' dir='ltr'><strong>judicio</strong></span> <span class='ocrx_word' id='word_1_22' title='bbox 3135 498 3555 575; x_wconf 58' lang='lat' dir='ltr'><strong>relinquendum</strong></span> <span class='ocrx_word' id='word_1_23' title='bbox 3583 517 3687 564; x_wconf 82' lang='lat' dir='ltr'><strong>est.</strong></span> <span class='ocrx_word' id='word_1_24' title='bbox 3739 512 3856 569; x_wconf 74' lang='lat' dir='ltr'><strong>Au:-</strong></span> 
     </span>
    </p>
   </div>
   <div class='ocr_carea' id='block_1_6' title="bbox 599 571 2186 653">
    <p class='ocr_par' dir='ltr' id='par_1_6' title="bbox 599 571 2186 653">
     <span class='ocr_line' id='line_1_6' title="bbox 599 571 2186 653; baseline 0.01 -28"><span class='ocrx_word' id='word_1_25' title='bbox 599 585 743 636; x_wconf 82' lang='lat' dir='ltr'><strong>esse,</strong></span> <span class='ocrx_word' id='word_1_26' title='bbox 771 580 826 628; x_wconf 91' lang='lat' dir='ltr'><strong>et</strong></span> <span class='ocrx_word' id='word_1_27' title='bbox 850 571 1055 627; x_wconf 83' lang='lat' dir='ltr'><strong>alienos</strong></span> <span class='ocrx_word' id='word_1_28' title='bbox 1082 587 1115 626; x_wconf 91' lang='lat' dir='ltr'><strong>a</strong></span> <span class='ocrx_word' id='word_1_29' title='bbox 1132 572 1422 641; x_wconf 76' lang='lat' dir='ltr'><strong>liminibus</strong></span> <span class='ocrx_word' id='word_1_30' title='bbox 1452 578 1709 636; x_wconf 63' lang='lat' dir='ltr'><strong>Ecclesiae</strong></span> <span class='ocrx_word' id='word_1_31' title='bbox 1742 597 1911 653; x_wconf 89' lang='lat' dir='ltr'><strong>usque</strong></span> <span class='ocrx_word' id='word_1_32' title='bbox 1935 584 2003 638; x_wconf 88' lang='lat' dir='ltr'><strong>ad</strong></span> <span class='ocrx_word' id='word_1_33' title='bbox 2027 585 2186 641; x_wconf 87' lang='lat' dir='ltr'><strong>satis-</strong></span> 
     </span>
    </p>
   </div>
   <div class='ocr_carea' id='block_1_7' title="bbox 598 660 2186 744">
    <p class='ocr_par' dir='ltr' id='par_1_7' title="bbox 598 660 2186 744">
     <span class='ocr_line' id='line_1_7' title="bbox 598 660 2186 744; baseline 0.008 -26"><span class='ocrx_word' id='word_1_34' title='bbox 598 660 890 719; x_wconf 82' lang='lat' dir='ltr'><strong>factionem</strong></span> <span class='ocrx_word' id='word_1_35' title='bbox 915 661 1321 734; x_wconf 69' lang='lat' dir='ltr'><strong>ﬁeri.Ejusdem</strong></span> <span class='ocrx_word' id='word_1_36' title='bbox 1351 666 1574 741; x_wconf 79' lang='lat' dir='ltr'><strong>[Supple</strong></span> <span class='ocrx_word' id='word_1_37' title='bbox 1594 672 1861 744; x_wconf 70' lang='lat' dir='ltr'><strong>epistolae]</strong></span> <span class='ocrx_word' id='word_1_38' title='bbox 1891 691 1903 726; x_wconf 92' lang='lat'><strong>:</strong></span> <span class='ocrx_word' id='word_1_39' title='bbox 1925 673 2186 730; x_wconf 88' lang='lat' dir='ltr'><strong>Similiter</strong></span> 
     </span>
    </p>
   </div>
   <div class='ocr_carea' id='block_1_8' title="bbox 598 750 2184 834">
    <p class='ocr_par' dir='ltr' id='par_1_8' title="bbox 598 750 2184 834">
     <span class='ocr_line' id='line_1_8' title="bbox 598 750 2184 834; baseline 0.009 -30"><span class='ocrx_word' id='word_1_40' title='bbox 598 751 645 805; x_wconf 82' lang='lat' dir='ltr'><strong>si</strong></span> <span class='ocrx_word' id='word_1_41' title='bbox 699 750 1006 819; x_wconf 84' lang='lat' dir='ltr'><strong>bujusmodi</strong></span> <span class='ocrx_word' id='word_1_42' title='bbox 1057 755 1308 824; x_wconf 77' lang='lat' dir='ltr'><strong>personis</strong></span> <span class='ocrx_word' id='word_1_43' title='bbox 1338 759 1586 827; x_wconf 66' lang='lat' dir='ltr'><strong>quasdam</strong></span> <span class='ocrx_word' id='word_1_44' title='bbox 1638 761 1924 831; x_wconf 69' lang='lat' dir='ltr'><strong>scriptum</strong></span> <span class='ocrx_word' id='word_1_45' title='bbox 1962 778 2184 834; x_wconf 74' lang='lat' dir='ltr'><strong>quoque</strong></span> 
     </span>
    </p>
   </div>
   <div class='ocr_carea' id='block_1_9' title="bbox 596 842 2182 923">
    <p class='ocr_par' dir='ltr' id='par_1_9' title="bbox 596 842 2182 923">
     <span class='ocr_line' id='line_1_9' title="bbox 596 842 2182 923; baseline 0.008 -26"><span class='ocrx_word' id='word_1_46' title='bbox 596 842 759 898; x_wconf 89' lang='lat' dir='ltr'><strong>modo</strong></span> <span class='ocrx_word' id='word_1_47' title='bbox 787 858 883 914; x_wconf 83' lang='lat' dir='ltr'><strong>per</strong></span> <span class='ocrx_word' id='word_1_48' title='bbox 914 856 1138 912; x_wconf 89' lang='lat' dir='ltr'><strong>metum,</strong></span> <span class='ocrx_word' id='word_1_49' title='bbox 1166 858 1263 903; x_wconf 90' lang='lat' dir='ltr'><strong>aut</strong></span> <span class='ocrx_word' id='word_1_50' title='bbox 1286 847 1557 915; x_wconf 88' lang='lat' dir='ltr'><strong>fraudem,</strong></span> <span class='ocrx_word' id='word_1_51' title='bbox 1584 862 1678 906; x_wconf 89' lang='lat' dir='ltr'><strong>aut</strong></span> <span class='ocrx_word' id='word_1_52' title='bbox 1696 868 1796 923; x_wconf 84' lang='lat' dir='ltr'><strong>per</strong></span> <span class='ocrx_word' id='word_1_53' title='bbox 1820 854 1929 907; x_wconf 89' lang='lat' dir='ltr'><strong>vim</strong></span> <span class='ocrx_word' id='word_1_54' title='bbox 1954 865 2182 910; x_wconf 76' lang='lat' dir='ltr'><strong>extorta:</strong></span> 
     </span>
    </p>
   </div>
   <div class='ocr_carea' id='block_1_10' title="bbox 593 932 2183 1015">
    <p class='ocr_par' dir='ltr' id='par_1_10' title="bbox 593 932 2183 1015">
     <span class='ocr_line' id='line_1_10' title="bbox 593 932 2183 1015; baseline 0.009 -28"><span class='ocrx_word' id='word_1_55' title='bbox 593 932 822 1000; x_wconf 83' lang='lat' dir='ltr'><strong>fuerint,</strong></span> <span class='ocrx_word' id='word_1_56' title='bbox 851 936 931 991; x_wconf 89' lang='lat' dir='ltr'><strong>vel</strong></span> <span class='ocrx_word' id='word_1_57' title='bbox 960 946 1019 991; x_wconf 93' lang='lat' dir='ltr'><strong>ut</strong></span> <span class='ocrx_word' id='word_1_58' title='bbox 1047 953 1106 993; x_wconf 82' lang='lat' dir='ltr'><strong>se</strong></span> <span class='ocrx_word' id='word_1_59' title='bbox 1142 940 1377 996; x_wconf 84' lang='lat' dir='ltr'><strong>liberare</strong></span> <span class='ocrx_word' id='word_1_60' title='bbox 1404 942 1637 1011; x_wconf 87' lang='lat' dir='ltr'><strong>possint,</strong></span> <span class='ocrx_word' id='word_1_61' title='bbox 1660 959 1991 1015; x_wconf 89' lang='lat' dir='ltr'><strong>quocunque</strong></span> <span class='ocrx_word' id='word_1_62' title='bbox 2016 947 2084 1002; x_wconf 91' lang='lat' dir='ltr'><strong>ab</strong></span> <span class='ocrx_word' id='word_1_63' title='bbox 2102 947 2183 1002; x_wconf 87' lang='lat' dir='ltr'><strong>eis</strong></span> 
     </span>
    </p>
   </div>
   <div class='ocr_carea' id='block_1_11' title="bbox 594 1028 2182 1105">
    <p class='ocr_par' dir='ltr' id='par_1_11' title="bbox 594 1028 2182 1105">
     <span class='ocr_line' id='line_1_11' title="bbox 594 1028 2182 1105; baseline 0.008 -25"><span class='ocrx_word' id='word_1_64' title='bbox 594 1028 936 1097; x_wconf 75' lang='lat' dir='ltr'><strong>conscriptae,</strong></span> <span class='ocrx_word' id='word_1_65' title='bbox 965 1028 1048 1085; x_wconf 92' lang='lat' dir='ltr'><strong>vel</strong></span> <span class='ocrx_word' id='word_1_66' title='bbox 1074 1030 1341 1086; x_wconf 58' lang='lat' dir='ltr'><strong>roborata:-</strong></span> <span class='ocrx_word' id='word_1_67' title='bbox 1366 1030 1571 1088; x_wconf 85' lang='lat' dir='ltr'><strong>fuerint</strong></span> <span class='ocrx_word' id='word_1_68' title='bbox 1601 1035 1838 1105; x_wconf 78' lang='lat' dir='ltr'><strong>ingenio,</strong></span> <span class='ocrx_word' id='word_1_69' title='bbox 1870 1037 2077 1091; x_wconf 87' lang='lat' dir='ltr'><strong>nullum</strong></span> <span class='ocrx_word' id='word_1_70' title='bbox 2102 1038 2182 1093; x_wconf 86' lang='lat' dir='ltr'><strong>eis</strong></span> 
     </span>
    </p>
   </div>
   <div class='ocr_carea' id='block_1_12' title="bbox 590 1114 2177 1194">
    <p class='ocr_par' dir='ltr' id='par_1_12' title="bbox 590 1114 2177 1194">
     <span class='ocr_line' id='line_1_12' title="bbox 590 1114 2177 1194; baseline 0.008 -26"><span class='ocrx_word' id='word_1_71' title='bbox 590 1114 965 1185; x_wconf 75' lang='lat' dir='ltr'><strong>pnejudicium</strong></span> <span class='ocrx_word' id='word_1_72' title='bbox 996 1129 1090 1173; x_wconf 87' lang='lat' dir='ltr'><strong>aut</strong></span> <span class='ocrx_word' id='word_1_73' title='bbox 1129 1132 1517 1177; x_wconf 85' lang='lat' dir='ltr'><strong>nocunientum</strong></span> <span class='ocrx_word' id='word_1_74' title='bbox 1558 1127 1849 1194; x_wconf 81' lang='lat' dir='ltr'><strong>provenire</strong></span> <span class='ocrx_word' id='word_1_75' title='bbox 1872 1141 2177 1194; x_wconf 84' lang='lat' dir='ltr'><strong>censemus,</strong></span> 
     </span>
    </p>
   </div>
   <div class='ocr_carea' id='block_1_13' title="bbox 591 1208 2179 1284">
    <p class='ocr_par' dir='ltr' id='par_1_13' title="bbox 591 1208 2179 1284">
     <span class='ocr_line' id='line_1_13' title="bbox 591 1208 2179 1284; baseline 0.009 -26"><span class='ocrx_word' id='word_1_76' title='bbox 591 1220 769 1277; x_wconf 86' lang='lat' dir='ltr'><strong>neque</strong></span> <span class='ocrx_word' id='word_1_77' title='bbox 813 1208 974 1263; x_wconf 90' lang='lat' dir='ltr'><strong>ullam</strong></span> <span class='ocrx_word' id='word_1_78' title='bbox 1006 1210 1090 1265; x_wconf 90' lang='lat' dir='ltr'><strong>eis</strong></span> <span class='ocrx_word' id='word_1_79' title='bbox 1138 1211 1419 1281; x_wconf 74' lang='lat' dir='ltr'><strong>infamiam</strong></span> <span class='ocrx_word' id='word_1_80' title='bbox 1474 1224 1571 1269; x_wconf 87' lang='lat' dir='ltr'><strong>aut</strong></span> <span class='ocrx_word' id='word_1_81' title='bbox 1623 1216 1972 1284; x_wconf 79' lang='lat' dir='ltr'><strong>calumniam,</strong></span> <span class='ocrx_word' id='word_1_82' title='bbox 2014 1229 2109 1273; x_wconf 91' lang='lat' dir='ltr'><strong>aut</strong></span> <span class='ocrx_word' id='word_1_83' title='bbox 2149 1235 2179 1272; x_wconf 89' lang='lat' dir='ltr'><strong>a</strong></span> 
     </span>
    </p>
   </div>
   <div class='ocr_carea' id='block_1_14' title="bbox 590 1300 2181 1379">
    <p class='ocr_par' dir='ltr' id='par_1_14' title="bbox 590 1300 2181 1379">
     <span class='ocr_line' id='line_1_14' title="bbox 590 1300 2181 1379; baseline 0.006 -24"><span class='ocrx_word' id='word_1_84' title='bbox 590 1300 705 1355; x_wconf 85' lang='lat' dir='ltr'><strong>suis</strong></span> <span class='ocrx_word' id='word_1_85' title='bbox 750 1304 1240 1371; x_wconf 86' lang='lat' dir='ltr'><strong>sequestrationem</strong></span> <span class='ocrx_word' id='word_1_86' title='bbox 1290 1308 1465 1362; x_wconf 86' lang='lat' dir='ltr'><strong>bonis‘</strong></span> <span class='ocrx_word' id='word_1_87' title='bbox 1499 1324 1758 1379; x_wconf 89' lang='lat' dir='ltr'><strong>unquam,</strong></span> <span class='ocrx_word' id='word_1_88' title='bbox 1809 1322 2031 1366; x_wconf 76' lang='lat' dir='ltr'><strong>auatore</strong></span> <span class='ocrx_word' id='word_1_89' title='bbox 2076 1310 2181 1364; x_wconf 88' lang='lat' dir='ltr'><strong>Do-</strong></span> 
     </span>
    </p>
   </div>
   <div class='ocr_carea' id='block_1_15' title="bbox 589 1389 2177 1482">
    <p class='ocr_par' dir='ltr' id='par_1_15' title="bbox 589 1389 2177 1482">
     <span class='ocr_line' id='line_1_15' title="bbox 589 1389 2177 1482; baseline 0.01 -39"><span class='ocrx_word' id='word_1_90' title='bbox 589 1389 761 1455; x_wconf 89' lang='lat' dir='ltr'><strong>mino,</strong></span> <span class='ocrx_word' id='word_1_91' title='bbox 789 1402 845 1447; x_wconf 89' lang='lat' dir='ltr'><strong>et</strong></span> <span class='ocrx_word' id='word_1_92' title='bbox 883 1396 1086 1463; x_wconf 84' lang='lat' dir='ltr'><strong>sanctis</strong></span> <span class='ocrx_word' id='word_1_93' title='bbox 1106 1397 1386 1465; x_wconf 73' lang='lat' dir='ltr'><strong>apostolis,</strong></span> <span class='ocrx_word' id='word_1_94' title='bbox 1425 1415 1726 1482; x_wconf 80' lang='lat' dir='ltr'><strong>eorumque</strong></span> <span class='ocrx_word' id='word_1_95' title='bbox 1752 1402 2177 1470; x_wconf 78' lang='lat' dir='ltr'><strong>successoribus,</strong></span> 
     </span>
    </p>
   </div>
   <div class='ocr_carea' id='block_1_16' title="bbox 591 1482 1283 1554">
    <p class='ocr_par' dir='ltr' id='par_1_16' title="bbox 591 1482 1283 1554">
     <span class='ocr_line' id='line_1_16' title="bbox 591 1482 1283 1554; baseline 0.016 -21"><span class='ocrx_word' id='word_1_96' title='bbox 591 1482 861 1542; x_wconf 85' lang='lat' dir='ltr'><strong>sustinere</strong></span> <span class='ocrx_word' id='word_1_97' title='bbox 893 1487 1283 1554; x_wconf 66' lang='lat' dir='ltr'><strong>permittimus.</strong></span> 
     </span>
    </p>
   </div>
   <div class='ocr_carea' id='block_1_17' title="bbox 589 1592 2173 1677">
    <p class='ocr_par' dir='ltr' id='par_1_17' title="bbox 589 1592 2173 1677">
     <span class='ocr_line' id='line_1_17' title="bbox 589 1592 2173 1677; baseline 0.011 -30"><span class='ocrx_word' id='word_1_98' title='bbox 589 1592 720 1649; x_wconf 75' lang='lat' dir='ltr'><strong>CAP.</strong></span> <span class='ocrx_word' id='word_1_99' title='bbox 749 1593 1108 1665; x_wconf 75' lang='lat' dir='ltr'><strong>XXl.—Quia</strong></span> <span class='ocrx_word' id='word_1_100' title='bbox 1121 1592 1338 1677; x_wconf 75' lang='lat' dir='ltr'><strong>plurimi</strong></span> <span class='ocrx_word' id='word_1_101' title='bbox 1347 1605 1678 1661; x_wconf 68' lang='lat' dir='ltr'><strong>sacerdotum</strong></span> <span class='ocrx_word' id='word_1_102' title='bbox 1691 1602 1921 1677; x_wconf 72' lang='lat' dir='ltr'><strong>depositi</strong></span> <span class='ocrx_word' id='word_1_103' title='bbox 1935 1608 2173 1676; x_wconf 65' lang='lat' dir='ltr'><strong>(semul,</strong></span> 
     </span>
    </p>
   </div>
   <div class='ocr_carea' id='block_1_18' title="bbox 997 1675 1777 1741">
    <p class='ocr_par' dir='ltr' id='par_1_18' title="bbox 997 1675 1777 1741">
     <span class='ocr_line' id='line_1_18' title="bbox 997 1675 1777 1741; baseline 0.013 -18"><span class='ocrx_word' id='word_1_104' title='bbox 997 1680 1044 1724; x_wconf 81' lang='lat' dir='ltr'><strong>et</strong></span> <span class='ocrx_word' id='word_1_105' title='bbox 1072 1675 1404 1741; x_wconf 77' lang='lat' dir='ltr'><strong>postmodum</strong></span> <span class='ocrx_word' id='word_1_106' title='bbox 1432 1675 1777 1734; x_wconf 72' lang='lat' dir='ltr'><strong>reconciliati.</strong></span> 
     </span>
    </p>
   </div>
   <div class='ocr_carea' id='block_1_19' title="bbox 655 1756 2172 1836">
    <p class='ocr_par' dir='ltr' id='par_1_19' title="bbox 655 1756 2172 1836">
     <span class='ocr_line' id='line_1_19' title="bbox 655 1756 2172 1836; baseline 0.011 -25"><span class='ocrx_word' id='word_1_107' title='bbox 655 1756 767 1813; x_wconf 70' lang='lat' dir='ltr'><strong>lar.</strong></span> <span class='ocrx_word' id='word_1_108' title='bbox 796 1756 855 1813; x_wconf 88' lang='lat' dir='ltr'><strong>Si</strong></span> <span class='ocrx_word' id='word_1_109' title='bbox 909 1760 1015 1815; x_wconf 80' lang='lat' dir='ltr'><strong>tale</strong></span> <span class='ocrx_word' id='word_1_110' title='bbox 1057 1763 1187 1831; x_wconf 81' lang='lat' dir='ltr'><strong>quid</strong></span> <span class='ocrx_word' id='word_1_111' title='bbox 1234 1765 1303 1819; x_wconf 85' lang='lat' dir='ltr'><strong>ad</strong></span> <span class='ocrx_word' id='word_1_112' title='bbox 1357 1764 1628 1836; x_wconf 86' lang='lat' dir='ltr'><strong>lapsorum</strong></span> <span class='ocrx_word' id='word_1_113' title='bbox 1680 1770 2172 1827; x_wconf 78' lang='lat' dir='ltr'><strong>reconciliationem</strong></span> 
     </span>
    </p>
   </div>
   <div class='ocr_carea' id='block_1_20' title="bbox 2288 586 3853 674">
    <p class='ocr_par' dir='ltr' id='par_1_20' title="bbox 2288 586 3853 674">
     <span class='ocr_line' id='line_1_20' title="bbox 2288 586 3853 674; baseline 0.012 -34"><span class='ocrx_word' id='word_1_114' title='bbox 2288 600 2413 640; x_wconf 85' lang='lat' dir='ltr'><strong>men</strong></span> <span class='ocrx_word' id='word_1_115' title='bbox 2447 586 2696 643; x_wconf 88' lang='lat' dir='ltr'><strong>universa</strong></span> <span class='ocrx_word' id='word_1_116' title='bbox 2737 588 2981 647; x_wconf 82' lang='lat' dir='ltr'><strong>Romana</strong></span> <span class='ocrx_word' id='word_1_117' title='bbox 3026 594 3239 659; x_wconf 85' lang='lat' dir='ltr'><strong>civitas,</strong></span> <span class='ocrx_word' id='word_1_118' title='bbox 3274 606 3331 650; x_wconf 86' lang='lat' dir='ltr'><strong>et</strong></span> <span class='ocrx_word' id='word_1_119' title='bbox 3358 613 3555 657; x_wconf 73' lang='lat' dir='ltr'><strong>euntes</strong></span> <span class='ocrx_word' id='word_1_120' title='bbox 3583 600 3853 674; x_wconf 66' lang='grc' dir='ltr'><strong>αἰνωιιψ).</strong></span> 
     </span>
    </p>
   </div>
   <div class='ocr_carea' id='block_1_21' title="bbox 2285 677 3857 753">
    <p class='ocr_par' dir='ltr' id='par_1_21' title="bbox 2285 677 3857 753">
     <span class='ocr_line' id='line_1_21' title="bbox 2285 677 3857 753; baseline 0.014 -22"><span class='ocrx_word' id='word_1_121' title='bbox 2285 677 2403 732; x_wconf 73' lang='lat' dir='ltr'><strong>sitae</strong></span> <span class='ocrx_word' id='word_1_122' title='bbox 2433 680 2700 750; x_wconf 78' lang='lat' dir='ltr'><strong>regiones,</strong></span> <span class='ocrx_word' id='word_1_123' title='bbox 2736 683 3021 753; x_wconf 67' lang='lat' dir='ltr'><strong>praecipua:</strong></span> <span class='ocrx_word' id='word_1_124' title='bbox 3047 688 3348 745; x_wconf 82' lang='lat' dir='ltr'><strong>sanctitatis</strong></span> <span class='ocrx_word' id='word_1_125' title='bbox 3381 706 3508 746; x_wconf 88' lang='lat' dir='ltr'><strong>eum</strong></span> <span class='ocrx_word' id='word_1_126' title='bbox 3553 692 3723 751; x_wconf 80' lang='lat' dir='ltr'><strong>fuisse</strong></span> <span class='ocrx_word' id='word_1_127' title='bbox 3744 711 3857 752; x_wconf 73' lang='lat' dir='ltr'><strong>coa-</strong></span> 
     </span>
    </p>
   </div>
   <div class='ocr_carea' id='block_1_22' title="bbox 2283 775 3858 852">
    <p class='ocr_par' dir='ltr' id='par_1_22' title="bbox 2283 775 3858 852">
     <span class='ocr_line' id='line_1_22' title="bbox 2283 775 3858 852; baseline 0.013 -31"><span class='ocrx_word' id='word_1_128' title='bbox 2283 780 2608 835; x_wconf 82' lang='lat' dir='ltr'><strong>meinorant,</strong></span> <span class='ocrx_word' id='word_1_129' title='bbox 2634 775 2875 843; x_wconf 77' lang='lat' dir='ltr'><strong>exceptis</strong></span> <span class='ocrx_word' id='word_1_130' title='bbox 2908 777 3199 832; x_wconf 76' lang='lat' dir='ltr'><strong>admodum</strong></span> <span class='ocrx_word' id='word_1_131' title='bbox 3244 782 3455 850; x_wconf 84' lang='lat' dir='ltr'><strong>paucis,</strong></span> <span class='ocrx_word' id='word_1_132' title='bbox 3500 782 3598 852; x_wconf 87' lang='lat' dir='ltr'><strong>qui</strong></span> <span class='ocrx_word' id='word_1_133' title='bbox 3644 800 3771 840; x_wconf 71' lang='lat' dir='ltr'><strong>eum</strong></span> <span class='ocrx_word' id='word_1_134' title='bbox 3806 789 3858 842; x_wconf 79' lang='grc' dir='ltr'><strong>ὶι-</strong></span> 
     </span>
    </p>
   </div>
   <div class='ocr_carea' id='block_1_23' title="bbox 2282 855 3856 939">
    <p class='ocr_par' dir='ltr' id='par_1_23' title="bbox 2282 855 3856 939">
     <span class='ocr_line' id='line_1_23' title="bbox 2282 855 3856 939; baseline 0.015 -29"><span class='ocrx_word' id='word_1_135' title='bbox 2282 855 2488 915; x_wconf 83' lang='lat' dir='ltr'><strong>famare</strong></span> <span class='ocrx_word' id='word_1_136' title='bbox 2527 877 2631 916; x_wconf 91' lang='lat' dir='ltr'><strong>non</strong></span> <span class='ocrx_word' id='word_1_137' title='bbox 2658 866 3004 921; x_wconf 84' lang='lat' dir='ltr'><strong>erubescunt.</strong></span> <span class='ocrx_word' id='word_1_138' title='bbox 3052 866 3162 924; x_wconf 85' lang='lat' dir='ltr'><strong>Nec</strong></span> <span class='ocrx_word' id='word_1_139' title='bbox 3191 873 3413 939; x_wconf 86' lang='lat' dir='ltr'><strong>mirum,</strong></span> <span class='ocrx_word' id='word_1_140' title='bbox 3460 890 3591 929; x_wconf 85' lang='lat' dir='ltr'><strong>cum</strong></span> <span class='ocrx_word' id='word_1_141' title='bbox 3628 876 3856 935; x_wconf 75' lang='lat' dir='ltr'><strong>etiamdt</strong></span> 
     </span>
    </p>
   </div>
   <div class='ocr_carea' id='block_1_24' title="bbox 2282 946 3858 1035">
    <p class='ocr_par' dir='ltr' id='par_1_24' title="bbox 2282 946 3858 1035">
     <span class='ocr_line' id='line_1_24' title="bbox 2282 946 3858 1035; baseline 0.015 -34"><span class='ocrx_word' id='word_1_142' title='bbox 2282 946 2565 1006; x_wconf 88' lang='lat' dir='ltr'><strong>Salvatore</strong></span> <span class='ocrx_word' id='word_1_143' title='bbox 2594 953 2854 1023; x_wconf 80' lang='lat' dir='ltr'><strong>scriptum</strong></span> <span class='ocrx_word' id='word_1_144' title='bbox 2891 956 2983 1021; x_wconf 89' lang='lat' dir='ltr'><strong>sit,</strong></span> <span class='ocrx_word' id='word_1_145' title='bbox 3037 974 3059 1007; x_wconf 76' lang='grc' dir='ltr'>ι</span> <span class='ocrx_word' id='word_1_146' title='bbox 3089 959 3194 1015; x_wconf 86' lang='lat' dir='ltr'><strong>Alii</strong></span> <span class='ocrx_word' id='word_1_147' title='bbox 3228 963 3485 1018; x_wconf 77' lang='lat' dir='ltr'><strong>dicebant</strong></span> <span class='ocrx_word' id='word_1_148' title='bbox 3538 969 3670 1035; x_wconf 81' lang='lat' dir='ltr'><strong>quia</strong></span> <span class='ocrx_word' id='word_1_149' title='bbox 3714 967 3858 1025; x_wconf 74' lang='lat' dir='ltr'><strong>bum</strong></span> 
     </span>
    </p>
   </div>
   <div class='ocr_carea' id='block_1_25' title="bbox 2281 1040 3854 1128">
    <p class='ocr_par' dir='ltr' id='par_1_25' title="bbox 2281 1040 3854 1128">
     <span class='ocr_line' id='line_1_25' title="bbox 2281 1040 3854 1128; baseline 0.011 -34"><span class='ocrx_word' id='word_1_150' title='bbox 2281 1048 2385 1103; x_wconf 71' lang='grc' dir='ltr'><strong>εει,</strong></span> <span class='ocrx_word' id='word_1_151' title='bbox 2438 1040 2527 1093; x_wconf 86' lang='lat' dir='ltr'><strong>alii</strong></span> <span class='ocrx_word' id='word_1_152' title='bbox 2580 1059 2592 1093; x_wconf 92' lang='lat'><strong>:</strong></span> <span class='ocrx_word' id='word_1_153' title='bbox 2642 1040 2778 1107; x_wconf 82' lang='lat' dir='ltr'><strong>Non,</strong></span> <span class='ocrx_word' id='word_1_154' title='bbox 2829 1047 2921 1099; x_wconf 90' lang='lat' dir='ltr'><strong>sed</strong></span> <span class='ocrx_word' id='word_1_155' title='bbox 2968 1050 3174 1105; x_wconf 83' lang='lat' dir='ltr'><strong>seducit</strong></span> <span class='ocrx_word' id='word_1_156' title='bbox 3220 1052 3409 1107; x_wconf 86' lang='lat' dir='ltr'><strong>turbas</strong></span> <span class='ocrx_word' id='word_1_157' title='bbox 3448 1052 3641 1123; x_wconf 65' lang='lat' dir='ltr'><strong>(leae.</strong></span> <span class='ocrx_word' id='word_1_158' title='bbox 3701 1058 3854 1128; x_wconf 54' lang='grc' dir='ltr'><strong>ωλι</strong></span> 
     </span>
    </p>
   </div>
   <div class='ocr_carea' id='block_1_26' title="bbox 2282 1126 3858 1207">
    <p class='ocr_par' dir='ltr' id='par_1_26' title="bbox 2282 1126 3858 1207">
     <span class='ocr_line' id='line_1_26' title="bbox 2282 1126 3858 1207; baseline 0.014 -25"><span class='ocrx_word' id='word_1_159' title='bbox 2282 1126 2545 1184; x_wconf 65' lang='lat' dir='ltr'><strong>Caeterum</strong></span> <span class='ocrx_word' id='word_1_160' title='bbox 2577 1146 2703 1186; x_wconf 86' lang='lat' dir='ltr'><strong>vero</strong></span> <span class='ocrx_word' id='word_1_161' title='bbox 2729 1136 2869 1202; x_wconf 89' lang='lat' dir='ltr'><strong>quod</strong></span> <span class='ocrx_word' id='word_1_162' title='bbox 2908 1136 2960 1190; x_wconf 92' lang='lat' dir='ltr'><strong>in</strong></span> <span class='ocrx_word' id='word_1_163' title='bbox 3005 1139 3311 1207; x_wconf 86' lang='lat' dir='ltr'><strong>hujusmodi</strong></span> <span class='ocrx_word' id='word_1_164' title='bbox 3361 1143 3721 1202; x_wconf 83' lang='lat' dir='ltr'><strong>translatione</strong></span> 
     </span>
    </p>
   </div>
   <div class='ocr_carea' id='block_1_27' title="bbox 2283 1229 3858 1311">
    <p class='ocr_par' dir='ltr' id='par_1_27' title="bbox 2283 1229 3858 1311">
     <span class='ocr_line' id='line_1_27' title="bbox 2283 1229 3858 1311; baseline 0.015 -39"><span class='ocrx_word' id='word_1_165' title='bbox 2283 1235 2409 1273; x_wconf 88' lang='lat' dir='ltr'><strong>nam</strong></span> <span class='ocrx_word' id='word_1_166' title='bbox 2440 1237 2663 1277; x_wconf 75' lang='lat' dir='ltr'><strong>exorent</strong></span> <span class='ocrx_word' id='word_1_167' title='bbox 2710 1241 2816 1281; x_wconf 89' lang='lat' dir='ltr'><strong>non</strong></span> <span class='ocrx_word' id='word_1_168' title='bbox 2852 1229 3155 1298; x_wconf 77' lang='lat' dir='ltr'><strong>abstulerit,</strong></span> <span class='ocrx_word' id='word_1_169' title='bbox 3200 1234 3579 1303; x_wconf 86' lang='lat' dir='ltr'><strong>probabilibus</strong></span> <span class='ocrx_word' id='word_1_170' title='bbox 3624 1241 3858 1311; x_wconf 59' lang='lat' dir='ltr'><strong>exempla</strong></span> 
     </span>
    </p>
   </div>
   <div class='ocr_carea' id='block_1_28' title="bbox 2282 1309 3856 1395">
    <p class='ocr_par' dir='ltr' id='par_1_28' title="bbox 2282 1309 3856 1395">
     <span class='ocr_line' id='line_1_28' title="bbox 2282 1309 3856 1395; baseline 0.016 -34"><span class='ocrx_word' id='word_1_171' title='bbox 2282 1309 2582 1367; x_wconf 86' lang='lat' dir='ltr'><strong>clarescere</strong></span> <span class='ocrx_word' id='word_1_172' title='bbox 2622 1323 2831 1383; x_wconf 88' lang='lat' dir='ltr'><strong>.potest.</strong></span> <span class='ocrx_word' id='word_1_173' title='bbox 2889 1317 3094 1374; x_wconf 87' lang='lat' dir='ltr'><strong>Oniitto</strong></span> <span class='ocrx_word' id='word_1_174' title='bbox 3141 1338 3234 1378; x_wconf 89' lang='lat' dir='ltr'><strong>eos</strong></span> <span class='ocrx_word' id='word_1_175' title='bbox 3286 1327 3381 1395; x_wconf 88' lang='lat' dir='ltr'><strong>qui</strong></span> <span class='ocrx_word' id='word_1_176' title='bbox 3429 1314 3559 1383; x_wconf 83' lang='lat' dir='ltr'><strong>ante</strong></span> <span class='ocrx_word' id='word_1_177' title='bbox 3604 1309 3856 1385; x_wconf 62' lang='lat' dir='ltr'><strong>Nicaeum</strong></span> 
     </span>
    </p>
   </div>
   <div class='ocr_carea' id='block_1_29' title="bbox 2279 1402 3854 1476">
    <p class='ocr_par' dir='ltr' id='par_1_29' title="bbox 2279 1402 3854 1476">
     <span class='ocr_line' id='line_1_29' title="bbox 2279 1402 3854 1476; baseline 0.013 -21"><span class='ocrx_word' id='word_1_178' title='bbox 2279 1402 2570 1458; x_wconf 86' lang='lat' dir='ltr'><strong>concilium</strong></span> <span class='ocrx_word' id='word_1_179' title='bbox 2607 1406 2673 1460; x_wconf 85' lang='lat' dir='ltr'><strong>de</strong></span> <span class='ocrx_word' id='word_1_180' title='bbox 2702 1408 2832 1463; x_wconf 83' lang='lat' dir='ltr'><strong>sede</strong></span> <span class='ocrx_word' id='word_1_181' title='bbox 2876 1410 2944 1463; x_wconf 90' lang='lat' dir='ltr'><strong>ad</strong></span> <span class='ocrx_word' id='word_1_182' title='bbox 2983 1411 3143 1468; x_wconf 85' lang='lat' dir='ltr'><strong>aliam</strong></span> <span class='ocrx_word' id='word_1_183' title='bbox 3191 1414 3379 1471; x_wconf 84' lang='lat' dir='ltr'><strong>sedem</strong></span> <span class='ocrx_word' id='word_1_184' title='bbox 3430 1420 3685 1476; x_wconf 86' lang='lat' dir='ltr'><strong>translati</strong></span> <span class='ocrx_word' id='word_1_185' title='bbox 3734 1432 3854 1476; x_wconf 82' lang='lat' dir='ltr'><strong>sunt.</strong></span> 
     </span>
    </p>
   </div>
   <div class='ocr_carea' id='block_1_30' title="bbox 2280 1488 3855 1573">
    <p class='ocr_par' dir='ltr' id='par_1_30' title="bbox 2280 1488 3855 1573">
     <span class='ocr_line' id='line_1_30' title="bbox 2280 1488 3855 1573; baseline 0.015 -30"><span class='ocrx_word' id='word_1_186' title='bbox 2280 1488 2654 1562; x_wconf 84' lang='lat' dir='ltr'><strong>Nuiiquidnam</strong></span> <span class='ocrx_word' id='word_1_187' title='bbox 2681 1495 2974 1566; x_wconf 83' lang='lat' dir='ltr'><strong>Gregorius</strong></span> <span class='ocrx_word' id='word_1_188' title='bbox 2999 1501 3376 1560; x_wconf 80' lang='lat' dir='ltr'><strong>Nazianzenus</strong></span> <span class='ocrx_word' id='word_1_189' title='bbox 3405 1547 3422 1573; x_wconf 93' lang='lat'><strong>,</strong></span> <span class='ocrx_word' id='word_1_190' title='bbox 3452 1508 3620 1562; x_wconf 88' lang='lat' dir='ltr'><strong>homo</strong></span> <span class='ocrx_word' id='word_1_191' title='bbox 3647 1513 3855 1567; x_wconf 79' lang='lat' dir='ltr'><strong>sanctis-</strong></span> 
     </span>
    </p>
   </div>
   <div class='ocr_carea' id='block_1_31' title="bbox 2278 1582 3857 1670">
    <p class='ocr_par' dir='ltr' id='par_1_31' title="bbox 2278 1582 3857 1670">
     <span class='ocr_line' id='line_1_31' title="bbox 2278 1582 3857 1670; baseline 0.014 -34"><span class='ocrx_word' id='word_1_192' title='bbox 2278 1582 2447 1639; x_wconf 90' lang='lat' dir='ltr'><strong>simus</strong></span> <span class='ocrx_word' id='word_1_193' title='bbox 2486 1595 2651 1658; x_wconf 85' lang='lat' dir='ltr'><strong>atque</strong></span> <span class='ocrx_word' id='word_1_194' title='bbox 2684 1589 3051 1658; x_wconf 89' lang='lat' dir='ltr'><strong>doctissimus,</strong></span> <span class='ocrx_word' id='word_1_195' title='bbox 3090 1595 3312 1666; x_wconf 77' lang='lat' dir='ltr'><strong>ignarus</strong></span> <span class='ocrx_word' id='word_1_196' title='bbox 3338 1596 3448 1652; x_wconf 84' lang='lat' dir='ltr'><strong>fuit</strong></span> <span class='ocrx_word' id='word_1_197' title='bbox 3472 1599 3720 1670; x_wconf 73' lang='lat' dir='ltr'><strong>ejusdem</strong></span> <span class='ocrx_word' id='word_1_198' title='bbox 3750 1617 3857 1658; x_wconf 84' lang='lat' dir='ltr'><strong>oon-</strong></span> 
     </span>
    </p>
   </div>
   <div class='ocr_carea' id='block_1_32' title="bbox 2278 1674 3857 1765">
    <p class='ocr_par' dir='ltr' id='par_1_32' title="bbox 2278 1674 3857 1765">
     <span class='ocr_line' id='line_1_32' title="bbox 2278 1674 3857 1765; baseline 0.013 -36"><span class='ocrx_word' id='word_1_199' title='bbox 2278 1674 2409 1741; x_wconf 90' lang='lat' dir='ltr'><strong>cilii,</strong></span> <span class='ocrx_word' id='word_1_200' title='bbox 2447 1687 2543 1731; x_wconf 88' lang='lat' dir='ltr'><strong>aut</strong></span> <span class='ocrx_word' id='word_1_201' title='bbox 2574 1677 2704 1734; x_wconf 91' lang='lat' dir='ltr'><strong>illud</strong></span> <span class='ocrx_word' id='word_1_202' title='bbox 2732 1680 3014 1754; x_wconf 88' lang='lat' dir='ltr'><strong>quisquam</strong></span> <span class='ocrx_word' id='word_1_203' title='bbox 3050 1685 3239 1743; x_wconf 90' lang='lat' dir='ltr'><strong>melius</strong></span> <span class='ocrx_word' id='word_1_204' title='bbox 3265 1686 3548 1760; x_wconf 70' lang='lat' dir='ltr'><strong>intelligit,</strong></span> <span class='ocrx_word' id='word_1_205' title='bbox 3578 1707 3741 1763; x_wconf 88' lang='lat' dir='ltr'><strong>quam</strong></span> <span class='ocrx_word' id='word_1_206' title='bbox 3764 1694 3857 1765; x_wconf 75' lang='lat' dir='ltr'><strong>ipse</strong></span> 
     </span>
    </p>
   </div>
   <div class='ocr_carea' id='block_1_33' title="bbox 2278 1765 3856 1843">
    <p class='ocr_par' dir='ltr' id='par_1_33' title="bbox 2278 1765 3856 1843">
     <span class='ocr_line' id='line_1_33' title="bbox 2278 1765 3856 1843; baseline 0.013 -23"><span class='ocrx_word' id='word_1_207' title='bbox 2278 1765 2609 1825; x_wconf 77' lang='lat' dir='ltr'><strong>intellexisse</strong></span> <span class='ocrx_word' id='word_1_208' title='bbox 2628 1772 2998 1843; x_wconf 74' lang='lat' dir='ltr'><strong>dignoscitur?</strong></span> <span class='ocrx_word' id='word_1_209' title='bbox 3034 1776 3132 1834; x_wconf 84' lang='lat' dir='ltr'><strong>llic</strong></span> <span class='ocrx_word' id='word_1_210' title='bbox 3159 1781 3307 1835; x_wconf 88' lang='lat' dir='ltr'><strong>enim</strong></span> <span class='ocrx_word' id='word_1_211' title='bbox 3341 1797 3474 1837; x_wconf 89' lang='lat' dir='ltr'><strong>cum</strong></span> <span class='ocrx_word' id='word_1_212' title='bbox 3497 1786 3659 1840; x_wconf 82' lang='lat' dir='ltr'><strong>unius</strong></span> <span class='ocrx_word' id='word_1_213' title='bbox 3682 1787 3856 1842; x_wconf 80' lang='lat' dir='ltr'><strong>civiu-</strong></span> 
     </span>
    </p>
   </div>
   <div class='ocr_carea' id='block_1_34' title="bbox 586 1849 3856 1944">
    <p class='ocr_par' dir='ltr' id='par_1_34' title="bbox 586 1849 3856 1944">
     <span class='ocr_line' id='line_1_34' title="bbox 586 1849 3856 1944; baseline 0.013 -45"><span class='ocrx_word' id='word_1_214' title='bbox 586 1849 841 1929; x_wconf 88' lang='lat' dir='ltr'><strong>pertiuet,</strong></span> <span class='ocrx_word' id='word_1_215' title='bbox 866 1852 1137 1920; x_wconf 78' lang='lat' dir='ltr'><strong>exemplis</strong></span> <span class='ocrx_word' id='word_1_216' title='bbox 1167 1853 1449 1910; x_wconf 79' lang='lat' dir='ltr'><strong>confirma.</strong></span> <span class='ocrx_word' id='word_1_217' title='bbox 1492 1855 1623 1912; x_wconf 71' lang='lat' dir='ltr'><strong>Der.</strong></span> <span class='ocrx_word' id='word_1_218' title='bbox 1674 1857 1899 1915; x_wconf 85' lang='lat' dir='ltr'><strong>Plurimi</strong></span> <span class='ocrx_word' id='word_1_219' title='bbox 1938 1877 2177 1932; x_wconf 82' lang='lat' dir='ltr'><strong>namque</strong></span> <span class='ocrx_word' id='word_1_220' title='bbox 2210 1864 2252 1922; x_wconf 74' lang='lat' dir='ltr'><strong>li</strong></span> <span class='ocrx_word' id='word_1_221' title='bbox 2282 1856 2373 1922; x_wconf 65' lang='lat' dir='ltr'><strong>lis.</strong></span> <span class='ocrx_word' id='word_1_222' title='bbox 2401 1873 2521 1928; x_wconf 69' lang='lat' dir='ltr'><strong>qua:</strong></span> <span class='ocrx_word' id='word_1_223' title='bbox 2549 1858 2766 1917; x_wconf 65' lang='lat' dir='ltr'><strong>Salium</strong></span> <span class='ocrx_word' id='word_1_224' title='bbox 2789 1864 3090 1935; x_wconf 71' lang='lat' dir='ltr'><strong>diceballll&#39;.</strong></span> <span class='ocrx_word' id='word_1_225' title='bbox 3108 1869 3301 1927; x_wconf 70' lang='grc' dir='ltr'><strong>Γυίεδει</strong></span> <span class='ocrx_word' id='word_1_226' title='bbox 3326 1873 3643 1944; x_wconf 58' lang='lat' dir='ltr'><strong>episcopus,</strong></span> <span class='ocrx_word' id='word_1_227' title='bbox 3656 1877 3856 1932; x_wconf 63' lang='lat'><strong>0005150</strong></span> 
     </span>
    </p>
   </div>
   <div class='ocr_carea' id='block_1_35' title="bbox 584 1941 2171 2019">
    <p class='ocr_par' dir='ltr' id='par_1_35' title="bbox 584 1941 2171 2019">
     <span class='ocr_line' id='line_1_35' title="bbox 584 1941 2171 2019; baseline 0.01 -27"><span class='ocrx_word' id='word_1_228' title='bbox 584 1941 928 1995; x_wconf 82' lang='lat' dir='ltr'><strong>sacerdotum</strong></span> <span class='ocrx_word' id='word_1_229' title='bbox 956 1941 1187 2011; x_wconf 80' lang='lat' dir='ltr'><strong>depositi</strong></span> <span class='ocrx_word' id='word_1_230' title='bbox 1228 1944 1469 2013; x_wconf 75' lang='lat' dir='ltr'><strong>fuerunt,</strong></span> <span class='ocrx_word' id='word_1_231' title='bbox 1504 1957 1561 2004; x_wconf 88' lang='lat' dir='ltr'><strong>et</strong></span> <span class='ocrx_word' id='word_1_232' title='bbox 1598 1951 1943 2019; x_wconf 81' lang='lat' dir='ltr'><strong>postmodum</strong></span> <span class='ocrx_word' id='word_1_233' title='bbox 1982 1967 2171 2008; x_wconf 91' lang='lat' dir='ltr'><strong>recon-</strong></span> 
     </span>
    </p>
   </div>
   <div class='ocr_carea' id='block_1_36' title="bbox 582 2029 2168 2115">
    <p class='ocr_par' dir='ltr' id='par_1_36' title="bbox 582 2029 2168 2115">
     <span class='ocr_line' id='line_1_36' title="bbox 582 2029 2168 2115; baseline 0.011 -32"><span class='ocrx_word' id='word_1_234' title='bbox 582 2029 791 2085; x_wconf 86' lang='lat' dir='ltr'><strong>ciliati:</strong></span> <span class='ocrx_word' id='word_1_235' title='bbox 824 2034 1181 2102; x_wconf 82' lang='lat' dir='ltr'><strong>reconciliati,</strong></span> <span class='ocrx_word' id='word_1_236' title='bbox 1210 2037 1452 2107; x_wconf 90' lang='lat' dir='ltr'><strong>inquam,</strong></span> <span class='ocrx_word' id='word_1_237' title='bbox 1500 2055 1608 2095; x_wconf 88' lang='lat' dir='ltr'><strong>non</strong></span> <span class='ocrx_word' id='word_1_238' title='bbox 1634 2041 1808 2098; x_wconf 87' lang='lat' dir='ltr'><strong>denuo</strong></span> <span class='ocrx_word' id='word_1_239' title='bbox 1838 2043 1896 2098; x_wconf 86' lang='lat' dir='ltr'><strong>in</strong></span> <span class='ocrx_word' id='word_1_240' title='bbox 1932 2042 2168 2115; x_wconf 77' lang='lat' dir='ltr'><strong>idipsum</strong></span> 
     </span>
    </p>
   </div>
   <div class='ocr_carea' id='block_1_37' title="bbox 584 2128 2219 2213">
    <p class='ocr_par' dir='ltr' id='par_1_37' title="bbox 584 2128 2219 2213">
     <span class='ocr_line' id='line_1_37' title="bbox 584 2128 2219 2213; baseline 0.011 -35"><span class='ocrx_word' id='word_1_241' title='bbox 584 2128 923 2194; x_wconf 81' lang='lat' dir='ltr'><strong>consecrati;</strong></span> <span class='ocrx_word' id='word_1_242' title='bbox 955 2131 1211 2198; x_wconf 81' lang='lat' dir='ltr'><strong>quoniam</strong></span> <span class='ocrx_word' id='word_1_243' title='bbox 1256 2134 1474 2203; x_wconf 86' lang='lat' dir='ltr'><strong>quidem</strong></span> <span class='ocrx_word' id='word_1_244' title='bbox 1499 2136 1645 2191; x_wconf 85' lang='lat' dir='ltr'><strong>aliud</strong></span> <span class='ocrx_word' id='word_1_245' title='bbox 1692 2138 2082 2204; x_wconf 79' lang='lat' dir='ltr'><strong>reconciliatio,</strong></span> <span class='ocrx_word' id='word_1_246' title='bbox 2115 2151 2170 2195; x_wconf 89' lang='lat' dir='ltr'><strong>et</strong></span> <span class='ocrx_word' id='word_1_247' title='bbox 2206 2200 2219 2213; x_wconf 45' lang='lat'>.</span> 
     </span>
    </p>
   </div>
   <div class='ocr_carea' id='block_1_38' title="bbox 580 2212 2166 2300">
    <p class='ocr_par' dir='ltr' id='par_1_38' title="bbox 580 2212 2166 2300">
     <span class='ocr_line' id='line_1_38' title="bbox 580 2212 2166 2300; baseline 0.011 -33"><span class='ocrx_word' id='word_1_248' title='bbox 580 2212 729 2270; x_wconf 82' lang='lat' dir='ltr'><strong>aliud</strong></span> <span class='ocrx_word' id='word_1_249' title='bbox 753 2223 1110 2275; x_wconf 81' lang='lat' dir='ltr'><strong>consecratio.</strong></span> <span class='ocrx_word' id='word_1_250' title='bbox 1137 2220 1270 2277; x_wconf 88' lang='lat' dir='ltr'><strong>Nam</strong></span> <span class='ocrx_word' id='word_1_251' title='bbox 1302 2224 1394 2293; x_wconf 90' lang='lat' dir='ltr'><strong>qui</strong></span> <span class='ocrx_word' id='word_1_252' title='bbox 1431 2227 1829 2294; x_wconf 79' lang='lat' dir='ltr'><strong>reconciliatur,</strong></span> <span class='ocrx_word' id='word_1_253' title='bbox 1854 2228 1913 2283; x_wconf 85' lang='lat' dir='ltr'><strong>in</strong></span> <span class='ocrx_word' id='word_1_254' title='bbox 1941 2229 2166 2300; x_wconf 75' lang='lat' dir='ltr'><strong>gradum</strong></span> 
     </span>
    </p>
   </div>
   <div class='ocr_carea' id='block_1_39' title="bbox 580 2306 2166 2387">
    <p class='ocr_par' dir='ltr' id='par_1_39' title="bbox 580 2306 2166 2387">
     <span class='ocr_line' id='line_1_39' title="bbox 580 2306 2166 2387; baseline 0.011 -28"><span class='ocrx_word' id='word_1_255' title='bbox 580 2306 871 2375; x_wconf 87' lang='lat' dir='ltr'><strong>pristinum</strong></span> <span class='ocrx_word' id='word_1_256' title='bbox 922 2313 1258 2382; x_wconf 85' lang='lat' dir='ltr'><strong>restituitur;</strong></span> <span class='ocrx_word' id='word_1_257' title='bbox 1307 2316 1398 2385; x_wconf 90' lang='lat' dir='ltr'><strong>qui</strong></span> <span class='ocrx_word' id='word_1_258' title='bbox 1451 2328 1634 2373; x_wconf 87' lang='lat' dir='ltr'><strong>autem</strong></span> <span class='ocrx_word' id='word_1_259' title='bbox 1684 2330 2059 2387; x_wconf 77' lang='lat' dir='ltr'><strong>consecratur,</strong></span> <span class='ocrx_word' id='word_1_260' title='bbox 2112 2320 2166 2376; x_wconf 80' lang='lat' dir='ltr'><strong>id</strong></span> 
     </span>
    </p>
   </div>
   <div class='ocr_carea' id='block_1_40' title="bbox 576 2401 2166 2483">
    <p class='ocr_par' dir='ltr' id='par_1_40' title="bbox 576 2401 2166 2483">
     <span class='ocr_line' id='line_1_40' title="bbox 576 2401 2166 2483; baseline 0.009 -29"><span class='ocrx_word' id='word_1_261' title='bbox 576 2401 725 2468; x_wconf 89' lang='lat' dir='ltr'><strong>quod</strong></span> <span class='ocrx_word' id='word_1_262' title='bbox 746 2416 850 2456; x_wconf 91' lang='lat' dir='ltr'><strong>non</strong></span> <span class='ocrx_word' id='word_1_263' title='bbox 881 2403 1038 2460; x_wconf 81' lang='lat' dir='ltr'><strong>habet</strong></span> <span class='ocrx_word' id='word_1_264' title='bbox 1066 2408 1278 2476; x_wconf 89' lang='lat' dir='ltr'><strong>accipit.</strong></span> <span class='ocrx_word' id='word_1_265' title='bbox 1302 2407 1427 2474; x_wconf 85' lang='lat' dir='ltr'><strong>Sed,</strong></span> <span class='ocrx_word' id='word_1_266' title='bbox 1458 2419 1517 2464; x_wconf 89' lang='lat' dir='ltr'><strong>ut</strong></span> <span class='ocrx_word' id='word_1_267' title='bbox 1538 2410 1719 2467; x_wconf 86' lang='lat' dir='ltr'><strong>dicere</strong></span> <span class='ocrx_word' id='word_1_268' title='bbox 1743 2414 1904 2483; x_wconf 64' lang='lat' dir='ltr'><strong>coepi,</strong></span> <span class='ocrx_word' id='word_1_269' title='bbox 1926 2412 2166 2469; x_wconf 76' lang='lat' dir='ltr'><strong>Joannes</strong></span> 
     </span>
    </p>
   </div>
   <div class='ocr_carea' id='block_1_41' title="bbox 577 2488 2165 2573">
    <p class='ocr_par' dir='ltr' id='par_1_41' title="bbox 577 2488 2165 2573">
     <span class='ocr_line' id='line_1_41' title="bbox 577 2488 2165 2573; baseline 0.009 -29"><span class='ocrx_word' id='word_1_270' title='bbox 577 2488 996 2562; x_wconf 79' lang='lat' dir='ltr'><strong>Cbrysostomus</strong></span> <span class='ocrx_word' id='word_1_271' title='bbox 1022 2512 1053 2549; x_wconf 89' lang='lat' dir='ltr'><strong>a</strong></span> <span class='ocrx_word' id='word_1_272' title='bbox 1081 2496 1292 2553; x_wconf 66' lang='lat' dir='ltr'><strong>duabus</strong></span> <span class='ocrx_word' id='word_1_273' title='bbox 1326 2502 1545 2571; x_wconf 90' lang='lat' dir='ltr'><strong>synodis</strong></span> <span class='ocrx_word' id='word_1_274' title='bbox 1562 2503 2007 2559; x_wconf 76' lang='lat' dir='ltr'><strong>orthodoxorum</strong></span> <span class='ocrx_word' id='word_1_275' title='bbox 2048 2505 2165 2573; x_wconf 83' lang='lat' dir='ltr'><strong>epi-</strong></span> 
     </span>
    </p>
   </div>
   <div class='ocr_carea' id='block_1_42' title="bbox 576 2583 2163 2657">
    <p class='ocr_par' dir='ltr' id='par_1_42' title="bbox 576 2583 2163 2657">
     <span class='ocr_line' id='line_1_42' title="bbox 576 2583 2163 2657; baseline 0.009 -22"><span class='ocrx_word' id='word_1_276' title='bbox 576 2595 865 2652; x_wconf 86' lang='lat' dir='ltr'><strong>scoporum</strong></span> <span class='ocrx_word' id='word_1_277' title='bbox 898 2583 1002 2641; x_wconf 78' lang='lat' dir='ltr'><strong>fuit</strong></span> <span class='ocrx_word' id='word_1_278' title='bbox 1038 2586 1333 2657; x_wconf 83' lang='lat' dir='ltr'><strong>judicatus,</strong></span> <span class='ocrx_word' id='word_1_279' title='bbox 1362 2592 1459 2648; x_wconf 83' lang='lat' dir='ltr'><strong>sed</strong></span> <span class='ocrx_word' id='word_1_280' title='bbox 1505 2594 1702 2649; x_wconf 87' lang='lat' dir='ltr'><strong>iterum</strong></span> <span class='ocrx_word' id='word_1_281' title='bbox 1737 2593 1839 2651; x_wconf 81' lang='lat' dir='ltr'><strong>fuit</strong></span> <span class='ocrx_word' id='word_1_282' title='bbox 1882 2595 2163 2651; x_wconf 87' lang='lat' dir='ltr'><strong>restitutus</strong></span> 
     </span>
    </p>
   </div>
   <div class='ocr_carea' id='block_1_43' title="bbox 577 2672 2159 2757">
    <p class='ocr_par' dir='ltr' id='par_1_43' title="bbox 577 2672 2159 2757">
     <span class='ocr_line' id='line_1_43' title="bbox 577 2672 2159 2757; baseline 0.006 -27"><span class='ocrx_word' id='word_1_283' title='bbox 577 2672 835 2732; x_wconf 70' lang='lat' dir='ltr'><strong>Ecclesiae</strong></span> <span class='ocrx_word' id='word_1_284' title='bbox 869 2693 999 2734; x_wconf 72' lang='lat' dir='ltr'><strong>suae.</strong></span> <span class='ocrx_word' id='word_1_285' title='bbox 1053 2680 1271 2737; x_wconf 84' lang='lat' dir='ltr'><strong>Necnon</strong></span> <span class='ocrx_word' id='word_1_286' title='bbox 1312 2693 1368 2739; x_wconf 92' lang='lat' dir='ltr'><strong>et</strong></span> <span class='ocrx_word' id='word_1_287' title='bbox 1418 2684 1704 2741; x_wconf 79' lang='lat' dir='ltr'><strong>Marcellus</strong></span> <span class='ocrx_word' id='word_1_288' title='bbox 1731 2686 2020 2757; x_wconf 89' lang='lat' dir='ltr'><strong>cpiscopus</strong></span> <span class='ocrx_word' id='word_1_289' title='bbox 2043 2686 2159 2740; x_wconf 83' lang='lat' dir='ltr'><strong>An-</strong></span> 
     </span>
    </p>
   </div>
   <div class='ocr_carea' id='block_1_44' title="bbox 568 2768 2161 2851">
    <p class='ocr_par' dir='ltr' id='par_1_44' title="bbox 568 2768 2161 2851">
     <span class='ocr_line' id='line_1_44' title="bbox 568 2768 2161 2851; baseline 0.008 -30"><span class='ocrx_word' id='word_1_290' title='bbox 568 2781 720 2838; x_wconf 76' lang='lat' dir='ltr'><strong>cyrte</strong></span> <span class='ocrx_word' id='word_1_291' title='bbox 760 2768 988 2827; x_wconf 75' lang='lat' dir='ltr'><strong>Galatia:</strong></span> <span class='ocrx_word' id='word_1_292' title='bbox 1031 2774 1307 2844; x_wconf 86' lang='lat' dir='ltr'><strong>depositus</strong></span> <span class='ocrx_word' id='word_1_293' title='bbox 1352 2776 1475 2844; x_wconf 87' lang='lat' dir='ltr'><strong>fuit,</strong></span> <span class='ocrx_word' id='word_1_294' title='bbox 1507 2780 1606 2835; x_wconf 89' lang='lat' dir='ltr'><strong>sed</strong></span> <span class='ocrx_word' id='word_1_295' title='bbox 1650 2781 1994 2850; x_wconf 86' lang='lat' dir='ltr'><strong>postmodum</strong></span> <span class='ocrx_word' id='word_1_296' title='bbox 2036 2796 2161 2851; x_wconf 57' lang='lat' dir='ltr'><strong>pro.</strong></span> 
     </span>
    </p>
   </div>
   <div class='ocr_carea' id='block_1_45' title="bbox 574 2860 2161 2941">
    <p class='ocr_par' dir='ltr' id='par_1_45' title="bbox 574 2860 2161 2941">
     <span class='ocr_line' id='line_1_45' title="bbox 574 2860 2161 2941; baseline 0.008 -28"><span class='ocrx_word' id='word_1_297' title='bbox 574 2860 752 2929; x_wconf 85' lang='lat' dir='ltr'><strong>prium</strong></span> <span class='ocrx_word' id='word_1_298' title='bbox 782 2864 983 2934; x_wconf 85' lang='lat' dir='ltr'><strong>recepit</strong></span> <span class='ocrx_word' id='word_1_299' title='bbox 1007 2866 1396 2937; x_wconf 86' lang='lat' dir='ltr'><strong>episcopatum.</strong></span> <span class='ocrx_word' id='word_1_300' title='bbox 1425 2870 1706 2941; x_wconf 79' lang='lat' dir='ltr'><strong>Asclepios</strong></span> <span class='ocrx_word' id='word_1_301' title='bbox 1737 2872 1865 2926; x_wconf 88' lang='lat' dir='ltr'><strong>item</strong></span> <span class='ocrx_word' id='word_1_302' title='bbox 1889 2871 2161 2939; x_wconf 81' lang='lat' dir='ltr'><strong>judicatus</strong></span> 
     </span>
    </p>
   </div>
   <div class='ocr_carea' id='block_1_46' title="bbox 574 2952 2160 3032">
    <p class='ocr_par' dir='ltr' id='par_1_46' title="bbox 574 2952 2160 3032">
     <span class='ocr_line' id='line_1_46' title="bbox 574 2952 2160 3032; baseline 0.009 -30"><span class='ocrx_word' id='word_1_303' title='bbox 574 2963 607 3001; x_wconf 88' lang='lat' dir='ltr'><strong>a</strong></span> <span class='ocrx_word' id='word_1_304' title='bbox 638 2952 865 3021; x_wconf 85' lang='lat' dir='ltr'><strong>synodo,</strong></span> <span class='ocrx_word' id='word_1_305' title='bbox 892 2953 1191 3010; x_wconf 87' lang='lat' dir='ltr'><strong>Ecclesiam</strong></span> <span class='ocrx_word' id='word_1_306' title='bbox 1223 2973 1376 3012; x_wconf 91' lang='lat' dir='ltr'><strong>suam</strong></span> <span class='ocrx_word' id='word_1_307' title='bbox 1399 2970 1584 3029; x_wconf 85' lang='lat' dir='ltr'><strong>postea</strong></span> <span class='ocrx_word' id='word_1_308' title='bbox 1613 2963 1835 3032; x_wconf 87' lang='lat' dir='ltr'><strong>recepit.</strong></span> <span class='ocrx_word' id='word_1_309' title='bbox 1886 2961 2160 3017; x_wconf 88' lang='lat' dir='ltr'><strong>Lucianus</strong></span> 
     </span>
    </p>
   </div>
   <div class='ocr_carea' id='block_1_47' title="bbox 574 3042 2153 3129">
    <p class='ocr_par' dir='ltr' id='par_1_47' title="bbox 574 3042 2153 3129">
     <span class='ocr_line' id='line_1_47' title="bbox 574 3042 2153 3129; baseline 0.011 -34"><span class='ocrx_word' id='word_1_310' title='bbox 574 3042 862 3114; x_wconf 88' lang='lat' dir='ltr'><strong>episcopus</strong></span> <span class='ocrx_word' id='word_1_311' title='bbox 923 3046 1362 3121; x_wconf 81' lang='lat' dir='ltr'><strong>Adrionopolites</strong></span> <span class='ocrx_word' id='word_1_312' title='bbox 1402 3054 1687 3113; x_wconf 85' lang='lat' dir='ltr'><strong>damnatus</strong></span> <span class='ocrx_word' id='word_1_313' title='bbox 1733 3074 1762 3112; x_wconf 88' lang='lat' dir='ltr'><strong>a</strong></span> <span class='ocrx_word' id='word_1_314' title='bbox 1816 3074 1951 3129; x_wconf 88' lang='lat' dir='ltr'><strong>papa</strong></span> <span class='ocrx_word' id='word_1_315' title='bbox 1994 3057 2153 3121; x_wconf 83' lang='lat' dir='ltr'><strong>Julio,</strong></span> 
     </span>
    </p>
   </div>
   <div class='ocr_carea' id='block_1_48' title="bbox 575 3137 2159 3222">
    <p class='ocr_par' dir='ltr' id='par_1_48' title="bbox 575 3137 2159 3222">
     <span class='ocr_line' id='line_1_48' title="bbox 575 3137 2159 3222; baseline 0.013 -35"><span class='ocrx_word' id='word_1_316' title='bbox 575 3137 784 3205; x_wconf 86' lang='lat' dir='ltr'><strong>recepit</strong></span> <span class='ocrx_word' id='word_1_317' title='bbox 828 3137 1125 3196; x_wconf 83' lang='lat' dir='ltr'><strong>Ecclesium</strong></span> <span class='ocrx_word' id='word_1_318' title='bbox 1193 3145 1276 3198; x_wconf 90' lang='lat' dir='ltr'><strong>sui</strong></span> <span class='ocrx_word' id='word_1_319' title='bbox 1321 3147 1685 3219; x_wconf 88' lang='lat' dir='ltr'><strong>episcopatus.</strong></span> <span class='ocrx_word' id='word_1_320' title='bbox 1734 3148 1868 3205; x_wconf 82' lang='lat' dir='ltr'><strong>Item</strong></span> <span class='ocrx_word' id='word_1_321' title='bbox 1926 3150 2159 3222; x_wconf 86' lang='lat' dir='ltr'><strong>Cyrillus</strong></span> 
     </span>
    </p>
   </div>
   <div class='ocr_carea' id='block_1_49' title="bbox 2271 1950 3851 2039">
    <p class='ocr_par' dir='ltr' id='par_1_49' title="bbox 2271 1950 3851 2039">
     <span class='ocr_line' id='line_1_49' title="bbox 2271 1950 3851 2039; baseline 0.014 -36"><span class='ocrx_word' id='word_1_322' title='bbox 2271 1958 2327 2003; x_wconf 88' lang='lat' dir='ltr'><strong>et</strong></span> <span class='ocrx_word' id='word_1_323' title='bbox 2351 1950 2568 2007; x_wconf 84' lang='lat' dir='ltr'><strong>hortatu</strong></span> <span class='ocrx_word' id='word_1_324' title='bbox 2605 1954 2751 2009; x_wconf 82' lang='lat' dir='ltr'><strong>beati</strong></span> <span class='ocrx_word' id='word_1_325' title='bbox 2785 1954 2970 2014; x_wconf 81' lang='lat' dir='ltr'><strong>Basilii</strong></span> <span class='ocrx_word' id='word_1_326' title='bbox 3015 1968 3070 2015; x_wconf 89' lang='lat' dir='ltr'><strong>et</strong></span> <span class='ocrx_word' id='word_1_327' title='bbox 3105 1962 3335 2019; x_wconf 89' lang='lat' dir='ltr'><strong>aliorum</strong></span> <span class='ocrx_word' id='word_1_328' title='bbox 3376 1967 3785 2039; x_wconf 79' lang='lat' dir='ltr'><strong>episcoporum,</strong></span> <span class='ocrx_word' id='word_1_329' title='bbox 3812 1971 3851 2024; x_wconf 73' lang='lat' dir='ltr'><strong>in</strong></span> 
     </span>
    </p>
   </div>
   <div class='ocr_carea' id='block_1_50' title="bbox 2272 2043 3855 2123">
    <p class='ocr_par' dir='ltr' id='par_1_50' title="bbox 2272 2043 3855 2123">
     <span class='ocr_line' id='line_1_50' title="bbox 2272 2043 3855 2123; baseline 0.015 -27"><span class='ocrx_word' id='word_1_330' title='bbox 2272 2043 2468 2112; x_wconf 81' lang='lat' dir='ltr'><strong>Oppido</strong></span> <span class='ocrx_word' id='word_1_331' title='bbox 2493 2044 2763 2104; x_wconf 81' lang='lat' dir='ltr'><strong>Nazianzo</strong></span> <span class='ocrx_word' id='word_1_332' title='bbox 2786 2053 3116 2115; x_wconf 88' lang='lat' dir='ltr'><strong>constitutus</strong></span> <span class='ocrx_word' id='word_1_333' title='bbox 3133 2066 3236 2123; x_wconf 88' lang='lat' dir='ltr'><strong>est,</strong></span> <span class='ocrx_word' id='word_1_334' title='bbox 3261 2059 3467 2116; x_wconf 81' lang='lat' dir='ltr'><strong>deinde</strong></span> <span class='ocrx_word' id='word_1_335' title='bbox 3489 2063 3855 2119; x_wconf 78' lang='lat' dir='ltr'><strong>Constantino-</strong></span> 
     </span>
    </p>
   </div>
   <div class='ocr_carea' id='block_1_51' title="bbox 2273 2130 3849 2224">
    <p class='ocr_par' dir='ltr' id='par_1_51' title="bbox 2273 2130 3849 2224">
     <span class='ocr_line' id='line_1_51' title="bbox 2273 2130 3849 2224; baseline 0.018 -40"><span class='ocrx_word' id='word_1_336' title='bbox 2273 2133 2437 2200; x_wconf 89' lang='lat' dir='ltr'><strong>polim</strong></span> <span class='ocrx_word' id='word_1_337' title='bbox 2471 2137 2763 2194; x_wconf 86' lang='lat' dir='ltr'><strong>translatus</strong></span> <span class='ocrx_word' id='word_1_338' title='bbox 2783 2130 2900 2196; x_wconf 83' lang='lat' dir='ltr'><strong>est.</strong></span> <span class='ocrx_word' id='word_1_339' title='bbox 2937 2141 3248 2217; x_wconf 85' lang='lat' dir='ltr'><strong>Dositheum</strong></span> <span class='ocrx_word' id='word_1_340' title='bbox 3274 2146 3849 2224; x_wconf 56' lang='lat' dir='ltr'><strong>Seleuciaeme</strong></span> 
     </span>
    </p>
   </div>
   <div class='ocr_carea' id='block_1_52' title="bbox 2269 2220 3852 2306">
    <p class='ocr_par' dir='ltr' id='par_1_52' title="bbox 2269 2220 3852 2306">
     <span class='ocr_line' id='line_1_52' title="bbox 2269 2220 3852 2306; baseline 0.017 -34"><span class='ocrx_word' id='word_1_341' title='bbox 2269 2220 2575 2279; x_wconf 78' lang='lat' dir='ltr'><strong>Alexander</strong></span> <span class='ocrx_word' id='word_1_342' title='bbox 2611 2227 2982 2287; x_wconf 87' lang='lat' dir='ltr'><strong>Antiochenus</strong></span> <span class='ocrx_word' id='word_1_343' title='bbox 3009 2234 3297 2306; x_wconf 85' lang='lat' dir='ltr'><strong>episcopus</strong></span> <span class='ocrx_word' id='word_1_344' title='bbox 3325 2239 3384 2293; x_wconf 90' lang='lat' dir='ltr'><strong>in</strong></span> <span class='ocrx_word' id='word_1_345' title='bbox 3413 2220 3651 2296; x_wconf 78' lang='lat' dir='ltr'><strong>Tarsum</strong></span> <span class='ocrx_word' id='word_1_346' title='bbox 3677 2220 3852 2298; x_wconf 61' lang='lat' dir='ltr'><strong>Cilici:</strong></span> 
     </span>
    </p>
   </div>
   <div class='ocr_carea' id='block_1_53' title="bbox 2269 2310 3849 2406">
    <p class='ocr_par' dir='ltr' id='par_1_53' title="bbox 2269 2310 3849 2406">
     <span class='ocr_line' id='line_1_53' title="bbox 2269 2310 3849 2406; baseline 0.016 -40"><span class='ocrx_word' id='word_1_347' title='bbox 2269 2310 2606 2386; x_wconf 79' lang='lat' dir='ltr'><strong>demigravit.</strong></span> <span class='ocrx_word' id='word_1_348' title='bbox 2661 2319 3013 2378; x_wconf 74' lang='lat' dir='ltr'><strong>lleverentius</strong></span> <span class='ocrx_word' id='word_1_349' title='bbox 3056 2327 3124 2380; x_wconf 91' lang='lat' dir='ltr'><strong>ab</strong></span> <span class='ocrx_word' id='word_1_350' title='bbox 3158 2329 3319 2384; x_wconf 84' lang='lat' dir='ltr'><strong>Areis</strong></span> <span class='ocrx_word' id='word_1_351' title='bbox 3346 2328 3657 2388; x_wconf 69' lang='lat' dir='ltr'><strong>thuicia:</strong></span> <span class='ocrx_word' id='word_1_352' title='bbox 3678 2335 3732 2388; x_wconf 87' lang='lat' dir='ltr'><strong>iu</strong></span> <span class='ocrx_word' id='word_1_353' title='bbox 3759 2334 3849 2406; x_wconf 72' lang='lat' dir='ltr'><strong>Ty-</strong></span> 
     </span>
    </p>
   </div>
   <div class='ocr_carea' id='block_1_54' title="bbox 2270 2407 3851 2495">
    <p class='ocr_par' dir='ltr' id='par_1_54' title="bbox 2270 2407 3851 2495">
     <span class='ocr_line' id='line_1_54' title="bbox 2270 2407 3851 2495; baseline 0.017 -39"><span class='ocrx_word' id='word_1_354' title='bbox 2270 2417 2386 2458; x_wconf 87' lang='lat' dir='ltr'><strong>rum</strong></span> <span class='ocrx_word' id='word_1_355' title='bbox 2411 2407 2675 2476; x_wconf 82' lang='lat' dir='ltr'><strong>iuigratus</strong></span> <span class='ocrx_word' id='word_1_356' title='bbox 2702 2423 2805 2467; x_wconf 89' lang='lat' dir='ltr'><strong>est.</strong></span> <span class='ocrx_word' id='word_1_357' title='bbox 2861 2411 3097 2473; x_wconf 83' lang='lat' dir='ltr'><strong>Joannes</strong></span> <span class='ocrx_word' id='word_1_358' title='bbox 3118 2419 3185 2474; x_wconf 89' lang='lat' dir='ltr'><strong>de</strong></span> <span class='ocrx_word' id='word_1_359' title='bbox 3206 2418 3394 2487; x_wconf 85' lang='lat' dir='ltr'><strong>Gordo</strong></span> <span class='ocrx_word' id='word_1_360' title='bbox 3420 2425 3613 2495; x_wconf 69' lang='lat' dir='ltr'><strong>Lydia:</strong></span> <span class='ocrx_word' id='word_1_361' title='bbox 3635 2437 3851 2481; x_wconf 78' lang='lat' dir='ltr'><strong>mutatus</strong></span> 
     </span>
    </p>
   </div>
   <div class='ocr_carea' id='block_1_55' title="bbox 2266 2496 3847 2579">
    <p class='ocr_par' dir='ltr' id='par_1_55' title="bbox 2266 2496 3847 2579">
     <span class='ocr_line' id='line_1_55' title="bbox 2266 2496 3847 2579; baseline 0.016 -31"><span class='ocrx_word' id='word_1_362' title='bbox 2266 2503 2351 2549; x_wconf 91' lang='lat' dir='ltr'><strong>est</strong></span> <span class='ocrx_word' id='word_1_363' title='bbox 2379 2498 2432 2550; x_wconf 90' lang='lat' dir='ltr'><strong>iu</strong></span> <span class='ocrx_word' id='word_1_364' title='bbox 2464 2496 2843 2558; x_wconf 86' lang='lat' dir='ltr'><strong>Procouissum</strong></span> <span class='ocrx_word' id='word_1_365' title='bbox 2862 2546 2877 2571; x_wconf 86' lang='lat'><strong>,</strong></span> <span class='ocrx_word' id='word_1_366' title='bbox 2900 2516 2951 2560; x_wconf 91' lang='lat' dir='ltr'><strong>et</strong></span> <span class='ocrx_word' id='word_1_367' title='bbox 2977 2507 3030 2561; x_wconf 91' lang='lat' dir='ltr'><strong>in</strong></span> <span class='ocrx_word' id='word_1_368' title='bbox 3056 2524 3117 2563; x_wconf 88' lang='lat' dir='ltr'><strong>ea</strong></span> <span class='ocrx_word' id='word_1_369' title='bbox 3136 2514 3398 2579; x_wconf 61' lang='lat' dir='ltr'><strong>praesedit</strong></span> <span class='ocrx_word' id='word_1_370' title='bbox 3423 2513 3695 2571; x_wconf 79' lang='lat' dir='ltr'><strong>Ecclesia.</strong></span> <span class='ocrx_word' id='word_1_371' title='bbox 3744 2517 3847 2573; x_wconf 63' lang='lat' dir='ltr'><strong>PaL</strong></span> 
     </span>
    </p>
   </div>
   <div class='ocr_carea' id='block_1_56' title="bbox 2266 2587 3851 2679">
    <p class='ocr_par' dir='ltr' id='par_1_56' title="bbox 2266 2587 3851 2679">
     <span class='ocr_line' id='line_1_56' title="bbox 2266 2587 3851 2679; baseline 0.018 -39"><span class='ocrx_word' id='word_1_372' title='bbox 2266 2587 2436 2645; x_wconf 90' lang='lat' dir='ltr'><strong>ladius</strong></span> <span class='ocrx_word' id='word_1_373' title='bbox 2463 2593 2530 2648; x_wconf 88' lang='lat' dir='ltr'><strong>ab</strong></span> <span class='ocrx_word' id='word_1_374' title='bbox 2558 2593 2870 2668; x_wconf 88' lang='lat' dir='ltr'><strong>lleleuopoli</strong></span> <span class='ocrx_word' id='word_1_375' title='bbox 2909 2611 3146 2658; x_wconf 88' lang='lat' dir='ltr'><strong>mutatus</strong></span> <span class='ocrx_word' id='word_1_376' title='bbox 3181 2615 3266 2659; x_wconf 88' lang='lat' dir='ltr'><strong>est</strong></span> <span class='ocrx_word' id='word_1_377' title='bbox 3295 2605 3350 2660; x_wconf 89' lang='lat' dir='ltr'><strong>in</strong></span> <span class='ocrx_word' id='word_1_378' title='bbox 3378 2606 3704 2679; x_wconf 82' lang='lat' dir='ltr'><strong>Aspamam.</strong></span> <span class='ocrx_word' id='word_1_379' title='bbox 3744 2611 3851 2667; x_wconf 76' lang='lat' dir='ltr'><strong>Ale-</strong></span> 
     </span>
    </p>
   </div>
   <div class='ocr_carea' id='block_1_57' title="bbox 2264 2681 3850 2767">
    <p class='ocr_par' dir='ltr' id='par_1_57' title="bbox 2264 2681 3850 2767">
     <span class='ocr_line' id='line_1_57' title="bbox 2264 2681 3850 2767; baseline 0.015 -35"><span class='ocrx_word' id='word_1_380' title='bbox 2264 2681 2468 2736; x_wconf 81' lang='lat' dir='ltr'><strong>xander</strong></span> <span class='ocrx_word' id='word_1_381' title='bbox 2493 2684 2561 2739; x_wconf 89' lang='lat' dir='ltr'><strong>ab</strong></span> <span class='ocrx_word' id='word_1_382' title='bbox 2590 2686 2694 2740; x_wconf 87' lang='lat' dir='ltr'><strong>alia</strong></span> <span class='ocrx_word' id='word_1_383' title='bbox 2735 2686 3045 2761; x_wconf 81' lang='lat' dir='ltr'><strong>Heleiiopoli</strong></span> <span class='ocrx_word' id='word_1_384' title='bbox 3085 2693 3139 2748; x_wconf 91' lang='lat' dir='ltr'><strong>in</strong></span> <span class='ocrx_word' id='word_1_385' title='bbox 3174 2694 3599 2767; x_wconf 83' lang='lat' dir='ltr'><strong>Adrianopolim</strong></span> <span class='ocrx_word' id='word_1_386' title='bbox 3640 2711 3850 2755; x_wconf 79' lang='lat' dir='ltr'><strong>mutatus</strong></span> 
     </span>
    </p>
   </div>
   <div class='ocr_carea' id='block_1_58' title="bbox 2262 2770 3847 2862">
    <p class='ocr_par' dir='ltr' id='par_1_58' title="bbox 2262 2770 3847 2862">
     <span class='ocr_line' id='line_1_58' title="bbox 2262 2770 3847 2862; baseline 0.016 -39"><span class='ocrx_word' id='word_1_387' title='bbox 2262 2780 2367 2825; x_wconf 86' lang='lat' dir='ltr'><strong>est.</strong></span> <span class='ocrx_word' id='word_1_388' title='bbox 2418 2770 2664 2830; x_wconf 85' lang='lat' dir='ltr'><strong>Meletius</strong></span> <span class='ocrx_word' id='word_1_389' title='bbox 2706 2780 2858 2847; x_wconf 89' lang='lat' dir='ltr'><strong>prius</strong></span> <span class='ocrx_word' id='word_1_390' title='bbox 2908 2781 2962 2836; x_wconf 91' lang='lat' dir='ltr'><strong>in</strong></span> <span class='ocrx_word' id='word_1_391' title='bbox 2998 2781 3301 2840; x_wconf 86' lang='lat' dir='ltr'><strong>Sebasteua</strong></span> <span class='ocrx_word' id='word_1_392' title='bbox 3347 2788 3604 2845; x_wconf 74' lang='lat' dir='ltr'><strong>Ecclesia</strong></span> <span class='ocrx_word' id='word_1_393' title='bbox 3639 2790 3847 2862; x_wconf 56' lang='lat' dir='ltr'><strong>puduit,</strong></span> 
     </span>
    </p>
   </div>
   <div class='ocr_carea' id='block_1_59' title="bbox 2261 2865 3851 2941">
    <p class='ocr_par' dir='ltr' id='par_1_59' title="bbox 2261 2865 3851 2941">
     <span class='ocr_line' id='line_1_59' title="bbox 2261 2865 3851 2941; baseline 0.017 -28"><span class='ocrx_word' id='word_1_394' title='bbox 2261 2869 2316 2913; x_wconf 89' lang='lat' dir='ltr'><strong>et</strong></span> <span class='ocrx_word' id='word_1_395' title='bbox 2345 2872 2530 2930; x_wconf 87' lang='lat' dir='ltr'><strong>postea</strong></span> <span class='ocrx_word' id='word_1_396' title='bbox 2559 2865 2858 2925; x_wconf 67' lang='lat' dir='ltr'><strong>Antiochiae</strong></span> <span class='ocrx_word' id='word_1_397' title='bbox 2887 2872 3088 2941; x_wconf 54' lang='lat' dir='ltr'><strong>prtesul</strong></span> <span class='ocrx_word' id='word_1_398' title='bbox 3120 2886 3203 2931; x_wconf 84' lang='lat' dir='ltr'><strong>est</strong></span> <span class='ocrx_word' id='word_1_399' title='bbox 3230 2881 3595 2935; x_wconf 90' lang='lat' dir='ltr'><strong>constitutus.</strong></span> <span class='ocrx_word' id='word_1_400' title='bbox 3642 2880 3851 2939; x_wconf 75' lang='lat' dir='ltr'><strong>Thense</strong></span> 
     </span>
    </p>
   </div>
   <div class='ocr_carea' id='block_1_60' title="bbox 2245 2950 3849 3042">
    <p class='ocr_par' dir='ltr' id='par_1_60' title="bbox 2245 2950 3849 3042">
     <span class='ocr_line' id='line_1_60' title="bbox 2245 2950 3849 3042; baseline 0.014 -39"><span class='ocrx_word' id='word_1_401' title='bbox 2245 2950 2382 3006; x_wconf 75' lang='lat' dir='ltr'><strong>‘bius</strong></span> <span class='ocrx_word' id='word_1_402' title='bbox 2411 2954 2481 3007; x_wconf 89' lang='lat' dir='ltr'><strong>ab</strong></span> <span class='ocrx_word' id='word_1_403' title='bbox 2510 2955 2733 3024; x_wconf 86' lang='lat' dir='ltr'><strong>Apamia</strong></span> <span class='ocrx_word' id='word_1_404' title='bbox 2764 2959 2908 3014; x_wconf 75' lang='lat' dir='ltr'><strong>Asia:</strong></span> <span class='ocrx_word' id='word_1_405' title='bbox 2946 2964 3279 3019; x_wconf 88' lang='lat' dir='ltr'><strong>transfertur</strong></span> <span class='ocrx_word' id='word_1_406' title='bbox 3320 2968 3378 3021; x_wconf 88' lang='lat' dir='ltr'><strong>iu</strong></span> <span class='ocrx_word' id='word_1_407' title='bbox 3430 2968 3849 3042; x_wconf 62' lang='lat' dir='ltr'><strong>Eddoxiopol&#39;sm,</strong></span> 
     </span>
    </p>
   </div>
   <div class='ocr_carea' id='block_1_61' title="bbox 2261 3044 3851 3134">
    <p class='ocr_par' dir='ltr' id='par_1_61' title="bbox 2261 3044 3851 3134">
     <span class='ocr_line' id='line_1_61' title="bbox 2261 3044 3851 3134; baseline 0.016 -41"><span class='ocrx_word' id='word_1_408' title='bbox 2261 3056 2380 3110; x_wconf 73' lang='lat' dir='ltr'><strong>qua:</strong></span> <span class='ocrx_word' id='word_1_409' title='bbox 2426 3044 2627 3101; x_wconf 90' lang='lat' dir='ltr'><strong>dudum</strong></span> <span class='ocrx_word' id='word_1_410' title='bbox 2683 3050 2980 3106; x_wconf 76' lang='lat' dir='ltr'><strong>Salaiiibria</strong></span> <span class='ocrx_word' id='word_1_411' title='bbox 3030 3056 3353 3113; x_wconf 86' lang='lat' dir='ltr'><strong>vocabatur.</strong></span> <span class='ocrx_word' id='word_1_412' title='bbox 3417 3059 3753 3134; x_wconf 81' lang='lat' dir='ltr'><strong>Polyearpus</strong></span> <span class='ocrx_word' id='word_1_413' title='bbox 3794 3063 3851 3118; x_wconf 80' lang='lat' dir='ltr'><strong>de</strong></span> 
     </span>
    </p>
   </div>
   <div class='ocr_carea' id='block_1_62' title="bbox 2263 3133 3846 3218">
    <p class='ocr_par' dir='ltr' id='par_1_62' title="bbox 2263 3133 3846 3218">
     <span class='ocr_line' id='line_1_62' title="bbox 2263 3133 3846 3218; baseline 0.013 -32"><span class='ocrx_word' id='word_1_414' title='bbox 2263 3133 2392 3188; x_wconf 88' lang='lat' dir='ltr'><strong>urbe</strong></span> <span class='ocrx_word' id='word_1_415' title='bbox 2416 3134 2797 3207; x_wconf 81' lang='lat' dir='ltr'><strong>Antepristena</strong></span> <span class='ocrx_word' id='word_1_416' title='bbox 2829 3141 3007 3212; x_wconf 66' lang='lat' dir='ltr'><strong>Mysiae</strong></span> <span class='ocrx_word' id='word_1_417' title='bbox 3035 3145 3087 3199; x_wconf 90' lang='lat' dir='ltr'><strong>in</strong></span> <span class='ocrx_word' id='word_1_418' title='bbox 3120 3144 3426 3218; x_wconf 79' lang='lat' dir='ltr'><strong>Nicopolim</strong></span> <span class='ocrx_word' id='word_1_419' title='bbox 3460 3151 3714 3208; x_wconf 63' lang='lat' dir='ltr'><strong>Thracae</strong></span> <span class='ocrx_word' id='word_1_420' title='bbox 3739 3170 3846 3208; x_wconf 79' lang='lat' dir='ltr'><strong>me-</strong></span> 
     </span>
    </p>
   </div>
   <div class='ocr_carea' id='block_1_63' title="bbox 567 3221 2157 3315">
    <p class='ocr_par' dir='ltr' id='par_1_63' title="bbox 567 3221 2157 3309">
     <span class='ocr_line' id='line_1_63' title="bbox 567 3221 2157 3309; baseline 0.012 -33"><span class='ocrx_word' id='word_1_421' title='bbox 567 3221 1094 3297; x_wconf 76' lang='lat' dir='ltr'><strong>~llierosolymitauus</strong></span> <span class='ocrx_word' id='word_1_422' title='bbox 1112 3231 1393 3302; x_wconf 89' lang='lat' dir='ltr'><strong>depositus</strong></span> <span class='ocrx_word' id='word_1_423' title='bbox 1418 3235 1541 3303; x_wconf 84' lang='lat' dir='ltr'><strong>fuit,</strong></span> <span class='ocrx_word' id='word_1_424' title='bbox 1566 3248 1751 3309; x_wconf 88' lang='lat' dir='ltr'><strong>postea</strong></span> <span class='ocrx_word' id='word_1_425' title='bbox 1777 3221 2157 3295; x_wconf 85' lang='lat' dir='ltr'><strong>reconciliatus</strong></span> 
     </span>
    </p>
   </div>
   <div class='ocr_carea' id='block_1_64' title="bbox 2260 3221 3849 3315">
    <p class='ocr_par' dir='ltr' id='par_1_64' title="bbox 2262 3227 3849 3315">
     <span class='ocr_line' id='line_1_64' title="bbox 2262 3227 3849 3315; baseline 0.014 -41"><span class='ocrx_word' id='word_1_426' title='bbox 2262 3229 2404 3276; x_wconf 85' lang='lat' dir='ltr'><strong>tatus</strong></span> <span class='ocrx_word' id='word_1_427' title='bbox 2449 3235 2551 3280; x_wconf 89' lang='lat' dir='ltr'><strong>est.</strong></span> <span class='ocrx_word' id='word_1_428' title='bbox 2611 3227 2954 3299; x_wconf 86' lang='lat' dir='ltr'><strong>llierophilus</strong></span> <span class='ocrx_word' id='word_1_429' title='bbox 2998 3235 3065 3290; x_wconf 90' lang='lat' dir='ltr'><strong>de</strong></span> <span class='ocrx_word' id='word_1_430' title='bbox 3118 3233 3485 3309; x_wconf 85' lang='lat' dir='ltr'><strong>Trapezopoli</strong></span> <span class='ocrx_word' id='word_1_431' title='bbox 3540 3241 3849 3315; x_wconf 65' lang='lat' dir='ltr'><strong>Phrygiam</strong></span> 
     </span>
    </p>
   </div>
   <div class='ocr_carea' id='block_1_65' title="bbox 572 3314 2160 3401">
    <p class='ocr_par' dir='ltr' id='par_1_65' title="bbox 572 3314 2160 3401">
     <span class='ocr_line' id='line_1_65' title="bbox 572 3314 2160 3401; baseline 0.011 -33"><span class='ocrx_word' id='word_1_432' title='bbox 572 3322 658 3369; x_wconf 89' lang='lat' dir='ltr'><strong>est</strong></span> <span class='ocrx_word' id='word_1_433' title='bbox 674 3314 930 3373; x_wconf 65' lang='lat' dir='ltr'><strong>Ecclesiae</strong></span> <span class='ocrx_word' id='word_1_434' title='bbox 956 3335 1086 3374; x_wconf 61' lang='lat' dir='ltr'><strong>suae.</strong></span> <span class='ocrx_word' id='word_1_435' title='bbox 1116 3320 1291 3377; x_wconf 84' lang='lat' dir='ltr'><strong>Simili</strong></span> <span class='ocrx_word' id='word_1_436' title='bbox 1323 3324 1480 3381; x_wconf 90' lang='lat' dir='ltr'><strong>modo</strong></span> <span class='ocrx_word' id='word_1_437' title='bbox 1504 3335 1561 3381; x_wconf 89' lang='lat' dir='ltr'><strong>et</strong></span> <span class='ocrx_word' id='word_1_438' title='bbox 1582 3329 1996 3399; x_wconf 85' lang='lat' dir='ltr'><strong>Polychronium</strong></span> <span class='ocrx_word' id='word_1_439' title='bbox 2021 3331 2160 3401; x_wconf 86' lang='lat' dir='ltr'><strong>ejus-</strong></span> 
     </span>
    </p>
   </div>
   <div class='ocr_carea' id='block_1_66' title="bbox 572 3406 2154 3493">
    <p class='ocr_par' dir='ltr' id='par_1_66' title="bbox 572 3406 2154 3493">
     <span class='ocr_line' id='line_1_66' title="bbox 572 3406 2154 3493; baseline 0.009 -31"><span class='ocrx_word' id='word_1_440' title='bbox 572 3406 695 3463; x_wconf 89' lang='lat' dir='ltr'><strong>dem</strong></span> <span class='ocrx_word' id='word_1_441' title='bbox 726 3408 982 3467; x_wconf 73' lang='lat' dir='ltr'><strong>Eeclesize</strong></span> <span class='ocrx_word' id='word_1_442' title='bbox 1041 3412 1543 3488; x_wconf 54' lang='lat' dir='ltr'><strong>Hierosolymitana».</strong></span> <span class='ocrx_word' id='word_1_443' title='bbox 1596 3422 1906 3489; x_wconf 78' lang='lat' dir='ltr'><strong>pontiﬁcem</strong></span> <span class='ocrx_word' id='word_1_444' title='bbox 1952 3422 2154 3493; x_wconf 84' lang='lat' dir='ltr'><strong>Xystus</strong></span> 
     </span>
    </p>
   </div>
   <div class='ocr_carea' id='block_1_67' title="bbox 569 3502 2150 3581">
    <p class='ocr_par' dir='ltr' id='par_1_67' title="bbox 569 3502 2150 3581">
     <span class='ocr_line' id='line_1_67' title="bbox 569 3502 2150 3581; baseline 0.008 -25"><span class='ocrx_word' id='word_1_445' title='bbox 569 3514 707 3570; x_wconf 84' lang='lat' dir='ltr'><strong>papa</strong></span> <span class='ocrx_word' id='word_1_446' title='bbox 737 3502 1033 3571; x_wconf 80' lang='lat' dir='ltr'><strong>damnavit,</strong></span> <span class='ocrx_word' id='word_1_447' title='bbox 1078 3515 1132 3561; x_wconf 89' lang='lat' dir='ltr'><strong>et</strong></span> <span class='ocrx_word' id='word_1_448' title='bbox 1182 3507 1374 3565; x_wconf 88' lang='lat' dir='ltr'><strong>iterum</strong></span> <span class='ocrx_word' id='word_1_449' title='bbox 1420 3510 1536 3581; x_wconf 91' lang='lat' dir='ltr'><strong>ipse</strong></span> <span class='ocrx_word' id='word_1_450' title='bbox 1584 3528 1709 3567; x_wconf 86' lang='lat' dir='ltr'><strong>cum</strong></span> <span class='ocrx_word' id='word_1_451' title='bbox 1761 3515 2150 3570; x_wconf 79' lang='lat' dir='ltr'><strong>reconciliavit.</strong></span> 
     </span>
    </p>
   </div>
   <div class='ocr_carea' id='block_1_68' title="bbox 568 3593 2155 3679">
    <p class='ocr_par' dir='ltr' id='par_1_68' title="bbox 568 3593 2155 3679">
     <span class='ocr_line' id='line_1_68' title="bbox 568 3593 2155 3679; baseline 0.01 -30"><span class='ocrx_word' id='word_1_452' title='bbox 568 3593 918 3655; x_wconf 83' lang='lat' dir='ltr'><strong>Innocentius</strong></span> <span class='ocrx_word' id='word_1_453' title='bbox 962 3600 1087 3655; x_wconf 90' lang='lat' dir='ltr'><strong>item</strong></span> <span class='ocrx_word' id='word_1_454' title='bbox 1134 3614 1269 3674; x_wconf 82' lang='lat' dir='ltr'><strong>papa</strong></span> <span class='ocrx_word' id='word_1_455' title='bbox 1317 3605 1606 3660; x_wconf 75' lang='lat' dir='ltr'><strong>t’hotinum</strong></span> <span class='ocrx_word' id='word_1_456' title='bbox 1638 3608 1913 3664; x_wconf 78' lang='lat' dir='ltr'><strong>damnavit</strong></span> <span class='ocrx_word' id='word_1_457' title='bbox 1946 3610 2155 3679; x_wconf 83' lang='lat' dir='ltr'><strong>episco-</strong></span> 
     </span>
    </p>
   </div>
   <div class='ocr_carea' id='block_1_69' title="bbox 567 3688 2153 3768">
    <p class='ocr_par' dir='ltr' id='par_1_69' title="bbox 567 3688 2153 3768">
     <span class='ocr_line' id='line_1_69' title="bbox 567 3688 2153 3768; baseline 0.011 -30"><span class='ocrx_word' id='word_1_458' title='bbox 567 3698 719 3753; x_wconf 86' lang='lat' dir='ltr'><strong>pum,</strong></span> <span class='ocrx_word' id='word_1_459' title='bbox 758 3688 851 3742; x_wconf 85' lang='lat' dir='ltr'><strong>sed</strong></span> <span class='ocrx_word' id='word_1_460' title='bbox 882 3688 997 3760; x_wconf 88' lang='lat' dir='ltr'><strong>ipse</strong></span> <span class='ocrx_word' id='word_1_461' title='bbox 1024 3705 1145 3745; x_wconf 87' lang='lat' dir='ltr'><strong>cum</strong></span> <span class='ocrx_word' id='word_1_462' title='bbox 1183 3703 1365 3763; x_wconf 82' lang='lat' dir='ltr'><strong>postea</strong></span> <span class='ocrx_word' id='word_1_463' title='bbox 1407 3697 1460 3750; x_wconf 92' lang='lat' dir='ltr'><strong>in</strong></span> <span class='ocrx_word' id='word_1_464' title='bbox 1508 3699 1725 3768; x_wconf 88' lang='lat' dir='ltr'><strong>proprio</strong></span> <span class='ocrx_word' id='word_1_465' title='bbox 1754 3701 1989 3756; x_wconf 89' lang='lat' dir='ltr'><strong>restituit</strong></span> <span class='ocrx_word' id='word_1_466' title='bbox 2035 3703 2153 3757; x_wconf 84' lang='lat' dir='ltr'><strong>loco</strong></span> 
     </span>
    </p>
   </div>
   <div class='ocr_carea' id='block_1_70' title="bbox 569 3774 2152 3863">
    <p class='ocr_par' dir='ltr' id='par_1_70' title="bbox 569 3774 2152 3863">
     <span class='ocr_line' id='line_1_70' title="bbox 569 3774 2152 3863; baseline 0.014 -34"><span class='ocrx_word' id='word_1_467' title='bbox 569 3774 825 3835; x_wconf 78' lang='lat' dir='ltr'><strong>Ecclesia:</strong></span> <span class='ocrx_word' id='word_1_468' title='bbox 851 3794 981 3836; x_wconf 67' lang='lat' dir='ltr'><strong>suae.</strong></span> <span class='ocrx_word' id='word_1_469' title='bbox 1006 3782 1246 3855; x_wconf 77' lang='lat' dir='ltr'><strong>itemque</strong></span> <span class='ocrx_word' id='word_1_470' title='bbox 1272 3787 1536 3843; x_wconf 82' lang='lat' dir='ltr'><strong>Misenum</strong></span> <span class='ocrx_word' id='word_1_471' title='bbox 1563 3792 1875 3863; x_wconf 85' lang='lat' dir='ltr'><strong>episcopum</strong></span> <span class='ocrx_word' id='word_1_472' title='bbox 1912 3811 1940 3848; x_wconf 87' lang='lat' dir='ltr'><strong>a</strong></span> <span class='ocrx_word' id='word_1_473' title='bbox 1970 3795 2152 3852; x_wconf 88' lang='lat' dir='ltr'><strong>Felice</strong></span> 
     </span>
    </p>
   </div>
   <div class='ocr_carea' id='block_1_71' title="bbox 554 3870 2153 3950">
    <p class='ocr_par' dir='ltr' id='par_1_71' title="bbox 554 3870 2153 3950">
     <span class='ocr_line' id='line_1_71' title="bbox 554 3870 2153 3950; baseline 0.013 -29"><span class='ocrx_word' id='word_1_474' title='bbox 554 3881 705 3937; x_wconf 81' lang='lat' dir='ltr'><strong>papa</strong></span> <span class='ocrx_word' id='word_1_475' title='bbox 735 3870 1070 3940; x_wconf 87' lang='lat' dir='ltr'><strong>damnatum,</strong></span> <span class='ocrx_word' id='word_1_476' title='bbox 1119 3875 1365 3934; x_wconf 85' lang='lat' dir='ltr'><strong>Gelasius</strong></span> <span class='ocrx_word' id='word_1_477' title='bbox 1410 3895 1548 3950; x_wconf 87' lang='lat' dir='ltr'><strong>papa</strong></span> <span class='ocrx_word' id='word_1_478' title='bbox 1595 3896 1881 3940; x_wconf 82' lang='lat' dir='ltr'><strong>successor</strong></span> <span class='ocrx_word' id='word_1_479' title='bbox 1923 3883 2065 3942; x_wconf 83' lang='lat' dir='ltr'><strong>illius</strong></span> <span class='ocrx_word' id='word_1_480' title='bbox 2098 3896 2153 3942; x_wconf 88' lang='lat' dir='ltr'><strong>et</strong></span> 
     </span>
    </p>
   </div>
   <div class='ocr_carea' id='block_1_72' title="bbox 568 3961 2148 4033">
    <p class='ocr_par' dir='ltr' id='par_1_72' title="bbox 568 3961 2148 4033">
     <span class='ocr_line' id='line_1_72' title="bbox 568 3961 2148 4033; baseline 0.013 -21"><span class='ocrx_word' id='word_1_481' title='bbox 568 3961 986 4017; x_wconf 88' lang='lat' dir='ltr'><strong>communicavit</strong></span> <span class='ocrx_word' id='word_1_482' title='bbox 1031 3974 1085 4019; x_wconf 87' lang='lat' dir='ltr'><strong>et</strong></span> <span class='ocrx_word' id='word_1_483' title='bbox 1134 3965 1391 4024; x_wconf 66' lang='lat' dir='ltr'><strong>Ecclesiae</strong></span> <span class='ocrx_word' id='word_1_484' title='bbox 1442 3986 1553 4025; x_wconf 69' lang='lat' dir='ltr'><strong>sure</strong></span> <span class='ocrx_word' id='word_1_485' title='bbox 1590 3974 1844 4031; x_wconf 85' lang='lat' dir='ltr'><strong>restituit.</strong></span> <span class='ocrx_word' id='word_1_486' title='bbox 1893 3976 2148 4033; x_wconf 86' lang='lat' dir='ltr'><strong>Leontius</strong></span> 
     </span>
    </p>
   </div>
   <div class='ocr_carea' id='block_1_73' title="bbox 568 4052 2146 4140">
    <p class='ocr_par' dir='ltr' id='par_1_73' title="bbox 568 4052 2146 4140">
     <span class='ocr_line' id='line_1_73' title="bbox 568 4052 2146 4140; baseline 0.015 -37"><span class='ocrx_word' id='word_1_487' title='bbox 568 4060 750 4106; x_wconf 89' lang='lat' dir='ltr'><strong>autem</strong></span> <span class='ocrx_word' id='word_1_488' title='bbox 778 4052 904 4107; x_wconf 86' lang='lat' dir='ltr'><strong>dum</strong></span> <span class='ocrx_word' id='word_1_489' title='bbox 932 4063 1074 4110; x_wconf 82' lang='lat' dir='ltr'><strong>esset</strong></span> <span class='ocrx_word' id='word_1_490' title='bbox 1104 4060 1388 4130; x_wconf 85' lang='lat' dir='ltr'><strong>presbyter</strong></span> <span class='ocrx_word' id='word_1_491' title='bbox 1413 4061 1692 4133; x_wconf 87' lang='lat' dir='ltr'><strong>depositus</strong></span> <span class='ocrx_word' id='word_1_492' title='bbox 1728 4065 1849 4134; x_wconf 82' lang='lat' dir='ltr'><strong>fuit,</strong></span> <span class='ocrx_word' id='word_1_493' title='bbox 1881 4070 1975 4124; x_wconf 88' lang='lat' dir='ltr'><strong>sed</strong></span> <span class='ocrx_word' id='word_1_494' title='bbox 1998 4076 2146 4140; x_wconf 89' lang='lat' dir='ltr'><strong>post-</strong></span> 
     </span>
    </p>
   </div>
   <div class='ocr_carea' id='block_1_74' title="bbox 550 4140 2145 4228">
    <p class='ocr_par' dir='ltr' id='par_1_74' title="bbox 550 4140 2145 4228">
     <span class='ocr_line' id='line_1_74' title="bbox 550 4140 2145 4228; baseline 0.014 -34"><span class='ocrx_word' id='word_1_495' title='bbox 550 4154 630 4195; x_wconf 82' lang='lat' dir='ltr'><strong>ea</strong></span> <span class='ocrx_word' id='word_1_496' title='bbox 658 4140 712 4194; x_wconf 94' lang='lat' dir='ltr'><strong>in</strong></span> <span class='ocrx_word' id='word_1_497' title='bbox 739 4141 1025 4198; x_wconf 86' lang='lat' dir='ltr'><strong>Antiochia</strong></span> <span class='ocrx_word' id='word_1_498' title='bbox 1054 4146 1365 4216; x_wconf 83' lang='lat' dir='ltr'><strong>patriarcha</strong></span> <span class='ocrx_word' id='word_1_499' title='bbox 1393 4151 1625 4207; x_wconf 80' lang='lat' dir='ltr'><strong>exstitit.</strong></span> <span class='ocrx_word' id='word_1_500' title='bbox 1676 4153 1969 4228; x_wconf 77' lang='lat' dir='ltr'><strong>Gregorius</strong></span> <span class='ocrx_word' id='word_1_501' title='bbox 2017 4175 2145 4216; x_wconf 89' lang='lat' dir='ltr'><strong>vero</strong></span> 
     </span>
    </p>
   </div>
   <div class='ocr_carea' id='block_1_75' title="bbox 563 4233 2143 4320">
    <p class='ocr_par' dir='ltr' id='par_1_75' title="bbox 563 4233 2143 4320">
     <span class='ocr_line' id='line_1_75' title="bbox 563 4233 2143 4320; baseline 0.015 -37"><span class='ocrx_word' id='word_1_502' title='bbox 563 4240 789 4300; x_wconf 86' lang='lat' dir='ltr'><strong>quartus</strong></span> <span class='ocrx_word' id='word_1_503' title='bbox 847 4247 1008 4304; x_wconf 87' lang='lat' dir='ltr'><strong>papa,</strong></span> <span class='ocrx_word' id='word_1_504' title='bbox 1056 4233 1442 4306; x_wconf 85' lang='lat' dir='ltr'><strong>Theodosium,</strong></span> <span class='ocrx_word' id='word_1_505' title='bbox 1502 4258 1664 4313; x_wconf 88' lang='lat' dir='ltr'><strong>quem</strong></span> <span class='ocrx_word' id='word_1_506' title='bbox 1708 4244 1983 4317; x_wconf 74' lang='lat' dir='ltr'><strong>Eugenius</strong></span> <span class='ocrx_word' id='word_1_507' title='bbox 2028 4250 2143 4320; x_wconf 86' lang='lat' dir='ltr'><strong>ejus</strong></span> 
     </span>
    </p>
   </div>
   <div class='ocr_carea' id='block_1_76' title="bbox 544 4327 2143 4404">
    <p class='ocr_par' dir='ltr' id='par_1_76' title="bbox 544 4327 2143 4404">
     <span class='ocr_line' id='line_1_76' title="bbox 544 4327 2143 4404; baseline 0.018 -33"><span class='ocrx_word' id='word_1_508' title='bbox 544 4329 873 4376; x_wconf 39' lang='lat' dir='ltr'><strong>.antecessor</strong></span> <span class='ocrx_word' id='word_1_509' title='bbox 912 4327 1236 4399; x_wconf 84' lang='lat' dir='ltr'><strong>presbyterii</strong></span> <span class='ocrx_word' id='word_1_510' title='bbox 1300 4330 1505 4388; x_wconf 85' lang='lat' dir='ltr'><strong>honore</strong></span> <span class='ocrx_word' id='word_1_511' title='bbox 1558 4335 1897 4404; x_wconf 81' lang='lat' dir='ltr'><strong>privaverat,</strong></span> <span class='ocrx_word' id='word_1_512' title='bbox 1942 4352 2143 4399; x_wconf 78' lang='lat' dir='ltr'><strong>sancta:</strong></span> 
     </span>
    </p>
   </div>
   <div class='ocr_carea' id='block_1_77' title="bbox 558 4411 2141 4499">
    <p class='ocr_par' dir='ltr' id='par_1_77' title="bbox 558 4411 2141 4499">
     <span class='ocr_line' id='line_1_77' title="bbox 558 4411 2141 4499; baseline 0.016 -33"><span class='ocrx_word' id='word_1_513' title='bbox 558 4411 813 4470; x_wconf 81' lang='lat' dir='ltr'><strong>Ecclesia:</strong></span> <span class='ocrx_word' id='word_1_514' title='bbox 846 4416 1082 4488; x_wconf 70' lang='lat' dir='ltr'><strong>Siguiute</strong></span> <span class='ocrx_word' id='word_1_515' title='bbox 1105 4425 1445 4479; x_wconf 87' lang='lat' dir='ltr'><strong>consecravit</strong></span> <span class='ocrx_word' id='word_1_516' title='bbox 1465 4427 1799 4499; x_wconf 90' lang='lat' dir='ltr'><strong>episcopum.</strong></span> <span class='ocrx_word' id='word_1_517' title='bbox 1836 4430 1957 4488; x_wconf 84' lang='lat' dir='ltr'><strong>lbas</strong></span> <span class='ocrx_word' id='word_1_518' title='bbox 1990 4451 2141 4491; x_wconf 84' lang='lat' dir='ltr'><strong>nam-</strong></span> 
     </span>
    </p>
   </div>
   <div class='ocr_carea' id='block_1_78' title="bbox 538 4507 2137 4596">
    <p class='ocr_par' dir='ltr' id='par_1_78' title="bbox 538 4507 2137 4596">
     <span class='ocr_line' id='line_1_78' title="bbox 538 4507 2137 4596; baseline 0.017 -40"><span class='ocrx_word' id='word_1_519' title='bbox 538 4516 666 4571; x_wconf 73' lang='lat' dir='ltr'><strong>:que</strong></span> <span class='ocrx_word' id='word_1_520' title='bbox 720 4507 1004 4577; x_wconf 87' lang='lat' dir='ltr'><strong>episcopus</strong></span> <span class='ocrx_word' id='word_1_521' title='bbox 1044 4510 1318 4580; x_wconf 85' lang='lat' dir='ltr'><strong>judicatus</strong></span> <span class='ocrx_word' id='word_1_522' title='bbox 1358 4514 1480 4582; x_wconf 86' lang='lat' dir='ltr'><strong>fuit,</strong></span> <span class='ocrx_word' id='word_1_523' title='bbox 1536 4522 1630 4573; x_wconf 84' lang='lat' dir='ltr'><strong>sed</strong></span> <span class='ocrx_word' id='word_1_524' title='bbox 1677 4531 1865 4577; x_wconf 89' lang='lat' dir='ltr'><strong>sancta</strong></span> <span class='ocrx_word' id='word_1_525' title='bbox 1901 4528 2137 4596; x_wconf 85' lang='lat' dir='ltr'><strong>synodus</strong></span> 
     </span>
    </p>
   </div>
   <div class='ocr_carea' id='block_1_79' title="bbox 535 4595 2135 4675">
    <p class='ocr_par' dir='ltr' id='par_1_79' title="bbox 535 4595 2135 4675">
     <span class='ocr_line' id='line_1_79' title="bbox 535 4595 2135 4675; baseline 0.017 -28"><span class='ocrx_word' id='word_1_526' title='bbox 535 4595 974 4652; x_wconf 33' lang='lat' dir='ltr'><strong>icanonicesuam</strong></span> <span class='ocrx_word' id='word_1_527' title='bbox 993 4599 1064 4653; x_wconf 92' lang='lat' dir='ltr'><strong>illi</strong></span> <span class='ocrx_word' id='word_1_528' title='bbox 1087 4604 1321 4659; x_wconf 88' lang='lat' dir='ltr'><strong>restituit</strong></span> <span class='ocrx_word' id='word_1_529' title='bbox 1335 4606 1649 4664; x_wconf 85' lang='lat' dir='ltr'><strong>Ecclesiam.</strong></span> <span class='ocrx_word' id='word_1_530' title='bbox 1676 4595 1984 4670; x_wconf 72' lang='lat' dir='ltr'><strong>Romanum</strong></span> <span class='ocrx_word' id='word_1_531' title='bbox 2008 4635 2135 4675; x_wconf 82' lang='lat' dir='ltr'><strong>vero</strong></span> 
     </span>
    </p>
   </div>
   <div class='ocr_carea' id='block_1_80' title="bbox 556 4685 2136 4781">
    <p class='ocr_par' dir='ltr' id='par_1_80' title="bbox 556 4685 2136 4781">
     <span class='ocr_line' id='line_1_80' title="bbox 556 4685 2136 4781; baseline 0.019 -44"><span class='ocrx_word' id='word_1_532' title='bbox 556 4685 868 4756; x_wconf 84' lang='lat' dir='ltr'><strong>episcopum</strong></span> <span class='ocrx_word' id='word_1_533' title='bbox 895 4700 1098 4747; x_wconf 73' lang='lat' dir='ltr'><strong>sanctae</strong></span> <span class='ocrx_word' id='word_1_534' title='bbox 1143 4692 1552 4756; x_wconf 87' lang='lat' dir='ltr'><strong>Sucssionensis</strong></span> <span class='ocrx_word' id='word_1_535' title='bbox 1576 4701 1830 4761; x_wconf 69' lang='lat' dir='ltr'><strong>Ecclesiae</strong></span> <span class='ocrx_word' id='word_1_536' title='bbox 1872 4722 1900 4762; x_wconf 88' lang='lat' dir='ltr'><strong>a</strong></span> <span class='ocrx_word' id='word_1_537' title='bbox 1932 4710 2136 4781; x_wconf 84' lang='lat' dir='ltr'><strong>synodo</strong></span> 
     </span>
    </p>
   </div>
   <div class='ocr_carea' id='block_1_81' title="bbox 557 4776 2135 4863">
    <p class='ocr_par' dir='ltr' id='par_1_81' title="bbox 557 4776 2135 4863">
     <span class='ocr_line' id='line_1_81' title="bbox 557 4776 2135 4863; baseline 0.019 -35"><span class='ocrx_word' id='word_1_538' title='bbox 557 4777 643 4829; x_wconf 88' lang='lat' dir='ltr'><strong>cui</strong></span> <span class='ocrx_word' id='word_1_539' title='bbox 668 4776 894 4834; x_wconf 84' lang='lat' dir='ltr'><strong>Carolus</strong></span> <span class='ocrx_word' id='word_1_540' title='bbox 944 4781 1189 4839; x_wconf 75' lang='lat' dir='ltr'><strong>interfuit</strong></span> <span class='ocrx_word' id='word_1_541' title='bbox 1232 4800 1327 4842; x_wconf 81' lang='lat' dir='ltr'><strong>rex</strong></span> <span class='ocrx_word' id='word_1_542' title='bbox 1372 4791 1815 4863; x_wconf 89' lang='lat' dir='ltr'><strong>condemnatum,</strong></span> <span class='ocrx_word' id='word_1_543' title='bbox 1848 4807 1901 4853; x_wconf 89' lang='lat' dir='ltr'><strong>et</strong></span> <span class='ocrx_word' id='word_1_544' title='bbox 1935 4776 2135 4858; x_wconf 67' lang='lat' dir='ltr'><strong>Sbtfre-</strong></span> 
     </span>
    </p>
   </div>
   <div class='ocr_carea' id='block_1_82' title="bbox 529 4865 2130 4957">
    <p class='ocr_par' dir='ltr' id='par_1_82' title="bbox 529 4865 2130 4957">
     <span class='ocr_line' id='line_1_82' title="bbox 529 4865 2130 4957; baseline 0.017 -39"><span class='ocrx_word' id='word_1_545' title='bbox 529 4865 702 4920; x_wconf 78' lang='lat' dir='ltr'><strong>‘nium</strong></span> <span class='ocrx_word' id='word_1_546' title='bbox 745 4866 1120 4927; x_wconf 87' lang='lat' dir='ltr'><strong>Placentinum</strong></span> <span class='ocrx_word' id='word_1_547' title='bbox 1162 4877 1469 4951; x_wconf 89' lang='lat' dir='ltr'><strong>episcopum</strong></span> <span class='ocrx_word' id='word_1_548' title='bbox 1522 4885 1719 4938; x_wconf 89' lang='lat' dir='ltr'><strong>merito</strong></span> <span class='ocrx_word' id='word_1_549' title='bbox 1763 4889 2130 4957; x_wconf 86' lang='lat' dir='ltr'><strong>reprobatum,</strong></span> 
     </span>
    </p>
   </div>
   <div class='ocr_carea' id='block_1_83' title="bbox 551 4953 1823 5033">
    <p class='ocr_par' dir='ltr' id='par_1_83' title="bbox 551 4953 1823 5033">
     <span class='ocr_line' id='line_1_83' title="bbox 551 4953 1823 5033; baseline 0.018 -23"><span class='ocrx_word' id='word_1_550' title='bbox 551 4953 807 5015; x_wconf 81' lang='lat' dir='ltr'><strong>Nicolaus</strong></span> <span class='ocrx_word' id='word_1_551' title='bbox 830 4975 969 5032; x_wconf 83' lang='lat' dir='ltr'><strong>papa</strong></span> <span class='ocrx_word' id='word_1_552' title='bbox 995 4972 1100 5020; x_wconf 79' lang='lat' dir='ltr'><strong>una</strong></span> <span class='ocrx_word' id='word_1_553' title='bbox 1128 4969 1407 5025; x_wconf 86' lang='lat' dir='ltr'><strong>nobiscum</strong></span> <span class='ocrx_word' id='word_1_554' title='bbox 1430 4953 1823 5033; x_wconf 79' lang='lat' dir='ltr'><strong>reconciliavit.</strong></span> 
     </span>
    </p>
   </div>
   <div class='ocr_carea' id='block_1_84' title="bbox 524 5062 2133 5155">
    <p class='ocr_par' dir='ltr' id='par_1_84' title="bbox 524 5062 2133 5155">
     <span class='ocr_line' id='line_1_84' title="bbox 524 5062 2133 5155; baseline 0.018 -30"><span class='ocrx_word' id='word_1_555' title='bbox 524 5062 681 5155; x_wconf 37' lang='lat' dir='ltr'><strong>‘Car.</strong></span> <span class='ocrx_word' id='word_1_556' title='bbox 706 5075 972 5155; x_wconf 40' lang='lat' dir='ltr'><strong>_.XX|I_.-—-</strong></span> <span class='ocrx_word' id='word_1_557' title='bbox 992 5077 1061 5155; x_wconf 63' lang='grc' dir='ltr'><strong><em>ζμ</em></strong></span> <span class='ocrx_word' id='word_1_558' title='bbox 1110 5082 1164 5136; x_wconf 87' lang='lat' dir='ltr'><strong>id</strong></span> <span class='ocrx_word' id='word_1_559' title='bbox 1204 5072 1343 5155; x_wconf 83' lang='lat' dir='ltr'><strong>quod</strong></span> <span class='ocrx_word' id='word_1_560' title='bbox 1402 5078 1657 5145; x_wconf 78' lang='lat' dir='ltr'><strong>incertum</strong></span> <span class='ocrx_word' id='word_1_561' title='bbox 1701 5104 1775 5148; x_wconf 76' lang='lat' dir='ltr'><strong>est</strong></span> <span class='ocrx_word' id='word_1_562' title='bbox 1827 5095 1991 5153; x_wconf 74' lang='lat' dir='ltr'><strong>solius</strong></span> <span class='ocrx_word' id='word_1_563' title='bbox 2035 5097 2133 5153; x_wconf 85' lang='lat' dir='ltr'><strong>Dei</strong></span> 
     </span>
    </p>
   </div>
   <div class='ocr_carea' id='block_1_85' title="bbox 614 5144 2132 5236">
    <p class='ocr_par' dir='ltr' id='par_1_85' title="bbox 614 5144 2132 5236">
     <span class='ocr_line' id='line_1_85' title="bbox 614 5144 2132 5236; baseline 0.019 -41"><span class='ocrx_word' id='word_1_564' title='bbox 614 5144 821 5236; x_wconf 34' lang='lat' dir='ltr'><strong>ju‘di‘cho</strong></span> <span class='ocrx_word' id='word_1_565' title='bbox 844 5149 908 5200; x_wconf 76' lang='lat' dir='ltr'><strong>sit</strong></span> <span class='ocrx_word' id='word_1_566' title='bbox 922 5144 1362 5236; x_wconf 32' lang='lat' dir='ltr'><strong>relinquendum;</strong></span> <span class='ocrx_word' id='word_1_567' title='bbox 1384 5164 1433 5210; x_wconf 71' lang='grc' dir='ltr'><em>ει</em></span> <span class='ocrx_word' id='word_1_568' title='bbox 1453 5163 1517 5213; x_wconf 84' lang='lat' dir='ltr'><strong>de</strong></span> <span class='ocrx_word' id='word_1_569' title='bbox 1534 5144 1786 5234; x_wconf 66' lang='lat' dir='ltr'><strong>episcopis</strong></span> <span class='ocrx_word' id='word_1_570' title='bbox 1809 5144 1989 5236; x_wconf 61' lang='lat'><strong>&#39;22</strong></span> <span class='ocrx_word' id='word_1_571' title='bbox 2011 5144 2132 5223; x_wconf 50' lang='lat' dir='ltr'><strong>sed;</strong></span> 
     </span>
    </p>
   </div>
   <div class='ocr_carea' id='block_1_86' title="bbox 528 5214 1520 5283">
    <p class='ocr_par' dir='ltr' id='par_1_86' title="bbox 528 5214 1520 5283">
     <span class='ocr_line' id='line_1_86' title="bbox 528 5214 1520 5283; baseline 0.021 -21"><span class='ocrx_word' id='word_1_572' title='bbox 528 5246 533 5251; x_wconf 70' lang='grc' dir='ltr'>ι</span> <span class='ocrx_word' id='word_1_573' title='bbox 625 5223 694 5266; x_wconf 79' lang='lat' dir='ltr'><strong>ad</strong></span> <span class='ocrx_word' id='word_1_574' title='bbox 724 5214 886 5269; x_wconf 82' lang='lat' dir='ltr'><strong>aliam</strong></span> <span class='ocrx_word' id='word_1_575' title='bbox 913 5214 1089 5273; x_wconf 71' lang='lat' dir='ltr'><strong>sedent</strong></span> <span class='ocrx_word' id='word_1_576' title='bbox 1113 5214 1361 5280; x_wconf 68' lang='lat' dir='ltr'><strong>translati</strong></span> <span class='ocrx_word' id='word_1_577' title='bbox 1379 5238 1520 5283; x_wconf 77' lang='lat' dir='ltr'><strong>mt.</strong></span> 
     </span>
    </p>
   </div>
   <div class='ocr_carea' id='block_1_87' title="bbox 526 5319 2124 5419">
    <p class='ocr_par' dir='ltr' id='par_1_87' title="bbox 526 5319 2124 5419">
     <span class='ocr_line' id='line_1_87' title="bbox 526 5319 2124 5419; baseline 0.023 -47"><span class='ocrx_word' id='word_1_578' title='bbox 526 5322 531 5329; x_wconf 86' lang='lat'>&#39;</span> <span class='ocrx_word' id='word_1_579' title='bbox 607 5319 715 5377; x_wconf 65' lang='lat' dir='ltr'><strong>lar.</strong></span> <span class='ocrx_word' id='word_1_580' title='bbox 729 5322 1022 5385; x_wconf 82' lang='lat' dir='ltr'><strong>Formosus</strong></span> <span class='ocrx_word' id='word_1_581' title='bbox 1034 5342 1174 5402; x_wconf 85' lang='lat' dir='ltr'><strong>esto,</strong></span> <span class='ocrx_word' id='word_1_582' title='bbox 1188 5338 1569 5400; x_wconf 87' lang='lat' dir='ltr'><strong>reconciliatus</strong></span> <span class='ocrx_word' id='word_1_583' title='bbox 1585 5342 1767 5412; x_wconf 84' lang='lat' dir='ltr'><strong>fuerit,</strong></span> <span class='ocrx_word' id='word_1_584' title='bbox 1782 5352 2124 5419; x_wconf 89' lang='lat' dir='ltr'><strong>postmodum</strong></span> 
     </span>
    </p>
   </div>
   <div class='ocr_carea' id='block_1_88' title="bbox 552 5415 2126 5517">
    <p class='ocr_par' dir='ltr' id='par_1_88' title="bbox 552 5415 2126 5517">
     <span class='ocr_line' id='line_1_88' title="bbox 552 5415 2126 5517; baseline 0.023 -52"><span class='ocrx_word' id='word_1_585' title='bbox 552 5423 706 5480; x_wconf 80' lang='lat' dir='ltr'><strong>vero,</strong></span> <span class='ocrx_word' id='word_1_586' title='bbox 741 5415 990 5517; x_wconf 60' lang='lat' dir='ltr'><strong>humanae,</strong></span> <span class='ocrx_word' id='word_1_587' title='bbox 1033 5424 1206 5485; x_wconf 86' lang='lat' dir='ltr'><strong>laudis</strong></span> <span class='ocrx_word' id='word_1_588' title='bbox 1240 5420 1486 5505; x_wconf 86' lang='lat' dir='ltr'><strong>cupidus,</strong></span> <span class='ocrx_word' id='word_1_589' title='bbox 1506 5415 1798 5511; x_wconf 29' lang='lat' dir='ltr'><strong>propriam.</strong></span> <span class='ocrx_word' id='word_1_590' title='bbox 1814 5442 2126 5517; x_wconf 83' lang='lat' dir='ltr'><strong>relinquens</strong></span> 
     </span>
    </p>
   </div>
   <div class='ocr_carea' id='block_1_89' title="bbox 522 5508 2128 5609">
    <p class='ocr_par' dir='ltr' id='par_1_89' title="bbox 522 5508 2128 5609">
     <span class='ocr_line' id='line_1_89' title="bbox 522 5508 2128 5609; baseline 0.026 -53"><span class='ocrx_word' id='word_1_591' title='bbox 522 5508 802 5609; x_wconf 39' lang='lat' dir='ltr'><strong>I‘uxorem,</strong></span> <span class='ocrx_word' id='word_1_592' title='bbox 845 5509 1070 5609; x_wconf 75' lang='lat' dir='ltr'><strong>alienam</strong></span> <span class='ocrx_word' id='word_1_593' title='bbox 1098 5518 1349 5592; x_wconf 79' lang='lat' dir='ltr'><strong>abstulit;</strong></span> <span class='ocrx_word' id='word_1_594' title='bbox 1399 5508 1659 5597; x_wconf 76' lang='lat' dir='ltr'><strong>videlicet,</strong></span> <span class='ocrx_word' id='word_1_595' title='bbox 1690 5534 1877 5594; x_wconf 87' lang='lat' dir='ltr'><strong>relicto</strong></span> <span class='ocrx_word' id='word_1_596' title='bbox 1916 5508 2128 5609; x_wconf 74' lang='lat' dir='ltr'><strong>episco-</strong></span> 
     </span>
    </p>
   </div>
   <div class='ocr_carea' id='block_1_90' title="bbox 519 5592 2132 5686">
    <p class='ocr_par' dir='ltr' id='par_1_90' title="bbox 519 5592 2132 5686">
     <span class='ocr_line' id='line_1_90' title="bbox 519 5592 2132 5686; baseline 0.02 -41"><span class='ocrx_word' id='word_1_597' title='bbox 519 5592 705 5678; x_wconf 35' lang='lat' dir='ltr'><strong>ipatu,</strong></span> <span class='ocrx_word' id='word_1_598' title='bbox 737 5597 822 5653; x_wconf 85' lang='lat' dir='ltr'><strong>his</strong></span> <span class='ocrx_word' id='word_1_599' title='bbox 865 5600 954 5669; x_wconf 88' lang='lat' dir='ltr'><strong>qui</strong></span> <span class='ocrx_word' id='word_1_600' title='bbox 990 5605 1271 5666; x_wconf 79' lang='lat' dir='ltr'><strong>ordinandi</strong></span> <span class='ocrx_word' id='word_1_601' title='bbox 1300 5612 1477 5674; x_wconf 67' lang='lat' dir='ltr'><strong>erant</strong></span> <span class='ocrx_word' id='word_1_602' title='bbox 1524 5622 1870 5686; x_wconf 75' lang='lat' dir='ltr'><strong>apostolicam</strong></span> <span class='ocrx_word' id='word_1_603' title='bbox 1912 5592 2132 5678; x_wconf 63' lang='lat' dir='ltr'><strong>abstulit</strong></span> 
     </span>
    </p>
   </div>
   <div class='ocr_carea' id='block_1_91' title="bbox 552 5684 1075 5735">
    <p class='ocr_par' dir='ltr' id='par_1_91' title="bbox 552 5684 1075 5735">
     <span class='ocr_line' id='line_1_91' title="bbox 552 5684 1075 5735; baseline -0.002 -2"><span class='ocrx_word' id='word_1_604' title='bbox 552 5684 759 5735; x_wconf 79' lang='lat' dir='ltr'><strong>sedem.</strong></span> <span class='ocrx_word' id='word_1_605' title='bbox 825 5687 930 5730; x_wconf 68' lang='lat' dir='ltr'><strong>Dn</strong></span> <span class='ocrx_word' id='word_1_606' title='bbox 1002 5692 1075 5718; x_wconf 65' lang='grc' dir='ltr'><strong>ὐτ</strong></span> 
     </span>
    </p>
   </div>
   <div class='ocr_carea' id='block_1_92' title="bbox 2259 3312 3847 3403">
    <p class='ocr_par' dir='ltr' id='par_1_92' title="bbox 2259 3312 3847 3403">
     <span class='ocr_line' id='line_1_92' title="bbox 2259 3312 3847 3403; baseline 0.014 -38"><span class='ocrx_word' id='word_1_607' title='bbox 2259 3312 2600 3371; x_wconf 87' lang='lat' dir='ltr'><strong>Antiochiam</strong></span> <span class='ocrx_word' id='word_1_608' title='bbox 2648 3329 2911 3391; x_wconf 81' lang='lat' dir='ltr'><strong>nugratus</strong></span> <span class='ocrx_word' id='word_1_609' title='bbox 2964 3334 3064 3379; x_wconf 90' lang='lat' dir='ltr'><strong>est.</strong></span> <span class='ocrx_word' id='word_1_610' title='bbox 3117 3328 3369 3397; x_wconf 85' lang='lat' dir='ltr'><strong>Optimus</strong></span> <span class='ocrx_word' id='word_1_611' title='bbox 3418 3332 3496 3386; x_wconf 84' lang='lat' dir='ltr'><strong>ab</strong></span> <span class='ocrx_word' id='word_1_612' title='bbox 3541 3312 3847 3403; x_wconf 73' lang='lat' dir='ltr'><strong>Agardamia</strong></span> 
     </span>
    </p>
   </div>
   <div class='ocr_carea' id='block_1_93' title="bbox 2258 3399 3853 3495">
    <p class='ocr_par' dir='ltr' id='par_1_93' title="bbox 2258 3399 3853 3495">
     <span class='ocr_line' id='line_1_93' title="bbox 2258 3399 3853 3495; baseline 0.014 -41"><span class='ocrx_word' id='word_1_613' title='bbox 2258 3399 2501 3473; x_wconf 64' lang='lat' dir='ltr'><strong>Phrygiae</strong></span> <span class='ocrx_word' id='word_1_614' title='bbox 2531 3406 2584 3460; x_wconf 92' lang='lat' dir='ltr'><strong>in</strong></span> <span class='ocrx_word' id='word_1_615' title='bbox 2617 3410 2956 3466; x_wconf 67' lang='lat' dir='ltr'><strong>.ttitiochiatn</strong></span> <span class='ocrx_word' id='word_1_616' title='bbox 2985 3412 3200 3470; x_wconf 68' lang='lat' dir='ltr'><strong>Pisidiae</strong></span> <span class='ocrx_word' id='word_1_617' title='bbox 3226 3418 3503 3489; x_wconf 79' lang='lat' dir='ltr'><strong>migratus</strong></span> <span class='ocrx_word' id='word_1_618' title='bbox 3527 3399 3634 3476; x_wconf 64' lang='lat' dir='ltr'><strong>esi.</strong></span> <span class='ocrx_word' id='word_1_619' title='bbox 3681 3424 3853 3495; x_wconf 73' lang='lat' dir='ltr'><strong>Sylva-</strong></span> 
     </span>
    </p>
   </div>
   <div class='ocr_carea' id='block_1_94' title="bbox 2257 3493 3848 3569">
    <p class='ocr_par' dir='ltr' id='par_1_94' title="bbox 2257 3493 3848 3569">
     <span class='ocr_line' id='line_1_94' title="bbox 2257 3493 3848 3569; baseline 0.017 -26"><span class='ocrx_word' id='word_1_620' title='bbox 2257 3506 2359 3545; x_wconf 87' lang='lat' dir='ltr'><strong>nus</strong></span> <span class='ocrx_word' id='word_1_621' title='bbox 2398 3508 2429 3546; x_wconf 87' lang='lat' dir='ltr'><strong>a</strong></span> <span class='ocrx_word' id='word_1_622' title='bbox 2468 3493 2822 3568; x_wconf 86' lang='lat' dir='ltr'><strong>Philippopoli</strong></span> <span class='ocrx_word' id='word_1_623' title='bbox 2873 3501 3116 3559; x_wconf 73' lang='lat' dir='ltr'><strong>Thmcim</strong></span> <span class='ocrx_word' id='word_1_624' title='bbox 3143 3516 3392 3564; x_wconf 88' lang='lat' dir='ltr'><strong>mutatus</strong></span> <span class='ocrx_word' id='word_1_625' title='bbox 3422 3514 3600 3566; x_wconf 83' lang='lat' dir='ltr'><strong>estin</strong></span> <span class='ocrx_word' id='word_1_626' title='bbox 3636 3493 3848 3569; x_wconf 67' lang='lat' dir='ltr'><strong>Troada.</strong></span> 
     </span>
    </p>
   </div>
   <div class='ocr_carea' id='block_1_95' title="bbox 2256 3580 3852 3675">
    <p class='ocr_par' dir='ltr' id='par_1_95' title="bbox 2256 3580 3852 3675">
     <span class='ocr_line' id='line_1_95' title="bbox 2256 3580 3852 3675; baseline 0.016 -40"><span class='ocrx_word' id='word_1_627' title='bbox 2256 3580 2546 3653; x_wconf 82' lang='lat' dir='ltr'><strong>Perigenes</strong></span> <span class='ocrx_word' id='word_1_628' title='bbox 2570 3587 2622 3639; x_wconf 92' lang='lat' dir='ltr'><strong>in</strong></span> <span class='ocrx_word' id='word_1_629' title='bbox 2649 3587 2825 3644; x_wconf 85' lang='lat' dir='ltr'><strong>Petris</strong></span> <span class='ocrx_word' id='word_1_630' title='bbox 2844 3603 2925 3645; x_wconf 85' lang='lat' dir='ltr'><strong>est</strong></span> <span class='ocrx_word' id='word_1_631' title='bbox 2945 3594 3230 3651; x_wconf 87' lang='lat' dir='ltr'><strong>ordinatus</strong></span> <span class='ocrx_word' id='word_1_632' title='bbox 3259 3597 3583 3670; x_wconf 86' lang='lat' dir='ltr'><strong>episcopus,</strong></span> <span class='ocrx_word' id='word_1_633' title='bbox 3605 3605 3698 3658; x_wconf 85' lang='lat' dir='ltr'><strong>sed</strong></span> <span class='ocrx_word' id='word_1_634' title='bbox 3724 3619 3852 3675; x_wconf 76' lang='lat' dir='ltr'><strong>quo-</strong></span> 
     </span>
    </p>
   </div>
   <div class='ocr_carea' id='block_1_96' title="bbox 2254 3673 3845 3760">
    <p class='ocr_par' dir='ltr' id='par_1_96' title="bbox 2254 3673 3845 3760">
     <span class='ocr_line' id='line_1_96' title="bbox 2254 3673 3845 3760; baseline 0.014 -33"><span class='ocrx_word' id='word_1_635' title='bbox 2254 3673 2400 3729; x_wconf 90' lang='lat' dir='ltr'><strong>niam</strong></span> <span class='ocrx_word' id='word_1_636' title='bbox 2424 3677 2571 3732; x_wconf 89' lang='lat' dir='ltr'><strong>cives</strong></span> <span class='ocrx_word' id='word_1_637' title='bbox 2594 3681 2829 3746; x_wconf 77' lang='lat' dir='ltr'><strong>ejusdem</strong></span> <span class='ocrx_word' id='word_1_638' title='bbox 2853 3683 3089 3741; x_wconf 86' lang='lat' dir='ltr'><strong>civitatis</strong></span> <span class='ocrx_word' id='word_1_639' title='bbox 3113 3691 3512 3760; x_wconf 58' lang='lat' dir='ltr'><strong>eumgreeipere</strong></span> <span class='ocrx_word' id='word_1_640' title='bbox 3536 3693 3845 3749; x_wconf 79' lang='lat' dir='ltr'><strong>uoluerunt&#39;</strong></span> 
     </span>
    </p>
   </div>
   <div class='ocr_carea' id='block_1_97' title="bbox 2253 3765 3851 3841">
    <p class='ocr_par' dir='ltr' id='par_1_97' title="bbox 2253 3765 3851 3841">
     <span class='ocr_line' id='line_1_97' title="bbox 2253 3765 3851 3841; baseline 0.012 -21"><span class='ocrx_word' id='word_1_641' title='bbox 2253 3765 2510 3822; x_wconf 64' lang='lat' dir='ltr'><strong>Romanae</strong></span> <span class='ocrx_word' id='word_1_642' title='bbox 2551 3770 2786 3826; x_wconf 81' lang='lat' dir='ltr'><strong>civitatis</strong></span> <span class='ocrx_word' id='word_1_643' title='bbox 2817 3771 2981 3841; x_wconf 85' lang='lat' dir='ltr'><strong>jussit</strong></span> <span class='ocrx_word' id='word_1_644' title='bbox 3020 3792 3143 3831; x_wconf 87' lang='lat' dir='ltr'><strong>eum</strong></span> <span class='ocrx_word' id='word_1_645' title='bbox 3179 3779 3548 3837; x_wconf 80' lang='lat' dir='ltr'><strong>inthruuizari</strong></span> <span class='ocrx_word' id='word_1_646' title='bbox 3585 3785 3640 3838; x_wconf 86' lang='lat' dir='ltr'><strong>in</strong></span> <span class='ocrx_word' id='word_1_647' title='bbox 3668 3784 3851 3839; x_wconf 59' lang='lat' dir='ltr'><strong>Corbio</strong></span> 
     </span>
    </p>
   </div>
   <div class='ocr_carea' id='block_1_98' title="bbox 2255 3860 3853 3947">
    <p class='ocr_par' dir='ltr' id='par_1_98' title="bbox 2255 3860 3853 3947">
     <span class='ocr_line' id='line_1_98' title="bbox 2255 3860 3853 3947; baseline 0.014 -35"><span class='ocrx_word' id='word_1_648' title='bbox 2255 3860 2404 3914; x_wconf 87' lang='lat' dir='ltr'><strong>thum</strong></span> <span class='ocrx_word' id='word_1_649' title='bbox 2471 3864 2814 3934; x_wconf 86' lang='lat' dir='ltr'><strong>metropoliiu</strong></span> <span class='ocrx_word' id='word_1_650' title='bbox 2867 3866 3122 3925; x_wconf 85' lang='lat' dir='ltr'><strong>defuncto</strong></span> <span class='ocrx_word' id='word_1_651' title='bbox 3176 3884 3296 3939; x_wconf 72' lang='lat' dir='ltr'><strong>ejus</strong></span> <span class='ocrx_word' id='word_1_652' title='bbox 3350 3876 3650 3947; x_wconf 83' lang='lat' dir='ltr'><strong>episcopo,</strong></span> <span class='ocrx_word' id='word_1_653' title='bbox 3698 3879 3853 3947; x_wconf 71' lang='lat' dir='ltr'><strong>eiq-c</strong></span> 
     </span>
    </p>
   </div>
   <div class='ocr_carea' id='block_1_99' title="bbox 2250 3948 3851 4035">
    <p class='ocr_par' dir='ltr' id='par_1_99' title="bbox 2250 3948 3851 4035">
     <span class='ocr_line' id='line_1_99' title="bbox 2250 3948 3851 4035; baseline 0.011 -31"><span class='ocrx_word' id='word_1_654' title='bbox 2250 3948 2422 4005; x_wconf 84' lang='lat' dir='ltr'><strong>donec</strong></span> <span class='ocrx_word' id='word_1_655' title='bbox 2473 3951 2676 4006; x_wconf 81' lang='lat' dir='ltr'><strong>advixit</strong></span> <span class='ocrx_word' id='word_1_656' title='bbox 2724 3952 2981 4010; x_wconf 70' lang='lat' dir='ltr'><strong>Ecclesiae</strong></span> <span class='ocrx_word' id='word_1_657' title='bbox 3040 3957 3276 4027; x_wconf 69' lang='lat' dir='ltr'><strong>praefuit.</strong></span> <span class='ocrx_word' id='word_1_658' title='bbox 3342 3962 3622 4020; x_wconf 78' lang='lat' dir='ltr'><strong>Eusebius</strong></span> <span class='ocrx_word' id='word_1_659' title='bbox 3673 3968 3851 4035; x_wconf 76' lang='lat' dir='ltr'><strong>itaque</strong></span> 
     </span>
    </p>
   </div>
   <div class='ocr_carea' id='block_1_100' title="bbox 2248 4037 3849 4123">
    <p class='ocr_par' dir='ltr' id='par_1_100' title="bbox 2248 4037 3849 4123">
     <span class='ocr_line' id='line_1_100' title="bbox 2248 4037 3849 4123; baseline 0.012 -30"><span class='ocrx_word' id='word_1_660' title='bbox 2248 4037 2535 4112; x_wconf 88' lang='lat' dir='ltr'><strong>Pamphili,</strong></span> <span class='ocrx_word' id='word_1_661' title='bbox 2561 4044 2612 4097; x_wconf 86' lang='lat' dir='ltr'><strong>in</strong></span> <span class='ocrx_word' id='word_1_662' title='bbox 2645 4055 2799 4100; x_wconf 79' lang='lat' dir='ltr'><strong>sexto</strong></span> <span class='ocrx_word' id='word_1_663' title='bbox 2825 4046 3211 4105; x_wconf 73' lang='lat' dir='ltr'><strong>ecclesiastica:</strong></span> <span class='ocrx_word' id='word_1_664' title='bbox 3251 4052 3502 4109; x_wconf 62' lang='lat' dir='ltr'><strong>historiae</strong></span> <span class='ocrx_word' id='word_1_665' title='bbox 3537 4056 3699 4123; x_wconf 72' lang='lat' dir='ltr'><strong>libro,</strong></span> <span class='ocrx_word' id='word_1_666' title='bbox 3730 4059 3849 4112; x_wconf 71' lang='lat' dir='ltr'><strong>Ale-</strong></span> 
     </span>
    </p>
   </div>
   <div class='ocr_carea' id='block_1_101' title="bbox 2248 4134 3849 4218">
    <p class='ocr_par' dir='ltr' id='par_1_101' title="bbox 2248 4134 3849 4218">
     <span class='ocr_line' id='line_1_101' title="bbox 2248 4134 3849 4218; baseline 0.013 -34"><span class='ocrx_word' id='word_1_667' title='bbox 2248 4134 2514 4186; x_wconf 78' lang='lat' dir='ltr'><strong>xandrum</strong></span> <span class='ocrx_word' id='word_1_668' title='bbox 2557 4135 2717 4188; x_wconf 90' lang='lat' dir='ltr'><strong>unius</strong></span> <span class='ocrx_word' id='word_1_669' title='bbox 2759 4137 3111 4207; x_wconf 75' lang='lat' dir='ltr'><strong>Cappadocia:</strong></span> <span class='ocrx_word' id='word_1_670' title='bbox 3148 4142 3391 4198; x_wconf 86' lang='lat' dir='ltr'><strong>civitatis</strong></span> <span class='ocrx_word' id='word_1_671' title='bbox 3417 4146 3734 4218; x_wconf 84' lang='lat' dir='ltr'><strong>episcopum</strong></span> <span class='ocrx_word' id='word_1_672' title='bbox 3764 4165 3849 4204; x_wconf 72' lang='lat' dir='ltr'><strong>re-</strong></span> 
     </span>
    </p>
   </div>
   <div class='ocr_carea' id='block_1_102' title="bbox 2246 4220 3850 4313">
    <p class='ocr_par' dir='ltr' id='par_1_102' title="bbox 2246 4220 3850 4313">
     <span class='ocr_line' id='line_1_102' title="bbox 2246 4220 3850 4313; baseline 0.015 -38"><span class='ocrx_word' id='word_1_673' title='bbox 2246 4220 2384 4291; x_wconf 87' lang='lat' dir='ltr'><strong>fert;</strong></span> <span class='ocrx_word' id='word_1_674' title='bbox 2422 4226 2545 4294; x_wconf 89' lang='lat' dir='ltr'><strong>quia</strong></span> <span class='ocrx_word' id='word_1_675' title='bbox 2587 4242 2709 4282; x_wconf 89' lang='lat' dir='ltr'><strong>cum</strong></span> <span class='ocrx_word' id='word_1_676' title='bbox 2755 4231 2992 4286; x_wconf 87' lang='lat' dir='ltr'><strong>venisset</strong></span> <span class='ocrx_word' id='word_1_677' title='bbox 3032 4247 3197 4288; x_wconf 88' lang='lat' dir='ltr'><strong>causa</strong></span> <span class='ocrx_word' id='word_1_678' title='bbox 3230 4238 3502 4293; x_wconf 87' lang='lat' dir='ltr'><strong>orationis</strong></span> <span class='ocrx_word' id='word_1_679' title='bbox 3533 4239 3850 4313; x_wconf 54' lang='lat' dir='ltr'><strong>Hierosoiy</strong></span> 
     </span>
    </p>
   </div>
   <div class='ocr_carea' id='block_1_103' title="bbox 2245 4319 3849 4392">
    <p class='ocr_par' dir='ltr' id='par_1_103' title="bbox 2245 4319 3849 4392">
     <span class='ocr_line' id='line_1_103' title="bbox 2245 4319 3849 4392; baseline 0.012 -22"><span class='ocrx_word' id='word_1_680' title='bbox 2245 4330 2410 4383; x_wconf 87' lang='lat' dir='ltr'><strong>mam,</strong></span> <span class='ocrx_word' id='word_1_681' title='bbox 2452 4327 2629 4373; x_wconf 88' lang='lat' dir='ltr'><strong>tentus</strong></span> <span class='ocrx_word' id='word_1_682' title='bbox 2659 4319 2729 4373; x_wconf 90' lang='lat' dir='ltr'><strong>sit</strong></span> <span class='ocrx_word' id='word_1_683' title='bbox 2757 4320 2822 4375; x_wconf 87' lang='lat' dir='ltr'><strong>ab</strong></span> <span class='ocrx_word' id='word_1_684' title='bbox 2852 4321 2966 4392; x_wconf 83' lang='lat' dir='ltr'><strong>ejus</strong></span> <span class='ocrx_word' id='word_1_685' title='bbox 2993 4323 3224 4391; x_wconf 87' lang='lat' dir='ltr'><strong>civibus,</strong></span> <span class='ocrx_word' id='word_1_686' title='bbox 3268 4336 3327 4381; x_wconf 88' lang='lat' dir='ltr'><strong>et</strong></span> <span class='ocrx_word' id='word_1_687' title='bbox 3382 4329 3437 4382; x_wconf 91' lang='lat' dir='ltr'><strong>in</strong></span> <span class='ocrx_word' id='word_1_688' title='bbox 3488 4329 3668 4386; x_wconf 65' lang='lat' dir='ltr'><strong>locum</strong></span> <span class='ocrx_word' id='word_1_689' title='bbox 3713 4334 3849 4388; x_wconf 65' lang='lat' dir='ltr'><strong>Nar-</strong></span> 
     </span>
    </p>
   </div>
   <div class='ocr_carea' id='block_1_104' title="bbox 2242 4409 3847 4482">
    <p class='ocr_par' dir='ltr' id='par_1_104' title="bbox 2242 4409 3847 4482">
     <span class='ocr_line' id='line_1_104' title="bbox 2242 4409 3847 4482; baseline 0.011 -19"><span class='ocrx_word' id='word_1_690' title='bbox 2242 4409 2370 4464; x_wconf 90' lang='lat' dir='ltr'><strong>cissi</strong></span> <span class='ocrx_word' id='word_1_691' title='bbox 2402 4409 2638 4480; x_wconf 88' lang='lat' dir='ltr'><strong>episcopi</strong></span> <span class='ocrx_word' id='word_1_692' title='bbox 2664 4414 3010 4482; x_wconf 89' lang='lat' dir='ltr'><strong>constitutus,</strong></span> <span class='ocrx_word' id='word_1_693' title='bbox 3036 4427 3089 4471; x_wconf 88' lang='lat' dir='ltr'><strong>et</strong></span> <span class='ocrx_word' id='word_1_694' title='bbox 3109 4416 3177 4472; x_wconf 85' lang='lat' dir='ltr'><strong>de</strong></span> <span class='ocrx_word' id='word_1_695' title='bbox 3196 4428 3402 4476; x_wconf 65' lang='lat' dir='ltr'><strong>caatero</strong></span> <span class='ocrx_word' id='word_1_696' title='bbox 3431 4424 3584 4478; x_wconf 89' lang='lat' dir='ltr'><strong>omni</strong></span> <span class='ocrx_word' id='word_1_697' title='bbox 3615 4425 3723 4480; x_wconf 78' lang='lat' dir='ltr'><strong>vita</strong></span> <span class='ocrx_word' id='word_1_698' title='bbox 3752 4442 3847 4481; x_wconf 68' lang='lat' dir='ltr'><strong>sua</strong></span> 
     </span>
    </p>
   </div>
   <div class='ocr_carea' id='block_1_105' title="bbox 2243 4499 3845 4591">
    <p class='ocr_par' dir='ltr' id='par_1_105' title="bbox 2243 4499 3845 4591">
     <span class='ocr_line' id='line_1_105' title="bbox 2243 4499 3845 4591; baseline 0.014 -37"><span class='ocrx_word' id='word_1_699' title='bbox 2243 4499 2342 4570; x_wconf 90' lang='lat' dir='ltr'><strong>ipsi</strong></span> <span class='ocrx_word' id='word_1_700' title='bbox 2374 4500 2625 4558; x_wconf 73' lang='lat' dir='ltr'><strong>Ecclesia:</strong></span> <span class='ocrx_word' id='word_1_701' title='bbox 2650 4507 3008 4575; x_wconf 73' lang='lat' dir='ltr'><strong>prtesedisset.</strong></span> <span class='ocrx_word' id='word_1_702' title='bbox 3058 4508 3369 4570; x_wconf 84' lang='lat' dir='ltr'><strong>Germanus</strong></span> <span class='ocrx_word' id='word_1_703' title='bbox 3399 4520 3845 4591; x_wconf 68' lang='lat' dir='ltr'><strong>archiepiscopus</strong></span> 
     </span>
    </p>
   </div>
   <div class='ocr_carea' id='block_1_106' title="bbox 2169 4578 3835 4684">
    <p class='ocr_par' dir='ltr' id='par_1_106' title="bbox 2169 4578 3835 4684">
     <span class='ocr_line' id='line_1_106' title="bbox 2169 4578 3835 4684; baseline 0.012 -35"><span class='ocrx_word' id='word_1_704' title='bbox 2169 4578 2211 4634; x_wconf 74' lang='grc' dir='ltr'><strong>ί)</strong></span> <span class='ocrx_word' id='word_1_705' title='bbox 2239 4595 2308 4650; x_wconf 90' lang='lat' dir='ltr'><strong>de</strong></span> <span class='ocrx_word' id='word_1_706' title='bbox 2333 4596 2612 4667; x_wconf 88' lang='lat' dir='ltr'><strong>metropoli</strong></span> <span class='ocrx_word' id='word_1_707' title='bbox 2641 4597 2836 4671; x_wconf 83' lang='lat' dir='ltr'><strong>Cyzico</strong></span> <span class='ocrx_word' id='word_1_708' title='bbox 2864 4600 3155 4658; x_wconf 86' lang='lat' dir='ltr'><strong>translatus</strong></span> <span class='ocrx_word' id='word_1_709' title='bbox 3180 4618 3266 4662; x_wconf 90' lang='lat' dir='ltr'><strong>est</strong></span> <span class='ocrx_word' id='word_1_710' title='bbox 3292 4578 3835 4684; x_wconf 44' lang='lat' dir='ltr'><strong>Constantii-nuptias»,</strong></span> 
     </span>
    </p>
   </div>
   <div class='ocr_carea' id='block_1_107' title="bbox 2241 4686 3844 4766">
    <p class='ocr_par' dir='ltr' id='par_1_107' title="bbox 2241 4686 3844 4766">
     <span class='ocr_line' id='line_1_107' title="bbox 2241 4686 3844 4766; baseline 0.015 -27"><span class='ocrx_word' id='word_1_711' title='bbox 2241 4686 2297 4740; x_wconf 91' lang='lat' dir='ltr'><strong>in</strong></span> <span class='ocrx_word' id='word_1_712' title='bbox 2335 4702 2441 4757; x_wconf 89' lang='lat' dir='ltr'><strong>qua</strong></span> <span class='ocrx_word' id='word_1_713' title='bbox 2488 4689 2841 4746; x_wconf 87' lang='lat' dir='ltr'><strong>translatione</strong></span> <span class='ocrx_word' id='word_1_714' title='bbox 2880 4696 3166 4766; x_wconf 77' lang='lat' dir='ltr'><strong>presbyter</strong></span> <span class='ocrx_word' id='word_1_715' title='bbox 3201 4710 3408 4754; x_wconf 71' lang='lat' dir='ltr'><strong>sanctae</strong></span> <span class='ocrx_word' id='word_1_716' title='bbox 3444 4700 3713 4761; x_wconf 66' lang='lat' dir='ltr'><strong>Romana</strong></span> <span class='ocrx_word' id='word_1_717' title='bbox 3738 4704 3789 4760; x_wconf 79' lang='grc' dir='ltr'>Ε</span> <span class='ocrx_word' id='word_1_718' title='bbox 3814 4734 3844 4747; x_wconf 73' lang='grc' dir='ltr'><strong><em>ο</em></strong></span> 
     </span>
    </p>
   </div>
   <div class='ocr_carea' id='block_1_108' title="bbox 2240 4779 3837 4858">
    <p class='ocr_par' dir='ltr' id='par_1_108' title="bbox 2240 4779 3837 4858">
     <span class='ocr_line' id='line_1_108' title="bbox 2240 4779 3837 4858; baseline 0.01 -24"><span class='ocrx_word' id='word_1_719' title='bbox 2240 4779 2420 4835; x_wconf 73' lang='lat' dir='ltr'><strong>etesiae</strong></span> <span class='ocrx_word' id='word_1_720' title='bbox 2452 4782 2837 4850; x_wconf 82' lang='lat' dir='ltr'><strong>apocrisiarius</strong></span> <span class='ocrx_word' id='word_1_721' title='bbox 2894 4787 3112 4842; x_wconf 88' lang='lat' dir='ltr'><strong>nomine</strong></span> <span class='ocrx_word' id='word_1_722' title='bbox 3159 4788 3396 4847; x_wconf 81' lang='lat' dir='ltr'><strong>Michael</strong></span> <span class='ocrx_word' id='word_1_723' title='bbox 3425 4833 3442 4858; x_wconf 92' lang='lat'><strong>,</strong></span> <span class='ocrx_word' id='word_1_724' title='bbox 3501 4795 3666 4853; x_wconf 80' lang='lat' dir='ltr'><strong>talem</strong></span> <span class='ocrx_word' id='word_1_725' title='bbox 3712 4797 3837 4853; x_wconf 70' lang='lat' dir='ltr'><strong>fecit</strong></span> 
     </span>
    </p>
   </div>
   <div class='ocr_carea' id='block_1_109' title="bbox 2237 4875 3834 4963">
    <p class='ocr_par' dir='ltr' id='par_1_109' title="bbox 2237 4875 3834 4963">
     <span class='ocr_line' id='line_1_109' title="bbox 2237 4875 3834 4963; baseline 0.013 -38"><span class='ocrx_word' id='word_1_726' title='bbox 2237 4885 2562 4928; x_wconf 88' lang='lat' dir='ltr'><strong>sermonem.</strong></span> <span class='ocrx_word' id='word_1_727' title='bbox 2608 4875 2794 4929; x_wconf 86' lang='lat' dir='ltr'><strong>Divina</strong></span> <span class='ocrx_word' id='word_1_728' title='bbox 2814 4877 2956 4931; x_wconf 89' lang='lat' dir='ltr'><strong>enim</strong></span> <span class='ocrx_word' id='word_1_729' title='bbox 2986 4880 3164 4950; x_wconf 74' lang='lat' dir='ltr'><strong>gratia</strong></span> <span class='ocrx_word' id='word_1_730' title='bbox 3185 4897 3307 4952; x_wconf 73' lang='lat' dir='ltr'><strong>qua:</strong></span> <span class='ocrx_word' id='word_1_731' title='bbox 3341 4885 3603 4963; x_wconf 69' lang='lat' dir='ltr'><strong>dignatur</strong></span> <span class='ocrx_word' id='word_1_732' title='bbox 3628 4891 3834 4946; x_wconf 69' lang='lat' dir='ltr'><strong>inﬁrm</strong></span> 
     </span>
    </p>
   </div>
   <div class='ocr_carea' id='block_1_110' title="bbox 2237 4962 3836 5053">
    <p class='ocr_par' dir='ltr' id='par_1_110' title="bbox 2237 4962 3836 5053">
     <span class='ocr_line' id='line_1_110' title="bbox 2237 4962 3836 5053; baseline 0.011 -34"><span class='ocrx_word' id='word_1_733' title='bbox 2237 4962 2460 5036; x_wconf 73' lang='lat' dir='ltr'><strong>eligere,</strong></span> <span class='ocrx_word' id='word_1_734' title='bbox 2491 4977 2547 5021; x_wconf 90' lang='lat' dir='ltr'><strong>et</strong></span> <span class='ocrx_word' id='word_1_735' title='bbox 2582 4966 2903 5041; x_wconf 89' lang='lat' dir='ltr'><strong>incompleta</strong></span> <span class='ocrx_word' id='word_1_736' title='bbox 2930 4974 3224 5043; x_wconf 85' lang='lat' dir='ltr'><strong>complere,</strong></span> <span class='ocrx_word' id='word_1_737' title='bbox 3246 4962 3541 5053; x_wconf 80' lang='lat' dir='ltr'><strong>transtulit</strong></span> <span class='ocrx_word' id='word_1_738' title='bbox 3586 4993 3652 5038; x_wconf 81' lang='lat' dir='ltr'><strong>et</strong></span> <span class='ocrx_word' id='word_1_739' title='bbox 3696 4985 3836 5038; x_wconf 74' lang='lat' dir='ltr'><strong>unli-</strong></span> 
     </span>
    </p>
   </div>
   <div class='ocr_carea' id='block_1_111' title="bbox 2236 5054 3835 5130">
    <p class='ocr_par' dir='ltr' id='par_1_111' title="bbox 2236 5054 3835 5130">
     <span class='ocr_line' id='line_1_111' title="bbox 2236 5054 3835 5130; baseline 0.016 -23"><span class='ocrx_word' id='word_1_740' title='bbox 2236 5054 2386 5109; x_wconf 87' lang='lat' dir='ltr'><strong>navit</strong></span> <span class='ocrx_word' id='word_1_741' title='bbox 2411 5056 2466 5110; x_wconf 92' lang='lat' dir='ltr'><strong>in</strong></span> <span class='ocrx_word' id='word_1_742' title='bbox 2501 5060 2924 5116; x_wconf 87' lang='lat' dir='ltr'><strong>sacratissimam</strong></span> <span class='ocrx_word' id='word_1_743' title='bbox 2961 5064 3141 5119; x_wconf 84' lang='lat' dir='ltr'><strong>sedem</strong></span> <span class='ocrx_word' id='word_1_744' title='bbox 3171 5082 3203 5119; x_wconf 88' lang='lat' dir='ltr'><strong>a</strong></span> <span class='ocrx_word' id='word_1_745' title='bbox 3232 5066 3345 5123; x_wconf 86' lang='lat' dir='ltr'><strong>Deo</strong></span> <span class='ocrx_word' id='word_1_746' title='bbox 3381 5085 3721 5130; x_wconf 60' lang='lat' dir='ltr'><strong>conservat;</strong></span> <span class='ocrx_word' id='word_1_747' title='bbox 3755 5076 3835 5130; x_wconf 59' lang='lat' dir='ltr'><strong>ei»</strong></span> 
     </span>
    </p>
   </div>
   <div class='ocr_carea' id='block_1_112' title="bbox 2236 5147 3835 5229">
    <p class='ocr_par' dir='ltr' id='par_1_112' title="bbox 2236 5147 3835 5229">
     <span class='ocr_line' id='line_1_112' title="bbox 2236 5147 3835 5229; baseline 0.014 -29"><span class='ocrx_word' id='word_1_748' title='bbox 2236 5147 2417 5203; x_wconf 89' lang='lat' dir='ltr'><strong>vitatis</strong></span> <span class='ocrx_word' id='word_1_749' title='bbox 2466 5147 3072 5224; x_wconf 66' lang='lat' dir='ltr'><strong>Constantinopolitaum</strong></span> <span class='ocrx_word' id='word_1_750' title='bbox 3115 5170 3447 5229; x_wconf 66' lang='lat' dir='ltr'><strong>praesentem</strong></span> <span class='ocrx_word' id='word_1_751' title='bbox 3500 5164 3835 5221; x_wconf 70' lang='lat' dir='ltr'><strong>Genium</strong></span> 
     </span>
    </p>
   </div>
   <div class='ocr_carea' id='block_1_113' title="bbox 2233 5234 3835 5329">
    <p class='ocr_par' dir='ltr' id='par_1_113' title="bbox 2233 5234 3835 5329">
     <span class='ocr_line' id='line_1_113' title="bbox 2233 5234 3835 5329; baseline 0.013 -35"><span class='ocrx_word' id='word_1_752' title='bbox 2233 5240 2632 5297; x_wconf 89' lang='lat' dir='ltr'><strong>sanctissimum</strong></span> <span class='ocrx_word' id='word_1_753' title='bbox 2672 5246 3155 5318; x_wconf 90' lang='lat' dir='ltr'><strong>archiepiscopum.</strong></span> <span class='ocrx_word' id='word_1_754' title='bbox 3198 5234 3469 5311; x_wconf 77' lang='lat' dir='ltr'><strong>Aitardus</strong></span> <span class='ocrx_word' id='word_1_755' title='bbox 3511 5272 3726 5329; x_wconf 76' lang='lat' dir='ltr'><strong>quoque</strong></span> <span class='ocrx_word' id='word_1_756' title='bbox 3760 5261 3835 5313; x_wconf 75' lang='lat' dir='ltr'><strong>de</strong></span> 
     </span>
    </p>
   </div>
   <div class='ocr_carea' id='block_1_114' title="bbox 2208 5329 3836 5407">
    <p class='ocr_par' dir='ltr' id='par_1_114' title="bbox 2208 5329 3836 5407">
     <span class='ocr_line' id='line_1_114' title="bbox 2208 5329 3836 5407; baseline 0.015 -25"><span class='ocrx_word' id='word_1_757' title='bbox 2208 5329 2621 5389; x_wconf 41' lang='lat' dir='ltr'><strong>‘Terraconensi</strong></span> <span class='ocrx_word' id='word_1_758' title='bbox 2660 5335 2973 5407; x_wconf 87' lang='lat' dir='ltr'><strong>episcopatu</strong></span> <span class='ocrx_word' id='word_1_759' title='bbox 3002 5340 3403 5400; x_wconf 78' lang='lat' dir='ltr'><strong>inthronizatus</strong></span> <span class='ocrx_word' id='word_1_760' title='bbox 3447 5355 3538 5403; x_wconf 80' lang='lat' dir='ltr'><strong>est</strong></span> <span class='ocrx_word' id='word_1_761' title='bbox 3572 5351 3631 5404; x_wconf 83' lang='lat' dir='ltr'><strong>in</strong></span> <span class='ocrx_word' id='word_1_762' title='bbox 3662 5348 3836 5405; x_wconf 74' lang='lat' dir='ltr'><strong>Turo-</strong></span> 
     </span>
    </p>
   </div>
   <div class='ocr_carea' id='block_1_115' title="bbox 2234 5425 3827 5507">
    <p class='ocr_par' dir='ltr' id='par_1_115' title="bbox 2234 5425 3827 5507">
     <span class='ocr_line' id='line_1_115' title="bbox 2234 5425 3827 5507; baseline 0.016 -31"><span class='ocrx_word' id='word_1_763' title='bbox 2234 5425 2385 5480; x_wconf 89' lang='lat' dir='ltr'><strong>nensi</strong></span> <span class='ocrx_word' id='word_1_764' title='bbox 2428 5428 2915 5500; x_wconf 87' lang='lat' dir='ltr'><strong>archiepiscopatu,</strong></span> <span class='ocrx_word' id='word_1_765' title='bbox 2944 5431 3109 5489; x_wconf 81' lang='lat' dir='ltr'><strong>dante</strong></span> <span class='ocrx_word' id='word_1_766' title='bbox 3151 5435 3491 5506; x_wconf 86' lang='lat' dir='ltr'><strong>imperatore</strong></span> <span class='ocrx_word' id='word_1_767' title='bbox 3523 5442 3716 5499; x_wconf 68' lang='lat' dir='ltr'><strong>Camb</strong></span> <span class='ocrx_word' id='word_1_768' title='bbox 3760 5444 3827 5507; x_wconf 79' lang='grc' dir='ltr'><strong>ιι.</strong></span> 
     </span>
    </p>
   </div>
   <div class='ocr_carea' id='block_1_116' title="bbox 2231 5517 3271 5590">
    <p class='ocr_par' dir='ltr' id='par_1_116' title="bbox 2231 5517 3271 5590">
     <span class='ocr_line' id='line_1_116' title="bbox 2231 5517 3271 5590; baseline 0.011 -22"><span class='ocrx_word' id='word_1_769' title='bbox 2231 5521 2285 5568; x_wconf 85' lang='lat' dir='ltr'><strong>et</strong></span> <span class='ocrx_word' id='word_1_770' title='bbox 2333 5517 2702 5571; x_wconf 88' lang='lat' dir='ltr'><strong>consentiente</strong></span> <span class='ocrx_word' id='word_1_771' title='bbox 2752 5532 2889 5590; x_wconf 83' lang='lat' dir='ltr'><strong>papa</strong></span> <span class='ocrx_word' id='word_1_772' title='bbox 2929 5517 3165 5578; x_wconf 84' lang='lat' dir='ltr'><strong>Adriano</strong></span> <span class='ocrx_word' id='word_1_773' title='bbox 3206 5522 3271 5579; x_wconf 86' lang='lat' dir='ltr'><strong>ﬂ.</strong></span> 
     </span>
    </p>
   </div>
   <div class='ocr_carea' id='block_1_117' title="bbox 2234 5628 3923 5735">
    <p class='ocr_par' dir='ltr' id='par_1_117' title="bbox 2234 5628 3923 5735">
     <span class='ocr_line' id='line_1_117' title="bbox 2234 5628 3923 5735; baseline 0.033 -54"><span class='ocrx_word' id='word_1_774' title='bbox 2234 5630 2364 5684; x_wconf 69' lang='lat' dir='ltr'><strong>Cm.</strong></span> <span class='ocrx_word' id='word_1_775' title='bbox 2424 5630 2705 5690; x_wconf 64' lang='grc' dir='ltr'><strong>χχιιι-</strong></span> <span class='ocrx_word' id='word_1_776' title='bbox 2744 5632 2900 5700; x_wconf 75' lang='lat' dir='ltr'><strong>Quod</strong></span> <span class='ocrx_word' id='word_1_777' title='bbox 2932 5628 3091 5700; x_wconf 66' lang='lat' dir='ltr'><strong>Ostiis</strong></span> <span class='ocrx_word' id='word_1_778' title='bbox 3133 5660 3239 5698; x_wconf 66' lang='lat' dir='ltr'><strong>non</strong></span> <span class='ocrx_word' id='word_1_779' title='bbox 3908 5722 3923 5735; x_wconf 88' lang='lat'><strong>.</strong></span> 
     </span>
    </p>
   </div>
  </div>
