3948 5406
110 313 256 370 £093

768 315 1021 391 AUXlLll
1059 319 1153 374 DE’
1182 321 1413 376 ORDlN.
1451 324 1490 376 Α
1528 318 1856 379 FORMOSO
1892 325 1995 381 PP.
2039 330 2285 390 FACTIS
2323 338 2501 417 “Olli
2541 341 2699 398 DUO.

3232 351 3360 409 W91

104 432 197 486 vel
243 433 614 495 ambitionem,
659 443 716 488 et
759 445 820 490 ut
858 438 1275 495 dominationem
1319 449 1460 511 agat.
1512 438 1694 494 sedem
1723 440 1768 499 Α
1800 456 1990 512 scapus
2018 446 2069 501 in
2094 449 2250 518 cuius
2272 456 2522 523 parrochia
2554 467 2634 514 est
2662 458 2729 514 de
2748 461 2834 517 bis
2861 461 2953 532 qui
2980 478 3139 536 supra
3171 466 3368 529 fuerint

105 523 428 586 mutaverit,
456 538 524 577 ne
552 522 744 599 lajcam
773 526 1202 581 communionem
1231 528 1444 582 habeat.
1489 527 1694 582 Deinde

105 612 161 666 in
222 612 465 682 sequenti
504 613 767 682 capitulo,
800 616 1008 671 etiamsi
1051 618 1174 673 talis
1209 620 1475 674 exstiterit
1504 628 1561 673 ut
1596 634 1694 689 per

100 698 350 761 frandes,
375 708 431 754 et
456 702 714 768 quosdam
747 704 965 771 praemio
1012 713 1066 759 et
1107 707 1353 762 mercede
1385 717 1687 777 corruptos,

101 788 514 851 excusationem
540 788 793 855 aﬂ'erens,
832 800 889 843 ut
923 793 1072 862 quasi
1116 808 1238 848 eum
1288 794 1466 864 populi
1508 805 1691 864 petere

100 878 416 939 videantur.
444 896 543 934 nec
564 880 755 935 laicam
781 882 833 935 in
856 881 961 935 fine
982 884 1413 938 communionem
1436 888 1685 955 accipiat.

108 967 240 1021 Uir.
277 966 428 1033 Quod
459 966 617 1023 Osius
645 969 925 1023 avaritiam
956 980 1010 1025 et
1041 971 1409 1037 ambitionem,
1445 975 1687 1030 domina-

107 1056 312 1111 tionem
364 1068 417 1111 et
474 1056 695 1113 fraudes
739 1060 1040 1128 prohibuit,
1092 1061 1322 1117 libenter
1369 1066 1683 1135 amplector.

92 1149 262 1216 ‘Quod
314 1164 493 1206 autem
535 1152 809 1220 subjunxit
838 1169 853 1206 :
888 1172 908 1205 ι
946 1153 1056 1209 Nec
1099 1154 1288 1209 laicam
1321 1155 1372 1209 in
1405 1157 1509 1210 line
1538 1172 1689 1211 com-

102 1242 418 1296 munionem
438 1261 457 1292 ι
479 1244 729 1311 accipiat,
752 1259 854 1297 non
876 1243 1132 1313 suscipio,
1165 1245 1422 1312 quoniam
1461 1260 1566 1299 non
1597 1261 1686 1299 ca-
1712 1232 1721 1241 ’

98 1332 365 1387 tholicum
409 1335 503 1390 sed
545 1337 826 1390 cntharum
859 1345 1034 1390 sonat.
1093 1336 1396 1391 Praesertim
1426 1353 1546 1391 cum
1578 1338 1683 1392 Do-

103 1423 285 1477 minus
315 1439 412 1493 per
436 1426 750 1494 prophetam
787 1426 982 1480 clamet
1011 1444 1024 1480 :
1056 1445 1073 1476 ι
1110 1426 1240 1481 Nolo
1288 1436 1515 1481 mortem
1564 1444 1685 1496 pec-

98 1516 326 1578 caloris,
359 1517 452 1570 sed
497 1526 553 1571 ut
574 1526 917 1574 convertatur
938 1527 993 1571 et
1020 1519 1163 1572 vivat
1183 1506 1396 1587 (Ezeclt.
1422 1518 1635 1588 χχχιιι).
1659 1539 1678 1573 ι

103 1607 167 1660 Et
212 1608 270 1661 in
307 1607 636 1679 Evangelia:
699 1630 716 1659 ι
742 1609 1009 1665 Gaudium
1045 1619 1128 1664 est
1150 1611 1182 1681 ,ξ
1226 1611 1433 1679 inquit,
1499 1627 1683 1667 coram

100 1699 310 1767 angelis
375 1697 467 1754 Dei
544 1715 704 1770 super
778 1716 885 1755 uno
957 1713 1238 1771 peccatore
1276 1701 1680 1772 'peenitentiam

1798 532 2047 590 solertins
2070 538 2236 594 tollat.

1794 639 1920 727 Con.
2166 681 2235 690 —
2275 650 2344 727 _Ut
2387 655 2575 724 absque
2618 662 2940 727 necessitate,
2977 664 3053 718 vel
3080 668 3231 721 τινας
3257 671 3354 725 exi-

1862 717 2338 796 stentibuscansis,
2358 717 2629 793 episcopus
2655 731 2720 781 de
2753 732 2873 785 sede
2898 717 2969 787 ad
2999 717 3366 796 sedém'

1861 788 1938 834 ire
1962 801 2064 839 non
2094 788 2296 843 debeat.

1859 890 1969 948 lsr.
2006 892 2123 949 1am
2156 912 2284 952 vero
2320 902 2447 970 quid
2478 905 2544 959 ad
2588 906 2701 962 haec
2737 910 2970 980 obiicere
2994 916 3236 984 poteris?
3270 918 3363 974 Ni-

1789 996 1934 1076 caeua
1989 985 2250 1053 siquidem
2301 993 2537 1061 synodus
2588 996 2830 1052 deﬁnivit
2869 1002 3054 1057 dicens
3091 1021 3104 1057 :
3138 1004 3366 1076 Propter

1790 1068 2010 1123 multam
2055 1077 2513 1142 perturbationem
2561 1092 2615 1137 et
2655 1089 2994 1146 seductiones
3038 1108 3157 1161 quae
3204 1068 3360 1164 flant,

1788 1157 1987 1226 placuit
2029 1170 2472 1225 consuetudinem
2529 1175 2852 1233 omnimodis
2903 1157 3199 1252 amputari,
3243 1157 3362 1257 qute

1788 1260 1983 1317 praeter
2010 1254 2246 1322 regulam
2278 1257 2329 1310 in
2358 1260 2676 1328 quibusdam
2704 1268 2947 1335 partibus
2988 1274 3234 1328 videatur
3261 1254 3361 1331 ad-

1788 1334 1970 1403 missa,
2000 1349 2057 1392 ut
2076 1340 2142 1395 de
2167 1343 2385 1400 civitate
2405 1351 2470 1401 ad
2494 1334 2767 1408 civitatem
2792 1372 2896 1411 non
2923 1360 3227 1431 cpiscopus,
3253 1380 3358 1422 non

1786 1428 2084 1516 presbyter,
2102 1448 2205 1487 non
2235 1436 2492 1493 diaconus
2522 1443 2897 1501 transferatur.
2917 1428 3127 1516 Quodsi
3159 1454 3358 1511 factum

1786 1514 1966 1581 fuerit,
1990 1534 2211 1587 prorsus
2243 1524 2456 1582 irritum
2487 1532 2737 1599 ducatur,
2762 1547 2815 1590 et
2836 1514 3151 1596 restituatur
3176 1543 3359 1602 Eccle-

1784 1604 1877 1659 sia:
1902 1609 1985 1662 cui
2030 1608 2131 1664 fuit
2169 1614 2455 1686 episcopus
2475 1659 2490 1685 ,
2516 1631 2611 1674 aut
2632 1624 2943 1696 presbyter,
2981 1640 3072 1684 aut
3100 1633 3357 1691 diaconus

1783 1697 2080 1754 ordinatus.
2111 1702 2237 1758 Der.
2268 1704 2399 1761 Tam
2425 1713 2602 1780 magni
2628 1717 2838 1770 concilii
2878 1723 3200 1777 sententiam
3226 1741 3356 1782 mete

97 1799 316 1855 agente,
349 1804 508 1857 quam
567 1805 725 1858 supra
784 1791 1071 1862 nonaginta
1118 1807 1308 1847 novem
1356 1792 1539 1861 justis,
1593 1792 1685 1863 qui
1719 1792 1758 1850 Β
1789 1790 2038 1857 parvitati
2063 1808 2334 1862 exponere
2361 1815 2465 1853 non
2500 1800 2646 1857 licet.
2674 1804 2952 1863 Audenter
2997 1821 3174 1866 tamen
3213 1816 3354 1882 dico,

88 1890 202 1931 non
234 1875 474 1948 indigent
498 1879 826 1948 pauitantia.
856 1899 875 1931 ι
902 1879 1049 1934 Alias
1070 1889 1244 1936 autem
1268 1897 1375 1951 quo
1396 1882 1498 1935 line
1524 1896 1681 1936 suum

86 1979 290 2034 sapere
337 1964 495 2021 Osius
537 1967 882 2034 concluserit,
928 1967 1057 2027 ﬂere
1102 1971 1275 2041 magis
1323 1970 1469 2037 libet,
1516 1986 1678 2044 quam

83 2055 277 2111 verbis
320 2058 643 2126 exprimere.

159 2166 293 2220 Car.
328 2165 518 2224 XXIV.
560 2199 642 2242 -Α
669 2168 744 2242 De
768 2186 828 2225 eo
854 2171 943 2242 qui
964 2171 1120 2242 semel
1148 2172 1201 2226 in
1234 2170 1465 2242 qualibet
1492 2170 1679 2227 Eccle-

597 2240 677 2293 sia
701 2240 874 2294 lector
895 2241 1164 2296 exstiterit.

160 2330 273 2382 lsr.
316 2328 627 2385 Africanum
654 2331 940 2386 concilium
973 2332 1160 2387 statuit
1186 2342 1243 2388 nt
1268 2334 1595 2405 quicumque
1620 2336 1674 2390 in

86 2420 338 2475 Ecclesia
360 2423 523 2476 semel
548 2423 754 2494 legerit,
781 2425 851 2478 ab
871 2424 974 2478 alia
1004 2425 1241 2481 Ecclesia
1267 2428 1334 2481 ad
1364 2426 1673 2482 clericatum

78 2526 198 2566 non
231 2511 569 2567 admittatur.
596 2515 660 2568 Et
683 2515 726 2569 si
751 2516 851 2570 hoc
874 2516 942 2571 de
972 2516 1261 2574 lectoribus
1279 2527 1539 2572 statutum
1568 2526 1671 2584 est,

81 2617 198 2670 quo
228 2612 389 2672 paeto
418 2604 705 2660 Formosus
731 2606 800 2659 ab
837 2608 1125 2677 episcopali
1156 2609 1284 2663 sede
1315 2610 1381 2663 ad
1421 2609 1689 2679 apostoli-_

75 2707 213 2744 eum
251 2692 502 2748 thronum
550 2695 828 2751 transferri
878 2697 1096 2751 debuit?
1136 2699 1264 2753 Der.
1316 2698 1427 2754 Hoc
1470 2700 1671 2754 ctenim

77 2784 234 2852 quod
264 2784 333 2839 de
354 2786 552 2840 lectore
580 2787 844 2857 objecisti,
889 2803 993 2844 non
1040 2790 1443 2862 intelligendum
1471 2801 1577 2857 est,
1614 2801 1669 2849 ut

74 2875 177 2942 qui
210 2874 380 2929 semel
408 2875 458 2929 in
490 2877 728 2946 qualibet
754 2879 992 2935 Ecclesia
1023 2879 1193 2935 lector
1214 2883 1505 2948 exstiterit,
1537 2883 1674 2938 ulte-

76 2967 205 3020 rius
250 2965 358 3035 jam
389 2952 440 3020 in
468 2969 566 3022 alia
598 2968 833 3025 Ei-clesia
885 2971 1189 3029 nullatenus
1229 2976 1294 3029 ad
1325 2975 1529 3031 clerum
1574 2977 1671 3031 ad-

77 3057 230 3110 mitti
257 3058 444 3126 possit.
475 3058 577 3115 Se;l
602 3062 938 3118 manifestius
962 3065 1011 3117 in
1038 3066 1296 3121 Africano
1310 3069 1559 3134 concilio,
1580 3069 1668 3124 ubi

76 3145 385 3216 Epigouius
409 3165 506 3219 pro
546 3165 643 3205 suo
687 3153 964 3224 discipulo,
1000 3157 1266 3227 simulque
1295 3158 1511 3214 alumno
1543 3175 1673 3214 con-
1700 3154 1744 3214 C

70 3238 356 3304 queritur,
384 3241 648 3295 sancitum
672 3253 755 3298 est
784 3255 839 3297 nt
873 3246 1130 3301 clericum
1177 3249 1411 3304 alienum
1432 3291 1447 3315 ,
1494 3250 1672 3306 nullus

72 3327 186 3382 sibi
219 3329 492 3398 praeripiat
512 3333 815 3403 episcopus,
840 3346 1036 3405 pneter
1063 3336 1181 3407 ejus
1202 3341 1487 3395 arbitrium
1517 3343 1672 3411 cujus

72 3416 249 3470 fuerit
303 3416 409 3472 lsr’.
442 3419 766 3478 Cwlcstinus
792 3442 925 3495 papa
955 3428 1021 3481 de
1042 3429 1279 3484 clcxicali
1308 3433 1569 3487 electione
1597 3435 1667 3487 ita

70 3505 357 3576 delegavit
379 3507 559 3565 dicens
586 3529 600 3564 :
627 3512 800 3577 Cleri,
825 3529 889 3568 ac
915 3514 1102 3585 plebis,
1131 3528 1183 3572 et
1206 3520 1413 3575 ordinis
1440 3536 1673 3576 consen-

69 3609 195 3658 sus,
229 3604 285 3648 et
315 3596 636 3654 desiderium
678 3603 1001 3671 requiratur,
1048 3614 1175 3662 tunc
1221 3610 1357 3662 alter
1395 3610 1460 3665 dc
1500 3611 1667 3665 altera

69 3686 398 3753 requiratur
429 3699 484 3742 et
507 3690 736 3761 eligatur
775 3694 1033 3759 Ecclesia,
1062 3698 1105 3752 si
1147 3703 1211 3755 de
1242 3702 1476 3755 civitatis
1502 3702 1668 3772 ipsius

65 3776 322 3843 clericis,
344 3779 429 3834 cui
454 3792 534 3835 est
557 3783 838 3853 episcopus
858 3788 1211 3858 ordinandus,
1256 3794 1429 3848 nullus
1454 3796 1664 3863 dignus.

66 3868 227 3935 quod
241 3870 461 3926 evenire
482 3887 587 3926 non
613 3875 909 3947 credimus,
937 3884 1132 3951 peterit
1157 3870 1400 3953 reperiri.
1426 3883 1665 3938 Primum

65 3960 227 4013 enim
255 3959 328 4014 illi
359 3965 682 4027 reprobandi
719 3983 866 4038 sunt,
898 3984 955 4027 nt
988 3975 1150 4043 aliqui
1177 3976 1241 4029 de
1264 3976 1451 4031 alienis
1481 3976 1667 4032 Eccle-

71 4058 183 4111 snis
230 4060 424 4111 unctito
473 4059 842 4128 praeferantur.
897 4061 1102 4117 llabeat
1141 4064 1509 4134 unusquisque
1556 4081 1666 4121 suae

72 4152 328 4205 fructum
361 4152 562 4207 militia:
590 4154 641 4206 in
674 4153 932 4219 Ecclesia,
972 4156 1023 4209 in
1049 4170 1153 4226 qua
1183 4171 1331 4210 suam
1364 4171 1460 4226 per
1484 4156 1661 4212 omnia

70 4240 263 4293 ollicia
301 4243 558 4311 transegit
587 4254 819 4296 :etatem.
849 4242 905 4296 In
935 4244 1107 4298 aliena
1147 4248 1411 4316 stipendia
1443 4248 1664 4304 minime

72 4332 229 4385 alter
265 4331 511 4400 obrepat,
542 4348 640 4387 nec
662 4333 750 4387 alii
774 4333 1005 4389 debitam
1044 4337 1143 4390 sibi
1177 4338 1313 4392 alter
1333 4340 1526 4393 audeat
1548 4339 1664 4393 vin-

68 4424 273 4476 dicare
303 4423 622 4478 mercedem.
679 4424 806 4478 Der.
847 4426 1146 4482 Istiusmodi
1193 4444 1344 4498 papa:
1384 4428 1659 4483 Ccelestini

73 4515 365 4566 decretum
408 4512 693 4575 laudabile,
728 4514 1038 4586 justumque
1073 4532 1228 4571 nemo
1274 4518 1517 4585 ambigit,
1564 4517 1655 4572 sed

70 4601 381 4671 aliquando
406 4602 600 4656 accidit
627 4612 686 4655 ut
705 4612 850 4657 certa
873 4605 1186 4661 imminente
1215 4606 1552 4669 necessitate,
1580 4605 1661 4658 vel

70 4690 251 4746 certis
275 4691 629 4746 existentibus
659 4694 858 4755 causis,
886 4694 1172 4763 episcopus
1215 4695 1281 4748 de
1319 4696 1447 4749 sede
1475 4694 1539 4748 ad
1574 4709 1659 4748 se-

68 4780 208 4834 dem
234 4779 513 4835 transferri
542 4781 769 4836 licenter
802 4783 990 4852 possit,
1015 4785 1157 4852 quod
1180 4783 1292 4852 jam
1315 4799 1475 4853 supra
1502 4784 1659 4840 latius

67 4868 394 4921 intimatum
442 4879 545 4924 est.
589 4868 848 4924 Similiter
907 4882 1088 4927 autem
1135 4875 1201 4928 ad
1253 4874 1536 4930 clericatus
1575 4873 1659 4929 of-

68 4958 269 5012 licium
310 4972 377 5011 ex
417 4959 517 5014 alia
551 4959 789 5016 Ecclesia
815 4962 1090 5019 transitur.
1117 4964 1267 5030 Quod
1296 4967 1441 5019 adeo
1472 4977 1660 5021 verum

66 5058 162 5102 est
196 5058 257 5101 ut
285 5048 445 5101 etiam
469 5066 605 5120 papa
645 5050 892 5115 Siricius,
935 5054 1216 5122 religiosos
1243 5056 1533 5111 Iitonacbos
1566 5070 1663 5126 per

66 5139 379 5192 canonicos
402 5143 597 5209 gradus
615 5139 681 5194 ad
703 5141 1054 5211 epise0palem
1075 5144 1441 5199 celsitudinem
1465 5161 1658 5202 ascen-

63 5229 209 5284 dere
234 5232 499 5286 statuerit.
527 5234 668 5289 Hinc
690 5243 772 5286 est
791 5233 933 5302 quod
966 5244 1184 5291 sanctus
1203 5249 1337 5305 papa
1365 5233 1659 5311 Gregorius

62 5322 139 5375 ..η
171 5317 469 5364 Mario-"nn
500 5324 691 5364 ειη-ἰειῆ
742 5324 804 5356 ηιΙ
837 5324 1190 5360 omnlino-ulnus
1239 5326 1334 5360 ηΙῖοα
1384 5343 1469 5354 -ε-νε
1584 5338 1592 5342 ”

1783 1878 1926 1944 quod
1953 1880 2079 1933 nulli
2112 1898 2343 1952 unquam
2374 1885 2617 1946 Nicamos
2642 1907 2875 1949 canones
2898 1898 3094 1953 rectius
3121 1900 3203 1954 vel
3231 1878 3358 1956 sub;

1786 1968 1929 2024 tilius
1968 1974 2315 2033 considerare
2369 1990 2532 2050 atque
2578 1983 2880 2055 intelligere
2930 1989 3136 2043 valeant
3192 2007 3354 2060 quam

1730 2099 1734 2103 ‹
1780 2059 2069 2134 Gregorius
2082 2066 2453 2127 Nazianzenus
2477 2089 2634 2143 quem
2655 2092 2814 2146 snpra
2831 2079 3120 2149 tetigimus,
3146 2059 3353 2139 necnon

1777 2159 1834 2203 et
1869 2151 2306 2213 Clialeedonense
2355 2162 2666 2231 concilium,
2712 2176 2768 2221 et
2820 2169 3166 2226 beatissimus
3217 2187 3353 2242 papa

1776 2238 1905 2302 Leo,
1932 2254 2093 2313 atque
2119 2244 2386 2304 Gclasius.
2426 2250 2531 2306 lar.
2564 2252 2716 2320 Quod
2736 2254 3041 2327 Gregorius
3059 2238 3354 2315 Nazianze-

1778 2347 1880 2387 nus
1911 2334 1978 2388 de
1998 2337 2126 2392 sede
2149 2338 2216 2392 ad
2245 2340 2430 2395 sedem
2468 2345 2764 2411 transierit,
2782 2347 2894 2417 jam
2927 2351 3174 2420 superius
3200 2352 3352 2422 obje-

1777 2422 1919 2488 cisti,
1947 2442 2089 2482 nunc
2115 2442 2359 2497 superest
2390 2441 2446 2485 ut
2472 2433 2674 2504 reliqua
2708 2436 3081 2505 subiiciantur.
3121 2442 3250 2496 Der.
3283 2441 3354 2497 Ut

1775 2515 1953 2571 dicere
1974 2522 2131 2589 coepi,
2159 2523 2613 2583 Chalcedonensis
2642 2534 2877 2600 synodus
2899 2543 2954 2588 et
2978 2535 3352 2590 sanctissimus

1772 2620 1912 2676 papa
1943 2608 2049 2664 Leo
2094 2621 2256 2681 atque
2284 2613 2529 2672 Gelasins
2569 2619 2848 2689 prmfatam
2888 2622 3087 2679 Nicazni
3131 2626 3347 2681 concilii

1773 2699 2010 2766 regulam
2041 2700 2339 2774 intelligere
2371 2708 2614 2763 videntur

2112 2842 2123 2855 α
2168 2815 2250 2871 Ea:
2288 2817 2695 2877 Cltalcedonenst
2732 2842 2974 2880 concute.

1841 2926 2080 2983 Clericos
2110 2928 2162 2982 in
2193 2931 2431 2986 Ecclesia
2473 2934 2866 3003 ministrantes,
2895 2938 3034 2993 sicut
3069 2939 3180 3008 jam
3211 2956 3349 2997 con-

1768 3020 2081 3087 stituimus;
2130 3023 2182 3076 in
2214 3022 2440 3081 alterius
2492 3027 2728 3082 civitatis
2777 3029 3072 3085 Ecclesiam
3116 3041 3350 3086 statutos

1779 3110 1891 3164 fieri
1923 3125 2028 3164 non
2059 3122 2297 3180 oportet,
2325 3116 2418 3168 sed
2458 3127 2744 3173 contentos
2778 3136 2918 3184 esse,
2951 3121 3002 3174 in
3042 3123 3238 3191 quibus
3281 3124 3350 3177 ab

1777 3202 1935 3255 initio
1979 3203 2289 3258 ministrare
2325 3218 2658 3273 meruerunt,
2688 3212 2930 3279 exceptis
2963 3211 3065 3266 illis
3093 3213 3183 3283 qui
3227 3229 3350 3282 pro-

1772 3291 1918 3361 prius
1961 3293 2275 3349 amittentes
2306 3297 2610 3364 provincias
2637 3313 2701 3353 ex
2735 3301 3060 3355 necessitate
3088 3302 3155 3356 ad
3182 3302 3344 3356 aliam

1764 3387 2073 3442 Ecclesiam
2106 3390 2442 3444 transierint.
2471 3392 2525 3444 Si
2558 3393 2679 3460 quis
2714 3402 2894 3447 autem
2920 3394 3203 3464 episcopus
3229 3404 3347 3463 post

1772 3479 1915 3532 hanc
1966 3476 2334 3533 definitionem
2393 3482 2693 3551 susceperit
2746 3482 3002 3537 clericum
3053 3483 3120 3536 ad
3174 3484 3339 3536 alium

1757 3568 2080 3639 episcopum
2127 3570 2516 3638 pertinentem,
2564 3571 2768 3640 placuit
2818 3580 2875 3626 et
2926 3579 3235 3641 susceptum
3290 3580 3349 3625 et

1768 3660 2151 3729 suscipientem
2203 3662 2587 3715 communione
2642 3662 2886 3730 privari.
2936 3662 3108 3716 donec
3154 3662 3202 3716 is
3251 3661 3345 3731 qui

1768 3751 2095 3819 migraverat
2145 3752 2378 3810 clericus
2427 3753 2492 3807 ad
2536 3754 2809 3822 propriam
2854 3751 3017 3807 fuerit
3067 3766 3347 3824 regressus

1767 3841 2088 3898 Ecclesiam.
2477 3856 2489 3867 '
3230 3864 3234 3868 ·

2360 3914 2545 3969 Leonis
2575 3928 2744 3984 parum

1836 4023 1893 4081 Si
1925 4027 2047 4096 quis
2079 4036 2258 4081 autem
2289 4026 2601 4097 episcopus,
2638 4026 2876 4081 civitatis
2921 4039 3032 4081 suae
3063 4024 3348 4080 mediocri-

1750 4125 1875 4171 tate
1903 4118 2181 4186 despecta,
2213 4116 2737 4171 administrationem
2767 4115 2868 4169 loci
2899 4113 3214 4170 celebrioris
3233 4126 3347 4166 am-

1752 4206 1946 4270 .bierit,
1969 4215 2026 4260 et
2048 4206 2116 4260 ad
2163 4205 2421 4276 majorem
2449 4219 2508 4258 se
2534 4204 2739 4273 plebem
2767 4216 3108 4272 quacumque
3135 4200 3343 4256 ratione

1752 4296 2123 4358 transtulerit,
2155 4312 2183 4349 a
2209 4296 2464 4349 catbedra
2494 4294 2711 4363 quidem
2742 4292 2973 4362 pellatur
3006 4290 3206 4351 aliena,
3236 4289 3332 4343 sed

1748 4387 1970 4442 carebit
2007 4396 2061 4440 et
2100 4385 2342 4455 propria,
2372 4393 2430 4436 ut
2474 4398 2575 4437 nec
2622 4382 2726 4436 illis
2768 4381 3056 4451 praesideat
3083 4394 3221 4448 quos
3243 4393 3342 4448 per

1689 4508 1736 4567 Ι)
1762 4478 2044 4532 avaritiam
2075 4474 2400 4544 concupivit,
2449 4489 2549 4527 nec
2580 4473 2689 4528 illis
2713 4488 2851 4542 quos
2893 4485 2990 4541 per
3034 4468 3341 4539 superbiam

1765 4569 1988 4641 sprevit.
2033 4568 2160 4623 Suis
2190 4569 2354 4639 igitur
2381 4567 2627 4622 terminis
2648 4567 2878 4636 quisque
2915 4571 3203 4621 contentus
3245 4563 3339 4626 sit,

1765 4676 1864 4718 nec
1890 4678 2051 4732 supra
2082 4676 2391 4717 mensuram
2419 4660 2561 4729 juris
2586 4660 2668 4714 sui
2698 4657 2916 4713 aﬂ‘cctet
2943 4667 2996 4713 et
3028 4656 3238 4726 augeri.

2329 4771 2530 4827 Gelasii
2560 4788 2707 4841 popa'
2728 4782 2752 4810 α

1834 4885 2090 4956 Quisquis
2108 4899 2341 4955 propriae
2363 4884 2610 4939 desertor
2637 4880 2905 4947 ecclesiaz,
2929 4880 3088 4935 nullis
3111 4886 3343 4932 existen-

1768 4976 1911 5030 tibus
1941 4973 2140 5038 causis,
2174 4975 2239 5027 ad
2287 4969 2452 5029 aliam
2490 4970 2759 5043 putaverit
2798 4969 3209 5031 transeundum,
3262 4976 3341 5020 te-

1766 5082 2028 5139 mereque
2061 5073 2346 5134 susceptus
2385 5066 2568 5128 fuerit,
2597 5069 2649 5115 et
2684 5071 2969 5141 protervus
2997 5056 3342 5135 [promotus],

1764 5156 2180 5213 reverendorum
2223 5167 2526 5221 canonum,
2555 5149 2639 5206 vel
2682 5150 2795 5218 ipse
2830 5155 2916 5211 vel
2959 5155 3203 5217 reCeplm‘
3232 5146 3347 5215 "ius

1763 5252 1928 5315 atque
1957 5255 2261 5318 provector,
2296 5242 2555 5305 instituta
2613 5254 2717 5292 non
2772 5238 2945 5312 fugiet
2996 5251 3113 5308 qum
3146 5234 3213 5324 de
3253 5236 3352 5286 1ιιι-
