3948 5606
517 363 539 417 l
551 358 655 416 095

1225 351 1505 408 API’END.
1552 350 1641 405 AD
1678 347 1847 419 SEC.
1890 345 1980 403 IX.
2025 377 2095 384 ———
2131 341 2499 399 AUCTOllES
2538 339 2697 394 ANNI
2733 339 3020 395 INCERTL

3630 341 3747 397 {096

516 484 572 531 et
612 472 936 530 necessitate
976 470 1028 524 in
1076 454 1299 522 alterius
1352 466 1592 521 civitatis
1648 462 1946 518 Ecclesium
1992 459 2086 514 de-
2123 463 2169 520 Α
2197 453 2326 509 Car.
2362 453 2548 507 XXVI.
2581 450 2842 531 —_Quod
2877 451 3087 531 quando
3123 448 3747 531 Fonuosusjntkrouiu-

522 563 860 632 migrandum
900 575 1003 614 non
1032 560 1134 621 sit,
1172 567 1225 612 ct
1270 558 1411 626 quod
1448 572 1582 626 papa
1627 554 1735 608 Leo
1781 551 2090 616 censuerit,

523 663 582 708 ut
621 654 926 723 episcopus,
969 648 1203 702 civitatis
1249 662 1359 700 suae
1404 644 1776 700 mediocritate
1822 642 2091 709 despecta,

519 740 1042 795 administrationem
1071 736 1169 789 loci
1203 735 1498 803 superioris
1521 734 1726 787 ambire
1750 747 1853 786 nou
1879 733 2094 795 debeat,

520 844 622 884 nec
653 843 746 896 per
772 828 1055 880 avaritiam
1089 825 1155 878 ad
1179 823 1435 891 majorem
1467 838 1524 878 se
1538 823 1745 892 plebem
1777 820 2092 889 transferre.

521 918 765 973 Gelasius
789 932 1003 986 quoque
1027 914 1154 968 dicit
1182 933 1196 967 :
1228 922 1306 978 ut,
1336 913 1494 967 nullis
1517 912 1872 966 existentibus
1893 911 2095 979 causis,

523 1013 795 1083 propriam
828 1012 1080 1065 deserere
1111 1009 1411 1064 Ecclesium
1443 1024 1600 1062 nemo
1630 1008 1844 1061 audeat.
1879 1007 2102 1062 Formo-

523 1125 613 1163 sus
635 1124 738 1176 qua
758 1122 823 1159 ex
851 1107 1195 1166 necessitate,
1221 1112 1314 1157 aut
1336 1101 1527 1172 quibus
1549 1101 1901 1154 existentibus
1920 1099 2101 1154 causis

519 1194 774 1253 Ecclesize
793 1196 1022 1266 propriae
1052 1196 1295 1250 desertor
1320 1191 1674 1263 apostolicum
1706 1191 1954 1244 lltl'0ttlllll
1978 1205 2098 1244 cou-

523 1288 782 1341 scrndere
798 1286 981 1354 jussus
1002 1285 1115 1339 est?
1138 1284 1266 1338 Der.
1293 1281 1498 1349 Quibus
1518 1282 1875 1335 existentibus
1898 1281 2098 1344 causis,

523 1379 606 1433 vel
642 1394 745 1448 qua
777 1377 1096 1431 necessitate
1116 1368 1408 1430 Formosus
1436 1371 1656 1426 cili-ctus
1676 1373 1741 1425 sit
1776 1387 1930 1441 papa,
1956 1371 2100 1427 clero

525 1476 578 1523 ct
613 1468 952 1538 tuaguatibus
982 1466 1238 1521 Rontante
1268 1464 1506 1519 civitatis
1536 1462 1675 1517 scire
1707 1461 1980 1525 convenit,
2009 1460 2102 1530 qui

525 1558 625 1613 nec
666 1550 1018 1619 Francorum,
1061 1572 1159 1610 nec
1200 1555 1423 1609 alterius
1467 1553 1642 1624 gentis
1675 1551 1978 1617 obsidione,
2021 1550 2104 1604 vel

527 1648 783 1718 impulsu,
819 1647 1016 1712 coacti,
1049 1647 1142 1700 sed
1180 1652 1275 1699 sua
1306 1652 1497 1713 sponte
1539 1659 1661 1697 cum
1704 1641 1902 1711 eligere
1944 1652 2105 1711 atque

527 1740 899 1794 iuthrnnizare
946 1737 1322 1793 decreverunt.
1370 1736 1446 1792 Illi
1496 1738 1641 1791 enim
1695 1754 1798 1793 non
1845 1738 1914 1793 ob
1962 1737 2103 1793 aliud

2267 537 2355 578 tu:
2387 535 2496 586 est,
2530 538 2632 577 non
2662 524 2716 574 id
2757 524 2896 591 quod
2941 521 3211 591 episcopus
3247 530 3362 591 erat
3402 521 3593 572 iterant
3625 537 3752 574 ncce-

2266 595 2422 663 perit,
2471 595 2561 646 sed
2590 590 2932 663 augntelttunt
2954 590 3258 659 apostolica:
3292 590 3592 660 dignitatis,
3634 592 3753 660 quod

2268 662 2373 719 non
2401 663 2646 727 habebat,
2675 662 2976 729 susceperit.

2269 835 2377 874 nar.
2433 819 2704 873 Hactenus
2753 830 2905 870 nmc-
2934 815 3057 870 inde
3116 816 3420 870 contractis
3468 802 3757 884 Scriptor:-

2201 929 2319 968 rum
2350 910 2786 981 malagmatibus,
2823 909 3077 976 languido
3118 908 3279 979 capiti
3332 909 3634 964 medicatus
3676 922 3758 972 es;

2202 1020 2344 1059 nunc
2382 1014 2561 1057 autem
2608 1010 2825 1055 ventum
2872 1009 2954 1053 est
2989 1001 3053 1052 ad
3101 1000 3406 1053 insanabile
3436 999 3653 1059 vulnus,
3691 999 3761 1052 uti

2203 1092 2348 1147 nulla
2400 1081 2610 1146 medela
2666 1104 2985 1143 succurrere
3024 1087 3184 1141 valet.
3230 1087 3530 1142 Formosus
3569 1089 3765 1156 quando

2204 1184 2433 1239 accessit
2473 1192 2532 1237 ut
2583 1196 2719 1255 papa
2765 1180 3086 1243 eﬂirerctur,
3140 1195 3334 1234 manus
3385 1180 3765 1249 impositionctu

2202 1275 2280 1329 ita
2311 1274 2412 1329 sibi
2445 1273 2606 1327 tribui
2652 1272 2928 1342 praecepit,
2960 1287 3023 1326 ac
3061 1272 3106 1324 si
3140 1268 3429 1340 cpiscopus
3460 1286 3568 1324 non
3607 1282 3765 1332 esset;

2208 1380 2272 1419 ac
2309 1378 2406 1435 per
2435 1364 2560 1425 hoc,
2593 1377 2698 1416 non
2739 1361 2911 1416 solum
2944 1362 3291 1431 apostolicam
3326 1361 3649 1431 dignitatern
3676 1376 3768 1414 una

2208 1455 2516 1526 acquisivit,
2570 1468 2754 1508 verum
2802 1453 2965 1507 etiam
3011 1453 3064 1506 id
3116 1452 3263 1521 quod
3309 1451 3604 1520 cpiscopus
3648 1459 3769 1510 erat.

2206 1548 2463 1620 perdidit.
2504 1547 2635 1600 Der.
2687 1545 2923 1599 lloccine
2968 1554 3051 1599 est
3103 1542 3407 1598 insanalile
3454 1543 3770 1603 vulnus,cui

2207 1638 2351 1692 nulla
2382 1637 2588 1691 medela
2629 1636 2921 1689 subvenire
2962 1633 3183 1703 potest?
3226 1631 3417 1687 Nonne
3457 1631 3619 1700 cujus
3658 1647 3769 1685 ocu-

2202 1727 2325 1791 lus,
2376 1726 2530 1795 juxta
2584 1722 2955 1794 evangelicam
3011 1724 3381 1786 sententiam,
3437 1720 3662 1791 simplex
3703 1730 3774 1775 est

526 1848 648 1885 eum
683 1830 912 1900 elegisse
937 1846 995 1884 se
1024 1830 1229 1893 dicunt,
1260 1831 1360 1884 nisi
1401 1831 1469 1884 ob
1508 1830 1765 1885 Ecclesia:
1795 1830 2101 1887 utilitatem.

2217 1816 2428 1887 (Matth.
2459 1816 2560 1885 vt),
2595 1817 2647 1869 in
2684 1818 2800 1883 ejus
2831 1830 3025 1869 manus
3060 1812 3469 1883 impositiouem
3517 1827 3629 1866 non
3671 1810 3774 1863 vul-

522 1921 640 1992 lpse
666 1932 841 1974 autem
867 1937 923 1975 se
947 1922 1338 1976 intbrnniZaudi
1361 1922 1588 1992 praebuit
1606 1938 2106 1994 assensnm,quem-

525 2013 811 2067 admodum
870 2013 1085 2083 plurimi
1134 2014 1511 2084 cpiscoporum
1567 2012 1761 2069 fecisse
1817 2014 2104 2086 leguntur,

525 2105 667 2172 quod
702 2104 812 2170 jam
861 2103 1018 2173 paulo
1057 2103 1306 2174 superius
1341 2107 1650 2160 intimatum
1693 2116 1793 2161 est.
1828 2108 1936 2162 lar.
1966 2109 2108 2164 Peue

528 2194 782 2247 omnibus
834 2205 1019 2247 notum
1071 2205 1153 2248 est
1192 2194 1333 2263 quod
1377 2194 1738 2263 plurimorum
1790 2196 2106 2266 pontiﬁcum

528 2283 701 2353 major
732 2285 803 2339 sit
846 2285 1144 2341 auctoritas
1188 2302 1348 2354 quam
1398 2302 1715 2356 paucorum.
1770 2288 2110 2358 Quapropter

527 2378 581 2430 in
615 2377 712 2429 hac
748 2376 1027 2453 questione
1065 2377 1232 2445 magis
1259 2360 1590 2431 observanda
1619 2387 1699 2431 est
1730 2375 1942 2431 Niemna
1982 2394 2111 2449 syn-

534 2467 692 2529 odus,
752 2483 870 2533 (μηυ
924 2464 1292 2520 indidcrcnter
1325 2477 1378 2520 et
1410 2468 1621 2536 penitus
1656 2468 1720 2523 de
1756 2470 1883 2523 sede
1922 2471 1987 2523 ad
2026 2485 2112 2526 se-

554 2555 674 2608 dem
737 2555 1088 2609 transferendi
1136 2557 1577 2610 consuetudinem
1618 2558 1930 2625 amputavit.
1978 2558 2107 2613 Dur.

527 2638 974 2717 Videte[videris]
992 2660 1095 2698 non
1114 2645 1444 2700 intellexisse
1460 2648 1600 2717 quod
1638 2648 1848 2701 Nictcna
1872 2650 2108 2720 synodus

526 2736 658 2789 dicit
689 2753 702 2788 :
737 2736 938 2805 plaeuit
979 2736 1425 2791 consuetudinem
1467 2739 1790 2792 omnimodis
1820 2741 2107 2811 atupntari,

527 2838 649 2892 qua:
677 2834 874 2892 praeter
903 2824 1141 2894 regulam
1176 2824 1228 2877 iu
1261 2825 1583 2894 quibusdam
1617 2828 1863 2895 partibus
1901 2829 2111 2883 videtur

528 2910 785 2967 admissa.
835 2912 1080 2980 Qualem,
1136 2915 1377 2983 inquam.
1419 2918 1862 2971 consuetudinem
1913 2917 2112 2987 placuit

529 3005 849 3073 amputari?
892 3005 1040 3059 Illam
1072 3004 1277 3060 scilicet
1311 3022 1432 3075 qum
1460 3017 1655 3075 praeter
1696 3008 1964 3078 regulam,
2009 3009 2111 3063 hoc.

529 3101 637 3152 est.
679 3093 884 3162 absque
934 3093 1254 3147 rectitudine
1299 3096 1351 3147 iu
1393 3096 1714 3164 quibusdam
1751 3096 1994 3167 partibus
2025 3098 2109 3153 vi-

2206 1924 2330 1973 nus,
2362 1910 2455 1963 sed
2488 1908 2766 1977 dignitatis
2792 1906 3142 1976 augmentum
3173 1905 3465 1974 conspicit,
3497 1918 3606 1958 non
3635 1903 3774 1957 detri-

2209 2007 2472 2062 mentum,
2518 2001 2611 2053 sed
2661 1999 2797 2053 sacri
2844 1996 3049 2051 ordinis
3097 1997 3521 2051 incrementum.
3558 1993 3629 2050 lit
3654 1994 3774 2048 enim

2210 2090 2313 2144 hoc
2342 2089 2599 2157 liquidius
2642 2096 2844 2158 pateat,
2876 2086 2998 2140 andi
3033 2087 3449 2140 doctuucntum.
3488 2083 3629 2138 Nam
3657 2084 3775 2153 quod

2204 2179 2497 2251 presbyter
2539 2180 2711 2248 ipsum
2756 2179 2826 2232 sit
2873 2178 3015 2247 quod
3059 2188 3143 2231 est
3176 2178 3493 2247 episcopus,
3531 2179 3684 2231 testis
3706 2185 3778 2230 est

2211 2274 2404 2328 beatus
2451 2271 2811 2343 Hieronymus
2850 2271 2901 2323 in
2938 2269 3165 2340 epistola
3217 2268 3306 2333 85,
3363 2269 3559 2323 dicens
3587 2283 3603 2319 :
3630 2267 3777 2321 Audio

2209 2363 2498 2432 quemdam
2538 2363 2590 2415 iu
2629 2370 2832 2414 tantam
2864 2361 3108 2431 erupisse
3136 2360 3482 2422 vecordiam,
3512 2370 3579 2412 ut
3606 2361 3775 2412 diaco-

2210 2470 2310 2511 nos
2343 2452 2696 2526 presbyteris,
2744 2452 2796 2506 id
2831 2459 2934 2516 est,
2978 2450 3245 2522 episcdpis
3290 2450 3626 2505 anteferret.
3669 2447 3778 2501 Nam

2211 2562 2332 2604 cum
2373 2545 2662 2617 Apostolus
2705 2546 2985 2615 perspicue
3026 2545 3217 2599 doceat
3258 2544 3487 2597 eosdem
3682 2556 3780 2610 prc-

2211 2639 2459 2712 sbyteros
2489 2653 2625 2710 quos
2659 2641 2962 2709 episcoyos,
2994 2638 3121 2711 quid
3160 2638 3371 2707 patitur
3393 2649 3705 2689 mensarum
3736 2642 3782 2684 ct

2211 2731 2493 2785 viduarum
2525 2732 2793 2798 minister,
2822 2740 2876 2784 ut
2912 2745 3075 2798 Super
3098 2743 3192 2783 eos
3222 2744 3281 2783 se
3316 2712 3571 2782 tumidus
3594 2725 3780 2783 eth-nt.

2214 2822 2278 2876 ad
2314 2838 2540 2892 quorum
2580 2836 2770 2893 preces
2807 2820 3009 2875 Christi
3047 2835 3247 2889 corpus
3293 2820 3638 2889 sanguisque
3676 2833 3780 2869 con.

2220 2912 2440 2968 ﬁcitur?
2479 2914 2613 2968 Audi
2650 2905 3024 2968 testimonium
3058 2910 3080 2966 τ’
3117 2931 3135 2962 ι
3173 2911 3379 2965 Paulus
3406 2920 3465 2964 et
3492 2910 3784 2963 Timotheus

2214 3005 2361 3057 servi
2380 3003 2579 3057 Christi
2596 3001 2721 3057 Jesu
2743 3003 2992 3055 omnibus
3018 3001 3219 3055 sanctis
3246 3002 3339 3070 qui
3371 3011 3504 3052 sunt
3527 2982 3784 3068 Philippis,

2212 3110 2334 3147 cum
2377 3094 2646 3163 episcopis
2674 3103 2729 3147 et
2761 3093 3079 3148 diaconibns
3127 3090 3401 3161 (Philipp.
3446 3090 3522 3161 t).
3575 3110 3595 3141 ι
3643 3089 3703 3143 Et
3741 3092 3785 3139 in

535 3184 694 3235 detur
740 3184 993 3237 admissa.
1054 3182 1241 3238 Nonne
1291 3185 1621 3241 discretione
1670 3187 1945 3253 adhibita,
1988 3202 2108 3259 quae
2136 3170 2181 3232 (ἶ
2215 3188 2436 3243 Actibus
2480 3186 2867 3257 apostolorum,
2907 3186 2972 3238 ad
3014 3186 3174 3238 unius
3198 3183 3469 3239 Ecclesiae
3498 3184 3788 3239 sacerdotrs

534 3282 711 3329 mater
744 3284 829 3329 est
864 3277 1106 3330 omnium
1152 3277 1438 3343 virtutum,
1470 3280 1699 3348 idipsum
1727 3290 1781 3334 et
1821 3282 2111 3337 concilium

533 3364 976 3421 Chalcedenense
1014 3376 1262 3422 astruere
1298 3368 1534 3434 videtur,
1570 3371 1621 3423 in
1670 3385 1734 3425 eo
1775 3372 1917 3439 quod
1960 3372 2110 3438 dicit,

534 3455 765 3510 clericos
806 3455 862 3510 in
909 3456 1130 3511 alterius
1161 3457 1398 3514 civitatis
1446 3459 1687 3515 Ecclesia
1733 3469 1965 3515 statutos
1997 3461 2111 3518 ﬁeri

535 3562 643 3601 non
674 3558 949 3618 oportere,
982 3550 1224 3619 exceptis
1256 3550 1360 3606 illis
1378 3552 1499 3621 qui,
1527 3553 1776 3623 pr0prias
1805 3555 2116 3612 amittentes

532 3639 859 3707 provincias,
890 3655 951 3695 ex
984 3642 1308 3698 necessitate
1339 3645 1404 3697 ad
1427 3644 1587 3700 aliam
1612 3646 1907 3701 Ecclesiam
1938 3656 2116 3703 trans-

534 3727 717 3782 ierint.
804 3727 911 3785 Ncc
958 3729 1089 3785 illud
1139 3741 1224 3786 est
1280 3734 1528 3795 absimile
1576 3737 1719 3803 quod
1775 3737 2118 3792 beatissimus

537 3832 679 3888 papa
710 3820 819 3875 Leo
846 3823 1081 3887 censuit,
1116 3833 1169 3877 ut
1204 3825 1507 3896 episcopus,
1549 3829 1786 3884 civitatis
1828 3830 2115 3886 mediocri-

538 3913 651 3960 tate
702 3906 957 3977 despecta
986 3946 1001 3973 ,
1058 3912 1587 3970 administrationem
1646 3916 1747 3971 loci
1797 3919 2118 3976 celebrioris

536 3997 748 4052 ambire
788 4013 892 4053 non
937 4001 1149 4058 debeat.
1188 4003 1320 4059 inde
1355 4006 1606 4061 nimirqu
1633 4017 1689 4063 et
1716 4009 1964 4067 Gelasius
1989 4012 2120 4068 dicit

538 4097 600 4144 ut
642 4090 970 4160 quisquam,
1013 4093 1176 4149 nullis
1218 4095 1575 4154 existentibus
1619 4101 1834 4163 causis,
1887 4104 2118 4174 propria:

536 4180 788 4237 desertor
833 4183 1090 4240 Ecclesiae
1139 4186 1207 4241 ad
1235 4186 1399 4242 aliam
1451 4192 1681 4246 transire
1740 4208 1843 4248 non
1903 4195 2116 4252 debeat.

539 4267 660 4325 Hoc
702 4272 861 4327 modo
902 4274 1069 4328 etiam
1118 4284 1339 4332 sanctus
1388 4278 1681 4351 Gregorius
1725 4281 2116 4351 Nazianzenus,

542 4376 652 4419 non
700 4364 956 4436 ignarus,
1010 4382 1111 4423 nec
1160 4379 1501 4441 contemptor
1545 4372 1749 4430 Nicaeni
1781 4376 2017 4442 concilii,
2053 4379 2120 4433 de

539 4454 671 4513 cede
703 4457 772 4510 ad
802 4455 986 4512 sedem
1020 4459 1316 4516 translatus
1350 4472 1455 4518 est.
1503 4462 1675 4518 Porro
1697 4464 1788 4535 qui
1830 4466 1975 4521 nulla
2019 4482 2118 4523 ne-

532 4546 799 4601 cessitate
827 4558 1076 4619 cogente,
1111 4557 1170 4605 et
1207 4554 1368 4608 nullis
1404 4556 1764 4612 existentibus
1795 4559 1995 4626 causis,
2025 4562 2120 4616 sed

541 4637 881 4693 solummodo
925 4641 1151 4697 avaritia
1195 4643 1282 4697 vel
1323 4644 1616 4702 ambitione
1641 4648 1709 4703 ad
1739 4649 1899 4703 aliam
1936 4651 2119 4705 sedem
2152 4696 2153 4699 η

546 4726 892 4795 transfertur,
909 4731 1010 4786 i3te
1031 4734 1215 4802 procul
1239 4735 1404 4791 dubio
1433 4739 1815 4807 praevaricator
1844 4742 2119 4797 rectitudi-

545 4818 633 4872 uis
661 4827 767 4885 est,
797 4829 852 4874 et
884 4821 1088 4876 idcirco
1128 4834 1325 4891 printer
1370 4828 1607 4896 regulam
1646 4829 1749 4884 tale
1793 4829 1921 4902 quid
1951 4832 2123 4888 admi-

546 4910 685 4965 sisse
723 4913 1082 4968 convincitur.
1133 4914 1239 4970 lar.
1282 4916 1574 4975 Formosus
1602 4937 1729 4991 ergo
1758 4924 1848 4993 qui
1890 4933 2123 4978 tantum-

548 4999 709 5055 modo
726 5002 951 5056 avaritia
971 5012 1027 5056 et
1052 5004 1343 5061 ambitione
1363 5009 1675 5065 cathedram
1698 5014 1924 5069 mutavit
1946 5015 2127 5071 acrius

547 5099 636 5182 est
659 5091 995 5179 puniendus?
1019 5095 1151 5150 Dsr.
1179 5096 1333 5163 Quod
1364 5100 1675 5170 ambiguum
1716 5105 1918 5159 crimen
1959 5107 2126 5161 solius

1557 5190 1662 5226 ὀινη
1706 5208 1862 5238 snnro
1905 5211 2126 5236 rncnnn-

2202 3268 2289 3336 illa
2334 3278 2530 3334 Paulus
2579 3278 2866 3350 loquitur:
2917 3296 2935 3328 ι
2973 3276 3255 3331 Attendite
3303 3276 3465 3330 vobis
3512 3285 3567 3330 et
3616 3284 3789 3328 cuncto

2215 3373 2366 3444 gregi
2397 3373 2449 3425 in
2481 3387 2588 3441 quo
2619 3387 2715 3427 vos
2757 3370 2990 3440 Spiritus
3028 3377 3253 3423 sanctus
3288 3368 3485 3439 posuit
3532 3368 3792 3437 episcopos

2216 3479 2407 3534 regere
2443 3462 2737 3518 Ecclesiam
2768 3461 3005 3525 Domini,
3029 3476 3193 3529 qualn
3217 3461 3521 3529 acquisivit
3553 3457 3791 3530 sanguine

2221 3572 2322 3611 suo
2351 3556 2488 3628 (Act.
2516 3555 2639 3627 xx).
2673 3573 2693 3608 ι
2726 3554 2803 3609 Ac
2834 3570 2901 3609 ue
2943 3554 3063 3624 quis
3106 3554 3460 3609 ennlentinse
3493 3555 3545 3607 in
3582 3569 3682 3605 uua
3711 3549 3793 3604 Br-

2218 3649 2382 3704 clcsia
2428 3648 2610 3719 plures
2648 3648 2931 3717 episcopos
2987 3646 3154 3701 fuisse
3199 3645 3507 3701 contendat
3534 3690 3551 3709 ,
3593 3645 3710 3700 audi
3750 3653 3796 3696 ul

2218 3738 2361 3793 aliud
2418 3737 2781 3792 testimonium
2821 3738 2872 3791 in
2928 3752 3034 3807 quo
3085 3723 3380 3791 manifeste
3430 3738 3795 3806 cotuprointur

2218 3829 2469 3884 eumdem
2511 3844 2630 3884 esse
2676 3829 2992 3899 episcopum
3039 3838 3205 3896 atque
3240 3829 3655 3899 presbyterum.
3683 3826 3792 3881 Pro-

2218 3928 2340 3989 pter
2367 3920 2470 3973 boc
2504 3939 2523 3971 ι
2563 3918 2752 3988 reliqui
2789 3928 2839 3973 te
2867 3916 3058 3980 Cretze,
3096 3929 3158 3971 ut
3185 3933 3253 3972 ea
3286 3934 3413 3988 qua:
3444 3919 3670 3974 deerant
3695 3933 3795 3973 cor-

2220 4012 2450 4081 rigeres,
2495 4018 2549 4063 et
2600 4008 2963 4064 constitueres
3005 4024 3103 4079 per
3132 4008 3394 4065 civitates
3441 4013 3793 4083 presbyteros,

2221 4102 2366 4158 sicut
2395 4110 2450 4157 et
2480 4118 2583 4172 ego
2612 4101 2708 4156 tibi
2739 4101 3013 4166 mandavi,
3046 4090 3090 4156 si
3123 4101 3248 4170 quis
3286 4104 3458 4158 unius
3502 4104 3685 4157 uxoris
3707 4104 3794 4163 vir,

2218 4195 2334 4249 sine
2360 4194 2591 4249 crimine
2615 4190 2751 4248 lilios
2776 4192 2980 4247 habens
3002 4188 3207 4257 ﬁdeles,
3239 4207 3351 4247 non
3384 4194 3441 4247 in
3472 4197 3798 4251 accusatione

2218 4284 2466 4351 luxuriae,
2496 4294 2588 4339 aut
2618 4300 2723 4338 non
2753 4283 3017 4338 subditos.
3063 4280 3297 4354 Oportet
3322 4277 3475 4340 enim
3509 4288 3796 4356 episcopum

2219 4376 2336 4432 sine
2360 4376 2589 4431 crimine
2614 4376 2756 4440 esse,
2781 4375 2934 4444 quasi
2963 4374 3054 4429 Dei
3083 4376 3532 4446 dispensatorem
3561 4378 3686 4449 (Tit.
3714 4376 3793 4446 ι).»

2224 4469 2288 4522 Et
2314 4469 2381 4522 ad
2412 4467 2795 4522 Tltimotbeum
2825 4485 2840 4519 ε
2879 4483 2900 4516 ι
2939 4464 3057 4520 Noli
3106 4469 3389 4538 negligere
3417 4472 3655 4541 gratiam
3692 4484 3798 4540 qua

2225 4557 2279 4613 in
2300 4567 2353 4613 te
2369 4567 2605 4628 est,qu:e
2630 4557 2723 4613 tibi
2749 4556 2872 4612 data
2899 4564 2981 4612 est
3002 4573 3097 4627 per
3120 4558 3537 4628 impositionem
3563 4575 3795 4615 manum

2224 4650 2545 4721 presbyterii
2576 4649 2624 4718 (1
2672 4646 2808 4727 Tim.
2857 4649 2953 4719 tv).
2994 4667 3013 4702 ι
3068 4648 3177 4705 Sed
3220 4659 3277 4706 et
3314 4650 3521 4707 Petrus
3561 4654 3615 4708 in
3642 4655 3795 4723 prima

2225 4736 2488 4810 Epistola,
2525 4758 2542 4790 ‹
2577 4739 2976 4810 Presbyteros,
3031 4740 3250 4810 inquit,
3302 4742 3360 4797 in
3415 4744 3575 4799 vobis
3625 4757 3797 4816 precor

2224 4833 2653 4902 compreshytcr,
2677 4842 2732 4887 et
2760 4834 2913 4889 testis
2938 4830 3256 4904 Passienum
3280 4835 3515 4901 Christi.
3543 4848 3601 4895 et
3628 4840 3798 4894 lutet:

2225 4923 2425 4995 glorias,
2455 4937 2572 4992 quin
2611 4922 2897 4977 revelauda
2940 4931 3025 4978 est
3073 4922 3127 4995 (Ι
3160 4922 3310 4981 Petr.
3340 4926 3422 4999 v).
3461 4948 3482 4981 ι
3525 4929 3677 4995 Quod
3713 4942 3795 4981 au-

2232 5026 2335 5071 tem
2374 5026 2584 5087 postea,
2619 5031 2756 5071 unus
2791 5017 2997 5097 electus
3034 5027 3152 5082 est,
3207 5020 3303 5090 qui
3351 5025 3569 5078 caeteris
3608 5037 3796 5093 prapo-

2232 5119 2474 5171 neretur,
2532 5108 2582 5160 iu
2633 5106 2943 5165 scltismatis
2993 5109 3295 5167 remedium
3346 5112 3555 5166 factum
3604 5119 3703 5171 est,
3743 5123 3798 5162 ne

2232 5201 2600 5250 transiluisuue
2640 5201 2707 5252 ad
2747 5215 2807 5256 se
2849 5200 3070 5254 trahens
3106 5199 3413 5256 Ecclesium
3455 5203 3698 5262 Christi.
3739 5202 3801 5253 ὶτο
3894 5192 3895 5263 Ῑ

3124 5305 3243 5326 »ηπ
3283 5300 3517 5373 sanctus
3556 5293 3801 5387 ιίίεεωισ

3658 5398 3781 5412 ,m
