3948 5532
124 340 269 397 1097

791 338 1041 399 AUXILII
1080 344 1171 402 DE
1205 344 1433 402 ORDIN.
1473 344 1514 399 Α
1552 335 1879 399 FORMOSO
1914 334 2020 392 PP.
2059 333 2306 394 FACTIS
2341 336 2523 394 LIBRI
2560 336 2716 395 DUO.

3236 345 3375 404 I098

120 433 500 533 uunquiduapt
532 457 584 513 iu
631 473 698 514 eo
738 460 881 531 quod
922 468 1004 516 est
1031 464 1315 534 presbyter
1344 465 1539 518 iterum
1571 476 1692 515 con-

1802 456 1931 509 Car.
1954 453 2151 534 XXJX.
2186 485 2252 495 -ο
2278 454 2598 534 De_roncilio
2626 452 2865 534 quodin
2914 442 3207 534 {iarénnati
3252 461 3380 515 urbe
3416 466 3423 473 ”

125 557 396 611 secratur,
430 559 485 602 et
525 565 631 605 non
662 551 842 619 potius
883 551 937 604 in
973 552 1212 619 ejusdem
1246 569 1435 609 manus
1480 556 1701 625 imposi-

120 637 272 691 tione
314 634 661 708 augmentum
700 639 1021 710 episcOpalis
1060 642 1345 697 ministerii
1378 642 1697 716 [mysterii],

113 726 267 792 quod
305 734 411 779 nun
453 726 616 783 habet
656 730 874 799 accipit.
927 729 1017 785 Sic
1062 726 1246 803 itaque
1288 733 1366 788 sic
1413 734 1735 791 Formosus

115 815 174 870 in
227 815 316 870 illa
355 824 567 873 “manus
621 819 997 890 impositiOne,‘
1035 812 1140 878 non
1198 822 1279 879 id
1312 825 1452 894 quod
1495 828 1703 895 episco-

114 920 222 973 pus
247 916 368 962 erat
395 908 653 979 perdidit,
690 911 786 965 sed
819 921 1166 982 augmentum
1196 916 1504 986 apostolicm
1534 918 1704 988 digni-

116 992 276 1061 tatis,
309 996 453 1067 q‘uOd
482 1014 588 1053 non
619 990 874 1067 habebat,
906 1005 1133 1074 accepit.
1165 1003 1291 1060 Ilzec
1321 1005 1486 1078 igitur
1524 1011 1589 1063 ad
1637 1023 1699 1064 ea
1739 1026 1744 1031 '

112 1101 239 1153 qua:
266 1086 384 1156 ipse
415 1087 481 1141 de
530 1104 722 1167 manus
768 1091 1113 1161 impositione
1142 1092 1450 1162 objeceras,‘
1476 1112 1703 1168 respon-

110 1176 266 1232 disse
306 1166 563 1233 suiiiciat.
600 1180 874 1237 Caeterum
904 1180 1081 1239 autem
1115 1185 1571 1258 interrogavimns
1608 1206 1701 1246 eos

109 1256 208 1335 qui
252 1278 549 1337 prmsentes
576 1267 808 1325 fuerunt
849 1274 1064 1342 quando
1105 1256 1399 1332 Formosus
1431 1279 1700 1334 intltroui-

108 1365 272 1411 2atus
298 1368 415 1424 est;
451 1360 543 1415 sed
581 1356 837 1416 dixerunt
866 1381 879 1416 :
913 1362 1108 1417 Procul
1142 1367 1303 1421 dubio
1348 1367 1699 1424 falsissimum

105 1456 196 1500 est
244 1449 389 1517 quod
428 1446 721 1506 Formosus
769 1452 822 1507 in
858 1450 946 1508 illa
990 1456 1344 1514 translatione
1380 1462 1574 1515 manus
1602 1463 1700 1516 im-

104 1540 437 1609 positionem
466 1546 773 1614 acceperit;
804 1547 899 1602 sed
930 1551 1386 1618 quemadmodum
1419 1554 1474 1607 in
1505 1555 1699 1611 itinere
1738 1570 1741 1573 '

98 1629 456 1687 ambulantes
501 1635 755 1704 precibus
800 1636 986 1693 eﬂ'usis
1018 1632 1197 1695 Deum
1242 1651 1491 1708 exorant,
1542 1643 1612 1698 ita
1646 1653 1701 1699 et

98 1728 212 1772 nos
255 1722 675 1790 gubernatorem
723 1726 965 1780 omnium
1010 1738 1322 1796 exorantes,
1377 1732 1698 1790 deduximus

1909 541 2003 594 pro
2030 523 2288 579 Formosa
2310 525 2526 596 ejusque
2564 524 2893 579 ordinatione
2919 524 3121 593 factum
3144 536 3238 582 est.

1871 632 1980 689 INF.
2020 635 2219 690 Verum
2249 635 2303 689 in
2333 634 2633 689 Ravennati
2662 636 2799 691 urbe
2817 646 3143 708 congregata
3169 639 3376 710 synodo

1803 728 2069 783 sancitum
2093 736 2200 793 est,
2224 736 2283 781 ut
2317 736 2426 803 tam
2454 727 2746 782 Formosus
2778 744 2939 798 quam
2967 727 3083 797 ejus
3101 724 3376 785 ordinatio

1803 819 1857 873 in
1886 828 1988 874 suo
2019 820 2205 890 vigore
2240 819 2477 875 stabilita
2519 828 2919 889 permanerent.
2948 819 3102 887 Quod
3129 836 3236 876 non
3264 822 3379 876 sin-

1802 923 1927 965 cera
1951 911 2267 975 concordia,
2296 911 2388 966 sed
2412 910 2528 965 auri
2555 908 2710 980 copia
2741 911 3045 978 institutum
3070 920 3189 978 est,
3221 912 3376 968 ideo-

1802 1017 1907 1072 que
1936 1017 2034 1072 pro
2064 1002 2232 1058 nihilo
2261 1003 2559 1058 ducendum
2590 1013 2691 1061 est.
2736 1005 2866 1060 Der.
2901 1004 2972 1061 Ut
3001 1006 3215 1075 opinor,
3240 1005 3374 1061 illud

1804 1094 1905 1149 tibi
1938 1095 2165 1165 contigit
2197 1082 2338 1164 quod
2366 1096 2442 1150 ait
2470 1096 2713 1151 Psalmus
2738 1115 2751 1150 :
2779 1116 2798 1148 ‹
2837 1097 3110 1153 Fecerunt
3133 1106 3257 1153 ante
3294 1096 3377 1154 fa-

1802 1183 1939 1237 ciem
1971 1199 2143 1239 meam
2167 1182 2398 1250 foveam,
2421 1195 2478 1240 et
2508 1186 2608 1257 ipsi
2636 1187 2941 1242 inciderunt
2967 1188 3020 1243 in
3048 1204 3168 1244 eam
3198 1183 3374 1259 (Psal.
3442 1228 3447 1235 .

1743 1279 1746 1283 ’
1802 1271 2006 1345 ινι).’›
2069 1274 2205 1329 Nam
2236 1276 2379 1345 quod
2429 1276 2623 1332 delatis
2659 1278 2974 1334 muneribus
3029 1278 3136 1333 tale
3158 1278 3287 1348 quid
3321 1277 3380 1334 in

1800 1364 1891 1419 illa
1918 1366 2127 1436 synodo
2151 1375 2415 1421 statutum
2444 1368 2625 1433 fuerit,
2651 1371 2881 1440 probare
2902 1371 3123 1426 minime
3149 1362 3374 1440 poteris.

1802 1453 1911 1510 Nos
1933 1466 2118 1511 autem
2165 1465 2220 1511 et
2263 1458 2485 1527 plurimi
2533 1459 2814 1515 nobiscum
2846 1461 2965 1516 luce
2992 1462 3194 1517 clarius
3221 1458 3373 1545 com}

1800 1559 2009 1618 pertum
2029 1550 2309 1616 habemus,
2324 1551 2465 1621 quod
2491 1566 2593 1606 non
2617 1553 2791 1608 solum
2819 1544 3092 1610 Romulea":
3110 1544 3370 1621 civitatis,

1799 1640 1893 1697 sed
1914 1652 2103 1697 omnes
2129 1650 2267 1712 pene
2289 1642 2452 1697 Italia:
2473 1643 2730 1714 praesules
2754 1632 3053 1701 memorato
3079 1644 3376 1702 interfuere

1799 1725 2049 1787 concilio.
2075 1732 2411 1803 Quapropter
2431 1736 2496 1799 si,
2519 1733 2736 1790 favente
2756 1735 2890 1802 Deo,
2916 1726 3112 1809 regalis
3131 1748 3376 1809 potestas

101 1808 236 1864 eum
262 1811 334 1867 ad
362 1814 715 1882 apostolicam
760 1818 972 1884 sedem,
1005 1819 1185 1889 ibique
1215 1821 1699 1880 inthronizavimus
1726 1816 1773 1874 B
1802 1821 2107 1876 universale
2175 1820 2365 1877 fecerit
2409 1824 2697 1879 concilium
2728 1865 2743 1891 ,
2798 1826 2928 1896 quid
2966 1808 3030 1883 de
3058 1808 3215 1884 vobis
3244 1843 3373 1885 cen-

102 1915 269 1967 cum,
298 1903 493 1960 dantes
522 1920 817 1975 congruam
842 1909 1166 1964 orationem.

99 2010 239 2090 Car.
279 2004 496 2090 XXVII.
533 2048 604 2057 —
642 2014 710 2072 Ut
734 2020 825 2090 qui
846 2020 1136 2076 simultates
1160 2032 1207 2076 et
1237 2012 1350 2077 lites
1366 2024 1501 2079 inter
1521 2043 1574 2079 se
1596 2026 1694 2080 ha-

180 2083 487 2162 bent,‘alter
512 2103 690 2162 eorum
713 2083 959 2145 adversus
983 2093 1206 2147 alterum
1230 2110 1334 2147 non
1355 2098 1519 2162 possit
1544 2097 1693 2150 testi-

168 2156 417 2208 monium
451 2158 709 2226 proferre.
800 2204 803 2207 .

177 2254 504 2324 [mn-Adhuc
530 2272 848 2341 superstites
869 2285 995 2330 sunt
1016 2276 1193 2333 idonei
1224 2287 1408 2344 testes,
1439 2281 1528 2350 qui
1558 2279 1692 2336 For-

94 2354 318 2415 moSum
348 2378 453 2417 non
492 2364 593 2419 rite
632 2365 1054 2423 inthronizatum
1080 2369 1264 2437 fuisse,
1306 2374 1399 2427 sed
1425 2373 1477 2426 in
1504 2375 1692 2429 eadem

92 2450 300 2505 ordine
337 2452 761 2521 quem'ltabebat
790 2458 987 2514 iterum
1030 2462 1130 2515 sibi
1169 2477 1360 2517 manus
1396 2464 1693 2534 imposilio-

92 2557 230 2596 nem
268 2544 429 2598 tribui
467 2543 663 2603 fecisse
692 2552 1065 2607 testificantur.
1094 2553 1219 2608 Der.
1251 2555 1376 2611 ilzec
1420 2560 1693 2613 accusatio

92 2632 326 2701 penitus
353 2636 591 2693 absurda
634 2640 756 2695 esse
798 2642 1241 2712 deprehenditur,
1277 2646 1513 2717 alioquin
1537 2647 1690 2717 juxta

92 2733 256 2777 suam
285 2726 612 2782 sententiam
644 2745 748 2784 non
778 2729 999 2787 fuerunt
1023 2735 1282 2806 episcopi,
1326 2737 1417 2807 qui
1446 2753 1566 2792 eum
1605 2739 1689 2793 in-

94 2814 574 2883 thronizaverunt,
604 2820 699 2875 sed
728 2822 908 2891 potius
930 2823 1087 2878 bruta
1114 2826 1386 2882 animalia.
1414 2828 1526 2898 Ego
1544 2832 1688 2884 enim
1719 2824 1723 2829 ’

87 2913 158 2958 et
184 2919 292 2960 non
319 2908 475 2976 pauci
505 2924 735 2977 mecum,
759 2922 911 2969 certo
939 2916 1141 2971 certius
1167 2921 1691 2989 compertum'habe—

92 3010 252 3061 mus,
290 2999 415 3070 quia
466 3001 581 3056 haec
609 3003 675 3058 de
717 2996 979 3061 Formoso
1010 3024 1115 3064 non
1146 3004 1245 3064 alii
1276 3010 1531 3072 referunt.
1586 3014 1688 3069 nisi

86 3087 192 3157 qui
224 3088 527 3165 simultates
553 3100 607 3147 et
641 3093 948 3151 inimicitias
975 3113 1099 3153 cum
1139 3114 1205 3155 eo
1250 3101 1575 3157 habuerunt.
1622 3104 1689 3159 Et

1701 1923 1704 1926 ‘
1795 1911 2021 1967 sendum
2056 1915 2181 1978 erit,
2210 1916 2300 1984 qui
2336 1924 2415 1970 tot
2444 1916 2823 1987 episcoporum
2852 1920 3163 1976 sanctiOnes
3187 1921 3376 1976 irritas

1795 2003 1999 2071 facere,
2029 2020 2135 2061 non
2167 2006 2325 2062 veriti
2346 2007 2500 2064 estis.

1794 2100 1922 2157 Car.
1959 2102 2129 2159 XXX.
2152 2135 2223 2144 —
2246 2102 2325 2160 De
2348 2106 2539 2185 scelere
2576 2110 2717 2179 quod
2745 2112 2800 2165 in
2826 2112 3048 2168 cadauer
3064 2130 3213 2185 papa:
3244 2111 3379 2170 For-

2267 2178 2400 2232 mosi
2428 2178 2778 2250 perpetratum
2804 2192 2899 2236 est.
3064 2178 3074 2184 ’
3132 2178 3143 2185 ’
3233 2226 3237 2231 .

1862 2274 1971 2331 Inr.
2033 2274 2341 2346 Stephanus
2388 2281 2478 2349 qui
2528 2281 2721 2336 tertius
2772 2297 2803 2336 a
2856 2281 3118 2341 Formosa
3164 2295 3376 2342 exstitit

1791 2381 1927 2436 papa
1973 2369 2220 2424 eumdem
2248 2371 2568 2427 Formosum
2604 2374 2741 2447 adeo
2772 2376 3057 2445 reprobum
3077 2390 3199 2433 esse
3228 2380 3374 2450 judi-

1792 2456 1954 2521 cavit,
1984 2467 2038 2512 et
2064 2458 2296 2513 cadaver
2334 2460 2451 2531 ejus
2479 2463 2545 2517 de
2571 2463 2777 2518 tumqu
2802 2467 3015 2520 extrahi
3044 2474 3101 2521 et
3146 2468 3198 2522 in
3237 2483 3370 2523 con-

1790 2545 1974 2601 cilium
2009 2549 2246 2617 pertrahi
2282 2549 2505 2619 faceret,
2552 2554 2733 2624 ibique
2762 2571 2883 2611 eum
2912 2558 3156 2626 pristinis
3200 2561 3371 2616 vesti-

1791 2636 1892 2693 bus
1938 2638 2290 2705 denudantes,
2323 2641 2463 2698 laico
2503 2644 2701 2698 amictu
2743 2646 3081 2714 velaverunt,
3131 2659 3186 2706 et
3220 2649 3372 2706 ferro
3470 2692 3474 2695 -

1792 2727 1999 2783 duobus
2024 2730 2227 2785 desim
2272 2732 2455 2803 digitis
2483 2738 2774 2805 amputatis
2792 2777 2807 2803 ,
2836 2738 2889 2793 in
2918 2741 3153 2809 quodam
3202 2756 3366 2812 pere-

1790 2818 2071 2888 grinorum
2126 2822 2334 2878 tumulo
2377 2824 2743 2894 sepelierunt,
2793 2844 2894 2887 nec
2934 2830 3104 2886 multo
3150 2842 3275 2903 post
3312 2835 3367 2889 in

1790 2906 2101 2964 Tiberinum
2120 2909 2342 2967 ﬂuvium
2364 2915 2792 2986 praecipitarunt.
2814 2919 2944 2975 θεν.
2976 2920 3148 2977 Sicuti
3179 2924 3368 2980 bellua:

1740 3018 1744 3023 ’
1788 2998 2143 3057 humanitatis
2174 3003 2519 3061 immemores
2544 3011 2816 3077 quomodo
2842 3013 3258 3082 intellexerunt,
3294 3018 3368 3072 ita

1790 3099 1846 3145 et
1879 3092 2088 3162 operati
2110 3103 2258 3149 sunt.
2293 3095 2581 3153 Miseri-imi
2607 3101 2696 3156 ubi
2734 3103 2836 3159 hoc
2861 3105 3207 3162 didicerunt?
3233 3124 3372 3177 pne-

88 3194 289 3234 revera
322 3198 425 3237 non
455 3184 850 3253 soium‘divina,
877 3189 971 3244 sed
1002 3191 1166 3245 etiam
1193 3194 1424 3247 humana
1450 3194 1534 3249 lex
1556 3213 1689 3265 pra:-

1792 3184 1977 3238 sertim
2007 3186 2128 3240 eum
2159 3186 2418 3244 Dominus
2447 3207 2552 3245 non
2595 3192 2810 3261 dixerit,
2842 3195 3189 3269 Qumcunque
3234 3200 3370 3272 liga-

88 3270 236 3349 cipit
264 3283 324 3326 ut
347 3276 435 3343 qui
452 3274 630 3347 jurgia
653 3287 708 3333 et
733 3279 857 3335 lites
884 3281 950 3336 ad
974 3282 1209 3338 invicem
1235 3284 1436 3341 habere
1461 3302 1690 3342 noscun-

90 3372 215 3429 tur,
252 3365 391 3421 alter
410 3380 601 3424 eorum
627 3370 886 3427 adversus
912 3373 1141 3428 alterum
1166 3376 1535 3432 testimonium
1565 3392 1704 3449 pro-'

82 3452 247 3508 ferre
273 3456 494 3541 minime
536 3460 725 3528 possit.
765 3460 901 3517 Hinc
929 3475 1012 3521 est
1051 3466 1194 3534 quod
1234 3467 1519 3524 Auacietus
1549 3485 1685 3541 papa

82 3543 234 3597 dicit
267 3562 282 3597 :
307 3538 666 3623 Accusatores
688 3560 865 3606 autem
889 3562 945 3607 et
968 3561 1135 3609 testes
1158 3563 1278 3611 esse
1308 3550 1412 3612 non
1437 3538 1683 3628 possunt,

80 3632 188 3701 qui
224 3620 353 3688 ante
376 3628 687 3692 hesternum
737 3649 830 3694 aut
866 3642 1261 3699 nudiustertius
1291 3620 1453 3701 diem-
1480 3648 1683 3705 inimici

83 3722 342 3790 fuerunt;
374 3741 441 3780 ne
462 3726 587 3781 irati
622 3744 817 3785 nocere
851 3731 1089 3801 cupiant,
1136 3750 1203 3789 ne
1227 3734 1339 3791 laesi
1377 3737 1563 3793 ulcisci
1585 3756 1683 3794 ve.

82 3814 218 3869 iiut.
239 3808 373 3873 Hinc
384 3820 546 3903 etiam
559 3831 619 3876 et
632 3822 964 3895 Sixtuspapa
987 3828 1235 3897 scripsit:
1256 3828 1393 3897 Non,
1410 3831 1680 3903 inquiens,

74 3902 523 3967 accusator-ilius
554 3907 838 3984 suspectis,
887 3917 971 3973 vel
1030 3920 1096 3974 de
1137 3921 1479 3979 inimicorum
1522 3927 1682 3984 domo

74 3998 487 4067 prodeuntibus
501 4043 518 4067 ,
536 4006 978 4060 esteredend‘um.
997 4007 1139 4078 Papa
1160 4012 1681 4084 quoque'felespho-

77 4103 187 4143 rus
215 4105 230 4142 :
261 4088 327 4143 Hi
369 4106 498 4147 vero
544 4092 634 4162 qui
667 4092 871 4149 inimici
901 4108 1182 4153 morantur
1209 4111 1302 4155 aut
1325 4103 1415 4172 qui
1441 4107 1677 4175 suspecti

74 4179 387 4247 habentur,
418 4174 641 4239 minime
663 4187 1011 4257 recipiantur,
1045 4192 1167 4262 quia
1197 4207 1385 4249 eorum
1408 4174 1679 4255 aemulatio

73 4270 304 4325 lacerat
329 4273 659 4330 inno.entcs.

68 4382 222 4439 CAP.
262 4383 496 4442 XXVIII.
535 4419 618 4471 ——_
643 4386 796 4472 Quod
848 4384 1135 4472 humanum
1153 4396 1417 4472 judicium
1452 4412 1679 4472 quatuor

413 4461 644 4527 personis
658 4461 953 4530 justissime
974 4461 1355 4536 comprobatur.

158 4544 273 4597 INF.
304 4543 575 4603 Fortassis
603 4540 784 4604 coram
820 4550 1092 4620 judiciltus
1124 4570 1222 4625 pro
1247 4554 1512 4614 Formoso
1548 4575 1676 4616 cau-

64 4649 207 4687 sam
237 4635 421 4692 dicere
448 4638 602 4703 velis,
648 4653 997 4699 accusatores
1020 4657 1219 4714 praesto
1247 4657 1372 4703 sunt
1405 4667 1418 4703 :
1455 4653 1672 4720 accede,

70 4726 349 4795 utquod
398 4727 557 4796 hujus
603 4728 969 4788 altercationis
1021 4748 1209 4791 verum
1262 4745 1367 4804 est,
1405 4739 1675 4797 luculento

66 4817 343 4872 exauiine
373 4819 659 4876 durescat.
690 4822 819 4877 Der.
851 4822 963 4879 Non
995 4842 1284 4895 possumus
1307 4830 1532 4901 juszitite
1562 4833 1675 4905 pal-

68 4923 225 4962 mam
252 4906 504 4964 obtinere
533 4910 675 4980 apud
702 4925 795 4966 eos
823 4913 916 4982 qui
944 4922 1108 4971 testes
1132 4918 1292 4973 iidem
1318 4929 1445 4975 sunt
1486 4923 1576 4994 qui
1620 4931 1675 4977 et

54 4999 290 5068 judices
347 5000 657 5071 pariterque
704 5001 1093 5059 accusatores:
1125 5005 1391 5076 siquidem
1440 5006 1676 5083 quatuor
1714 5032 1721 5042 -

60 5087 338 5156 persOnis
363 5102 519 5144 omne
539 5088 905 5162 justissituum
946 5098 1353 5152 consummatur
1385 5099 1670 5171 judicium,
1714 5128 1718 5132 Α

53 5166 323 5239 accusati
357 5180 599 5240 videlicet
624 5189 682 5237 et
709 5185 1060 5250 accusatoris,
1088 5187 1305 5243 testium
1333 5166 1497 5250 simul
1517 5191 1675 5263 etju-

52 5275 279 5329 dicum.
316 5270 518 5347 Neque
573 5271 727 5327 enim
772 5268 1172 5331 de-Ievioribus
1216 5281 1395 5337 causis
1438 5283 1672 5354 quaestio
1697 5286 1715 5320 ‘-

46 5365 408 5422 ventilatur:
435 5365 670 5437 proinde
694 5354 915 5417 necesse
937 5370 1021 5419 est
1050 5379 1107 5423 ut
1133 5377 1357 5427 auctore
1387 5373 1498 5430 Deo
1535 5388 1667 5429 con-

40 5458 330 5532 gr'cgctur
374 5454 683 5513 universale
718 5456 1025 5524 concilium,
1070 5468 1145 5526 et,
1188 5461 1256 5517 ad
1286 5463 1461 5521 instar
1489 5465 1669 5532 magni
1708 5472 1715 5495 ί

1788 3272 1977 3329 veritis
1996 3274 2098 3329 sub
2118 3284 2282 3342 terra,
2299 3279 2383 3333 vel
2410 3281 2509 3336 sub
2531 3280 2771 3350 ﬂumine,
2802 3287 2894 3341 sed
2916 3288 2994 3342 ait
3016 3306 3031 3341 :
3056 3307 3077 3339 t
3104 3287 3370 3356 Quaecun-

1787 3377 1892 3433 que
1916 3363 2213 3433 ligaveritis
2240 3385 2403 3440 super
2426 3380 2650 3440 terram,
2691 3384 2851 3430 erunt
2880 3377 3041 3449 ligata
3068 3387 3122 3435 et
3150 3380 3203 3434 in
3225 3381 3366 3436 coelo

1784 3453 2002 3523 (Matth.
2049 3459 2228 3529 mn).
2270 3479 2288 3512 ι
2326 3462 2401 3517 De
2442 3463 2638 3520 talibus
2678 3467 2822 3521 enim
2860 3468 3149 3538 Apostolus
3204 3473 3359 3539 dicit,

1786 3544 2015 3613 Quidam
2059 3550 2232 3605 zelum
2280 3571 2299 3605 ‹
2338 3554 2432 3609 Dei
2486 3555 2726 3623 habent,
2779 3561 2876 3617 sed
2923 3579 3028 3618 non
3068 3568 3365 3621 Secundum

1783 3638 2068 3694 scientiam
2120 3641 2409 3715 (ηοηιίι).
2451 3666 2469 3700 ι
2518 3648 2659 3704 Proh
2708 3652 2913 3708 scelus!
2961 3654 3151 3710 saltem
3189 3658 3363 3728 poeti-

1783 3745 1901 3785 cam
1929 3734 2206 3789 attendere
2234 3737 2533 3795 debuerunt
2554 3744 2883 3801 sententiam,
2904 3763 2921 3797 :

1904 3833 2062 3885 Parce
2081 3838 2183 3898 pias
2202 3840 2448 3891 scelerare
2469 3852 2659 3905 manus,
2672 3843 2768 3904 iam
2792 3857 2933 3909 parce
2956 3847 3174 3910 sepulto!
3280 3872 3283 3875 π
3333 3913 3340 3919 .

1853 3914 2233 3974 Verumtamen
2260 3922 2304 3975 si
2333 3922 2634 3991 hujusmodi
2655 3926 2861 3982 desede
2890 3929 2956 3982 ad
2978 3932 3159 3984 sedem
3190 3914 3364 3987 trans—

1780 4007 1911 4064 latio
1933 4012 2329 4081 quodammodo
2350 4015 2533 4071 illicita
2556 4016 2770 4085 fuisset,
2794 4035 2973 4078 nonne
2997 4022 3365 4081 ecclesiastica

1779 4102 1976 4172 pietate
2041 4104 2270 4162 toIerare
2336 4117 2388 4163 et
2458 4125 2562 4164 non
2631 4110 2886 4168 inauditis
2949 4114 3364 4170 crudelitatibus

1778 4186 2111 4265 exaggerare
2137 4197 2460 4263 debuerant,
2494 4210 2553 4255 et
2596 4201 2675 4256 sic
2704 4202 2920 4255 demum
2959 4205 3217 4259 advocata
3241 4205 3360 4259 uni-

1724 4296 1729 4304 ι
1781 4283 1974 4337 versali
2021 4286 2227 4354 synodo
2271 4288 2594 4357 generaliter
2631 4300 2948 4357 censerent,
3001 4301 3059 4348 ut
3100 4293 3360 4363 deinceps

1778 4372 2023 4428 Romana
2047 4376 2239 4430 civitas
2279 4376 2383 4431 tale
2408 4378 2536 4447 quid
2558 4380 2895 4435 committere
2923 4397 3029 4438 non
3058 4383 3300 4438 auderet.

1779 4474 1908 4530 Cap.
1961 4473 2155 4530 XXXI.
2192 4508 2269 4555 :-
2313 4476 2484 4555 Quod_
2512 4480 2583 4555 at!
2629 4480 3014 4555 testiﬁcandum
3062 4501 3181 4555 qutt-
3216 4494 3360 4541 recta

1883 4575 1889 4580 -
1952 4555 2073 4599 sunt
2108 4547 2308 4621 nullius
2345 4551 2510 4617 gentis
2538 4550 2691 4604 homo
2712 4547 3175 4620 prohibendus'sit.

1845 4641 1953 4697 lar.
1983 4643 2221 4700 Tandem
2249 4646 2537 4716 aliquando
2565 4650 2632 4703 ad
2662 4658 2715 4704 te
2739 4660 3004 4707 revertar.
3031 4653 3202 4710 Porro
3229 4670 3353 4711 cum

1777 4732 1853 4787 sis
1881 4733 2043 4789 homo
2081 4744 2283 4791 extet-te
2315 4739 2524 4806 gentis,
2569 4746 2625 4793 et
2659 4739 2800 4809 apud
2830 4756 2930 4798 nos
2954 4742 3201 4801 humanae
3236 4744 3359 4799 vitae

1777 4824 2032 4882 subsidiis
2057 4826 2316 4898 indigeas,
2350 4830 2478 4900 quid
2510 4830 2577 4886 ad
2620 4836 2674 4883 te
2707 4833 2945 4900 pertinet
2985 4836 3186 4892 nostris
3225 4838 3359 4890 resi—

1776 4927 1922 4974 stere
1947 4920 2472 4993 disceptationibus?
2498 4924 2635 4977 Dsr.
2655 4920 2857 4978 Notum
2886 4928 2980 4983 tibi
3007 4928 3079 4997 sit
3105 4920 3360 4997 quoniam

1775 5008 1918 5065 illius
1956 5012 2173 5083 generis
2210 5025 2330 5066 sum
2376 5016 2521 5084 quod
2555 5012 2839 5080 apostolus
2879 5017 3070 5074 Petrus
3118 5017 3204 5072 his
3244 5017 3362 5072 lau-

1773 5099 1932 5158 dibus
1974 5092 2186 5160 extollit
2218 5117 2234 5156 :
2263 5102 2374 5158 Vos
2416 5096 2559 5162 estis'
2591 5119 2612 5152 ι
2652 5115 2826 5169 genus
2872 5110 3103 5185 eiectum
3126 5147 3141 5173 ,
3188 5108 3369 5177 regale

1771 5194 2169 5259 sacerdotium,
2219 5188 2357 5264 gens
2392 5210 2393 5213 ‘
2428 5202 2617 5254 sancta
2642 5229 2656 5253 ,
2708 5198 2948 5263 populus
3005 5195 3372 5268 acquisitionis

1773 5281 1821 5352 (l
1862 5281 2008 5342 Petr.
2058 5286 2142 5356 tr).
2180 5302 2201 5338 ι
2253 5281 2318 5335 Ει
2371 5289 2502 5358 quia
2531 5287 2637 5342 iste
2680 5287 2919 5352 populus
2936 5286 3040 5363 per
3063 5287 3372 5345 universum

1772 5377 1960 5433 orbem
2019 5387 2290 5434 terrarum
2330 5375 2626 5435 Christum
2678 5373 2879 5434 adurat
2931 5391 2986 5438 et
3034 5378 3203 5463 colit?
3251 5388 3379 5463 pro-

1772 5468 1954 5532 pterea
1982 5471 2121 5525 inter
2145 5481 2243 5524 eos
2265 5469 2621 5532 recipiendus
2649 5478 2766 5519 sum
2786 5506 2803 5530 ,
2830 5482 2894 5527 ει
2920 5491 2950 5530 a
2973 5472 3204 5529 veritate
3230 5465 3381 5519 testi-
