3948 5418
510 393 538 444 ’1
550 392 652 447 099

1222 389 1507 444 A'PI'END.
1549 393 1640 447 AD
1678 391 1851 447 SA‘ZC.
1895 391 1983 445 ix.
2027 423 2094 430 ——
2133 390 2502 453 AUCTOHES
2537 390 2698 446 ANNI
2733 389 3024 447 INCEBTI.

3645 394 3760 448 ιιῡυ

485 503 788 562 «fecerunt?
812 503 873 556 Et
897 510 953 554 ut
980 499 1214 555 breviter
1250 501 1588 566 concludam,
1625 516 1802 558 nonne
1824 503 1869 558 si
1897 501 2095 557 Doctor
2127 504 2172 563 Α
2203 510 2375 566 setur,
2415 502 2582 557 miror
2613 510 2662 556 te
2694 503 2767 586 ita
2798 503 3001 557 sentire
3031 502 3186 564 velle,
3228 512 3286 558 ut
3323 504 3759 575 interrogantibus

483 595 750 665 gentium
809 593 969 647 etiam
1019 591 1229 647 invidos
1276 590 1412 647 bene
1469 591 1744 647 Christum
1797 593 2093 663 prmdicare

480 686 823 744 confirmat,
879 699 990 748 me,
1045 683 1133 753 qui
1182 683 1498 738 sacerdotali
1551 683 1928 753 compassione
1970 699 2090 753 quae

509 786 658 833 recta
727 784 854 833 sunt
929 773 1224 838 testificor,
1293 775 1578 844 prohibere
1657 775 1779 844 quis
1851 774 2092 844 poterit?

509 867 616 922 lar.
667 865 722 920 Si
775 866 998 922 advenis
1043 875 1096 920 et
1146 864 1733 935 peregrinis-Ecclesia:
1772 865 2090 935 praepositos

493 972 766 1013 accusare
824 957 987 1020 licet,
1044 957 1126 1011 vel
1188 954 1475 1024 judicare,
1544 964 1637 1011 aut
1693 955 2083 1025 praeiudicare,

507 1061 602 1104 aut
639 1049 816 1118 aliqua
872 1049 1138 1118 scriptura
1187 1049 1448 1104 adversus
1477 1063 1572 1104 eos
1618 1047 1839 1115 facere,
1887 1047 2085 1103 frustra

502 1155 637 1208 ergo
679 1142 731 1195 in
770 1140 1168 1210 pontificalibus
1205 1139 1444 1210 epistolis
1485 1140 1558 1195 ita
1597 1137 1877 1209 przefixum
1920 1138 2086 1193 habe-

509 1240 615 1286 tur.
649 1231 974 1285 Anacletus:
1001 1230 1304 1288 Deteriores
1326 1239 1452 1286 sunt
1473 1229 1669 1285 subditi
1697 1229 1787 1298 qui
1812 1237 2083 1284 rectorum

505 1338 724 1378 suorum
757 1321 838 1374 vel
865 1322 1145 1378 doctorum
1178 1337 1357 1378 mores
1385 1322 1660 1392 vitamque
1683 1328 1940 1392 carpunt,
1959 1320 2086 1374 licet

503 1414 654 1484 pravi
683 1414 828 1486 sint,
862 1413 946 1468 bis
993 1413 1082 1482 qui
1132 1413 1464 1468 substantias
1501 1412 1727 1466 aliorum
1777 1412 2086 1482 praediaque

503 1504 790 1574 diripiunt,
822 1514 884 1559 et
906 1504 1024 1558 ideo
1047 1504 1190 1574 justc
1222 1501 1448 1557 infames
1476 1511 1633 1568 sunt,
1681 1512 1737 1557 et
1779 1503 1974 1557 merito
2016 1503 2084 1557 ab

478 1596 744 1658 "Ecclesia
781 1604 1028 1660 extorres
1071 1595 1221 1650 fiunt.
1275 1594 1536 1649 Doctores
1564 1596 1708 1648 enim
1739 1594 1822 1649 vel
1852 1593 2084 1664 quilibet

501 1688 591 1757 qui
627 1687 802 1747 locum
831 1687 1065 1756 pastoris
1096 1686 1148 1739 in
1180 1684 1420 1740 Ecclesia
1452 1692 1617 1749 tenet,
1653 1685 1696 1738 si
1729 1699 1760 1738 a
1791 1683 1894 1740 fide
1924 1699 2081 1740 exor-

499 1779 772 1840 bitaverit,
803 1787 886 1834 est
914 1793 945 1832 a
971 1776 1219 1844 fidelibus
1248 1775 1620 1846 corrigendus,
1651 1775 1743 1831 sed
1770 1790 1870 1845 pro
1895 1789 2079 1846 repro-

2183 608 2296 647 nos
2342 608 2447 646 non
2493 593 2790 648 audeamus
2839 610 2901 648 ea
2953 609 3073 663 quze
3118 595 3492 664 respondenda
3540 605 3666 648 sunt
3704 611 3758 649 ex

2193 683 2392 738 divinis
2423 683 2574 738 libris
2607 684 2658 737 in
2690 685 2961 739 schedulis
2988 685 3226 740 breviter
3255 699 3557 745 assumere,
3593 685 3762 753 eis1ue

2191 773 2524 829 satisfacere.
2565 773 2724 829 Aliud
2765 791 2998 844 namque
3041 784 3126 831 est
3172 775 3387 830 dolosas
3432 775 3645 829 litteras
3679 774 3760 828 ad-

2193 879 2383 920 versus
2438 864 2670 934 aliquem
2726 880 3093 934 componere,
3145 878 3203 920 ut
3256 882 3382 921 eum
3434 865 3761 934 aliquatenus

2191 956 2385 1012 laedere
2415 957 2582 1025 possit
2603 998 2618 1019 ,
2661 966 2716 1011 et
2752 956 2895 1033 aliud
2927 966 3010 1012 est
3042 958 3346 1012 testimonia
3379 958 3446 1012 de
3479 957 3761 1026 Scripturis

2189 1047 2243 1102 in
2277 1063 2441 1102 unum
2479 1046 2746 1110 conferre,
2777 1057 3046 1117 quatenus
3071 1039 3352 1103 veritatem
3385 1049 3758 1118 qumrcntibus,

2188 1139 2514 1210 ignorantia,
2547 1153 2666 1207 qua:
2698 1147 2869 1192 mater
2898 1154 3143 1193 errorum
3180 1148 3286 1203 est,
3317 1154 3518 1194 nocere
3556 1138 3760 1193 minime

2185 1231 2371 1301 possit.
2409 1230 2541 1285 Illud
2572 1245 2804 1300 namque
2842 1231 2908 1285 ad
2946 1229 3152 1284 fraudis
3196 1230 3573 1300 deceptionem
3607 1231 3758 1299 perti-

2188 1329 2298 1386 net,
2335 1321 2438 1376 hoc
2468 1329 2646 1375 autem
2679 1321 2746 1374 ad
2777 1320 3025 1374 veritatis
3053 1321 3440 1391 cognitionem.
3483 1319 3570 1374 Me
3593 1331 3756 1374 autem

2186 1426 2293 1482 quo
2335 1423 2496 1482 pacto
2537 1411 2800 1466 adversus
2843 1411 3064 1466 Patrum
3110 1412 3424 1467 sanctiones
3468 1427 3758 1482 repugnare

2187 1505 2402 1568 asseris,
2431 1504 2522 1576 qui
2553 1519 2656 1558 non
2683 1503 2902 1573 aliquod
2925 1505 3129 1559 crimen
3160 1505 3240 1559 vel
3267 1506 3458 1560 vitium
3518 1507 3755 1577 cuiquam

2185 1597 2398 1666 praesuli
2445 1595 2648 1652 inferre
2694 1613 2986 1668 prmsumo,
3031 1598 3126 1653 sed
3166 1599 3454 1655 veritatem
3504 1615 3664 1670 quam
3710 1600 3754 1652 in

2183 1686 2356 1742 sacris
2400 1685 2766 1742 voluminibus
2811 1687 2973 1742 didici
3023 1690 3505 1758 percunctantibus
3552 1689 3755 1745 silentio

2184 1785 2368 1848 tegere
2395 1776 2548 1832 nefas
2573 1779 2800 1841 :estimo,
2832 1779 3128 1848 praesertim
3161 1793 3283 1834 cum
3311 1777 3754 1849 Psalmographus

498 1873 583 1926 bis
639 1872 877 1929 moribus
930 1871 1102 1940 magis
1154 1870 1468 1926 tolerandus
1519 1884 1680 1939 quam
1729 1868 2072 1938 judicandus.
2111 1856 2150 1915 Β
2181 1868 2324 1923 dicat
2368 1867 2436 1922 ad
2479 1869 2687 1922 Deum:
2733 1867 3028 1922 Veritatem
3069 1878 3213 1923 tuam
3262 1886 3370 1924 non
3414 1871 3668 1925 abscondi
3706 1872 3753 1924 in

499 1964 897 2033 Telesphorus:
930 1961 1044 2016 Non
1073 1962 1398 2030 suscipiatur
1421 1961 1539 2015 ovis
1584 1960 1634 2014 in
1678 1960 2077 2016 accusationem

498 2057 758 2110 adversus
789 2065 1079 2124 pastorem,
1111 2069 1296 2107 verum
1326 2067 1515 2106 omnes
1545 2052 1636 2121 qui
1666 2051 1926 2107 adversus
1953 2067 2077 2106 eum

495 2147 588 2216 qui
617 2145 789 2200 locum
818 2146 1052 2215 pastoris
1080 2152 1225 2200 tenet
1250 2152 1530 2197 armantur
1557 2142 1782 2196 infames
1811 2156 1932 2195 esse
1957 2155 2078 2196 cen-

498 2251 699 2291 semus.
760 2234 906 2288 Pius.
968 2233 1109 2288 Oves
1159 2241 1431 2302 pastorem
1483 2247 1586 2286 non
1637 2231 2073 2300 reprehendant;

498 2325 652 2397 plebs
679 2325 988 2395 episcopum
1022 2340 1127 2387 non
1158 2331 1412 2385 accuset,
1464 2322 1629 2376 etiam
1667 2321 1712 2376 si
1743 2320 1901 2375 aliter
1930 2319 2074 2376 fece-

499 2417 624 2480 rint,
654 2432 776 2470 nam
804 2430 988 2468 eorum
1009 2412 1272 2482 judicium
1299 2414 1400 2468 sibi
1425 2413 1566 2468 Deus
1591 2412 1760 2467 voluit
1786 2413 2072 2468 reservari.

499 2507 773 2562 Callistus.
819 2519 842 2546 ει
872 2504 1314 2568 Criminationes,
1345 2502 1794 2573 conspirationes,
1827 2516 2076 2556 susurra-

499 2599 674 2652 tiones
698 2606 888 2652 contra
909 2598 1208 2658 doctorem,
1236 2593 1317 2649 vel
1339 2593 1428 2662 qui
1459 2592 1637 2648 locum
1667 2591 1962 2662 superioris
1997 2599 2077 2645 tc-

502 2701 610 2754 nct,
647 2706 804 2746 nemo
833 2689 1126 2757 suscipiat;
1165 2687 1290 2756 quia
1325 2701 1430 2740 non
1463 2693 1678 2755 Oportet
1729 2683 1867 2737 filios
1893 2691 2077 2751 patres

467 2782 928 2854 reprehendere,
983 2794 1084 2834 nec
1124 2793 1308 2834 servos
1353 2776 1600 2832 dominos
1645 2775 1903 2830 lacerare.
1956 2772 2073 2828 Non

493 2872 635 2926 enim
697 2871 833 2926 bene
885 2870 1073 2923 vivunt
1127 2868 1218 2937 qui
1279 2867 1586 2936 superiores
1641 2865 1936 2919 detrahunt
1989 2864 2074 2918 vel

495 2961 916 3032 reprehendunt.
962 2959 1202 3028 Magistri
1231 2959 1373 3012 enim
1406 2955 1653 3027 portandi
1681 2965 1822 3020 sunt,
1853 2972 1958 3010 non
1991 2971 2074 3010 re-

497 3051 877 3114 orcbendendi,
911 3049 1010 3102 nisi
1043 3049 1095 3102 in
1128 3059 1273 3102 recta
1307 3048 1409 3103 lide
1439 3047 1835 3102 aberraverint.
1886 3045 2076 3100 Nullus

493 3143 684 3198 doctor
733 3156 829 3210 per
866 3142 1196 3212 scripturam
1231 3145 1539 3204 accusetur,
1572 3153 1672 3193 nec
1701 3140 1950 3207 cuiquam
1983 3153 2073 3192 ac-

489 3234 726 3289 cusatori
755 3233 1074 3301 respondeat
1095 3230 1186 3300 qui
1211 3232 1357 3284 ducit
1377 3231 1540 3283 vitam
1572 3231 2070 3299 repreliensibilem,
2101 3224 2141 3278 (2

477 3323 742 3391 quoniam
776 3323 1050 3393 indignum
1077 3331 1162 3378 est
1193 3330 1251 3376 ut
1280 3322 1472 3376 doctor
1504 3321 1738 3385 indocto,
1771 3321 1858 3374 ovi
1890 3329 2074 3388 pastor

490 3416 828 3486 respondeat.
868 3414 1001 3485 Ipse.
1050 3413 1206 3468 Sicut
1230 3412 1401 3468 laicus
1419 3427 1536 3468 -non
1569 3423 1682 3476 est,
1714 3411 1804 3481 qui
1837 3409 2073 3480 legitime

490 3508 793 3570 convictus,
851 3508 904 3560 in
951 3504 1302 3560 accusatione
1334 3503 1694 3573 recipiendus,
1746 3500 1825 3555 sic
1853 3514 1954 3554 nec
1984 3514 2067 3552 sa-

461 3599 681 3652 cerdos
727 3597 844 3652 sine
894 3596 1047 3650 titulo
1091 3595 1370 3650 criminari
1401 3593 1483 3648 vel
1528 3590 1802 3647 testificari
1853 3599 2068 3660 potest,

489 3689 742 3758 quoniam
774 3687 1081 3743 maculosus
1121 3696 1177 3741 et
1227 3685 1447 3741 infamis
1482 3694 1606 3749 est,
1658 3698 1916 3738 accusare
1963 3697 2068 3736 non

463 3782 839 3852 -,permittitur,
864 3791 916 3837 et
946 3799 1049 3837 non
1076 3781 1248 3836 solum
1279 3782 1357 3846 hi,
1383 3781 1474 3836 sed
1503 3789 1559 3834 et
1586 3779 1675 3849 qui
1705 3777 2065 3838 consentiunt,

492 3875 783 3944 rejiciendi.
819 3874 934 3930 Huc
963 3891 1131 3945 usque
1158 3875 1435 3930 Callistus.
1471 3872 1603 3927 Item
1636 3871 1912 3926 Niacnum
1943 3885 2070 3924 con-

489 3967 694 4022 cilium.
748 3966 1037 4038 Peregrina
1067 3966 1271 4035 judicia
1301 3965 1542 4037 generali
1577 3964 1858 4019 sanctione
1886 3962 2071 4033 prohi-

491 4062 680 4117 bemus
701 4097 715 4122 ,
763 4059 1032 4127 quomodo
1061 4059 1280 4128 dignum
1309 4067 1395 4113 est
1431 4067 1488 4111 ut
1525 4057 1593 4110 ab
1629 4055 1902 4110 extraneis
1925 4053 2072 4123 judio

479 4158 663 4214 retur,
695 4149 786 4218 qui
817 4147 1176 4216 provinciales
1213 4159 1268 4202 et
1308 4164 1337 4202 a
1369 4161 1427 4202 se
1453 4145 1657 4202 electos
1684 4145 1842 4201 debet
1868 4141 2071 4200 habere

483 4244 712 4312 judices.
749 4242 984 4306 Audisti,
1015 4256 1048 4296 ο
1079 4237 1348 4305 defensor,
1382 4239 1510 4309 quid
1539 4236 1849 4307 pontificum
1883 4245 2071 4290 aucto-

490 4333 625 4388 ritas
685 4347 848 4404 super
903 4332 1271 4402 hujuscemodi
1335 4327 1769 4384 accusationibus
1827 4333 2064 4382 censeat.

489 4422 629 4477 Sunt
671 4433 726 4476 et
767 4423 870 4476 alia
911 4422 1227 4492 quamplura
1269 4423 1336 4475 ad
1371 4422 1619 4475 eumdem
1651 4434 1868 4475 sensum
1902 4418 2066 4489 perbi-

488 4515 691 4578 nentia,
722 4529 840 4584 qua:
872 4514 1132 4582 replicare
1163 4511 1433 4567 fastidium
1465 4511 1616 4566 duxi.
1676 4510 1806 4564 Der.
1859 4509 2066 4565 Nullius

488 4609 760 4676 pontificis
807 4608 1128 4662 sententiam
1172 4607 1437 4662 veraciter
1465 4619 1736 4674 opponere
1785 4614 1960 4673 potes,
2008 4611 2065 4656 ut

487 4702 882 4770 scripturarum
919 4700 1118 4754 veritas
1159 4698 1616 4768 interrogantibus
1667 4713 1772 4750 non
1818 4696 1889 4750 sit
1935 4709 2063 4748 nar-

485 4793 656 4846 randa
709 4801 764 4846 ct
815 4791 1152 4860 evponenda.
1212 4791 1315 4843 Ista
1369 4789 1620 4842 nimirum
1670 4786 1906 4857 capitula
1959 4785 2064 4839 illis

487 4883 710 4937 obviare
738 4885 1053 4950 probantur,
1089 4881 1180 4950 qui
1215 4880 1484 4949 quoslibet
1512 4879 1768 4935 Ecclesiae
1806 4877 2064 4949 praesules

489 4987 745 5026 accusare
774 4987 880 5026 non
907 4974 1252 5036 erubescunt,
1275 4981 1589 5033 asserentes
1617 4986 1805 5034 eorum
1835 4969 2066 5024 crimina

490 5065 630 5119 facta
660 5065 740 5120 vel
769 5063 1032 5128 conficta,
1081 5063 1285 5118 scilicet
1325 5063 1469 5132 quod
1511 5072 1604 5116 aut
1646 5061 1930 5116 homicida:
1973 5069 2068 5114 aut

490 5165 758 5226 raptores,
791 5165 885 5210 aut
910 5156 1140 5210 adulteri
1169 5157 1308 5221 sint,
1351 5167 1442 5210 aut
1481 5156 1682 5225 aliquid
1721 5155 2064 5226 hujustnodi;

781 5248 792 5260 ,
848 5248 858 5257 .
975 5249 984 5256 .
1371 5247 1610 5290 qaut-ns
1659 5247 1958 5300 habeatur.
2009 5254 2068 5298 ιιι

2181 1960 2346 2014 corde
2374 1975 2495 2014 meo
2526 1958 2696 2029 (Psal.
2727 1960 2937 2029 χχχιχ).
2971 1957 3128 2015 Jesus
3155 1976 3372 2030 quoque
3402 1961 3547 2017 filius
3575 1960 3751 2016 Siracli

2181 2051 2347 2106 dicit:
2390 2050 2453 2106 In
2482 2052 2697 2121 justilia
2736 2053 3018 2120 agonizare
3052 2070 3146 2122 pro
3173 2055 3350 2107 animo
3383 2065 3498 2120 tua,
3527 2066 3577 2108 et
3607 2071 3752 2123 mque

2180 2143 2249 2196 ad
2302 2152 2520 2196 mortem
2573 2156 2713 2196 certa
2763 2160 2856 2213 pro
2899 2143 3114 2213 justitia
3159 2141 3477 2214 (Eccli.tv).
3536 2143 3751 2199 Sanctus

2181 2249 2412 2304 namque
2440 2234 2673 2290 Isidorus
2702 2235 2872 2290 dicit:
2909 2235 3087 2291 Testis
3115 2236 3282 2292 falsus
3342 2249 3400 2292 et
3434 2241 3482 2294 is
3509 2241 3598 2308 qui
3630 2255 3744 2294 vera

2183 2324 2373 2379 reticet
2424 2325 2563 2380 idem
2606 2335 2762 2392 sunt;
2816 2336 3056 2383 attamen
3100 2329 3250 2398 pejor
3296 2340 3382 2385 est
3409 2332 3562 2384 testis
3595 2331 3748 2384 falsus

2178 2418 2270 2486 qui
2300 2417 2467 2484 laedit,
2496 2434 2658 2489 quam
2689 2420 2779 2490 qui
2810 2420 3092 2474 veritatem
3122 2421 3403 2476 testificari
3436 2423 3589 2476 nolit.
3628 2422 3746 2477 Nam

2180 2508 2267 2563 ille
2298 2508 2564 2580 malignus
2595 2520 2698 2574 est,
2725 2510 2826 2564 iste
2855 2510 3083 2566 inutilis.
3117 2511 3229 2582 Ego
3259 2512 3466 2580 itaque,
3497 2522 3555 2566 ut
3587 2514 3750 2568 dicere

2177 2600 2315 2668 cmpi
2342 2640 2355 2662 ,
2406 2600 2677 2654 neminem
2709 2616 2970 2657 accusare
3000 2602 3080 2656 vel
3124 2601 3190 2656 ad
3233 2602 3498 2672 judicium
3547 2603 3747 2657 trahere

2177 2690 2339 2756 nitor,
2368 2689 2463 2745 sed
2489 2691 2771 2746 veritatem
2799 2708 2962 2762 quam
2992 2695 3044 2747 in
3066 2695 3355 2764 scripturis
3385 2695 3566 2764 legere
3593 2695 3745 2765 potui,

2178 2779 2636 2850 interrogantibus
2666 2784 3024 2850 przcsentibus
3060 2799 3156 2852 per
3187 2784 3364 2838 vivam
3395 2798 3619 2853 vocem,
3664 2787 3747 2841 ab-

2177 2871 2422 2926 sentibus
2449 2886 2578 2926 vero
2610 2887 2706 2940 per
2733 2872 2929 2944 stylum
2973 2875 3234 2943 replicare
3272 2877 3513 2942 curabo;
3565 2890 3631 2930 ne
3675 2887 3743 2929 ta-

2169 2964 2398 3029 lentum,
2430 2965 2573 3034 quod
2603 2981 2735 3020 mea:
2763 2966 3013 3034 parvitati
3044 2967 3312 3022 creditum
3345 2976 3462 3032 est,
3493 2967 3743 3023 defossum

2175 3054 2276 3119 sit,
2315 3064 2366 3108 et
2397 3056 2463 3109 ab
2494 3070 2559 3109 co
2587 3057 2677 3125 qui
2711 3056 2906 3109 talenta
2937 3055 3148 3111 confert
3187 3058 3492 3114 districtius
3544 3060 3737 3128 puniar.

2176 3144 2427 3214 Alioquin
2460 3145 2730 3199 incassum
2765 3147 2936 3201 sancti
2971 3149 3220 3202 doctores
3249 3157 3326 3202 tot
3351 3147 3528 3203 libros
3554 3146 3741 3202 edicere

2177 3235 2521 3300 studuerunt,
2557 3235 2603 3290 si
2634 3235 2897 3292 recitandi
2931 3252 3036 3291 non
3067 3249 3224 3300 sunt,
3259 3246 3313 3290 et
3339 3252 3533 3292 eorum
3560 3239 3740 3290 veritas

2175 3326 2464 3380 asserenda
2498 3341 2603 3380 non
2633 3337 2750 3389 est,
2775 3346 2780 3352 ·
2806 3327 3043 3382 Inaxime
3089 3327 3572 3398 interrogantibus.
3626 3326 3740 3394 Quis

2174 3418 2278 3472 hoc
2308 3417 2390 3472 vel
2425 3417 2604 3473 fatuus
2632 3418 3002 3487 dogmatizare
3034 3419 3274 3474 audeat?
3318 3417 3590 3472 Praeterea
3617 3416 3739 3488 quod

2171 3523 2236 3564 ex
2270 3509 2479 3564 eisdem
2521 3509 2770 3579 capitulis
2806 3508 3041 3575 obiicere
3073 3509 3349 3575 voluistis,
3403 3518 3462 3562 ut
3507 3508 3739 3562 Ecclesia:

2172 3611 2358 3671 pastor
2385 3616 2490 3657 non
2536 3602 2605 3656 sit
2644 3602 2952 3672 arguendus
2997 3615 3028 3654 a
3077 3600 3348 3666 fidelibus,
3398 3599 3504 3654 nisi
3553 3600 3608 3653 in
3655 3599 3739 3652 fide

2171 3694 2474 3755 erraverit,
2520 3692 2644 3763 quis
2674 3707 2778 3746 non
2810 3692 2987 3746 videat
3015 3691 3157 3761 quod
3203 3693 3308 3746 isto
3352 3700 3407 3745 te
3453 3699 3549 3745 tuo
3581 3690 3736 3762 gladio

2175 3783 2508 3839 interlicias?
2557 3783 2670 3855 Ego
2703 3783 2920 3852 quidem
2972 3784 3236 3837 neminem
3285 3797 3520 3850 arguere
3556 3796 3735 3852 quzcro,

2171 3873 2263 3927 sed
2297 3875 2340 3928 si
2375 3889 2458 3928 me
2487 3875 2612 3944 quis
2641 3875 2836 3928 iterum
2877 3873 3154 3945 baptizare
3186 3874 3420 3929 voluerit
3446 3914 3465 3940 ,
3512 3883 3654 3928 errat
3694 3874 3735 3926 in

2172 3965 2296 4031 fide,
2327 3981 2394 4020 an
2429 3966 2580 4020 non?
2615 3965 2954 4022 Manifestum
2986 3979 3068 4022 est
3095 3966 3219 4038 quia
3244 3979 3418 4033 errat,
3443 3982 3513 4022 ac
3538 3981 3632 4037 per
3655 3968 3736 4019 hoc

2172 4057 2288 4110 sine
2318 4057 2482 4110 dubio
2515 4057 2566 4111 in
2600 4056 2804 4126 Spiritu
2842 4067 3032 4114 sancto
3067 4067 3217 4112 errat
3253 4072 3352 4128 per
3382 4074 3546 4128 quem
3576 4059 3735 4113 omnia

2170 4147 2428 4203 Ecclesia:
2480 4158 2823 4204 sacramenta
2875 4149 3308 4214 sanctificantur,
3368 4159 3420 4204 et
3474 4149 3735 4205 credentes

2169 4240 2495 4310 baptismate
2547 4241 2920 4312 purificantur,
2973 4242 3250 4311 sacrisque
3299 4242 3603 4303 ordinibus,
3649 4253 3727 4307 per

2171 4346 2306 4399 quos
2346 4331 2461 4400 ipsa
2500 4331 2630 4386 fides
2661 4331 2980 4402 percipitur,
3021 4332 3400 4386 instituuntur.
3457 4331 3525 4386 Et
3567 4343 3728 4385 revera

2177 4441 2193 4471 ι
2227 4424 2534 4491 quicunque
2565 4421 2614 4474 in
2646 4435 2771 4474 eum
2804 4421 3280 4492 blasphemaverit,
3311 4422 3416 4476 nisi
3446 4438 3518 4490 pa
3535 4420 3729 4474 nitendo

2171 4528 2226 4566 se
2256 4497 2594 4577 correxerit,
2630 4528 2733 4566 non
2769 4512 3073 4566 remittetur
3102 4513 3149 4567 ei
3171 4553 3184 4574 ,
3226 4527 3405 4581 neque
3436 4512 3489 4565 in
3523 4513 3618 4566 hoc
3642 4525 3725 4562 sa:-

2173 4601 2314 4666 culo,
2333 4618 2503 4671 neque
2526 4602 2579 4656 in
2605 4600 2785 4657 futuro
2803 4601 3019 4670 (Matth.
3037 4617 3134 4669 xu;
3154 4600 3324 4656 Marc.
3345 4617 3430 4669 ut;
3448 4600 3578 4656 Luc.
3594 4598 3720 4662 xn}.i

2167 4695 2281 4761 Qua
2312 4693 2378 4747 de
2411 4709 2487 4755 rc,
2530 4701 2588 4747 ut
2625 4704 2812 4748 sancto
2847 4693 3025 4763 placet
3057 4693 3388 4763 Augustino,
3421 4689 3725 4759 blasphz-mia

2169 4786 2222 4837 in
2255 4783 2458 4854 Spiritu
2489 4793 2679 4839 sancto
2707 4792 2823 4848 est,
2862 4800 2983 4853 quae
3012 4799 3118 4838 non
3150 4784 3462 4838 remittetur
3491 4794 3650 4851 neque
3679 4777 3726 4831 in

2168 4877 2268 4931 hoc
2295 4875 2496 4932 szeculo
2527 4891 2701 4948 neque
2733 4877 2786 4930 in
2819 4875 3022 4940 futuro,
3056 4891 3153 4930 cor
3181 4876 3566 4950 impaenitens,
3605 4871 3727 4924 iliius

2173 4967 2419 5024 videlicet
2448 4968 2540 5040 qui
2571 4969 2774 5036 absque
2802 4968 3119 5038 pmnitentia
3151 4967 3201 5020 in
3232 4969 3348 5021 suis
3376 4969 3601 5020 moritur
3624 4973 3726 5030 pic-

2169 5062 2327 5118 catis.
2370 5061 2511 5132 Ergo
2537 5061 2628 5131 qui
2663 5062 2716 5115 in
2747 5061 2918 5115 sacris
2950 5058 3250 5122 ordinibus,
3289 5067 3351 5111 ut
3382 5073 3546 5126 supra
3573 5054 3726 5108 decla-

2171 5165 2348 5209 ratum
2376 5162 2480 5217 est,
2512 5152 2798 5218 erraverit,
2831 5151 2931 5205 nisi
2963 5149 3032 5205 ab
3060 5147 3331 5216 ejusmodi
3363 5162 3551 5202 errore
3577 5140 3727 5214 ptmr

2172 5247 2336 5301 tendo
2384 5243 2712 5300 recesserit.
2763 5244 2969 5297 absaue
2995 5241 3158 5296 dubio
3195 5255 3306 5296 non
3336 5239 3629 5293 remittitur
3651 5233 3727 5293 ei.
