3948 5764
232 388 398 486 11οΙ⁸

1003 387 1294 486 annui
1328 429 1416 484 DE
1452 430 1679 485 causa
1717 429 1803 482 er
1845 429 2145 487 Νεωτιο
2180 432 2484 491 renuosr
2530 437 2624 490 pr.

3354 443 3488 501 110⁵3-

217 546 339 614 jam
368 545 494 615 quid
524 543 668 600 aliud
696 552 886 608 restat,
916 543 1020 598 nisi
1049 555 1109 598 ut
1133 544 1535 598 Dominatorem
1564 539 1802 596 omnium
1829 542 1882 602 Α
1911 540 2044 596 Rata
2074 559 2202 615 ergo
2230 549 2603 618 compassione
2639 547 2957 604 Formosum
2998 564 3027 603 a
3061 549 3150 604 tali
3181 530 3484 618 juramentt

225 643 579 699 invocantes,
623 635 867 690 dicamus
906 651 1028 690 cum
1066 633 1370 704 Propheta:
1404 630 1666 703 Exsurge,
1700 631 1806 684 Do-

224 731 392 792 mine,
416 728 604 798 judice
633 743 848 781 causam
877 737 1023 779 tuam
1046 726 1072 779 1'
1096 723 1268 795 (Psal.
1292 726 1511 795 ιιιυιι.)

219 838 362 895 Car.
411 839 624 895 XXXII.
659 871 730 880 —
779 839 932 905 Quod
973 839 1334 907 juramentnm
1372 838 1530 891 etiam
1573 852 1665 907 per
1705 836 1810 907 vim

298 914 506 974 datum,
544 913 590 965 si
621 913 689 963 ad
719 906 1037 978 peccandum
1068 925 1169 963 non
1197 909 1434 978 pertinet,
1464 906 1807 975 irrefragabi-

299 982 422 1034 (iter
449 984 514 1034 sit
547 981 942 1035 observandum.

295 1089 414 1144 lar.
465 1089 678 1145 Calcata
730 1089 1070 1153 reverentia,
1124 1090 1266 1144 velut
1315 1090 1669 1153 obtrectator,
1723 1103 1809 1142 me

221 1181 526 1250 perjurium
556 1182 832 1237 incurrere
871 1183 1088 1248 asseris,
1117 1184 1168 1237 in
1196 1199 1262 1237 eo
1288 1182 1429 1254 quod
1455 1181 1810 1253 jurejurando

223 1271 530 1340 spopondi,
579 1260 637 1326 et
683 1272 976 1326 secundum
1018 1288 1194 1326 meum
1225 1287 1384 1342 posse
1412 1274 1805 1328 ordinationem

213 1378 392 1431 quam
421 1361 717 1419 Formosus
745 1363 902 1429 fecit,
939 1366 1267 1420 subvertant.
1323 1365 1520 1421 Fateor
1557 1367 1806 1436 equidem

218 1460 354 1529 quia
387 1461 649 1515 violenter
685 1461 971 1530 depressus
1011 1460 1320 1529 juraveram
1346 1504 1359 1525 ,
1408 1471 1464 1516 et
1513 1463 1807 1518 secundum

214 1565 406 1603 meum
438 1551 579 1606 scire
621 1560 676 1605 et
719 1567 878 1621 pesse
907 1552 1144 1621 praefatae
1171 1554 1527 1608 ordinationis
1557 1555 1809 1610 defensor

219 1641 539 1696 existerent.
589 1641 696 1700 Sed
732 1645 985 1713 quoniam
1030 1645 1081 1699 in
1121 1645 1433 1716 apostolicis
1461 1647 1807 1716 pontiﬁcibus

211 1749 331 1787 ulla
364 1744 447 1788 est
474 1737 766 1790 auctoritas
790 1778 806 1800 ,
860 1738 1017 1792 sicuti
1069 1755 1236 1809 paprc,
1272 1739 1510 1794 Marinus
1557 1743 1806 1795 eumdem

213 1826 544 1884 Formosum
575 1832 641 1886 de
661 1832 973 1901 juramento
1001 1834 1144 1902 quod
1176 1835 1376 1889 invitus
1402 1834 1656 1900 dederat,
1699 1835 1809 1890 sol-

215 1936 351 1975 vere
390 1925 597 1993 potuit,
650 1926 722 1979 ita
772 1935 828 1980 et
876 1942 960 1979 me
1009 1928 1336 1995 apostolicus
1368 1927 1530 1983 Pater
1559 1929 1626 1983 ab
1661 1929 1804 1984 illius

218 2016 550 2069 sacramenti
585 2028 726 2070 nexu
757 2017 1032 2090 dissolvit,
1083 2028 1137 2072 et
1174 2018 1470 2086 juramenti
1513 2021 1803 2090 sponsione

210 2104 446 2172 ligavit,
501 2114 559 2158 nt
603 2108 847 2160 eamdem
887 2109 1282 2163 ordinationem
1317 2111 1612 2164 secundum
1652 2126 1802 2166 meas

215 2195 364 2249 vires
395 2197 462 2250 ad
494 2196 721 2250 nihilum
755 2198 1012 2268 redigam.
1047 2199 1176 2254 Der.
1211 2199 1614 2270 Scripturarum
1649 2202 1801 2256 testi-

209 2285 419 2338 moniis
440 2294 495 2338 et
525 2283 742 2339 Patrum
769 2287 1108 2342 documentis
1135 2291 1384 2360 superius
1411 2292 1690 2346 deﬁnitum
1718 2301 1803 2347 est

204 2388 278 2428 nt
317 2377 388 2430 ad
427 2377 566 2431 male
595 2375 900 2432 faciendum
941 2395 1099 2433 nemo
1132 2390 1472 2436 sacramento
1497 2384 1803 2454 constringi

213 2465 448 2529 debeat;
499 2475 554 2520 et
603 2467 649 2520 si
700 2467 1043 2537 aliquatenus
1080 2469 1283 2525 factum
1324 2471 1526 2533 fuerit,
1576 2491 1682 2528 non
1734 2477 1804 2530 sit

204 2556 639 2622 observandum,
667 2560 760 2614 sed
791 2561 964 2631 magis
993 2563 1324 2632 poenitentiae
1353 2567 1798 2623 submittemlum.

213 2645 510 2704 Formosus
553 2651 698 2704 enim
741 2667 845 2706 non
881 2651 1087 2722 juravit
1137 2665 1196 2710 ut
1241 2658 1492 2728 cuiquam
1529 2659 1800 2716 lat-sionem

211 2736 468 2802 inferret,
509 2739 600 2794 sed
627 2746 644 2762 '
675 2757 904 2810 nequam
946 2755 1263 2815 angustatus
1291 2748 1525 2818 jurando
1555 2752 1803 2818 promisit

211 2837 276 2881 ut
329 2830 643 2886 Romuleam
699 2833 884 2888 urbem
941 2852 1213 2906 nunquam
1268 2838 1672 2909 ingrederetur,
1735 2843 1802 2898 ad

214 2921 712 2976 reconciliationem
759 2925 843 2980 sui
893 2926 1113 2982 honoris
1162 2945 1434 2999 nunquam
1480 2933 1798 3000 accederet,

212 3024 479 3079 suumque
514 3012 884 3082 episcopatum
917 3032 1192 3086 nunquam
1232 3021 1512 3090 reciperet.
1565 3022 1802 3080 Haecine

209 3114 615 3160 sacramentum
652 3110 793 3177 apud
823 3109 1158 3168 Christianos
1203 3116 1426 3170 cuilibet
1474 3118 1671 3187 imponi
1720 3121 1801 3178 fas

207 3196 340 3248 cst?
389 3195 580 3253 Nonne
619 3209 808 3255 contra
854 3217 1066 3258 sacram
1113 3206 1425 3276 religionem
1470 3211 1797 3265 contrarium

207 3302 337 3342 csse
362 3291 750 3346 convincitur?
775 3294 972 3352 Contra
998 3314 1207 3353 sacram
1237 3301 1548 3371 religionem
1577 3306 1630 3359 itt
1654 3309 1798 3376 quod

210 3377 415 3432 invitus
454 3380 659 3450 juravit
703 3393 763 3438 ut
800 3385 1118 3444 Romuleam
1161 3393 1348 3448 urbem
1392 3411 1666 3466 nunquam
1709 3399 1791 3454 in—

209 3469 444 3558 troiret,
501 3471 604 3528 hoc
651 3484 773 3543 est,
830 3494 1104 3548 nunquam
1153 3485 1514 3553 apostolorum
1558 3502 1792 3558 corpora

205 3557 360 3650 Petri
389 3570 442 3614 et
459 3561 618 3618 Pauli
647 3568 913 3624 adoraret.
949 3569 1291 3629 Contrarium
1324 3593 1449 3632 vero
1477 3579 1528 3632 in
1557 3597 1624 3634 eo
1649 3581 1792 3650 quod

208 3647 478 3717 adjunxit,
495 3662 553 3707 ut
573 3654 640 3709 ad
665 3660 1151 3717 reconciliationem
1176 3666 1256 3718 sui
1279 3666 1499 3723 honoris
1520 3647 1792 3739 nunquam

209 3743 515 3811 accederet,
531 3762 800 3822 suumque
817 3753 1184 3824 episcopatum
1208 3774 1480 3829 nunquam
1505 3762 1790 3832 reciperet.

235 3935 600 3961 Μ

1911 634 2120 689 solvere
2147 636 2537 704 decreverunt,
2587 637 2741 707 juxta
2785 638 2839 694 id
2880 639 3022 708 quod
3070 640 3326 695 Dominus
3365 642 3485 695 ait:

1912 725 2332 782 Misericordiam
2385 730 2507 783 volo
2561 731 2734 799 magis
2785 746 2949 801 quam
3002 730 3372 796 sacriﬁcium,
3436 741 3488 786 et

1910 815 2190 871 scientiam
2239 816 2334 872 Dei
2385 819 2666 889 plusquam
2718 819 3113 876 holocaustum.
3178 819 3257 875 Tu
3308 828 3498 876 autem

1909 906 2060 976 aperi
2089 907 2272 964 oculos
2307 909 2486 964 cordis
2522 910 2641 976 tui,
2691 920 2745 966 et
2786 911 2909 966 vide
2938 911 3169 982 qualiter
3197 912 3251 966 in
3282 912 3487 968 eisdem

1912 999 2017 1054 tuis
2070 1003 2426 1057 sacramentis
2479 1003 2766 1073 dupliciter
2821 1007 3208 1076 praevaricator
3260 1007 3488 1062 existas.

1909 1088 2109 1145 Jurasti
2139 1092 2282 1146 enim
2315 1092 2438 1147 licet
2469 1092 2686 1158 invitus,
2719 1102 2776 1148 ut
2806 1095 2920 1164 ipse
2948 1093 3156 1162 fateris,
3187 1105 3245 1152 ιιι
3273 1098 3492 1152 ordina-

1911 1180 2110 1235 tionem
2140 1182 2284 1235 illam
2307 1183 2599 1238 secuudum
2631 1193 2778 1236 tuum
2803 1186 2944 1240 scire
2973 1194 3027 1240 et
3049 1201 3202 1255 posse
3227 1187 3488 1242 adversus

1907 1273 2127 1328 aemulos
2165 1274 2456 1340 defendas;
2507 1275 2648 1342 quod
2695 1276 2877 1346 utique
2916 1292 3024 1330 non
3066 1277 3131 1330 ad
3171 1276 3491 1347 cujusquam

1907 1367 2293 1432 calamitatem,
2324 1368 2417 1423 sed
2447 1368 2514 1422 ad
2542 1367 2823 1423 utilitatem
2854 1370 3104 1438 pertinet.
3140 1368 3502 1424 Postmodum.

1901 1460 2013 1530 jam
2047 1475 2151 1516 non
2184 1461 2402 1524 invitus,
2438 1460 2530 1514 sed
2563 1459 2884 1528 quibusdam
2912 1460 3122 1528 placere
3153 1459 3488 1524 desiderans,

1901 1551 2095 1620 jurasti
2143 1561 2201 1607 ut
2243 1552 2490 1607 eamdem
2539 1553 2937 1607 ordinationem
2989 1552 3284 1607 secundum
3338 1563 3487 1606 tuum

1903 1659 2065 1715 posse
2105 1645 2389 1700 subvertas
2413 1685 2428 1709 ,
2479 1644 2621 1714 quod
2657 1645 2842 1714 procul
2877 1643 3040 1699 dubio
3074 1645 3139 1698 ad
3177 1644 3373 1698 malum
3407 1643 3488 1698 fa-

1899 1736 2152 1791 ciendum
2181 1737 2394 1791 attinet.
2450 1736 2690 1806 Denique
2721 1737 2773 1790 iu
2805 1736 3112 1806 apostolicis
3142 1737 3488 1805 pontiﬁcibus

1908 1844 2070 1882 unam
2101 1844 2220 1884 esse
2248 1829 2626 1885 auctoritatem
2673 1829 2795 1900 quis
2837 1830 3120 1899 ambigat?
3167 1831 3261 1884 sed
3304 1829 3490 1898 utique

1833 1897 1882 1957 Β
1907 1921 1975 1974 ad
2013 1920 2284 1990 ligandum
2308 1961 2324 1986 ,
2370 1936 2479 1990 quo
2513 1897 2708 1976 merito
2749 1920 2905 1991 ligari
2948 1897 3107 1975 tlebct
3130 1961 3145 1985 ,
3195 1931 3250 1975 et
3288 1921 3354 1973 ad
3387 1897 3488 1974 sol‘

1906 2013 2136 2067 vendutn
2172 2027 2277 2080 quo
2317 2013 2509 2066 merito
2548 2011 2681 2066 solvi
2721 2019 2953 2079 oportet.
3005 2011 3255 2080 Alioquin
3287 2010 3490 2064 frustra

1906 2104 2097 2158 beatus
2137 2101 2432 2172 Gregorius
2482 2102 2657 2157 dicit;
2707 2101 2958 2157 Iudicare
3004 2102 3070 2156 de
3116 2101 3346 2156 subditis
3394 2115 3485 2154 ne-

1905 2206 2127 2269 queunt,
2159 2198 2249 2266 qui
2281 2198 2332 2251 in
2363 2196 2589 2251 subditis
2613 2196 2727 2251 suis
2757 2210 2854 2249 sua
2883 2194 2966 2249 vel
2995 2195 3116 2250 odia
3146 2194 3228 2247 vel
3259 2193 3488 2262 gratiam

1904 2290 2206 2361 requirunt.
2233 2287 2386 2344 Unde
2412 2296 2558 2343 recte
2581 2302 2678 2357 per
2704 2287 3022 2357 prophetam
3045 2285 3277 2340 dicitur:
3303 2282 3488 2338 Morti-

1905 2381 2142 2436 licabant
2169 2381 2380 2435 animas
2407 2395 2528 2449 quae
2557 2394 2663 2433 non
2700 2380 3027 2442 moriuntur,
3059 2387 3113 2430 et
3142 2375 3486 2430 viviﬁcabant

1904 2475 2113 2530 animas
2141 2489 2262 2543 quze
2291 2489 2398 2527 non
2426 2473 2616 2527 vivunt
2647 2472 2860 2544 (Ezeclt.
2888 2473 3031 2543 xm).
3083 2470 3197 2526 Non
3247 2470 3486 2524 morien-

1905 2577 2012 2622 tem
2045 2565 2242 2634 quippe
2271 2563 2598 2627 mortiﬁcat,
2637 2563 2728 2632 qui
2761 2563 2967 2633 justum
3004 2563 3256 2623 damnat,
3292 2568 3349 2614 et
3381 2575 3488 2615 non

1903 2659 2168 2711 victurum
2202 2653 2475 2708 viviﬁcare
2505 2654 2718 2716 nititur,
2766 2653 2857 2721 qui
2902 2668 3051 2706 reum
3092 2651 3355 2722 supplicio
3393 2651 3490 2705 ali-

1902 2747 2113 2800 solvere
2135 2755 2384 2800 conatur.
2417 2744 2481 2798 Et
2511 2744 2869 2815 Hieronymus
2900 2751 3139 2798 tractans
3168 2742 3296 2798 illud
3324 2756 3488 2797 evan-

1902 2840 2188 2911 gelicum:
2245 2858 2264 2890 ι
2319 2839 2663 2908 Quaecunque
2717 2837 3012 2908 ligaveritis
3065 2853 3226 2906 super
3285 2845 3484 2890 terram

1902 2930 2116 3002 (Matth.
2152 2929 2331 3002 xvm),
2364 2950 2383 2983 ι
2420 2931 2532 2985 ait:
2574 2929 2737 2984 Istum
2773 2928 2948 2983 locum
2985 2944 3089 2982 non
3122 2928 3485 2998 intelligentes

1901 3023 2137 3092 episcopi
2186 3032 2242 3076 et
2290 3023 2629 3094 presbyteri,
2682 3022 2882 3092 aliquid
2931 3021 3033 3076 sibi
3084 3029 3366 3076 assumunt
3414 3020 3482 3076 de

1900 3115 2295 3170 Pharisaeorum
2325 3116 2632 3186 supercilio,
2665 3125 2720 3170 ut
2749 3115 2831 3170 vel
2863 3116 3117 3170 damnent
3145 3115 3484 3181 innocentes,

1905 3209 1986 3263 vel
2017 3209 2226 3263 solvere
2264 3221 2324 3261 se
2359 3208 2552 3261 noxios
2588 3207 2944 3270 arbitrentur,
2983 3220 3107 3261 eum
3145 3205 3283 3273 apud
3317 3205 3480 3258 Deum

1902 3317 2008 3356 non
2033 3301 2299 3355 sententia
2320 3301 2686 3362 sacerdotum,
2703 3297 2795 3352 sed
2819 3311 3031 3350 reorum
3054 3296 3162 3348 vita
3184 3303 3480 3364 qumratur.

1896 3393 2156 3448 Patenter
2180 3406 2309 3460 ergo
2335 3391 2560 3460 intelligi
2583 3390 2765 3454 datur,
2789 3387 2931 3454 quod
2958 3401 3114 3442 nemo
3140 3395 3191 3440 te
3217 3400 3246 3438 a
3269 3382 3486 3438 vinculo

1902 3485 2044 3540 illius
2061 3484 2376 3552 juramenti,
2400 3485 2542 3553 quod
2569 3483 2635 3537 ad
2661 3482 2799 3536 bene
2823 3479 3125 3534 faciendum
3147 3476 3483 3546 przebueras,

1901 3579 2112 3635 solvere
2143 3577 2398 3648 potuerit.
2453 3574 2824 3630 luramentnm
2858 3581 3037 3628 autem
3066 3571 3223 3642 quod.
3243 3570 3311 3624 ad
3341 3568 3483 3624 male

1902 3669 2205 3725 faciendum
2229 3667 2444 3731 dedisti,
2461 3665 2812 3736 proculdubio
2833 3680 2938 3720 non
2959 3673 3044 3719 est
3061 3659 3456 3718 observandum

1902 3761 1995 3817 sed
2023 3761 2193 3831 magis
2218 3759 2548 3830 pmnitentite
2573 3757 3017 3812 submittendum.

601 3947 3474 3975 W

1646 4113 2050 4194 INCIPIT

519 4299 815 4401 LIBER
888 4305 1386 4410 CUIUSDAM
1459 4313 2113 4429 REQUIBENTIS
2173 4314 2301 4413 ET
2376 4306 3130 4432 BESPONDENTIS,

1154 4603 1698 4731 AUXI'LII
1813 4618 2484 4733 LIBELLUS

1159 4838 1367 4916 Super
1407 4856 1599 4901 eausa
1628 4846 1682 4902 et
1723 4839 1976 4921 negotio
2006 4840 2300 4902 Feret-osi
2326 4853 2527 4920 papir.

1531 4953 1634 5043 (Ex.
1652 4980 1900 5034 Analectis
1921 4981 2129 5045 Mabill.)

1174 5233 1691 5334 MONI'TUM'
1731 5253 1864 5330 AD
1923 5250 2512 5334 LECTOREM.

249 5535 636 5634 ρειοξτὶελξυῖι
668 5534 1343 5634 ηερξξξῆοῖιέιηξτοτείδ
1377 5542 1446 5598 de
1472 5540 1924 5634 causa.Formlosi
1965 5558 2138 5634 papae,
2169 5555 2292 5612 quae
2328 5537 2554 5634 du‘obus
2597 5550 2839 5634 maﬂme
2853 5546 3144 5634 Agapitum
3180 5532 3493 5634 «rigabat...

173 5610 571 5679 Primumest,
607 5601 981 5679 an’can_on_ica
1006 5618 1162 5679 esset
1199 5609 1315 5679 ejus
1348 5614 1619 5678 promotio
1655 5612 1709 5665 in
1751 5610 1932 5665 sedem

2025 5605 2278 5668 δῐηέηξηῐι
2309 5623 2323 5672 ;
2364 5610 2611 5668 alterum
2633 5650 2650 5674 ,
2690 5621 2756 5659 an
2782 5605 3161 5668 οτόίιῖηιῑωπω
3194 5605 3260 5640 ab
3290 5615 3352 5634 οη

169 5681 348 5736 facta!
381 5674 559 5764 valida:
577 5680 786 5764 Iesse?!
805 5671 1090 5764 ,ξι-ξω]ιῆεῆ
1125 5671 1479 5764 Consequens
1505 5681 1773 5764 pendebat
1800 5695 1871 5764 ex.
1899 5680 2092 5764 p'riOri,
2115 5681 2270 5750 cujus
2300 5671 2576 5734 ἀυιιίιοιιεσ
2621 5671 2682 5702 έν

497 5762 502 5764 .
533 5748 546 5764 ι
577 5747 620 5764 Π
639 5757 833 5764 -..-.η..,-ι
