3948 5406
462 407 491 463 Ἰ
512 409 604 464 I03

1189 404 1476 460 APPEND.
1517 405 1608 460 AD
1646 404 1819 463 SA‘SC.
1863 402 1952 460 lx.
1993 435 2061 447 -—
2099 405 2465 462 AUCTORES
2504 407 2665 464 ANNl
2705 409 2998 474 INCERTI.
3043 447 3057 456 ι

3567 415 3688 472 Ηθι

465 547 492 580 a
528 527 653 579 sede
682 523 962 579 Portucnsi
998 523 1048 576 in
1083 510 1378 576 Romanam
1415 532 1560 578 esset
1594 520 1904 576 translatus.
1938 520 2069 588 Quae
2097 521 2378 576 translatio
2407 523 2787 580 ecclesiasticis
2826 528 3024 597 regulis
3062 526 3426 597 Romanisque
3467 529 3695 588 moribus

465 597 730 651 contraria
761 599 897 647 erat.

534 664 648 720 Non
680 666 898 718 defuere
927 671 1106 715 tamen
1131 703 1145 724 ,
1175 661 1265 730 qui
1303 661 1542 735 Formosi
1574 661 1930 735 patrocinium
1965 670 2504 735 tunc_suscepertntt.
2541 679 2677 733 quos
2712 669 2851 720 inter
2889 666 3132 721 Auxilius
3165 667 3386 733 quidam
3423 669 3694 735 Francus,

464 736 482 801 (
510 735 689 791 fictum
720 751 785 788 an
817 749 998 786 verum
1033 748 1225 786 nomen
1253 735 1265 796 )
1298 733 1390 785 sed
1425 733 1475 784 in
1509 731 1654 784 italia
1689 734 1907 798 degens,
1937 743 1990 784 et
2021 748 2047 784 a
2087 731 2348 785 Forntom
2378 731 2689 798 ordinatus,
2729 737 2864 791 duos
2895 738 2944 789 in
2979 735 3096 802 ejus
3127 731 3499 791 tlefensionem
3535 731 3696 796 libros

463 806 696 876 scripsit.
732 803 884 858 Prior
917 803 1091 872 capita
1132 804 1483 876 quadraginta
1506 843 1533 876 ,_
1556 803 1826 876 posterior
1865 802 2080 869 triginta
2121 803 2659 876 duo_complectitur,
2700 821 2820 858 cum
2858 807 3083 873 epistola
3123 808 3319 875 pra-via
3362 809 3432 860 ad
3475 809 3697 864 Leonem

461 871 728 930 Nolanum
752 871 1090 946 episcopum,
1122 874 1272 940 cnjns
1305 871 1488 946 rOgatu
1525 871 1660 946 istud
1691 887 1822 946 Opus
1853 882 2188 946 susceperat.
2227 871 2839 946 liancepistolamcum
2874 871 3048 929 iudice
3085 871 3303 945 triginta
3341 880 3698 946 capitulorum

460 947 654 1013 prioris
690 941 807 998 libri
827 944 1270 1015 ,_'lllttSll'lSSllllttS
1306 941 1590 1015 cardiualis
1628 941 1889 1015 Baronius
1923 943 2030 1015 in“
2057 944 2364 1015 Appendice
2405 945 2531 996 tomi
2572 943 2660 997 XII
2699 945 2967 1000 inseruit:
3005 941 3294 1015 utrumque
3327 941 3529 1001 librum
3567 950 3697 1004 inte-

460 1008 611 1082 };rnm
642 1015 808 1068 edidit
833 1013 1066 1066 Joannes
1097 1013 1330 1085 Moriuns
1361 1014 1412 1065 in
1445 1023 1596 1085 parte
1628 1013 1766 1085 It_de
1796 1011 1968 1064 sacris
1995 1008 2449 1085 Qrtliuationibus
2475 1030 2502 1066 a
2526 1015 2826 1085 pagai‘ils.

533 1085 802 1157 Posterior
835 1085 968 1137 liber
1004 1095 1174 1157 esstat
1215 1084 1265 1136 in
1304 1080 1630 1157 ms._:cudice
1667 1080 2180 1157 Fiscatnnt‘nsiucui
2221 1081 2337 1157 loco
2375 1080 2572 1151 prioris
2603 1080 2635 1136 εἰ
2670 1082 3039 1157 Μυνίιιοῌρᾴἰιί
3081 1086 3435 1150 praemittitur
3463 1087 3699 1157 dialogus

460 1155 544 1208 liic.
581 1156 787 1224 editus,
822 1169 979 1224 quem
1021 1151 1258 1224 ejusdem
1295 1152 1492 1206 Auxilii
1534 1169 1625 1205 ese
1663 1167 1768 1224 non
1807 1151 2011 1204 dubito.
2038 1151 2394 1224 ‘Descriptum
2433 1169 2498 1205 ex
2538 1169 2602 1206 eo
2641 1157 2825 1208 codice
2860 1155 3128 1224 dialogum
3168 1157 3232 1208 ad
3270 1173 3359 1210 me
3403 1151 3698 1212 transmisit

460 1235 642 1278 noster
672 1220 918 1278 Julianus
946 1222 1203 1276 Bellasius
1224 1263 1237 1284 ,
1271 1238 1502 1290 eumque
1538 1224 1589 1275 in
1623 1221 1895 1290 publicum
1930 1220 2172 1288 proferre
2203 1222 2377 1278 visum
2410 1233 2491 1277 est
2512 1263 2526 1287 ,
2557 1224 2600 1277 si
2630 1225 2756 1292 quid
2788 1220 3030 1280 conferat
3059 1227 3124 1278 ad
3157 1227 3539 1281 obscurissiini
3573 1239 3698 1282 tein-

458 1296 605 1364 poris
635 1295 1056 1364 controversiam
1082 1293 1488 1364 illus;raudam.

524 1365 736 1418 Auxilio
776 1365 826 1417 in
859 1363 1045 1415 laudes
1079 1362 1318 1417 Formosi
1350 1377 1499 1430 pap;e
1531 1360 1801 1414 consentit
1829 1357 2204 1423 Frodoardus,
2239 1375 2360 1415 cum
2395 1361 2446 1415 iu
2479 1362 2704 1417 historia
2738 1378 2864 1424 sua,
2901 1374 3012 1417 tum
3067 1380 3121 1418 In
3174 1365 3314 1418 libro
3369 1367 3602 1420 metrico
3635 1367 3696 1421 de

459 1434 712 1488 Romanis
744 1433 1098 1486 Pontilicibus
1119 1473 1132 1494 ,
1164 1433 1319 1503 cujus
1349 1433 1471 1485 libri
1505 1447 1694 1501 magna
1726 1445 1851 1499 pars
1900 1432 2041 1502 typis
2073 1431 2283 1501 vulgata
2313 1441 2396 1487 est
2427 1432 2480 1486 in
2520 1443 2679 1503 parte
2719 1450 2758 1489 tt
2806 1435 2988 1490 δωρειιὶ
3019 1435 3164 1490 tertii
3199 1435 3572 1501 Benedictini,
3615 1438 3696 1492 ubi

458 1504 523 1558 de
552 1503 814 1558 Formoso
848 1505 958 1557 hate
993 1503 1133 1556 inter
1162 1503 1264 1554 alia
1298 1502 1581 1572 leguntur:

1073 1591 1256 1639 l‘msnl
1283 1593 1362 1639 hic
1385 1592 1622 1649 egregius
1644 1589 1902 1640 Formosus
1926 1589 2146 1639 laudibus
2168 1591 2276 1640 altis

1064 1652 1298 1702 Evehitur
1325 1667 1335 1699 :
1364 1666 1538 1709 castus,
1569 1666 1739 1713 parcus
1762 1656 1871 1709 sini,
1898 1653 2061 1710 largus
2085 1655 2256 1708 egenis
2281 1667 2294 1700 :

1059 1715 1330 1764 Balearica:
1356 1718 1490 1776 genti
1519 1716 1626 1760 tidei
1649 1717 1728 1767 qui
1756 1718 1940 1761 semina
1961 1716 2153 1776 sparsit,

1068 1776 1280 1824 Delubra
1302 1777 1564 1834 destruxit,
1587 1780 1815 1835 poputnm
1840 1776 2121 1824 caslesllbtts
2146 1777 2291 1824 armis

1067 1837 1314 1899 Lustrum,
1338 1839 1547 1885 tolerans
1569 1838 1841 1886 discrimina
1871 1835 2088 1896 plurima,
2119 1846 2379 1899 promptus.

1067 1895 1355 1957 Exi-mplum
1383 1900 1621 1956 tribuens,
1649 1908 1693 1944 ut
1722 1900 1818 1945 sint
1851 1903 2050 1945 adversa
2072 1895 2295 1958 terenda,

1066 1959 1124 2009 Et
1149 1961 1300 2008 brete
1328 1961 1509 2007 viventi
1537 1960 1797 2006 metuenda
1824 1959 2118 2008 incommoda
2143 1961 2290 2010 nulla.

451 2042 519 2096 At
549 2041 875 2124 Formosum
895 2058 1003 2124 non
1033 2043 1101 2095 ita
1136 2044 1304 2124 culpa:
1333 2053 1628 2124 expertem“
1645 2041 1810 2124 fuisse
1846 2042 2123 2124 cotitendit
2164 2042 2399 2124 lloriuus
2425 2087 2440 2112 ,
2476 2048 2604 2117 quin
2633 2047 2938 2121 Stephanus
2973 2050 3036 2106 Vl
3089 2054 3425 2124 probabilem
3481 2053 3534 2107 in
3581 2069 3692 2109 eum

452 2124 722 2168 mortuum
754 2113 1004 2168 saeviendi
1038 2128 1255 2166 causam
1287 2113 1557 2168 habuerit.
1594 2113 1665 2167 De
1697 2112 1799 2166 hoc
1827 2113 1916 2166 alii
1944 2112 2208 2179 judicent.

489 2308 662 2374 —‘Pe'tis
690 2334 718 2372 a
743 2332 827 2373 me
860 2316 1170 2386 responderi
1200 2315 1292 2370 tibi
1317 2329 1477 2385 super
1501 2313 1847 2368 Formosiana
1874 2313 2015 2368 cata.
2047 2319 2087 2374 Α
2119 2312 2396 2380 quiet-itur.
2428 2309 2744 2378 Formosus,
2779 2323 2835 2368 et
2860 2315 3085 2384 qurestio
3112 2318 3284 2373 estde
3318 2319 3431 2374 illo.
3466 2321 3605 2388 Quid
3629 2325 3695 2378 sit

441 2412 651 2472 mitate,
681 2419 866 2480 utpote
905 2410 1121 2478 ignarus
1149 2408 1413 2462 veritatis.
1456 2407 1607 2472 Quod
1661 2405 2019 2474 reSpondeam

445 2501 792 2564 ιλςιίινέδῑνεςιίῑ»
821 2517 832 2561 ς
866 2510 1035 2560 tottm't
1066 2502 1207 2560 enim
1239 2513 1555 2573 sest‘ans'un
1587 2504 1686 2554 cst.
1721 2494 2019 2553 .Vcrborum

442 2601 584 2654 enim
619 2599 772 2668 copia
801 2600 999 2650 irustra
1041 2607 1378 2665 pet-strepere
1423 2593 1611 2646 vitium
1659 2601 1760 2654 cst,
1794 2605 2022 2660 praescr-

443 2691 544 2744 tirn
586 2706 706 2744 cum
763 2689 993 2758 epistola
1047 2687 1194 2741 brevi
1245 2686 1408 2740 verbo
1455 2684 1633 2737 clausa
1691 2682 2025 2750 responderit

444 2781 673 2839 dicens:
721 2778 829 2833 t'Si
862 2779 984 2848 quis
1019 2777 1160 2831 aliud
1200 2774 1670 2846 evangelizaverit,
1720 2773 1882 2825 etiam
1922 2787 2021 2824 an-

442 2869 591 2936 gelus
620 2869 685 2924 de
713 2869 850 2923 ctelo
871 2869 1095 2921 veniens
1125 2875 1318 2935 pra‘tcr
1353 2866 1404 2918 id
1435 2863 1573 2934 quod
1599 2872 1702 2925 cst,
1732 2862 2017 2913 anathema

443 2961 515 3014 sit
552 2958 694 3025 (Gal.
727 2975 768 3022 1,
799 2958 872 3029 8).
910 2977 930 3010 ι
979 2957 1100 3010 Jam
1145 2957 1290 3010 enim
1332 2955 1498 3024 pudet
1542 2952 1827 3006 fatuitatis.
1878 2949 2016 3017 Quid

447 3051 612 3119 igitur
636 3051 853 3119 prodest
881 3058 960 3102 tot
983 3049 1325 3101 membranas
1350 3059 1640 3114 occupare,
1667 3053 1720 3096 et
1747 3043 1813 3096 de
1839 3057 2020 3096 exclu-

444 3142 688 3211 plaribus
743 3139 1001 3209 plenariis
1065 3138 1303 3207 quotidie
1367 3135 1683 3206 capitularia
1741 3134 1793 3186 in
1861 3133 2021 3186 tom-is

445 3229 743 3285 transferre
793 3248 806 3282 :
856 3245 978 3284 cum
1033 3230 1172 3284 desit
1224 3228 1590 3293 auditorium;
1645 3227 1867 3295 insuper
1913 3224 2020 3278 alto

443 3323 618 3392 sopita
663 3322 810 3390 aspis
848 3322 1028 3392 jaceat
1065 3334 1256 3375 somno
1296 3319 1554 3389 gravique
1600 3317 1844 3385 litargico
1885 3317 2020 3368 adeo

441 3429 652 3482 pressa,
686 3423 744 3468 ut
779 3413 926 3467 nullo
947 3420 1106 3481 queat
1137 3411 1362 3464 excitari
1392 3409 1561 3462 sono?
1587 3407 1692 3460 lllis
1715 3408 1894 3474 itaque
1920 3407 2021 3460 hoc

447 3521 607 3574 agere
643 3505 920 3574 competit,
972 3503 1166 3572 quibus
1208 3511 1292 3556 est
1329 3499 1676 3556 commissum
1721 3496 2019 3566 magisterii

444 3600 758 3670 remigium:
785 3600 858 3654 illi
880 3599 1077 3654 debent
1106 3599 1310 3661 audire,
1334 3605 1600 3667 quatenus
1621 3608 1787 3662 usque
1809 3594 1874 3646 ad
1901 3609 2016 3646 san-

2127 2418 2273 2465 vcro,
2326 2403 2557 2472 pertinet
2611 2404 2676 2458 ad
2725 2420 2946 2460 causam
3001 2427 3013 2460 :
3068 2417 3126 2462 ut
3178 2410 3307 2477 quid
3361 2411 3514 2475 fecit,
3565 2416 3695 2469 unde

2125 2499 2351 2571 quaestio
2385 2507 2483 2556 est.
2519 2499 2685 2566 ρλωιιε
2713 2510 2916 2567 autem,
2949 2501 3023 2560 ad
3062 2504 3430 2577 conjecturam
3459 2510 3688 2580 respicit.

2126 2592 2248 2646 inde
2276 2594 2342 2646 ad
2369 2596 2800 2650 controversiain
2827 2606 3060 2664 quatuor
3089 2600 3542 2655 constitutionum
3573 2617 3587 2655 :
3615 2604 3695 2657 ubi

2117 2683 2231 2754 jam
2272 2700 2412 2739 nunc
2442 2686 2726 2740 dicendum
2767 2688 2893 2756 quid
2923 2688 3064 2742 inter
3104 2690 3216 2744 hare
3247 2691 3433 2746 distet.
3471 2691 3695 2759 Quastio

2123 2785 2205 2827 est
2256 2775 2602 2847 conjectura;
2643 2779 2951 2848 conjectura
2995 2791 3196 2845 autem,
3239 2784 3496 2852 ambigua
3545 2786 3696 2838 inter-

2123 2867 2353 2933 pretatio
2380 2885 2392 2920 :
2429 2856 2606 2921 utrum
2634 2870 2704 2923 sit
2732 2870 2955 2940 aliquid,
2984 2872 3065 2926 vel
3091 2888 3219 2936 non,
3255 2874 3339 2927 vel
3368 2873 3484 2928 ﬁeri
3508 2886 3694 2944 petest,

2123 2963 2202 3018 ut,
2236 2971 2304 3008 an
2345 2957 2634 3013 Formosus
2675 2975 2892 3015 sacrare
2930 2972 3051 3029 post
3087 2964 3695 3020 exrommunicationem

2123 3045 2397 3100 valuisset.
2431 3046 2604 3100 Causa
2639 3065 2764 3102 vero
2788 3058 2890 3111 est,
2921 3066 2988 3103 an
3005 3049 3151 3118 jnste
3181 3050 3398 3115 fecerit,
3428 3055 3689 3108 nascitur-

2122 3151 2225 3205 que
2247 3152 2316 3190 ex
2346 3139 2640 3206 quzestione
2683 3154 2870 3202 causa,
2903 3155 2966 3194 ex
2995 3155 3159 3196 causa
3191 3143 3538 3205 constitutio,
3570 3147 3700 3198 unde

2123 3231 2194 3284 sit
2225 3231 2452 3300 quaestio
2493 3243 2551 3285 ut
2602 3232 2849 3286 videatur
2895 3248 3077 3288 causa.
3130 3234 3300 3288 Porro
3342 3238 3698 3305 quaestionum

2125 3335 2225 3398 aut.
2268 3323 2477 3377 ﬁnitum
2524 3334 2628 3389 est,
2670 3335 2762 3378 aut
2813 3326 3105 3380 infinitum.
3157 3327 3395 3381 Finitum
3445 3346 3462 3381 :
3497 3346 3565 3381 an
3587 3329 3702 3396 jure

2125 3415 2326 3471 factum
2352 3416 2421 3470 sit
2449 3432 2464 3480 ;
2505 3417 2788 3484 oriturque
2818 3418 2884 3472 de
2915 3427 3064 3473 certo
3089 3417 3313 3480 factum,
3339 3421 3702 3474 demonstrat-

2124 3520 2228 3574 que
2254 3521 2538 3575 personam
2569 3523 2690 3578 quae
2717 3508 2915 3564 dicitur
2942 3510 3278 3579 bypothcsis.
3324 3511 3519 3565 Omnis
3545 3512 3702 3581 igitur

2125 3610 2213 3649 res
2239 3597 2665 3665 argumentando
2701 3597 3076 3651 continuatur.
3121 3597 3312 3653 Omnis
3355 3599 3576 3654 scilicet
3621 3615 3700 3653 res

449 3691 664 3760 guinem
703 3691 978 3746 resistant.
1025 3691 1135 3760 Ego
1171 3699 1350 3743 autem
1391 3687 1510 3741 vilis
1551 3696 1605 3740 et
1633 3685 1844 3754 stupida
1877 3684 2013 3743 ovis,
2051 3694 2094 3752 Β
2126 3701 2245 3755 quae
2283 3687 2561 3756 hypothcsi
2605 3689 2875 3752 consistit,
2899 3703 3063 3742 causa
3088 3688 3306 3752 dicitur,
3338 3691 3498 3760 cujus
3528 3707 3698 3745 causa

445 3781 620 3834 debeo
649 3781 834 3834 audire
857 3782 1120 3834 dicentem
1154 3796 1168 3832 :
1204 3796 1221 3828 ς
1252 3778 1306 3831 ln
1336 3776 1590 3847 patientia
1650 3786 1738 3828 tua
1781 3774 2024 3843 posside-

450 3869 536 3922 bis
561 3869 794 3923 animam
828 3879 971 3922 tuam
997 3867 1147 3938 (Luc.
1178 3883 1289 3928 XXI,
1319 3867 1430 3936 19).
1464 3885 1480 3916 ι
1518 3865 1581 3919 Ει
1602 3865 1793 3918 iterum
1823 3882 1835 3916 :
1871 3861 2024 3915 «Cul-

454 3970 542 4016 tus
569 3960 794 4029 justitia:
823 3959 1094 4013 silentium
1127 3957 1260 4026 (lea.
1291 3972 1464 4020 xxx",
1501 3955 1605 4026 l7).
1638 3973 1656 4004 ι
1700 3953 1897 4006 Paulus
1927 3952 2024 4022 igi-

447 4063 558 4115 tur,
589 4067 712 4106 cum
733 4059 874 4104 esset
897 4065 992 4103 vas
1015 4048 1314 4110 electionis,
1340 4046 1595 4112 magister
1623 4043 1891 4106 Ecclesite,
1919 4059 2021 4096 non

443 4142 514 4196 ab
548 4141 785 4204 bmuine,
820 4139 912 4194 sed
956 4139 1024 4193 ab
1065 4137 1179 4208 ipso
1225 4137 1333 4190 Deo
1365 4136 1415 4190 in
1449 4136 1748 4205 apostolatu
1795 4134 2020 4198 electus,

451 4247 555 4286 non
587 4247 644 4286 se
675 4231 871 4286 :estivit
901 4238 1292 4300 competentcm
1317 4226 1516 4281 volanti
1548 4226 1702 4297 Mago
1732 4228 2018 4296 imperare,

445 4325 540 4378 sed
571 4325 705 4379 dixit
733 4337 747 4377 :
777 4322 950 4377 Tuum
975 4329 1079 4386 est,
1106 4320 1285 4384 Petre,
1312 4320 1598 4390 imperare,
1636 4333 1811 4372 meum
1841 4328 2019 4370 autem

439 4430 464 4466 ‹
486 4430 622 4468 rare.
659 4414 751 4468 Sic
785 4413 1056 4472 nimirum,
1085 4413 1164 4467 sic
1203 4428 1361 4467 orare
1391 4421 1638 4466 nostrum
1671 4419 1776 4472 est,
1801 4417 1858 4464 ut
1885 4410 2010 4462 dor-

449 4507 618 4561 miens
644 4505 799 4560 Jesus
826 4507 876 4560 in
917 4504 1162 4560 navicula
1188 4514 1465 4574 exsurgat,
1499 4513 1552 4558 et
1573 4503 1778 4572 judicet
1800 4517 2017 4557 causam

449 4611 622 4648 suam.
650 4593 914 4649 Caeterum
938 4595 1110 4649 victus
1135 4603 1224 4648 tuo
1250 4593 1451 4655 favore,
1480 4595 1744 4648 nemiuem
1770 4608 2017 4662 carpens,

452 4687 831 4755 nctninemqne
857 4685 1274 4756 reprehendens,
1299 4684 1502 4738 nullum
1533 4693 1739 4739 certum
1773 4694 2018 4753 tangens,

450 4777 768 4830 distribuam
815 4776 933 4839 tibi,
966 4784 1018 4829 te
1048 4774 1274 4844 praasule
1306 4784 1462 4845 teque
1487 4775 1690 4846 judice,
1719 4777 1816 4829 sub
1841 4778 2021 4830 rheto-

445 4867 562 4920 rico
587 4867 868 4935 phasma-te
913 4865 1205 4919 actiouales
1248 4879 1532 4919 causarum
1559 4879 1740 4928 voces,
1791 4879 2018 4933 quarum

445 4955 743 5008 intentione
767 4964 820 5009 et
853 4954 1159 5022 repulsione
1197 4955 1316 5022 quis
1342 4953 1442 5008 sibi
1481 4953 1758 5007 varietatis
1787 4954 2017 5024 palmam

2129 3778 2230 3830 ista
2258 3787 2341 3830 est.
2381 3775 2628 3830 dilIiuitio
2658 3791 2672 3830 :
2703 3776 2795 3830 Lis
2821 3793 2940 3830 cum
2984 3787 3131 3832 certa
3180 3794 3437 3848 persona.
3485 3780 3550 3834 Et
3594 3781 3701 3834 hare

2125 3866 2302 3920 omnis
2345 3881 2432 3920 res
2485 3883 2552 3921 ex
2596 3877 2800 3935 septem
2850 3866 2979 3922 locis
3026 3879 3345 3938 argumenta
3410 3871 3698 3924 contrahit.

2125 3955 2328 4011 Horum
2355 3957 2481 4021 duo,
2512 3957 2633 4026 quis
2673 3966 2728 4011 et
2771 3957 2921 4026 quid,
2965 3958 3145 4012 omnia
3180 3960 3494 4013 continent.
3534 3959 3704 4030 Hypo-

2128 4048 2304 4102 thcsin
2335 4049 2516 4117 itaque
2543 4048 2689 4102 litem
2713 4049 2974 4102 continet.
3005 4048 3204 4103 Litium
3235 4061 3417 4106 autem
3444 4053 3566 4106 dum
3587 4060 3702 4104 sunt

2123 4152 2301 4199 voces,
2339 4138 2700 4192 insinmlantis
2728 4148 2783 4193 et
2832 4139 3156 4207 repulsantis
3197 4158 3210 4192 ε
3262 4155 3384 4209 quae
3429 4140 3569 4194 ﬁunt
3615 4155 3703 4208 per

2123 4230 2514 4300 ltypophoram,
2559 4236 2616 4283 et
2658 4230 3092 4298 antipophoram.
3147 4227 3252 4282 Sed
3300 4229 3368 4282 de
3421 4229 3526 4284 hoc
3557 4230 3701 4282 satis.

2123 4321 2324 4376 Idcirco
2352 4321 2534 4390 itaque
2559 4321 2658 4375 ista
2697 4323 3067 4391 praadiximus,
3097 4332 3366 4389 quatenus
3393 4337 3699 4392 praenosca-

2126 4423 2214 4467 tur
2264 4413 2544 4481 liquidius,
2591 4427 2698 4482 quo
2740 4420 3061 4489 argumento
3092 4413 3239 4466 vocis
3287 4412 3431 4466 alter
3477 4413 3697 4468 alterum

2092 4553 2094 4556 ,
2117 4503 2404 4572 jaculetur.
2439 4503 2702 4571 Quocirca
2748 4513 3016 4558 statuatur
3050 4504 3161 4573 jam
3213 4520 3357 4557 nunc
3392 4514 3542 4558 certa
3587 4520 3699 4573 per-

2123 4613 2251 4652 sona
2297 4596 2543 4651 Fortnosi
2590 4595 2642 4650 in
2676 4595 2872 4659 medio,
2905 4603 2958 4649 et
2995 4595 3285 4648 causidicis
3321 4593 3696 4666 [causidicus].

2123 4689 2166 4744 si
2199 4689 2339 4742 sicut
2360 4697 2414 4742 et
2435 4703 2503 4742 ex
2525 4687 2749 4740 adverso
2772 4685 3020 4739 civilibus
3037 4683 3436 4739 alternantibus
3462 4684 3697 4746 vocii-us,

2119 4795 2217 4850 per
2244 4779 2724 4835 demonstrativum
2757 4779 2974 4832 tertium
3005 4793 3173 4846 genus
3219 4792 3514 4830 causarum
3543 4790 3696 4845 expe-

2125 4872 2298 4924 riatur
2349 4871 2572 4934 veritas,
2603 4867 2686 4922 vel
2741 4867 2971 4921 falsitas.
3033 4865 3146 4920 Huc
3193 4866 3380 4934 itaque
3419 4865 3694 4919 dialectica

2126 4960 2347 5014 minime
2394 4959 2664 5014 succurrit
2717 4958 2893 5010 neutri
2927 4973 2940 5008 :
2975 4956 3098 5024 quia
3131 4955 3216 5008 his
3243 4962 3299 5008 et
3332 4953 3697 5008 controversia

447 5046 878 5097 acuuiratnnssis
902 5044 1190 5100 vigilanter
1213 5044 1541 5096 discernere.
1571 5041 1764 5092 Verum
1789 5045 2016 5090 nrimnm

2126 5061 2201 5088 ης·
2266 5060 2522 5097 "ammte.
2571 5057 2901 5100 monstratur
2951 5062 3204 5116 persona,
3235 5046 3324 5099 ubi
3375 5043 3699 5115 impossibile

3327 5149 3343 5154 ‘
3404 5138 3598 5185 ‘natlel
