3948 5396
235 476 344 533 H05

984 470 1239 528 AUXlLll
1282 469 1369 526 DE
1408 468 1632 527 CAUSA
1675 465 1765 524 ET
1806 463 2107 524 NEGOTIO
2145 462 2457 524 FORMOS!‘
2490 461 2586 519 PP.

3321 468 3455 523 H06

221 590 350 648 sibile
376 590 654 658 fuitquste
677 602 854 659 .tgart,
886 585 1141 656 possibile
1166 593 1249 640 est
1279 593 1334 639 et
1356 583 1501 654 iuste
1526 580 1756 638 absolvi.
1790 585 1837 644 Α
1866 578 2109 635 illicitum
2137 594 2243 635 non
2291 577 2522 635 exstitit.
2558 575 2708 633 Unde
2752 575 3089 633 contrarium
3126 585 3285 633 sonat
3311 579 3456 648 quod

278 682 368 739 las.
415 681 532 737 Non
567 680 743 750 igitur
774 678 1055 734 absolutus
1105 675 1227 741 fuit,
1274 674 1400 745 quia
1457 673 1662 743 scripto
1709 680 1767 728 et

211 773 494 844 iuramento
526 770 857 826 ﬁrmaverat.
894 770 1079 825 Acron
1111 786 1122 823 :
1153 765 1305 822 Licet
1345 763 1630 821 malefacta
1668 763 1762 818 be—

216 860 417 932 nefactis
444 859 645 915 delere.
702 857 806 913 Iste
832 866 1010 911 tamen
1049 856 1200 927 prius
1239 852 1762 915 excommunicatus,

216 960 376 1022 postea
405 961 488 1005 est
510 948 807 1005 absolutus.
1387 994 1395 1002 .

270 1039 358 1098 las.
389 1038 506 1107 Quo
552 1049 709 1109 pacto
748 1037 858 1092 scis
895 1051 1018 1091 eum
1046 1033 1386 1090 absolutum?
1427 1035 1615 1089 Acron
1647 1049 1658 1085 :
1687 1029 1767 1085 Eo

209 1129 392 1186 scilicet
421 1144 528 1200 quo
557 1137 611 1183 tu
636 1125 1188 1182 excommunicatum.
1220 1122 1455 1177 Auditur
1475 1121 1619 1177 enim
1654 1130 1765 1174 tam

208 1238 373 1279 verum
398 1265 412 1288 ,
442 1235 604 1292 quam
647 1219 841 1274 falsum
882 1218 1151 1272 nuntium.
1197 1215 1334 1271 Ecce
1375 1216 1521 1270 enim
1567 1223 1767 1285 praesto

202 1290 317 1371 sunt
335 1290 566 1383 episcopi
594 1326 821 1380 quorum
853 1308 1139 1379 praesentia
1168 1305 1451 1363 absolutus
1476 1313 1580 1360 est.

267 1403 354 1457 lus.
382 1401 912 1465 Excommuuicatus,
935 1414 1039 1453 non
1070 1397 1350 1452 absolutus
1374 1394 1499 1461 fuit,
1523 1395 1762 1472 inquam.

198 1496 402 1552 Acron:
444 1491 596 1549 Unde
646 1490 749 1545 fuit
803 1486 1357 1545 excommunicatns?
1409 1484 1483 1547 Et,
1523 1484 1648 1554 quia
1702 1498 1767 1541 ea:

196 1584 487 1655 prepositio
520 1581 1007 1653 sequestrationem
1036 1577 1324 1649 signiﬁcat.
1356 1576 1766 1633 Communicare

197 1690 314 1729 vero
333 1673 677 1744 polissemum
713 1681 818 1736 est,
848 1671 1156 1741 ambiguum
1187 1677 1348 1725 sonat
1381 1668 1521 1723 unde
1551 1682 1766 1727 excom-

193 1767 507 1822 municatum
554 1780 791 1828 asseras,
824 1761 1119 1833 praesertim
1167 1777 1290 1817 cum
1340 1776 1436 1817 sex
1487 1759 1626 1815 modi
1659 1761 1765 1815 sint

190 1857 475 1915 divisionis.
510 1855 658 1916 Unus
690 1865 871 1910 autem
903 1854 1119 1926 generis
1155 1852 1206 1907 in
1245 1852 1473 1921 species,
1504 1859 1683 1914 totum
1710 1850 1763 1904 in

1834 982 1837 985 .
1868 940 1961 995 lat.
1995 938 2181 996 Omnis
2214 941 2395 1011 itaque
2433 942 2744 1013 conjectura
2783 944 2971 1013 modos
3019 944 3261 1014 possidet
3294 954 3403 1000 tres
3437 986 3459 1001 .

1866 670 2082 726 astruis.
2137 670 2325 726 Acron
2370 686 2383 724 :
2446 666 2619 738 Majas
2669 678 2752 724 est
2822 667 3006 738 plures
3077 668 3456 738 pessumdare,

1868 777 2029 831 quam
2062 778 2223 816 unum
2253 761 2484 816 salvere.
2524 760 2794 832 Quidquid
2829 762 2991 834 igitur
3038 762 3127 830 ﬁt,
3162 763 3215 819 in
3244 764 3457 845 duobus

1869 851 1927 905 ﬁt
1956 868 1969 904 :
2003 851 2159 906 factis
2190 852 2444 907 etdictis.
2489 851 2713 907 Factum
2762 862 2889 915 stat,
2934 853 3134 909 dictum
3164 855 3449 925 perambu-

3465 879 3481 994 ί

1868 1048 1896 1087 a
1933 1047 2116 1097 causa,
2165 1047 2195 1085 a
2248 1046 2499 1102 persona,
2546 1048 2574 1086 a
2622 1031 2789 1088 facto.
2835 1032 2892 1088 In
2936 1034 3036 1090 bac
3080 1035 3243 1106 igitur
3268 1050 3468 1101 causa“

1866 1121 2025 1191 hujus
2077 1138 2321 1193 personae
2367 1122 2615 1177 voluntas
2663 1134 2745 1178 est
2778 1111 3059 1189 intuenda,
3098 1133 3365 1181 utamore
3393 1126 3456 1183 lie

1867 1210 2089 1265 berandi
2130 1210 2320 1281 patriae
2350 1212 2647 1266 excesserit
2694 1211 2921 1267 dictum.
2972 1213 3071 1269 llic
3111 1215 3277 1275 enim.
3329 1232 3453 1273 cum

1865 1313 2010 1365 esset
2041 1303 2307 1365 celebrior
2327 1319 2389 1360 ea
2416 1313 2734 1375 tempestate
2775 1305 2892 1360 suis
2927 1306 3319 1363 contrilmlibus
3352 1294 3449 1364 no-

1865 1392 2099 1458 bilitate,
2134 1394 2579 1465 morigeralitate,
2603 1397 2950 1467 gravioriquc
2985 1398 3132 1452 omni
3164 1398 3450 1468 probitate,

1865 1490 1919 1539 et
1957 1482 2185 1538 vidisset
2230 1494 2444 1555 gentem
2500 1500 2653 1540 suam
2694 1486 3036 1558 patriamque
3086 1488 3357 1544 humiliari
3390 1504 3456 1545 ac

1866 1572 2132 1643 deiectum
2158 1573 2291 1643 pati,
2316 1572 2499 1645 elegit,
2531 1574 2646 1629 zelo
2668 1576 2881 1641 ductus,
2904 1578 3085 1648 potius
3127 1582 3260 1634 mori
3289 1594 3488 1650 quam-

1867 1660 2107 1717 funditus
2152 1665 2537 1734 rempublicam
2579 1667 2746 1721 everti
2778 1676 2832 1722 et
2869 1668 3097 1739 turpiter
3127 1668 3310 1726 videre
3342 1686 3457 1733 ma-

1865 1753 2057 1809 culari.
2112 1754 2199 1820 Et,
2227 1756 2353 1826 quia
2394 1767 2712 1813 cunctorum
2775 1760 2987 1814 hortatu
3035 1761 3161 1832 egit,
3208 1761 3491 1818 illicitum.

1865 1855 1985 1902 erat
2007 1847 2300 1913 dimittere,
2328 1849 2706 1923 multo‘magis
2732 1861 2792 1921 ut
2814 1853 3002 1921 patriae
3035 1868 3095 1908 se
3135 1855 3457 1925 Opponendo

185 1948 465 2020 partibus,~
490 1962 675 2002 vocem
714 1947 767 2001 in
811 1944 1046 2015 propriis
1098 1940 1597 2012 significationibus,
1632 1941 1758 1997 sub-
1793 1929 1841 1991 B
1868 1950 1973 1991 non
2014 1946 2351 2003 occurreret,
2397 1954 2561 2009 quam
2604 1940 2846 1996 inlicitum
2870 1954 3280 2000 sacramentum
3333 1959 3467 2001 sese.

179 2038 373 2113 fectum
423 2038 476 2093 in
512 2036 850 2100 aCCitlcﬂliiS,
900 2034 1200 2097 accidentia
1241 2033 1295 2088 in
1321 2030 1584 2111 subjecto,
1612 2030 1760 2085 acci-

183 2128 357 2189 dentia
378 2127 440 2187 .in
477 2126 815 2183 accidentiis.
846 2124 958 2180 Hac
986 2138 1117 2179 voce
1157 2122 1423 2187 sermonis
1450 2121 1761 2192 ambiguum

180 2230 234 2274 et
259 2218 738 2290 amphibologicum
785 2216 1012 2272 illustra.
1046 2214 1201 2271 Unde
1227 2213 1351 2284 quia
1384 2213 1571 2275 vitium
1600 2210 1656 2266 in
1678 2210 1761 2266 lo-

178 2309 388 2383 quendo
414 2307 616 2375 fecisti,
646 2297 835 2377 supple
866 2307 1009 2376 quod
1038 2306 1219 2362 minus
1246 2304 1452 2360 dixisti.

245 2395 349 2453 lus.
390 2397 542 2464 Dico,
599 2396 794 2465 inquit,
829 2396 988 2450 istmn
1035 2395 1357 2452 Formosum
1394 2392 1762 2450 excommuni-

172 2496 375 2554 catum,
413 2487 466 2543 id
490 2495 574 2543 est
602 2497 754 2542 extra
785 2486 1220 2543 communionem
1268 2470 1642 2555 episcoporum
1668 2498 1761 2539 or-

171 2581 312 2635 dinis
350 2579 646 2650 repulsmn.
679 2580 901 2635 Acron:
946 2577 1120 2648 Maius
1158 2586 1243 2633 est
1277 2592 1309 2631 a
1341 2576 1565 2648 collegio
1598 2574 1760 2635 Chris

166 2668 472 2726 stianorutn
503 2670 811 2735 excludere,
842 2685 1004 2747 quam
1049 2670 1118 2725 ab
1166 2666 1343 2728 cilicio
1383 2668 1758 2740 episcoporum

162 2778 406 2820 cessare.
436 2764 504 2818 Et
531 2771 709 2818 tamen
736 2762 886 2818 abeo
913 2764 1057 2833 quod
1081 2763 1255 2834 majus
1275 2771 1366 2817 est
1382 2763 1446 2817 ad
1474 2762 1758 2832 pristinam

162 2859 384 2914 venitur
414 2857 647 2911 veniam.
680 2855 740 2910 Si
767 2857 933 2922 enim,
966 2856 1107 2927 quod
1147 2855 1367 2928 gravius
1396 2863 1480 2910 est
1507 2866 1562 2909 et
1591 2854 1760 2908 multo

158 2948 345 3019 majus
394 2946 679 3002 reformari
732 2955 929 3016 potest,
962 2932 1027 3012 id'
1047 2948 1188 3017 quod
1232 2947 1408 3001 minus
1456 2954 1560 3009 est,
1593 2946 1760 3001 multo

153 3039 384 3095 facilius
412 3039 722 3110 recuperari
753 3039 947 3109 potuit.
976 3038 1042 3092 Et
1066 3038 1189 3107 quia
1218 3039 1413 3109 potuit,
1445 3038 1630 3109 procul
1656 3038 1757 3099 du;

148 3131 251 3186 bio
279 3128 402 3185 fuit.
435 3129 727 3186 Absolutus
750 3112 914 3200 igitur
954 3126 1074 3183 fuit.
1105 3128 1244 3189 Ecce
1279 3129 1638 3191 numeresita's
1671 3142 1759 3182 ve-

149 3222 343 3278 ritatis
389 3223 631 3287 testium,
663 3238 786 3291 qua:
819 3221 949 3277 dicit
994 3235 1053 3275 se
1095 3220 1317 3283 vidisse,
1367 3218 1677 3274 interfuisse
1703 3227 1757 3274 et
1787 3272 1795 3277 .

1863 2027 2116 2083 occulens
2160 2031 2445 2096 servando,
2496 2031 2656 2089 simul
2702 2033 2817 2103 ipse
2860 2049 2983 2089 cum
3031 2035 3204 2104 patria
3251 2045 3306 2090 et
3344 2043 3454 2091 tota

1862 2126 2020 2186 gente
2048 2119 2267 2188 periret.
2292 2119 2442 2176 Felix
2457 2132 2603 2177 certe
2616 2110 2793 2194 culpa,
2811 2123 2916 2194 qua
2940 2134 3134 2180 cuncta
3169 2125 3457 2181 redimitur

1862 2211 2057 2279 patria.
2079 2210 2180 2283 Qui
2204 2212 2376 2282 igitur.
2390 2215 2636 2285 pet-eunti
2664 2216 2951 2271 subvenire
2972 2223 3172 2285 potest,
3208 2226 3264 2271 et
3295 2232 3453 2293 opem

1861 2316 1970 2357 non
1987 2302 2265 2372 supponit,
2281 2304 2420 2359 idem
2447 2305 2635 2375 procul
2658 2306 2821 2361 dubio
2844 2317 3035 2363 auctor
3053 2308 3200 2369 necis
3223 2307 3452 2365 exstitit.

1888 2428 1893 2433 -
1934 2391 2038 2447 lus.
2067 2391 2318 2448 illicitum
2337 2384 2544 2466 quippe
2580 2396 2839 2456 rlex'dtcit
2858 2397 3047 2469 jurare
3076 2406 3129 2454 et
3177 2397 3446 2469 peierare.

1860 2481 2089 2544 Acron:
2120 2482 2227 2543 Lex
2260 2485 2446 2555 itaque
2470 2498 2695 2545 econtra
2742 2489 2988 2560 praecipit
3012 2489 3243 2559 patriam
3262 2490 3455 2547 defen-

1861 2575 2008 2640 dere,
2039 2585 2091 2630 et
2121 2591 2243 2633 eum
2291 2578 2381 2649 qui
2411 2593 2568 2650 opem
2618 2595 2723 2635 non
2777 2581 2961 2636 tulerit
2989 2597 3215 2652 punire;
3247 2582 3452 2656 Legum

1859 2669 2004 2727 enim
2041 2672 2403 2726 contrarietas
2427 2673 2657 2742 plurima
2687 2682 2791 2727 est.
2836 2671 2892 2727 ln
2923 2674 3109 2728 eodem
3130 2674 3276 2729 enim
3306 2684 3455 2730 vetat

1859 2759 2053 2831 inquo
2079 2760 2329 2831 imperat.
2358 2761 2489 2828 Quae
2512 2761 2638 2816 talia
2675 2761 2879 2817 utilitas
2919 2762 3228 2832 reipublicae
3260 2776 3453 2833 seque—

1859 2860 2017 2906 strat.
2045 2847 2430 2906 Verumtamen
2457 2851 2631 2920 major
2649 2860 2735 2907 est
2758 2853 2995 2923 lexqute
3026 2861 3174 2908 vetat
3199 2868 3363 2924 quam
3385 2867 3451 2909 ea

1858 2955 1981 3012 quae
2007 2941 2263 3013 imperat,
2309 2958 2612 3014 quia,,cum
2645 2953 2807 3010 vetat,
2843 2946 3093 3015 reprimit
3130 2962 3209 3004 ea.
3226 2961 3347 3017 qua:
3371 2948 3452 3003 in-

1851 3030 2000 3101 juste
2030 3043 2123 3087 aut
2150 3034 2367 3089 incaute
2393 3044 2477 3089 vel
2506 3035 2777 3105 insperate
2808 3035 3079 3107 imperabi
3104 3036 3161 3094 Si
3180 3039 3376 3109 itaque
3406 3040 3453 3095 is

1857 3125 1949 3195 qui
1973 3125 2205 3196 patriam
2224 3112 2984 3198 perdiditptnnammeretur,
3012 3129 3180 3186 multo
3204 3134 3376 3204 magis
3405 3132 3451 3188 is

1857 3215 1948 3285 qui
1986 3215 2249 3282 defendit,
2296 3218 2549 3274 maximis
2581 3220 2819 3289 prmmiis
2861 3230 2918 3276 et
2942 3224 3452 3294 praeconiis’dignus

140 3313 432 3368 veraciter
457 3312 530 3367 ita
542 3312 833 3367 exstitisse.
860 3310 966 3367 Sed
991 3310 1309 3387 pertinacia,
1335 3309 1544 3364 etiamsi
1577 3309 1757 3364 volue-
1787 3296 1829 3357 C
1864 3307 2116 3363 habetur.
2151 3306 2211 3363 Si
2240 3308 2404 3379 igitur
2427 3309 2570 3367 ﬁlius
2593 3309 2851 3367 Ecclesiae
2879 3310 3076 3377 fuerat,
3102 3328 3222 3367 eam
3246 3313 3454 3369 discer-

140 3406 223 3461 rit
248 3406 455 3461 caelum
478 3416 541 3469 “et
584 3417 780 3467 terram
827 3406 1008 3461 dicere
1038 3420 1143 3461 non
1175 3420 1313 3467 esse,
1351 3403 1569 3475 poterit.
1603 3402 1756 3459 Unde

136 3508 235 3555 est
262 3499 441 3562 illud;
494 3500 621 3570 quia
667 3519 686 3552 ι
720 3499 986 3575 insipiens
1015 3501 1067 3555 in
1120 3500 1282 3555 corde
1316 3513 1415 3554 suo
1448 3497 1615 3554 Deum
1649 3514 1755 3554 non

132 3604 275 3646 esse
301 3589 443 3651 dicit
467 3587 639 3659 (Psal.
671 3606 788 3652 xm,
819 3590 894 3660 l).
925 3608 944 3642 ι
972 3588 1233 3645 Mendacii
1273 3589 1437 3660 igitur
1459 3589 1756 3649 destruitur

134 3678 242 3733 hic
299 3678 478 3734 moles
515 3694 545 3733 a
577 3679 691 3734 suis
738 3678 913 3733 tribus
960 3678 1265 3749 speciebus.
1316 3677 1635 3753 Incredibile
1670 3686 1756 3733 est

128 3767 345 3838 itaque
369 3775 429 3822 ut
454 3767 717 3838 sapientia
765 3767 930 3823 totius
980 3767 1189 3829 mundi,
1218 3767 1412 3831 Roma,
1435 3781 1752 3827 excommu-

125 3856 401 3917 nicatum
450 3856 744 3928 quemlibet
783 3857 885 3913 sibi
933 3864 1096 3927 caput
1121 3854 1359 3912 fecisset.
1417 3856 1758 3927 [inpossibile

120 3949 319 4005 etiam
356 3959 501 4017 erat,
551 3958 611 4005 ut
663 3964 693 4004 a
723 3949 962 4019 quolibet
992 3948 1080 4002 vili
1112 3946 1388 4008 bemululo
1442 3957 1547 4004 tam
1574 3950 1752 4007 vivida

120 4040 330 4097 virtus
368 4049 660 4094 senatuum
694 4039 872 4093 invadi
904 4036 1188 4116 potuisset.
1242 4037 1397 4094 Unde
1430 4049 1763 4116 percontra-.

114 4129 287 4190 rium
322 4128 720 4196 est,‘ut,_nisi
763 4113 1042 4187 absolutus
1095 4137 1150 4183 et
1195 4113 1751 4201 omnium-placidus,

107 4233 305 4295 aqua
346 4228 668 4279 cunctorum
701 4218 977 4277 voluntate
1005 4219 1223 4274 ascendi
1249 4220 1551 4295 putqissct..

194 4311 323 4365 lus.
360 4309 678 4374 Absolutus,
724 4310 968 4380 inquam,
996 4309 1140 4366 fuit?
1182 4306 1746 4388 Αςτοιλᾋὺβοιιιιιιε.

192 4400 323 4455 his.
359 4400 509 4459 Dicis
532 4402 717 4477 utique
736 4400 925 4473 juste?
970 4401 1193 4480 Acron:
1228 4401 1399 4469 Iuste,
1431 4394 1505 4480 an
1525 4403 1748 4472 injuste,

105 4493 468 4549 absolutum
494 4474 686 4569 probo.
972 4476 976 4480 ³
1042 4484 1051 4489 ’
1206 4487 1209 4490 ’
1498 4472 1519 4565 \

190 4584 325 4647 lus.
386 4585 604 4656 Ergone
651 4585 949 4652 absolutus,
999 4593 1060 4640 ut
1108 4585 1387 4645 habuisset
1436 4584 1745 4645 facultatem

97 4692 221 4731 sua
252 4677 504 4740 dimissa
531 4694 736 4749 suaque
766 4681 1012 4750 perdere,
1041 4680 1303 4735 scandere
1328 4680 1394 4736 ad
1424 4682 1751 4752 primatum?

93 4773 294 4841 Quod
348 4791 426 4831 ne
474 4775 626 4830 ﬂeret
670 4777 873 4846 scripto
914 4776 1334 4848 juramentoque
1396 4778 1759 4849 perpetuare;

89 4873 229 4930 rat,
270 4865 444 4920 itane
469 4865 573 4920 hoc
594 4864 803 4920 licitum
824 4867 848 4921 ?
872 4867 1093 4923 Acron:
1126 4866 1243 4922 Non
1281 4866 1557 4938 equidem.

173 4954 315 5018 his.
354 4955 466 5027 Qui
505 4970 635 5029 ergo
664 4955 989 5013 absolutus?
1018 4957 1243 5013 Acron:
1277 4956 1555 5014 Ascendit.

166 5049 312 5107 his.
357 5049 512 5107 Dicis
533 5048 685 5119 juste
707 5048 732 5100 ?
770 5048 989 5104 Acron:
1022 5047 1159 5106 Non.

166 5141 310 5198 1N3.
355 5141 591 5216 Quare?
614 5141 840 5196 Acron:
873 5138 1008 5211 Quia
1030 5149 1295 5198 mternum
1320 5139 1650 5199 ﬁrmaverat.

157 5232 305 5290 lus.
357 5231 486 5288 Etsi
516 5230 727 5296 illicite,
757 5228 978 5310 insuper
1007 5231 1184 5294 ethoc
1213 5230 1459 5288 ﬁrmasse
1484 5243 1750 5291 aeternum

66 5323 335 5356 o~an-—=a
429 5336 599 5359 πίω-οη
649 5331 782 5366 arm
826 5303 1031 5362 multi“?
1070 5322 1247 5362 Ara-nn
1279 5337 1290 5348 -
1333 5320 1415 5358 m.
1461 5322 1748 5360 ntilitnlnrn

1860 3413 1988 3468 pere
2017 3407 2072 3452 et
2117 3398 2357 3455 labeﬁeri
2394 3400 2602 3464 videns,
2636 3416 2736 3471 pro
2765 3402 2971 3459 viribus
2999 3417 3121 3458 sese
3154 3403 3323 3459 obniti
3355 3404 3451 3463 de—

1857 3488 2071 3544 buerat.
2108 3487 2361 3561 Alioquin
2392 3500 2634 3562 tempore
2662 3491 2845 3548 hostili
2873 3491 3158 3562 onmejus,
3181 3474 3453 3565 omneque
3480 3532 3484 3536 -

1859 3579 2106 3636 illicitum
2137 3596 2329 3638 cavere
2357 3583 2487 3652 quid
2513 3592 2596 3639 est
2619 3583 2785 3646 aliud,
2815 3584 2916 3641 nisi
2948 3587 3183 3661 patriam
3211 3586 3447 3654 perdere

1857 3680 1914 3726 et
1942 3687 2128 3729 necem
2161 3673 2395 3730 inferre?
2429 3674 2603 3730 Silent
2628 3677 2844 3754 quidem
2869 3675 3016 3748 leges
3040 3677 3180 3733 inter
3200 3693 3374 3734 arma.
3491 3740 3494 3745 ,

1874 3764 1877 3765 ⁷
1928 3765 2302 3822 laslllicitum
2321 3767 2465 3822 enim
2482 3784 2666 3834 iurare
2705 3777 2759 3823 et
2795 3783 2900 3822 non
2935 3769 3227 3825 observare
3250 3769 3479 3832 fuerat..

1856 3858 2085 3916 Acron:
2122 3857 2372 3918 lllicitum
2434 3859 2519 3919 lex
2569 3861 2722 3925 dicit,
2776 3870 2835 3915 ut
2881 3862 3447 3932 peregrinusmurum

1858 3946 2096 4004 civitatis
2115 3944 2395 4004 ascendat.
2422 3950 2575 4019 Quod
2598 3953 2641 4006 si
2673 3949 2884 4017 fecerit,
2915 3953 3193 4022 puniatur.
3245 3953 3443 4014 lterum
3475 4002 3495 4013 .,

1857 4039 1942 4095 lex
1974 4040 2106 4097 dicit
2132 4060 2145 4095 :
2192 4040 2291 4115 Qui
2322 4042 2532 4098 hostem
2565 4041 2881 4103 ad.mnrum
2908 4055 3196 4099 conantem
3226 4045 3442 4107 viderit,

1856 4141 1912 4189 et
1943 4150 2048 4189 non
2077 4148 2137 4190 se
2162 4134 2494 4207 opposuerit,
2520 4135 2798 4205 puniatur.
2823 4135 3049 4202 Quidem
3074 4136 3229 4199 vidit,
3251 4151 3447 4198 ascen:

1854 4227 1958 4291 dit,
1990 4226 2312 4297 profligavit,
2346 4225 2556 4295 rejecit.
2592 4227 2931 4283 Obmallatnr
2965 4227 3243 4301 [glossema
3275 4230 3467 4290 inter?

1854 4310 2271 4380 lineare,'morti
2317 4316 2535 4388 datur]?
2565 4317 2828 4373 Similiter
2870 4317 2954 4375 lex
2996 4329 3115 4374 erat
3146 4319 3198 4374 in
3237 4320 3451 4392 templo.

1857 4403 2033 4461 Vestae
2084 4420 2289 4459 marem
2317 4420 2422 4459 non
2462 4406 2668 4474 ingredi
2702 4424 2714 4459 :
2749 4408 3028 4477 ingressus
3054 4410 3356 4479 puniretur.
3396 4410 3449 4467 El

1854 4505 2041 4551 contra
2070 4495 2155 4551 lex
2186 4515 2202 4555 ;
2233 4496 2332 4569 Qui
2374 4496 2573 4553 viderit
2602 4500 2759 4553 matri
2778 4552 2787 4557 _
2807 4500 3010 4557 inferre
3036 4502 3165 4567 vim,
3190 4512 3245 4557 et
3285 4517 3455 4574 opem

1855 4599 1961 4645 non
1995 4587 2201 4650 tulerit,
2231 4587 2509 4659 puniatur.
2529 4587 2759 4657 Quidam
2786 4592 2973 4660 procul
3008 4597 3447 4662 means,videns-,

1855 4694 1963 4751 que
1992 4688 2219 4737 matrem
2252 4679 2617 4748 vapulantem,
2645 4680 2922 4752 ingressus
2953 4699 3112 4756 opem
3144 4686 3288 4746 tulit.
3337 4687 3449 4743 οι).

1856 4773 2151 4829 mallatur?
2188 4772 2456 4841 Quocirca
2502 4789 2694 4831 omnes
2743 4776 2914 4847 leges,
2960 4779 3255 4848 omniaque
3287 4780 3442 4849 jura,

1854 4864 2039 4928 verba,
2090 4863 2510 4934 promissionum
2559 4876 2925 4933 sacramenta,
2981 4871 3048 4923 ad
3098 4869 3447 4925 commodum

1861 4956 2164 5027 reipublicae
2192 4956 2382 5012 referri
2419 4965 2658 5031 Oportet.
2698 4956 2776 5012 Ea
2816 4962 2961 5016 enim
3010 4962 3215 5017 virtute
3261 4977 3326 5017 ac
3366 4976 3454 5016 sa-

1857 5049 2056 5120 pientia
2083 5050 2316 5120 majores
2341 5056 2519 5111 nostri
2543 5052 2799 5109 fuerunt;
2834 5054 2977 5127 Ergo
3014 5057 3065 5111 in
3093 5055 3202 5109 hoc
3240 5069 3456 5126 quoque

1850 5138 2057 5209 judicio
2103 5142 2287 5200 desine
2316 5142 2538 5204 litteras
2581 5141 2715 5211 legis
2754 5152 2811 5197 et
2860 5145 3046 5202 illicita
3096 5147 3457 5217 perpendere.

1855 5231 2149 5293 Considera
2175 5236 2304 5308 quid
2354 5243 2539 5316 magis
2587 5232 2718 5290 utile
2749 5232 2942 5307 fuerit,
2987 5251 3153 5295 unum
3180 5234 3460 5293 hominem

1858 5324 2228 5366 iureiurando-mi
2276 5340 2510 5368 οονυ-ιιοο
2599 5333 2648 5356 Α*
2705 5338 2728 5350 ⁸
