3948 5732
457 412 482 465 ι
499 411 592 490 ιω

1187 409 1482 467 APPEND.
1519 411 1610 467 AD
1649 409 1829 468 SEC.
1867 409 1958 465 ιιι.
1997 439 2015 448 -

2123 406 2471 464 LUCTOliE’S
2504 406 2668 462 ΔΝΜ
2705 404 2996 463 ιΝεΕιιτι.

3574 403 3598 457 1
3613 405 3698 461 168

449 521 765 591 licitumque
795 521 1079 576 dicendum
1112 536 1220 577 non
1257 521 1528 587 illicitum,
1552 522 1661 577 imo
1687 520 1953 576 laudabile
1977 528 2033 575 et
2059 525 2104 578 Δ
2135 525 2293 586 satur
2315 516 2512 582 ollicio.
2540 518 2679 572 sicut
2700 526 2755 572 et
2783 518 3088 587 baptizatus
3105 513 3360 569 Ecclesiae
3383 514 3701 581 ingressum?

452 611 781 676 venerabile,
809 612 897 666 ubi
941 612 1137 666 malum
1174 612 1383 667 ﬁnitum
1418 613 1644 684 simplex
1685 621 1904 682 superat
1933 611 2031 666 du-

445 701 570 770 plex
640 700 932 770 inﬁnitum.
978 700 1359 756 Moderandum
1412 697 1558 757 enim
1607 711 1727 756 erat
1796 711 2026 770 tempus.

444 789 631 846 Omnis
659 792 802 845 enim
828 793 1001 848 virtus
1028 793 1175 848 utilis
1203 801 1305 848 est.
1330 791 1628 848 Moderatio
1656 801 1835 847 autem
1853 793 2027 846 virtus

442 893 546 935 est.
589 881 886 937 Moderatio
929 883 1094 953 igitur
1123 883 1269 938 utilis
1300 892 1401 939 est.
1437 883 1591 939 Unde
1639 881 2027 936 moderandum

443 983 562 1025 erat
605 980 814 1041 tempus
859 974 1152 1028 secundum
1186 973 1480 1043 negotium.
1530 971 1699 1026 Porro
1737 971 1780 1026 si
1809 970 1876 1026 de
1913 971 2028 1042 lege

415 1071 418 1074 ’
443 1063 746 1128 contendis,
777 1063 912 1117 satis
942 1063 1012 1118 sit
1043 1064 1244 1118 dictum
1278 1065 1394 1134 lege
1421 1062 1591 1134 legem
1620 1060 1890 1132 frangere,
1915 1061 2025 1116 rei-

439 1150 670 1220 publicae
701 1152 981 1207 honestate
1010 1162 1065 1206 et
1097 1153 1344 1207 utilitate.
1382 1153 1662 1207 Postremo
1701 1152 1751 1206 id
1781 1151 1924 1222 quod
1947 1151 2028 1206 di-

443 1248 590 1294 ctum
619 1249 700 1296 est
750 1243 803 1297 in
852 1245 1061 1308 eodem,
1093 1254 1148 1298 et
1193 1244 1359 1309 licite,
1405 1245 1621 1316 etjttre,
1662 1244 1854 1299 divisio
1883 1244 2028 1298 acci-

440 1332 678 1387 dentium
713 1334 764 1388 in
793 1334 1108 1390 accidentiis
1152 1336 1358 1389 dirimit
1383 1354 1396 1390 :
1417 1336 1542 1404 quia
1568 1350 1632 1390 ex
1661 1350 1726 1390 eo
1759 1332 1902 1404 quod
1947 1333 2025 1388 illi

439 1423 709 1489 illicitum,
740 1424 1046 1495 reipublicae
1073 1425 1281 1480 exstitit
1309 1425 1512 1481 licitum
1541 1435 1596 1481 ct
1622 1423 1767 1495 jure.

510 1535 616 1590 lss.
651 1537 928 1593 Convenio
973 1547 1121 1593 certe
1177 1548 1255 1606 te,
1303 1540 1426 1609 quia
1472 1539 1653 1595 illicite
1691 1553 1812 1595 esse
1865 1555 2031 1610 supra

438 1626 774 1690 concessisti,
806 1627 930 1697 quia
960 1637 1224 1682 aeternum
1257 1629 1587 1688 ﬁrmaverat,
1615 1629 1758 1698 quod
1777 1643 1843 1682 ex
1872 1639 2027 1698 parte

440 1715 690 1771 utilitatis
718 1717 1026 1787 reipublicae
1073 1719 1272 1788 partim
1318 1719 1580 1788 pttrgasti,
1609 1717 1859 1773 videlicet
1896 1719 2029 1773 utri-

442 1821 547 1875 que
574 1807 673 1878 legi
701 1809 984 1878 imperanti
1011 1817 1065 1864 et
1091 1810 1294 1864 vetanti
1326 1809 1824 1880 obtemperantium,
1868 1808 2027 1864 satis-

2135 608 2226 662 Est
2263 608 2425 680 igitur
2448 622 2642 680 posse:
2671 609 2761 663 sed
2792 608 2972 663 nonin
3005 617 3147 661 actu.

2204 700 2306 756 lus.
2339 701 2452 754 Non
2497 716 2598 769 ego
2637 701 2777 770 quod
2826 699 2962 755 dicis
3015 698 3319 752 consentio.
3362 697 3589 752 Acron:
3620 697 3705 752 Dic

2130 805 2260 860 ergo
2309 806 2477 860 quare.
2527 791 2642 862 ejus
2678 789 2820 845 facta
2867 792 3110 855 damnes,
3161 805 3287 844 cum
3339 789 3458 860 ejus
3483 788 3624 843 facta
3655 797 3707 844 ut

2131 887 2363 955 primunt
2393 887 2596 942 factum
2616 887 2910 958 obligatum
2942 887 3146 956 scripto
3177 893 3234 938 et
3260 885 3574 954 juramento
3610 900 3707 940 non

2131 975 2257 1029 sint.

2199 1063 2302 1118 las.
2332 1063 2454 1119 Ideo
2483 1064 2711 1130 scilicet,
2743 1064 2866 1134 quia
2896 1064 3040 1133 quod
3069 1079 3174 1118 non
3213 1063 3422 1124 habuit,
3451 1064 3584 1118 dare
3613 1078 3709 1117 non

2128 1155 2322 1224 potuit.
2353 1155 2748 1210 Acrou:Plane
2772 1155 2944 1226 potuit
2971 1155 3096 1225 quia
3121 1155 3329 1209 habuit.
3359 1155 3484 1209 Ideo
3508 1155 3709 1217 habuit,

2127 1245 2252 1313 quia
2298 1244 2366 1298 ab
2399 1245 2668 1315 episcopis
2727 1260 2979 1298 manuum
3038 1244 3438 1314 impositionem
3488 1243 3708 1313 accepit.

2127 1334 2349 1404 Accepit
2375 1343 2551 1390 autem
2587 1343 2642 1388 et
2665 1334 2874 1399 habuit,
2902 1333 3158 1403 deditque
3181 1335 3306 1404 quia
3338 1334 3533 1405 potuit.

2197 1425 2301 1479 lus.
2341 1424 2514 1492 Quod,
2544 1426 2780 1496 inquam,
2830 1442 2936 1480 non
2979 1427 3186 1489 habuit,
3213 1428 3343 1480 dare
3374 1441 3481 1478 non
3523 1425 3709 1496 potuit.

2127 1515 2347 1572 Acron:
2378 1519 2521 1572 Dicis
2563 1519 2628 1574 de
2675 1526 2942 1588 potestate
2978 1534 3081 1573 non
3113 1518 3325 1573 habuit.
3359 1534 3427 1572 an
3468 1517 3536 1572 de
3569 1527 3710 1581 actu,

2129 1617 2220 1661 aut
2241 1608 2306 1663 de
2332 1609 2594 1679 utroque?

2199 1701 2300 1756 las.
2355 1702 2430 1757 De
2484 1713 2733 1772 utroque.
2774 1707 3032 1757 Neutrum
3089 1703 3205 1757 sine
3257 1703 3435 1757 altero
3481 1709 3610 1755 stat.
3658 1699 3714 1754 Si

2131 1792 2274 1846 enim
2301 1793 2537 1862 perdidit
2561 1792 2819 1858 cilicium,
2846 1791 3078 1847 cilicium
3111 1809 3213 1846 non
3260 1794 3447 1847 habet.
3495 1791 3648 1859 Quod
3671 1792 3712 1844 si

439 1897 692 1974 faciendo
724 1901 874 1954 mihi.
903 1899 958 1955 Si
983 1902 1216 1970 primum
1253 1899 1453 1956 factum
1495 1861 1738 1956 illicitum
1765 1909 2015 1970 quantum

2134 1897 2238 1936 non
2269 1861 2451 1947 habet,
2475 1881 2588 1949 jam
2615 1884 2742 1936 dare
2765 1884 2983 1938 minime
3007 1894 3201 1953 potest.
3235 1883 3480 1938 Perdidit
3502 1883 3714 1952 quidem

439 1993 509 2048 ad
534 2007 656 2048 eum
687 1993 940 2062 pertinet,
959 1992 1274 2048 concessisti
1299 2007 1362 2047 ex
1387 2001 1564 2062 parte,
1605 1992 1733 2062 quid
1766 1992 1832 2047 de
1857 1991 2026 2048 facto-

439 2101 560 2140 rum
595 2083 753 2139 factis
795 2085 1036 2140 astruis?
1064 2085 1253 2140 Acron
1277 2100 1292 2146 ς
1319 2083 1544 2139 Factum
1586 2099 1708 2140 esse.
1747 2085 1800 2139 in
1837 2099 2026 2139 ascen-

440 2177 592 2232 sione
639 2177 784 2232 sedis
811 2193 876 2233 ex
921 2187 1075 2248 parte
1106 2177 1339 2244 licitum,
1393 2193 1460 2232 ex
1492 2187 1665 2248 parte,
1703 2178 1842 2242 dico,
1875 2177 2028 2233 illici-

443 2266 576 2332 lum,
604 2267 871 2336 siquidem
903 2284 968 2323 ex
1010 2269 1253 2324 interiori
1299 2277 1355 2323 et
1400 2269 1655 2324 exteriori
1703 2284 1846 2334 esse,
1888 2284 2027 2324 unus

449 2367 532 2412 est
559 2358 748 2412 homo.
771 2359 937 2414 Facta
959 2375 1085 2416 vero
1106 2359 1224 2428 ejus
1247 2360 1387 2416 absit
1409 2368 1466 2419 ιιι
1487 2359 1774 2431 Opinentur
1799 2361 1984 2417 irrita!

508 2469 612 2524 las.
669 2469 778 2526 Cur
822 2470 994 2542 igitur
1041 2472 1271 2538 factum,
1315 2481 1371 2528 et
1419 2488 1524 2528 non
1566 2471 1756 2528 facta?
1778 2474 1822 2528 si
1870 2473 2024 2540 illud,

432 2575 604 2629 quare
631 2578 738 2617 non
762 2564 974 2620 ista?et
996 2565 1040 2620 si
1071 2581 1178 2620 non
1208 2567 1334 2632 ista,
1367 2581 1534 2635 quare
1577 2565 1747 2620 illttd?
1785 2567 1971 2622 Acron
2007 2585 2025 2623 :

433 2651 570 2719 Quia
595 2654 742 2708 aliud
781 2665 864 2710 est
889 2656 1111 2722 factum,
1141 2665 1196 2711 et
1219 2657 1364 2711 aliud
1391 2656 1516 2712 facti
1547 2656 1772 2712 factum.
1807 2658 1874 2712 Et
1912 2675 2026 2715 rur-

437 2758 532 2798 sus
563 2743 706 2799 aliud
746 2744 949 2801 factutn
975 2763 1208 2818 sequens
1236 2749 1460 2802 factum.
1492 2749 1536 2804 Ε
1565 2750 1737 2805 tribus
1758 2751 1902 2808 enim
1931 2766 2028 2822 ge-

433 2835 655 2892 neribus
689 2835 954 2894 factorum
1007 2840 1180 2895 solum
1213 2841 1444 2920 primum
1467 2841 1627 2896 estin
1675 2857 1859 2898 causa.
1905 2843 2020 2899 Non

435 2925 617 2996 itaque
643 2931 873 2998 quaestio
902 2940 988 2988 est
1021 2932 1089 2987 de
1116 2931 1277 2988 factis
1307 2934 1516 2989 duobus
1547 2934 1804 3004 posteris,
1833 2936 1926 2991 sed
1953 2936 2020 2991 de

426 3019 578 3074 Iacto
605 3021 898 3080 factorum.

507 3119 612 3174 lus.
645 3120 760 3176 Non
805 3123 1019 3192 inquam
1053 3123 1194 3180 facta
1225 3128 1504 3196 sequentia
1535 3136 1672 3192 rata,
1711 3129 1755 3182 si
1787 3129 2019 3200 primum

431 3224 540 3263 non
569 3208 669 3264 fuit
694 3220 890 3277 ratum,
913 3215 1007 3269 sed
1029 3215 1262 3270 irritutn.
1288 3217 1475 3273 Acron
1504 3237 1517 3271 :
1549 3216 1663 3272 Non
1695 3218 1766 3272 ita
1800 3234 2008 3288 nempe.
2040 3209 2083 3271 C

433 3299 565 3354 Esto
611 3299 734 3356 licet
755 3303 897 3372 quod
927 3304 1171 3358 ascendit
1216 3307 1658 3374 pr.i:varicabile:
1694 3323 1800 3362 non
1834 3318 2009 3365 tamen

427 3405 548 3460 qua:
579 3401 702 3461 post
723 3391 868 3458 fecit,
899 3393 953 3448 id
983 3410 1088 3448 non
1112 3397 1533 3466 przevaricahile.

496 3491 602 3548 lus.
631 3493 762 3561 Quae
785 3495 921 3550 bona
951 3495 1080 3551 fecit
1109 3513 1215 3552 non
1243 3499 1884 3567 prteraricabile?Acroa
1910 3516 1928 3555 :
1952 3502 2009 3558 Id

431 3586 675 3655 profecto
701 3589 841 3658 quod
863 3590 1192 3660 praedicavit,
1217 3600 1271 3645 et
1307 3593 1562 3647 sacravit.

503 3687 604 3742 lss.
645 3687 781 3752 Non,
823 3690 1064 3760 inquam,
1093 3693 1268 3762 potuit
1294 3707 1546 3762 sacrare.
1595 3696 1822 3751 Acron:
1867 3695 2009 3764 Ergo

426 3795 529 3834 nec
557 3781 872 3848 prmdicare.

497 3879 602 3933 las.
652 3879 851 3946 Potuit,
913 3883 1005 3936 sed
1057 3884 1109 3938 in
1164 3899 1259 3939 sua
1299 3893 1507 3938 tantum
1565 3886 1805 3941 redditus
1857 3887 2003 3941 sede.

425 3971 654 4025 Acron:
692 3972 748 4026 Si
777 3971 830 4026 in
872 3988 967 4026 sua
994 3975 1243 4029 concedis
1268 3989 1446 4044 posse,
1486 3989 1707 4031 necesse
1749 3986 1833 4031 est
1860 3987 1917 4030 ut
1953 3986 2008 4033 et

432 4063 486 4116 in
514 4063 686 4118 aliena
718 4065 983 4120 concedas
1009 4081 1185 4136 posse,
1216 4066 1340 4122 licet
1371 4076 1431 4120 ut
1456 4067 1784 4137 disputatum
1813 4078 1917 4135 est,
1939 4085 2006 4124 ex

428 4162 584 4221 parte
623 4153 834 4222 injuste.
895 4155 1046 4210 Unde
1075 4156 1307 4226 primum
1343 4157 1538 4211 factum
1571 4157 1713 4212 dicat
1743 4173 1808 4212 ex
1854 4173 2006 4229 parte

425 4245 661 4309 irritttm,
694 4263 798 4301 non
829 4256 1007 4303 tamen
1037 4249 1353 4314 secundum,
1386 4251 1508 4319 quia
1543 4251 1683 4319 quod
1718 4265 1875 4321 posse
1901 4259 2004 4317 est,

427 4337 798 4406 proculdubio
826 4355 926 4410 pro
970 4338 1120 4394 libittt
1158 4341 1411 4410 possibile
1454 4349 1554 4395 est.
1580 4339 1635 4396 id
1679 4337 1823 4396 enim
1867 4342 2007 4412 quod

425 4428 622 4482 dicitur
648 4445 829 4500 posse,
875 4430 918 4484 si
946 4439 1029 4485 est
1067 4446 1248 4500 posse,
1279 4432 1419 4487 sicut
1461 4433 1512 4486 in
1556 4431 1740 4497 licitis,
1774 4431 1844 4485 ita
1874 4440 1920 4486 et
1952 4431 2004 4485 in

425 4519 628 4574 illicitis
655 4520 852 4574 dicitur
871 4535 1047 4592 posse.
1072 4522 1145 4576 At
1172 4523 1216 4577 si
1245 4538 1408 4594 negas
1441 4523 1491 4576 in
1524 4523 1711 4577 illicito
1743 4522 2002 4593 Spiritutn

432 4617 677 4664 'sanctnm
715 4625 873 4679 posse
903 4611 1150 4676 invitare,
1200 4628 1535 4682 consequens
1568 4625 1649 4667 est
1670 4621 1726 4666 ιιι
1756 4627 1917 4684 neges
1949 4614 2002 4667 in

425 4702 611 4758 illicito
660 4704 802 4758 coitu
855 4705 1089 4758 animam
1141 4705 1250 4760 Deo
1272 4720 1430 4776 posse
1478 4706 1711 4762 mittere.
1757 4705 2004 4761 lllicitum

426 4795 568 4860 dico,
596 4795 686 4865 qui
711 4795 948 4865 qualibet
967 4797 1252 4864 occasione
1279 4796 1345 4850 ad
1370 4805 1581 4866 tempus
1605 4805 1850 4852 sacratus
1881 4805 2002 4863 est;

423 4895 794 4956 sequestratus
821 4888 889 4942 ab
913 4886 1095 4953 altart,
1113 4888 1232 4942 etin
1251 4888 1366 4957 ipso
1390 4887 1601 4943 fervore
1619 4888 2004 4957 sequestratio-

422 4975 508 5030 nis
525 4975 764 5046 iungitur
784 4974 978 5030 oﬁieio.
1002 4975 1136 5029 Nam
1158 4977 1254 5030 etsi
1274 4987 1427 5031 actus
1450 4977 1758 5046 aliquandiu
1782 4993 2000 5046 separa-

424 5076 515 5120 tur
544 5083 571 5120 a
595 5068 795 5136 specie,
827 5083 930 5122 non
974 5062 1153 5122 tamen
1179 5083 1355 5138 posse.
1398 5069 1646 5124 Potestas
1675 5069 1816 5123 enim
1861 5069 2004 5124 nulla

428 5156 640 5209 ratione
675 5172 704 5209 a
736 5157 913 5226 specie
940 5157 1283 5230 disjungitur.
1333 5158 1556 5214 Risibile
1582 5175 1833 5229 namque,
1862 5161 2003 5230 quod

427 5252 512 5296 est
538 5259 712 5312 posse,
734 5244 915 5300 vivere
937 5256 991 5302 et
1014 5248 1270 5315 dormire,
1301 5258 1355 5304 et
1384 5259 1578 5305 caetera
1601 5265 1720 5320 qua:
1743 5260 1865 5305 sunt
1890 5266 2002 5320 spec

426 5331 527 5385 ciei
563 5331 906 5399 cohterentia,
942 5352 1049 5390 non
1091 5339 1307 5407 quidem
1345 5354 1557 5411 semper
1584 5349 1709 5396 sunt
1752 5341 1805 5394 in
1855 5353 1998 5405 actu,

430 5437 551 5464 ""m
583 5423 686 5462 6'”
721 5424 773 5472 ίη
802 5434 1081 5472 ηοιθειαιρκ
1122 5428 1178 5470 Si
1203 5432 1344 5482 enim
1372 5447 1474 5482 non
1497 5431 1673 5482 nerdit
1697 5433 2002 5482 baptizatus

2129 1972 2388 2039 Otiiciutn,
2427 1974 2514 2028 ubi
2555 1975 2737 2029 amisit
2775 1984 3096 2046 potestatem
3141 1984 3197 2030 et
3241 1986 3449 2029 actum.
3487 1974 3671 2030 Acron
3694 1989 3712 2025 :

2132 2064 2340 2120 llorreo
2384 2064 2540 2121 valde
2603 2081 2802 2122 caecam
2853 2068 2930 2122 tui
2981 2067 3338 2131 simultatem,
3382 2068 3478 2136 qui
3521 2067 3712 2121 omissa

2129 2158 2361 2213 veritate
2389 2157 2635 2214 stabilire
2664 2159 2855 2216 niteris
2900 2158 3215 2214 falsitatem.
3267 2158 3532 2213 Naturale
3555 2158 3719 2230 igitur

2127 2258 2232 2314 est,
2264 2258 2324 2304 ut
2352 2264 2449 2320 per
2479 2257 2604 2303 nota
2628 2246 2930 2304 etliciantur
2955 2250 3166 2305 notiora
3191 2249 3401 2319 ignota.
3440 2247 3718 2318 Siquidem

2127 2351 2511 2411 argumentum
2538 2343 2671 2397 duas
2701 2342 2864 2396 habet
2911 2342 3141 2412 species,
3179 2341 3450 2397 inclusam
3477 2350 3536 2396 et
3559 2357 3712 2413 expo-

2127 2434 2306 2489 sitam.
2352 2434 2659 2504 Baptizatio
2701 2441 2880 2489 autem
2913 2433 2967 2488 in
3012 2435 3209 2489 virtute
3251 2419 3500 2504 Spiritus
3548 2435 3716 2489 sancti

2127 2525 2218 2590 sit,
2249 2535 2304 2580 et
2332 2526 2489 2582 datur
2515 2525 2783 2588 remissio.
2829 2534 2884 2580 et
2912 2526 3015 2600 hoc
3037 2525 3221 2580 semel.
3252 2523 3474 2579 Rursus
3507 2525 3713 2581 ordina-

2127 2616 2209 2672 tio.
2231 2632 2506 2672 sacrorum
2531 2617 2584 2672 in
2612 2616 2811 2673 virtute
2837 2615 3066 2686 Spiritus
3092 2618 3266 2671 sancti
3297 2615 3550 2684 ejusdem
3574 2617 3650 2678 tit,
3663 2625 3714 2671 et

2126 2705 2228 2761 hoc
2257 2708 2449 2762 semel.
2491 2707 2591 2775 Qui
2635 2708 2679 2763 si
2724 2708 2983 2764 acciderit
3014 2721 3150 2762 noxa
3182 2715 3242 2760 ιιι
3277 2708 3710 2762 ειεοιιιωιιιιίαξ·

2128 2803 2234 2860 tur,
2269 2797 2510 2868 nunquid
2543 2813 2663 2852 nam
2699 2798 2984 2853 dicendum
3024 2807 3085 2850 ιιι
3109 2797 3626 2852 excommunicetur
3650 2810 3713 2849 ne

2125 2884 2194 2939 sit
2220 2885 2585 2953 Christianus,
2617 2889 2709 2957 qui
2749 2888 2947 2942 donum
2983 2902 3080 2958 per
3114 2885 3360 2956 Spiritus
3385 2887 3567 2941 sancti
3600 2903 3712 2957 gra-

2125 2980 2251 3035 tiam
2293 2981 2612 3050 acceperat?
2638 2980 2790 3046 Quod
2836 2980 2883 3034 si
2913 2995 3076 3034 unum
3105 2979 3309 3034 donum
3337 2995 3441 3050 per
3471 2979 3708 3034 eumdem

2125 3069 2382 3141 Spiritum
2413 3080 2657 3126 sanctum
2682 3073 2862 3126 datum
2895 3070 3206 3125 nullatenus
3230 3079 3421 3140 potest
3443 3069 3708 3130 evacuari,

2125 3163 2394 3232 quomodo
2421 3163 2558 3218 dicis
2588 3163 2730 3218 aliud
2754 3163 2932 3218 simile
2959 3163 3156 3218 donum
3194 3177 3364 3232 posse
3399 3163 3576 3233 pelli?
3615 3163 3713 3214 Διε-

2115 3264 2221 3304 nue
2243 3250 2637 3318 suspicaturus,
2676 3251 2818 3320 quod
2848 3264 2950 3304 non
2979 3250 3049 3304 sit
3076 3265 3214 3303 unus
3243 3260 3476 3304 sanctus
3519 3264 3704 3317 coope-

2112 3357 2241 3396 rans
2265 3341 2445 3396 omnia
2489 3340 2746 3410 Spiritus,
2772 3357 2894 3395 cum
2934 3356 3159 3412 prorsus
3198 3359 3216 3392 t
3249 3357 3394 3395 unus
3421 3341 3497 3395 sit
3536 3341 3712 3395 Domi-

2111 3447 2233 3495 nus,
2260 3447 2367 3486 una
2396 3431 2549 3497 fides,
2576 3448 2740 3486 unum
2773 3432 3035 3502 baptisma
3073 3430 3236 3502 (Eph.
3271 3447 3348 3496 tv,
3377 3431 3461 3500 5),
3497 3453 3520 3484 ›
3545 3449 3706 3486 unum

2113 3522 2495 3578 sacerdotium.
2549 3521 2702 3589 Quod
2753 3522 2799 3576 si
2845 3522 3170 3591 baptismum
3212 3539 3323 3577 non
3374 3521 3582 3578 auferri
3622 3538 3709 3592 ριν

2112 3621 2238 3678 test,
2273 3612 2459 3682 procul
2483 3611 2647 3667 dubio
2680 3626 2781 3667 nec
2817 3611 3200 3666 sacerdotium.
3227 3612 3310 3665 Ab
3328 3621 3454 3668 actu
3490 3613 3707 3682 quidem

2108 3719 2205 3775 per
2228 3703 2566 3759 divinitatem
2598 3703 2870 3775 segregari
2909 3713 3110 3774 potest,
3138 3712 3198 3758 ttt
3222 3714 3407 3760 tamen
3447 3707 3718 3760 sacerdos

2109 3794 2164 3848 in
2189 3793 2554 3864 perpetuitate
2580 3809 2683 3847 non
2709 3793 2801 3858 sit,
2831 3793 2972 3847 sicut
2994 3793 3330 3865 baptizatus,
3357 3794 3588 3849 minime
3612 3809 3708 3864 ρον

2111 3891 2234 3937 test.
2269 3882 2334 3936 Et
2356 3883 2494 3937 sicut
2523 3898 2686 3937 unum
2713 3882 2926 3936 initium
2954 3892 3060 3948 est,
3084 3883 3156 3936 ita
3181 3891 3234 3937 et
3257 3883 3530 3952 possessio
3550 3884 3710 3937 simi—

2108 3974 2283 4046 lisque
2317 3974 2456 4030 linis.
2494 3973 2643 4029 Unde
2668 3983 2912 4045 apparet,
2946 3973 3070 4044 quia
3098 3974 3239 4029 sicut
3268 3975 3580 4044 baptizatus
3623 3991 3710 4029 re-

2107 4065 2372 4136 baptizari
2401 4081 2505 4121 non
2551 4074 2754 4136 potest,
2807 4065 2888 4120 sic
2927 4074 3174 4120 sacratus
3206 4063 3518 4118 nttllomodo
3551 4080 3709 4119 resa-

2108 4157 2246 4211 erari
2275 4165 2468 4226 potest.
2516 4155 2670 4223 Quod
2715 4155 2808 4226 qui
2849 4155 2950 4210 hoc
2988 4155 3316 4210 contradicit
3347 4156 3400 4209 in
3433 4153 3700 4209 haeresim

2111 4245 2512 4300 Donastitarutn
2546 4245 2675 4299 rttit.
2707 4243 2860 4311 Quod
2901 4244 3082 4313 itaque
3107 4259 3206 4314 per
3232 4259 3397 4298 unum
3427 4243 3705 4313 Spiritum

2107 4344 2353 4390 sanetum
2383 4336 2473 4401 sit,
2508 4351 2671 4394 unum
2724 4343 2834 4400 est,
2869 4343 2925 4389 et
2971 4349 3078 4388 non
3112 4335 3404 4390 diversum.
3443 4335 3705 4404 Alioquin

2107 4426 2153 4480 si
2181 4427 2235 4480 in
2265 4426 2533 4496 baptismo
2580 4423 2860 4480 confertur
2885 4423 3135 4494 Spiritus,
3187 4435 3243 4479 et
3263 4442 3368 4479 non
3422 4426 3476 4479 in
3508 4434 3703 4480 sacer-

2107 4518 2253 4572 dotio
2278 4518 2386 4588 jam
2414 4533 2518 4572 non
2561 4526 2643 4572 est
2686 4531 2881 4582 unum,
2911 4517 3004 4571 sed
3052 4517 3229 4586 potius
3251 4517 3546 4572 diversum.
3579 4516 3700 4571 Non

2107 4610 2249 4666 enim
2278 4609 2574 4664 accidentia
2604 4618 2728 4664 sunt
2774 4624 2893 4678 qum
2923 4609 3170 4664 accidant
3210 4619 3265 4662 et
3311 4611 3570 4664 recedant
3599 4610 3700 4663 ba-

2107 4704 2360 4773 ptismum
2388 4713 2443 4758 et
2495 4703 2881 4768 sacerdotium,
2914 4718 3012 4774 per
3053 4705 3700 4768 excommunicationem,

2107 4802 2162 4846 ιιι
2187 4803 2316 4864 puta
2343 4792 2619 4864 quodlibet
2647 4794 2932 4850 accidens:
2983 4794 3147 4849 veluti
3176 4794 3442 4864 sapienlia
3467 4811 3590 4866 qua:
3612 4811 3696 4849 re.

2104 4885 2246 4938 cedit
2285 4899 2314 4938 a
2357 4883 2598 4954 subjecta
2626 4894 2826 4949 mente,
2858 4895 2952 4939 aut
2995 4885 3121 4940 dttm
3172 4885 3390 4955 desipit,
3428 4894 3523 4940 aut
3564 4888 3695 4960 dum

2103 4977 2456 5032 obliviscitur.
2486 4976 2596 5032 Nec
2640 4976 2856 5047 quidem
2892 4975 3194 5048 perduntur
3232 4992 3332 5047 per
3356 4978 3692 5046 segregatio-

2102 5083 2222 5122 ncm
2257 5069 2562 5137 potestatis,
2592 5082 2691 5122 nec
2719 5067 2828 5121 ullo
2873 5067 3034 5122 modo
3059 5081 3269 5120 ntevum
3301 5063 3614 5120 infectionis
3639 5068 3688 5120 iu

2100 5175 2158 5215 se
2188 5159 2581 5231 perpetiuntur,
2631 5173 2729 5214 nec
2761 5159 2955 5213 mutari
3021 5167 3080 5211 ιιι
3119 5166 3369 5212 sanctum
3399 5173 3509 5211 non
3542 5159 3689 5220 sint;

2101 5266 2199 5304 nec
2224 5251 2386 5305 etiam
2420 5251 2490 5303 ita
2523 5249 2844 5315 evelluntur,
2879 5256 2934 5302 ut
2967 5248 3078 5304 sive
3105 5248 3172 5302 ad
3222 5247 3447 5310 malum,
3479 5248 3596 5301 sive
3623 5246 3687 5298 ad

2097 5343 2319 5407 bonum,
2370 5344 2661 5396 secundum
2713 5342 2842 5397 illttd
2884 5351 3161 5412 acceptum
3219 5340 3430 5395 ordinis
3453 5340 3687 5394 ordinati

2102 5448 2205 5484 non
2237 5433 2565 5496 iudicentur.
2621 5433 2882 5499 Quocirca
2934 5447 3152 5486 necesse
3198 5439 3372 5486 estut
3394 5432 3685 5494 concedas,

2811 5534 2817 5538 .
2903 5523 3278 5584 amabile.
3333 5522 3482 5586 sicut
3519 5522 3686 5600 “395'
