3948 5720
144 372 269 431 ηπ

964 374 1220 433 AUXILII
1262 376 1352 432 DE
1389 375 1620 433 CAUSA
1657 376 1755 433 ΕΤ
1783 377 2084 437 NEGOTIO
2121 378 2431 438 FORMOSI
2458 379 2558 435 PP.

3198 380 3385 437 ’111οε

142 484 260 543 nuit.
296 479 422 536 dare
466 496 573 537 non
614 482 807 553 potuit.
854 484 1072 541 Acron:
1126 486 1300 551 Dixit,
1348 488 1442 543 sed
1490 501 1596 542 non
1627 487 1696 543 de
1726 494 1769 552 Α
1799 499 1948 547 recte
1969 490 2167 547 dicitur
2190 492 2258 547 de
2280 507 2388 547 uno
2414 489 2740 547 credendum
2762 505 2885 562 jure
2910 506 3016 547 non
3043 505 3223 563 posse,
3251 508 3374 548 cum

140 571 380 630 catholico
397 572 501 628 isto
529 572 805 632 Formosa.
838 574 944 632 Sed
966 576 1092 634 licet
1120 580 1186 633 de
1207 578 1445 649 quolibet
1467 579 1694 635 dixisset

138 664 467 727 Innocentius,
519 665 567 721 si
615 666 780 722 etiam
819 668 886 724 de
933 669 1202 739 aliquibus
1246 671 1515 725 nonnullis
1559 672 1696 727 dixit

139 755 409 820 haereticis;
453 765 675 812 econtra
702 758 880 830 priora
908 759 1092 816 dixere
1127 760 1237 817 Leo
1270 770 1328 817 et
1356 760 1692 817 Anastasius.

137 849 185 904 In
214 847 453 903 humanis
501 850 646 904 enim
694 850 905 922 legibus
954 852 1179 923 pluritas
1218 854 1405 917 vincit,
1429 853 1695 923 siquidem

140 959 163 991 ιο
189 940 235 994 in
256 954 346 995 ore
375 940 601 996 duorum
621 942 703 998 vel
730 943 889 999 trium
919 945 1134 1000 testium
1159 955 1266 1001 stat
1287 962 1452 1002 omne
1477 943 1697 1001 verbum

135 1031 328 1102 (Μαιιιι.
353 1047 504 1098 xvut,
532 1032 608 1105 6).
653 1053 675 1088 ›
699 1034 874 1092 Minus
922 1047 1008 1093 est
1034 1038 1177 1092 enim
1202 1052 1367 1093 unum
1397 1039 1699 1095 excessisse

133 1140 276 1195 quam
305 1123 500 1196 plures.
536 1125 717 1197 Neque
766 1129 933 1199 igitur
970 1131 1023 1186 in
1071 1129 1249 1186 dando
1283 1131 1551 1202 exemplo,
1600 1145 1700 1187 nec

134 1233 302 1279 tutum,
335 1232 434 1273 nec
473 1234 614 1274 unus
642 1218 870 1287 suﬁicit;
910 1236 1083 1292 neque
1111 1222 1184 1276 ita
1214 1222 1337 1293 quis
1359 1223 1425 1277 ab
1448 1223 1701 1279 haeretico

131 1306 434 1376 baptizatus,
461 1308 530 1364 ab
552 1309 661 1365 ullo
688 1311 960 1367 catholico
988 1312 1379 1382 rebaptizatur.
1412 1312 1543 1368 Vide
1574 1313 1699 1382 quia

130 1415 288 1469 neque
320 1401 483 1456 etiam
515 1403 806 1459 haereticus
826 1403 918 1473 jus
946 1406 1218 1475 puntilicts
1251 1405 1447 1476 perdit,
1482 1405 1575 1462 sed
1604 1419 1700 1460 ne-

128 1510 221 1562 que
254 1496 594 1552 sacrationis.
648 1497 759 1553 Etsi
801 1499 869 1553 de
911 1499 1180 1555 haereticis
1220 1480 1321 1555 hoc
1362 1499 1701 1565 conceditur,

128 1599 280 1653 quare
310 1600 413 1640 non
447 1588 513 1641 de
542 1586 827 1654 Formoso,
856 1589 972 1644 viro
998 1590 1269 1645 catholico
1296 1600 1353 1645 et
1375 1590 1703 1657 orthodoxe,

127 1674 470 1731 conceditur?
513 1677 562 1732 ls
599 1687 685 1733 est
734 1678 978 1749 profecto
1017 1680 1128 1743 ille,
1176 1681 1268 1752 qui
1314 1682 1368 1737 in
1393 1680 1559 1746 ,omni
1590 1681 1701 1735 vita

128 1779 214 1817 sua
235 1773 388 1819 tanta-
415 1768 702 1836 gravitatis
720 1768 892 1833 forma
921 1772 1153 1836 exstitit,
1186 1781 1244 1825 ut
1268 1773 1452 1828 vinum
1484 1788 1592 1827 non
1621 1772 1702 1829 bi-

1796 582 1864 638 de
1893 583 2144 638 omnibus
2172 583 2389 638 dicatur
2418 581 2701 652 :equaliter
2727 595 2906 651 posse.
2942 581 3049 636 Aut
3078 580 3221 636 enim
3254 598 3373 637 om—

1797 673 1957 729 nibus
1986 672 2270 743 aequaliter
2309 674 2413 729 erit
2450 686 2640 745 posse,
2684 679 2779 727 aut
2818 671 3099 742 mqualiter
3126 671 3391 726 omnibus

1797 777 1905 818 non
1949 779 2130 834 posse.
2179 764 2391 820 Etenim
2430 761 2693 819 credibile
2722 770 2808 818 est
2838 776 2937 833 per
2980 761 3389 831 impositiouem

1800 867 2056 908 manuum
2103 853 2480 925 episcoporum
2520 853 2767 921 accipere
2805 849 3065 921 Spiritum
3108 856 3389 905 sanctum.

1799 944 1936 1012 Quia
1967 960 2099 1001 vero
2127 945 2420 1001 Formosus
2439 986 2453 1010 ,
2482 952 2538 999 ut
2570 942 2662 999 alii
2691 943 3007 1014 apostolici,
3034 943 3203 1000 etiam
3230 950 3286 997 et
3312 944 3382 997 ab

1800 1042 1932 1114 ipsis
1951 1041 2218 1113 episcopis
2242 1056 2433 1095 manus
2460 1039 2854 1111 impositiouem
2880 1037 3111 1109 accepit,
3133 1046 3187 1092 et
3214 1035 3411 1106 ἱρείης»

1802 1133 2097 1204 potestatis
2129 1132 2318 1203 utique
2360 1145 2554 1201 expers
2594 1145 2700 1184 non
2742 1129 2865 1185 iuit.
2911 1127 3134 1199 Accepit
3176 1117 3408 1187 autemJ

1801 1230 1970 1303 Igitur
2005 1238 2060 1285 et
2100 1229 2231 1284 dare
2268 1228 2463 1298 potuit.
2492 1225 2630 1281 Nam
2658 1225 2702 1281 si
2732 1239 2837 1280 non
2870 1222 3086 1286 habuit,
3117 1231 3210 1278 aut
3236 1220 3388 1279 simi-

1803 1319 1906 1375 lem
1948 1319 2347 1390 impositiouem
2377 1332 2482 1373 non
2511 1316 2767 1388 accepit;
2794 1322 2889 1370 aut
2927 1312 2973 1370 si
3014 1311 3217 1368 similis
3248 1311 3348 1366 fuit
3369 1350 3386 1376 ,

1804 1410 1931 1480 quia
1965 1408 2166 1466 mutari
2200 1423 2305 1463 non
2338 1407 2539 1478 potuit,
2572 1405 2735 1461 simili
2768 1403 2927 1459 modo
2956 1411 3014 1457 ut
3051 1394 3139 1457 alii
3174 1400 3267 1472 qui
3297 1398 3388 1454 ae—

1804 1508 2097 1572 ceperunt,
2137 1499 2192 1554 id
2233 1499 2377 1569 quod
2417 1504 2702 1568 acceperat
2730 1494 2893 1551 simili
2923 1493 3233 1550 conditione
3259 1492 3395 1547 dare

1804 1600 1859 1647 et
1886 1591 2081 1663 potuit.
2114 1588 2171 1646 Si
2202 1589 2334 1646 illud
2365 1588 2497 1652 iuit,
2531 1596 2586 1642 et
2612 1586 2754 1643 istud
2782 1600 2797 1641 :
2828 1586 2973 1656 quod
3014 1585 3060 1640 si
3103 1584 3248 1639 istud
3281 1597 3387 1639 non

1806 1682 1940 1748 fuit,
1971 1682 2118 1738 omni
2150 1680 2311 1736 modo
2340 1694 2441 1738 nec
2470 1678 2622 1735 illud.
2655 1676 2779 1732 Fuit
2823 1684 3002 1735 autem
3048 1673 3179 1729 illud
3202 1715 3216 1738 ,
3259 1687 3425 1747 ergo—-

1808 1786 1865 1832 et
1894 1775 2061 1831 istud.
2095 1773 2153 1831 Si
2184 1774 2367 1844 itaque
2397 1770 2713 1844 astipularis
2738 1767 3029 1840 quemlibet
3054 1767 3178 1840 jure
3205 1780 3392 1822 sacra-

128 1854 284 1922 ιιονθι,
313 1858 496 1915 Carnis
525 1871 743 1931 gustum
793 1864 1055 1930 065051131;
1095 1862 1339 1931 feminea:
1364 1863 1567 1933 cumdie
1602 1879 1702 1919 ex-
1733 1850 1777 1909 Β
1808 1879 1988 1926 mento
2018 1883 2122 1925 non
2153 1884 2313 1940 posse
2342 1870 2449 1934 uti,
2481 1868 2711 1924 alterum
2732 1866 2858 1939 jure
2901 1880 3156 1932 sacrare;
3204 1852 3431 1919 fateris”

126 1961 258 2016 pers,
286 1958 527 2022 octogcn.
548 1952 665 2007 rius
688 1954 983 2024 virgineum
1013 1970 1169 2011 suum
1198 1971 1392 2027 corpus
1430 1957 1703 2012 hominem

126 2050 314 2094 exuens
341 2050 501 2095 terra!
521 2043 943 2099 commendaret.
967 2044 1095 2100 Istae
1113 2047 1277 2101 etiam
1298 2056 1486 2119 gentes
1510 2045 1705 2118 Vulga-

126 2141 311 2192 rurum,
352 2132 522 2187 vitam
565 2135 875 2190 sanctitatis
923 2137 1307 2205 praedicatione
1354 2138 1701 2205 confirmans,

128 2228 181 2274 ut
204 2236 360 2278 verus
387 2225 724 2294 apostolicus
744 2228 813 2285 ad
832 2227 991 2285 (idem
1029 2229 1274 2285 adduxit.
1312 2229 1377 2287 Et
1405 2246 1527 2286 cum
1556 2240 1700 2286 tanta

123 2312 374 2381 probitate
396 2317 724 2385 prtedicatus
754 2328 865 2373 toto
895 2321 1094 2376 mundo
1119 2330 1179 2377 ut
1204 2320 1341 2376 alter
1369 2319 1560 2378 lucifer
1584 2321 1705 2378 illu-

124 2404 298 2470 xisset,
347 2405 455 2461 vim
502 2423 691 2478 passus
735 2408 788 2464 iu
831 2409 1097 2480 sepulcro,
1151 2410 1306 2466 busta
1337 2411 1539 2477 diruta,
1581 2426 1704 2467 ossa

122 2494 302 2562 fracta,
330 2498 408 2553 uti
447 2500 717 2568 quoddam
760 2502 1189 2572 memphiticum,
1216 2500 1527 2571 ejectusest
1550 2511 1703 2559 extra

124 2588 400 2656 publicum.
438 2590 540 2647 Cui
571 2599 721 2647 tanto
749 2591 866 2651 viro
912 2593 1222 2649 examinato
1268 2603 1327 2648 ut
1374 2610 1587 2657 aurum,
1630 2595 1704 2649 nil

114 2676 293 2747 juvare
320 2692 555 2754 potuere
577 2684 775 2740 schola:
795 2684 1094 2740 clamantes
1120 2704 1131 2739 :
1162 2684 1206 2741 Ο
1225 2686 1433 2756 parcite
1461 2684 1700 2755 sepulto!

120 2780 198 2825 est
222 2771 424 2827 nullum
453 2789 579 2829 cum
630 2775 859 2831 mortuis
904 2784 1203 2841 certamen,
1264 2777 1358 2831 sed
1410 2774 1507 2830 fuit
1559 2776 1610 2829 in
1643 2790 1708 2831 eo

120 2861 336 2931 licitum,
385 2866 536 2936 quod
577 2866 811 2921 libitum.
858 2866 1046 2937 Neque
1080 2868 1224 2922 enim
1270 2868 1401 2939 ipsis
1450 2866 1709 2937 apostolis

118 2955 291 3012 datum
320 2968 410 3014 est
440 2961 512 3014 de
540 2962 771 3019 mortuis
800 2961 1171 3032 prtejndieare.

179 3047 278 3103 las.
307 3048 452 3118 Quid
474 3051 679 3122 igitur?
709 3052 867 3107 datur
890 3052 1032 3123 quod
1059 3068 1163 3108 non
1201 3053 1467 3108 habetur?
1488 3053 1704 3108 Acron:

115 3134 319 3194 Etenim
352 3140 547 3196 datur.
1258 3165 1262 3170 '

1804 1961 2176 2018 indubitanter
2202 1970 2603 2017 sacramentum
2629 1957 2917 2013 alteratum
2947 1955 3202 2012 existere.
3234 1952 3397 2010 Unde

1805 2052 2023 2123 requiro
2065 2051 2165 2107 abs
2202 2059 2288 2115 te,
2323 2058 2503 2104 utrum
2540 2048 2667 2121 jure
2708 2048 2763 2102 in
2803 2058 3148 2103 sacramento
3191 2044 3391 2101 altera‘

1806 2152 1918 2200 tum
1954 2144 2024 2200 sit
2067 2144 2269 2199 dicere.
2311 2141 2613 2197 Alteratum
2659 2147 3092 2204 sacramentum,
3134 2137 3422 2207 inquamr

1804 2234 2047 2306 appello,
2099 2233 2359 2306 quidquid
2397 2232 2655 2288 divinitus
2696 2245 2793 2302 per
2834 2230 3208 2286 ministrorum
3251 2227 3394 2287 celer

1803 2324 1999 2381 bratur
2028 2339 2253 2391 manus,
2288 2331 2347 2379 ut
2380 2330 2513 2393 puta
2560 2321 2927 2393 baptismum,
2972 2319 3242 2391 impositio
3281 2335 3427 2373 nia-7

1806 2432 1972 2471 nuum
1994 2456 2008 2481 ,
2041 2424 2096 2471 et
2127 2423 2322 2471 ctelera
2356 2413 2619 2469 cmlestia.

1879 2507 1982 2563 lus.
2014 2504 2125 2562 Nec
2154 2521 2333 2577 spero.
2366 2506 2552 2561 Acron
2580 2518 2594 2558 :
2627 2503 2806 2572 Quare
2827 2504 2856 2557 ’ἔ

1879 2599 1988 2655 las.
2034 2597 2170 2665 Quia
2212 2608 2318 2651 non
2349 2605 2433 2651 est
2458 2595 2754 2649 diversum.
2784 2594 2916 2649 Cum
2945 2592 3089 2647 enim
3120 2591 3439 2646 diversum

1810 2689 1985 2745 tribus
2015 2687 2108 2743 (lat
2151 2687 2359 2751 modis,
2401 2686 2663 2750 materia,
2705 2700 2901 2756 opere,
2946 2694 3220 2752 utroque:
3265 2680 3413 2753 quia.

1808 2786 2209 2837 sacramentum
2279 2786 2527 2832 neutrum
2599 2787 2725 2841 est,
2787 2776 3073 2831 alteratum
3131 2788 3237 2829 non
3289 2782 3392 2827 est.

1809 2872 1996 2927 Acron
2026 2886 2039 2923 :
2073 2868 2298 2925 Gratum
2328 2878 2413 2922 est
2442 2867 2585 2937 quod
2614 2868 2833 2922 asseris.
2865 2865 2930 2921 Et
2959 2866 3176 2937 quidem
3207 2867 3259 2919 in
3292 2864 3396 2937 hoc

1809 2957 2024 3016 veritati
2049 2956 2310 3012 obediens
2328 2997 2342 3024 ,
2372 2936 2469 3027 pro
2492 2970 2578 3011 me
2598 2966 2786 3010 contra
2815 2965 2868 3010 te
2894 2936 3048 3010 dicis.
3077 2953 3214 3009 Nam
3239 2954 3283 3008 si
3307 2936 3397 3008 sal-

1811 3057 2150 3105 cramentum
2179 3062 2355 3118 neque
2383 3045 2528 3102 aliud
2559 3055 2675 3112 est,
2708 3060 2881 3115 neque
2908 3044 3200 3100 alteratum
3220 3084 3235 3109 ,
3262 3058 3399 3114 quu-

1813 3143 1959 3198 niam
2005 3155 2105 3196 nec
2145 3155 2319 3211 genus
2338 3179 2355 3205 ,
2388 3154 2488 3194 nec
2515 3139 2724 3209 species
2749 3138 2961 3193 distans
2987 3153 3018 3192 a
3047 3138 3229 3207 specie
3249 3177 3264 3201 ,
3297 3150 3399 3198 nec.

181 3230 281 3286 ius.
331 3232 572 3301 Quidam
624 3234 815 3306 itaque
855 3235 1164 3306 presbyter,
1190 3243 1248 3290 ut
1290 3245 1420 3306 puta
1468 3235 1583 3291 heri
1612 3221 1778 3291 ba-C
1810 3232 2063 3289 accidens
2114 3233 2165 3287 in
2213 3232 2403 3286 eodem
2455 3239 2582 3296 est;
2636 3240 2692 3285 et
2736 3245 2836 3285 nec
2883 3229 3245 3301 quantitatem
3296 3242 3396 3282 nec

113 3320 347 3388 ptizavit,
397 3332 457 3379 et
501 3323 618 3393 ipse
665 3324 1011 3380 criminosus.
1064 3322 1169 3392 Qui
1219 3324 1345 3380 dum
1394 3324 1714 3395 baptizavit,

114 3423 391 3480 peccatum
447 3416 719 3488 originale
768 3417 1017 3473 dimisit?
1062 3420 1294 3473 Acron:
1366 3417 1607 3487 Denique
1660 3417 1711 3471 id

114 3508 344 3576 approbo
369 3511 864 3565 conzlcscendendo
896 3510 1015 3577 tibi,
1057 3513 1213 3581 quasi
1245 3511 1349 3566 tuis
1395 3510 1710 3567 assertioni-

115 3595 206 3652 bus
232 3596 446 3663 favens,
479 3608 695 3671 tuaeque
722 3602 859 3671 parti
894 3611 1104 3667 astans,
1156 3617 1262 3657 non
1303 3603 1519 3673 quidem
1550 3617 1616 3657 ex
1648 3616 1709 3655 ea

112 3695 256 3752 parte
289 3689 549 3743 veritatis
577 3704 680 3759 qua
702 3705 820 3745 sum
858 3690 1129 3746 defensor.
1182 3689 1336 3747 Unde
1363 3690 1563 3761 replica
1593 3705 1713 3760 qua:

109 3778 306 3838 dixisti.

171 3872 278 3927 lxs.
310 3873 460 3939 Nm,
488 3884 731 3946 inquam,
755 3876 913 3932 dico:
946 3895 970 3929 ι
1002 3875 1288 3948 Presbyter
1308 3876 1560 3940 dimittet,
1584 3875 1711 3947 quia

107 3980 264 4020 nemo
289 3968 398 4022 nisi
438 3967 587 4022 Deus
625 3968 847 4023 dimittit
872 3967 1008 4046 (Luc
1030 3982 1085 4035 ν,
1112 3969 1223 4041 2|).
1262 3988 1282 4023 ι
1315 3968 1540 4024 Acron:
1573 3968 1716 4024 Con-

106 4056 237 4111 cedo
278 4060 413 4129 quia
466 4058 544 4114 ita
582 4068 697 4116 est:
732 4061 826 4116 sed
876 4070 1054 4118 tamen
1107 4062 1251 4123 Deus
1312 4077 1417 4117 non
1468 4060 1708 4125 dimittit,

105 4157 238 4205 teste
269 4150 532 4207 Ecclesia
566 4167 686 4222 qua:
714 4151 881 4208 dicit:
929 4151 1041 4209 Nisi
1091 4155 1376 4227 presbyter
1407 4153 1714 4222 baptizare-

105 4241 189 4297 rit.
217 4242 551 4301 Accedente
581 4244 797 4315 quidem
837 4245 1053 4301 homine
1082 4247 1149 4302 ad
1185 4243 1616 4311 bominem,Deo
1645 4241 1712 4296 ad

106 4346 373 4401 mentem,
433 4352 507 4390 cx
565 4335 774 4391 duobus
822 4339 1012 4392 tertius
1074 4338 1445 4393 remissionem
1499 4334 1710 4408 recipit,

104 4424 346 4497 ﬁngente
372 4427 597 4483 scilicet
617 4426 1181 4498 presbytero'eilicftur
1204 4428 1469 4491 remissio,
1491 4436 1547 4483 et
1569 4428 1711 4498 quod

104 4532 205 4573 non
237 4521 413 4575 habet
438 4534 517 4574 ex
549 4534 676 4585 suo,
697 4520 924 4591 porrigit
951 4535 1021 4577 es
1061 4516 1257 4574 oilicio.
1308 4518 1447 4576 Ecce
1480 4518 1713 4590 qualiter

103 4611 190 4665 dat
212 4612 263 4667 id
294 4629 370 4683 qu
395 4614 452 4667 id
488 4626 600 4666 non
630 4610 810 4666 habet.

168 4701 273 4761 las.
318 4723 338 4755 ι
376 4702 588 4767 Nemo,
610 4703 848 4772 inquam,
890 4700 1114 4757 dimi:tit
1159 4710 1400 4772 peccata,
1444 4701 1542 4756 nisi
1570 4699 1717 4757 solus

103 4794 243 4852 Deus
294 4796 387 4869 (Ib
413 4795 503 4866 ά).
556 4813 573 4844 ι
621 4795 843 4851 Acron:
896 4795 1091 4849 Verum
1140 4802 1246 4857 est,
1297 4793 1564 4848 assentio:
1621 4794 1715 4847 sed

103 4884 311 4959 inspice
344 4888 532 4943 Deum
586 4901 615 4939 a
647 4884 757 4940 Deo
801 4884 1022 4948 factum,
1048 4884 1302 4939 videlicet
1348 4884 1418 4939 ab
1441 4882 1717 4940 essentiali

104 4980 545 5044 accidentalcin,
592 4994 750 5048 quem
799 4978 998 5034 factum
1051 4977 1335 5049 honoravit
1380 4992 1504 5031 eum
1554 4976 1633 5031 sic
1661 4984 1719 5030 ut

103 5071 249 5131 dare:
270 5075 321 5128 ei
346 5078 698 5144 potestatem
721 5069 862 5127 ﬁlios
884 5071 1044 5127 etiam
1063 5069 1156 5125 Dei
1181 5070 1295 5127 lieri
1321 5068 1505 5140 (Joan.
1536 5083 1572 5131 1,
1602 5066 1730 5137 12),.

103 5167 372 5238 daretque
422 5171 759 5235 potestatein
788 5163 1062 5222 dimittere
1107 5171 1169 5217 et
1209 5161 1479 5231 retinere,
1506 5159 1715 5244 solvere

102 5267 156 5313 et
184 5259 363 5328 ligare
392 5254 641 5329 (Manli-
660 5269 770 5318 xvi,
798 5254 907 5328 l9).
1468 5254 1471 5259 “

169 5352 279 5408 las.
328 5351 448 5407 Sed
497 5362 613 5404 non
645 5346 923 5408 Formosa.
969 5354 1160 5409 Acron
1188 5369 1201 5406 :
1233 5350 1291 5409 Si
1320 5350 1564 5423 perfecto
1587 5347 1713 5405 odio

101 5447 351 5513 odisses,
407 5443 609 5498 minus
659 5439 880 5510 egisses.
930 5446 1085 5506 Unde
1134 5447 1480 5517 antiquarum
1529 5443 1732 5500 odium.

100 5538 224 5594 felle
251 5531 669 5593 amaritudinis
697 5546 860 5602 parvo
892 5538 1169 5597 stillicidio
1199 5540 1485 5594 verborum
1529 5536 1713 5608 dulco-

97 5636 206 5690 rari
245 5651 361 5690 non
394 5637 617 5705 pOIBSl-
650 5626 778 5684 Nam
809 5634 855 5688 Si
891 5655 988 5709 per
1018 5634 1415 5704 impositiouem
1450 5643 1708 5690 manuum

1812 3325 2129 3398 qualitatem
2168 3323 2368 3391 habet,
2415 3334 2470 3379 et
2513 3339 2614 3379 nec
2654 3322 2876 3392 augeri,
2918 3336 3018 3377 nec
3056 3318 3265 3384 minui,
3296 3333 3398 3373 nec

1815 3423 2010 3478 mutari
2041 3428 2252 3491 patest,
2282 3430 2337 3474 et
2382 3418 2503 3474 ideo
2545 3432 2648 3472 non
2693 3431 2815 3471 esse
2854 3414 3130 3469 diversum
3175 3412 3394 3477 fateris,

1813 3515 1906 3569 sed
1940 3514 2116 3584 potius
2147 3527 2267 3568 esse
2296 3511 2436 3567 idem
2472 3511 2523 3564 in
2553 3508 2743 3564 eodem
2789 3523 2977 3562 unum.
3020 3505 3136 3573 Qua
3189 3505 3399 3558 ratione
3430 3532 3437 3538 ι

1813 3620 1943 3678 ergo
1973 3605 2112 3661 dicis
2154 3619 2261 3658 non
2303 3602 2543 3674 potuisse
2585 3600 2905 3656 Furniusutn
2952 3614 3016 3654 ea
3057 3597 3133 3652 uti
3175 3604 3431 3666 accepta.

1812 3705 2112 3771 potestate,
2144 3696 2286 3752 sicut
2328 3702 2382 3750 et
2424 3693 2607 3749 ueteri
2635 3706 2758 3747 cum
2789 3690 3031 3754 cmteris,
3076 3704 3200 3743 cum
3229 3684 3399 3742 conii-

1815 3792 1984 3847 teat-is
2007 3796 2407 3846 saeramcnttnu
2436 3795 2488 3841 et
2518 3786 2837 3841 Formosum
2866 3784 2980 3839 suis
3006 3782 3060 3838 in
3089 3779 3437 3852 speciebus,.

1814 3883 1917 3939 etsi
1966 3882 2077 3937 sint
2122 3881 2323 3945 altera,
2370 3895 2477 3933 non
2522 3888 2701 3933 tamen
2743 3878 2876 3940 alia,
2926 3875 3228 3946 prresertim
3274 3888 3398 3929 cum
3434 3902 3438 3911 η

1814 3986 1977 4032 omne
2028 3973 2172 4029 aliud
2229 3971 2524 4034 alterum,
2562 3986 2667 4024 non
2721 3979 2899 4023 tamen
2957 3982 3121 4023 omne
3166 3967 3401 4020 alterum
3427 3993 3440 4004 -

1815 4066 1963 4122 aliud
1991 4064 2108 4121 sit?
2160 4063 2361 4119 Paulus
2385 4063 2528 4118 enim
2562 4078 2592 4116 a
2623 4060 2818 4126 Petro,
2846 4060 2948 4113 etsi
2979 4058 3118 4113 alter
3145 4065 3261 4120 est.
3291 4070 3398 4110 non

1817 4167 1997 4214 tamen
2024 4155 2169 4211 aliud
2195 4164 2299 4211 est.
2336 4152 2453 4209 Non
2487 4152 2704 4223 quidem
2748 4151 2909 4206 homo
2943 4149 3190 4209 homine,
3226 4160 3409 4215 equus

1815 4262 1980 4319 equo,
2010 4247 2186 4318 majus
2214 4247 2373 4302 hodie
2399 4253 2485 4299 est
2506 4284 2520 4310 ,
2553 4257 2653 4298 nec
2679 4242 2951 4298 craserit.
2982 4241 3075 4295 Sic
3102 4239 3358 4294 nimirum
3381 4279 3411 4303 ,ί

1815 4341 1928 4407 sic,
1956 4338 2062 4395 etsi
2096 4344 2493 4394 sacramentum
2522 4334 2592 4391 ob
2621 4332 2941 4390 ellicienlem
2973 4333 3262 4387 alteratum
3307 4346 3402 4401 po-

1819 4440 1925 4485 test
1967 4429 2102 4494 dici,
2150 4446 2257 4484 non
2308 4438 2486 4483 tamen
2529 4438 2705 4495 neque
2745 4425 3036 4481 alteratum
3076 4423 3132 4480 in
3173 4423 3413 4485 eodem,

1818 4522 2078 4593 quoniam
2127 4528 2532 4575 sacramentum
2574 4527 2920 4573 sacramento
2967 4529 3070 4571 nec
3111 4513 3283 4585 majus
3317 4521 3404 4569 est

1821 4614 1981 4670 hodie
2010 4613 2062 4667 iu
2092 4612 2281 4667 eodem
2313 4609 2589 4680 subjecto,
2619 4623 2719 4663 nec
2750 4609 2856 4665 erit
2885 4622 3023 4664 cras.

1891 4706 1996 4761 lus.
2039 4704 2239 4760 Fateor
2281 4719 2369 4760 me
2412 4703 2467 4758 in
2520 4701 2624 4757 hoc
2665 4700 2884 4757 veritati
2927 4699 3170 4758 cedere:
3215 4711 3405 4753 verum

1821 4802 1949 4873 quia
2005 4800 2227 4856 invasor
2288 4796 2425 4864 fuit,
2480 4795 2817 4866 apostolicus
2871 4788 2997 4852 esse
3050 4804 3157 4845 non
3206 4789 3405 4861 potuit.

1822 4894 2052 4951 Acron:
2086 4891 2295 4946 Dictum
2328 4901 2413 4950 est
2439 4885 2722 4946 mendacio
2753 4886 2856 4942 tria
2901 4879 3132 4945 ascribi,
3177 4878 3407 4936 iaci-edi-

1825 4985 1935 5040 bile
1954 5025 1970 5049 ,
2000 4979 2344 5054 imposSibile
2365 5028 2379 5052 ,
2408 4991 2463 5039 ct
2491 4977 2849 5035 contrarium.
2883 4977 2940 5034 Si
2984 4972 3153 5046 igitur
3196 4986 3419 5026 conces-

1829 5090 1958 5132 sero
1985 5075 2291 5131 lnvasorem
2328 5076 2533 5134 fuisse,
2562 5067 2790 5124 Videbor
2820 5063 3208 5140 turpitudinem
3241 5061 3423 5130 reipuo

1824 5166 1984 5226 blicaa
2012 5167 2429 5230 inferre,scum
2475 5161 2637 5219 etiam
2677 5164 3010 5218 contrarium
3057 5152 3302 5206 videatur
3348 5151 3428 5205 in-

1827 5259 2093 5317 credibile
2137 5253 2571 5330 elitnpossibile
2619 5265 2775 5318 esse,
2828 5265 2888 5309 ut
2936 5253 3006 5308 ab
3064 5257 3174 5297 uno
3225 5241 3432 5323 tantillo

1829 5353 2395 5415 bomuncionetanta
2421 5344 2759 5411 sublimitas,
2810 5355 2954 5402 tanta
3005 5333 3297 5402 maiestas,
3348 5347 3440 5388 ca-

1830 5457 1937 5515 put
1960 5443 2140 5502 mundi
2169 5440 2415 5517 subiici,
2444 5448 2501 5499 et
2540 5435 2713 5490 invadi
2757 5440 3055 5508 quiuisset.
3084 5424 3242 5517 {Quod
3279 5424 3345 5517 si
3367 5423 3442 5477 ita

1829 5514 2005 5595 ruisse
2032 5531 2299 5600 defendis,
2357 5514 2551 5617 ρίιοοιιι
2575 5525 2736 5617 dubio
2762 5514 3198 5599 prudentiorum,
3230 5514 3448 5617 sapien-

1832 5630 2068 5698 tiorem,
2099 5604 2508 5705 utilioregﬁque
2528 5614 2738 5675 cunctis
2778 5619 3057 5680 ostendis,
3105 5619 3169 5659 ac
3208 5612 3305 5672 per
3349 5604 3454 5658 hoc
