3948 5432
495 373 623 433 illi

1215 375 1506 432 APPEND.
1547 377 1640 431 AD
1680 377 1854 433 SEC.
1897 376 1966 432 ιχ
2007 406 2076 417 --
2111 375 2486 448 AUCTORES
2515 375 2675 432 ANNI
2720 375 3014 432 INCERTI.

3605 379 3732 435 illi

493 500 682 546 contra
725 504 888 542 unum
935 486 1312 557 nequiverunt.
1357 488 1424 543 At
1475 489 1520 543 si
1561 502 1882 544 concessero
1921 487 2070 542 illum
2098 495 2147 552 Α
2175 486 2334 542 nullis
2359 503 2578 542 suorum
2619 489 2917 556 ordinatis,
2951 503 3050 544 nec
3078 488 3454 544 ordinaturum
3489 491 3733 547 ordinatis

493 581 662 637 fuisse
716 581 1020 635 invasorem
1051 619 1065 644 ,
1115 579 1359 649 probabo
1413 579 1556 634 illius
1604 578 1825 634 sceleris
1888 577 2070 649 plures

494 673 772 728 exstitisse
814 681 1118 728 consortes.
1172 671 1325 739 Quod
1375 671 1422 727 si
1463 680 1518 726 tu
1543 678 1567 737 ,‘
1587 672 1842 742 inquam,
1870 671 2070 727 dixeris

493 757 803 832 episcopum
829 761 1078 817 illicitum
1105 775 1225 817 esse
1251 761 1515 816 scandere
1541 761 1610 815 ad
1637 771 1915 831 papatum,
1967 776 2067 830 pa-

494 852 727 908 vendum
777 861 862 908 est
911 868 981 907 ne
1032 852 1244 907 irritum
1299 852 1447 907 dicas
1493 851 1798 920 Marinum,
1846 860 1901 906 et
1954 849 2070 919 ejus

492 941 717 998 factum.
758 942 1024 1010 Quocirca
1066 944 1206 999 scito
1245 952 1300 998 et
1343 941 1746 1007 animadverte,
1785 943 1911 1012 quia
1951 941 2071 994 vin-

491 1047 617 1088 cere
645 1033 862 1104 quidem
905 1033 1108 1089 bonum
1136 1042 1258 1101 est,
1290 1033 1672 1105 supervincere
1700 1043 1881 1088 autem
1909 1032 2072 1087 nimis

492 1133 577 1183 est
606 1125 954 1182 invidiosum.

561 1215 829 1271 Prieterea
857 1232 1196 1287 consequens
1223 1227 1309 1274 est
1331 1217 1445 1288 jam
1466 1259 1482 1285 ,
1511 1219 1755 1291 ratioque
1790 1216 2066 1286 exposcit,

491 1315 757 1375 quatenus
784 1322 881 1378 per
910 1309 1364 1380 anacephaleosin
1410 1311 1676 1367 dictorum
1719 1310 1842 1364 finis
1881 1323 2070 1363 recen-

489 1398 660 1454 sendo
686 1398 985 1453 claudatur.
1018 1397 1358 1470 Propositum
1385 1403 1528 1470 enim
1559 1409 1671 1468 est,
1702 1399 2070 1456 excommuni-

489 1501 669 1547 catum
692 1493 1008 1549 Formosum
1036 1495 1348 1565 episc0pum
1393 1495 1598 1550 fuisse:
1648 1493 1742 1550 sed
1783 1495 2067 1565 probatum

487 1593 606 1650 est,
660 1586 989 1641 absolutum.
1041 1587 1254 1642 Dictum
1307 1595 1389 1642 est
1435 1587 1564 1642 licet
1611 1585 1953 1651 abSolutum,
2001 1584 2069 1640 ad

488 1675 649 1730 aliam
690 1678 871 1733 sedem
913 1676 1223 1732 nullatenus
1270 1691 1428 1748 posse
1459 1677 1710 1748 migrare.
1739 1676 2067 1732 Concessum

486 1776 570 1822 est
607 1767 839 1837 primum
882 1767 1116 1833 factum;
1165 1769 1269 1823 etsi
1310 1767 1440 1824 illud
1484 1768 1732 1834 irritmn,
1782 1767 2065 1838 sequentia

486 1867 670 1914 tamen
697 1873 817 1917 esse
843 1857 984 1914 facta
1007 1858 1155 1914 nullo
1176 1859 1336 1914 modo
1355 1859 1506 1914 irrita
1521 1874 1698 1930 posse.
1719 1859 2063 1915 Innocentius
2092 1869 2142 1928 Β

483 1956 708 2003 econtra
747 1947 988 2018 obiectus
1028 1958 1150 2004 est:
1182 1949 1504 2004 Anastasius
1533 1948 1640 2004 Leo
1680 1958 1737 2004 et
1772 1949 2064 2021 Gregorius

482 2053 550 2093 ex
581 2040 809 2095 adverso
847 2040 1172 2108 clamantes,
1215 2041 1378 2096 etiam
1420 2041 1800 2097 haereticorum
1840 2041 2062 2097 ordina-

482 2131 688 2188 tionem
714 2133 962 2188 sanciunt
988 2133 1201 2189 irritam
1232 2132 1536 2187 nullatenus
1575 2146 1716 2187 esse.
1751 2130 2062 2200 Subiectum

483 2230 598 2287 est,
629 2237 735 2277 non
763 2223 1002 2294 potuisse
1026 2223 1157 2278 dare
1184 2223 1326 2293 quod
1352 2237 1459 2276 non
1502 2231 1818 2292 acceperat;
1863 2220 2062 2292 proba-

487 2323 602 2368 tum
648 2323 870 2370 econtra
899 2325 981 2371 est
1000 2355 1016 2382 ,
1048 2315 1174 2385 quia
1203 2314 1344 2370 sicut
1371 2313 1672 2384 baptismus
1701 2315 1866 2370 etiam
1892 2313 2061 2369 delin-

480 2408 778 2476 quentibus
804 2424 910 2463 non
937 2407 1202 2474 aufertur,
1234 2407 1314 2462 sic
1344 2407 1544 2462 donum
1572 2407 1746 2461 sancti
1793 2406 2026 2476 Spiritus
2045 2445 2059 2471 ,

481 2498 625 2566 quod
651 2498 820 2553 semel
855 2499 1012 2554 datur
1040 2513 1135 2569 per
1177 2513 1434 2552 manuum
1478 2497 1916 2568 impositionem,
1962 2511 2061 2550 nec

477 2587 679 2644 auferri
723 2597 902 2659 potest
931 2589 1094 2643 ctiam
1120 2587 1555 2658 delinquentibus
1596 2603 1625 2642 a
1672 2595 1941 2658 potestate
1962 2627 1977 2654 ,
2009 2597 2063 2642 et

476 2676 605 2732 licet
631 2688 755 2734 actu
775 2720 790 2746 ,
822 2682 916 2736 sed
943 2696 1048 2736 non
1080 2689 1370 2751 potestate.
1403 2682 1515 2753 Age
1558 2696 1720 2751 ergo,
1766 2681 1888 2738 vide
1928 2698 2060 2752 qua-

475 2769 602 2824 liter
628 2771 907 2828 absolutus
951 2773 1172 2844 insuper
1213 2789 1311 2845 per
1356 2775 1756 2846 impositionem
1802 2791 2056 2830 manuum

478 2859 853 2932 episcoporum
885 2854 1140 2920 habuisse
1169 2881 1329 2936 posse
1357 2881 1595 2932 sacrare,
1625 2867 1778 2934 dare,
1805 2876 1860 2923 et
1891 2876 2059 2922 totum

478 2951 788 3019 pontificale
842 2969 1036 3010 munus
1088 2971 1369 3028 peragere.
1424 2958 1742 3014 Extremum
1799 2962 2060 3017 convenio
2137 2991 2140 2994 ~

477 3057 574 3098 vos
606 3059 806 3112 unum,
847 3047 990 3117 quod
1031 3062 1117 3103 me
1157 3049 1628 3106 vehementissime
1672 3061 1892 3107 movet:
1935 3055 2060 3122 quia

2172 578 2281 633 ullo
2319 581 2497 643 modo,
2523 582 2764 650 parcitis.
2809 581 2988 648 Quare
3028 581 3096 635 ab
3134 582 3215 635 eis
3258 581 3550 651 haptiza‘tis
3576 581 3735 637 indui-

2171 669 2347 739 getis?
2392 669 2457 723 Et
2505 671 2551 725 si
2580 670 2708 725 illud
2737 687 2840 725 non
2870 673 3129 741 potestis,
3161 674 3437 742 quomodo
3479 675 3616 727 istud
3655 690 3738 742 po-

2174 761 2362 827 testis,
2391 777 2516 817 cum
2543 779 2707 818 unum
2736 765 2806 819 sit
2833 775 3268 831 sacramentum,
3303 780 3584 836 unumque
3628 782 3739 820 sau-

2171 853 2241 906 cti
2273 853 2510 923 Spiritus
2540 854 2760 910 donum.
2794 854 2901 910 Sed
2933 857 2999 909 de
3026 857 3128 910 hoc
3158 858 3316 911 satis.

2242 942 2566 999 Convertere
2597 946 2711 1016 jam
2753 961 2894 1000 nunc
2918 947 3156 1012 tandem,
3184 948 3367 1002 anima
3397 964 3520 1003 mea
3549 965 3565 1002 :
3601 948 3739 1019 fuge,

2171 1035 2501 1090 abscondere
2528 1036 2584 1091 in
2613 1046 2718 1092 tua:
2748 1039 2944 1093 mentis
2970 1040 3226 1093 armario.
3258 1040 3326 1094 Et
3351 1040 3398 1094 si
3426 1055 3597 1110 pauca
3627 1051 3742 1095 sunt

2170 1125 2314 1180 bona
2340 1141 2458 1196 quae
2498 1127 2678 1182 dixisti
2703 1145 2719 1193 ;
2749 1129 2794 1182 si
2825 1143 2934 1197 qua
2957 1128 3013 1182 in
3041 1131 3240 1199 quibus
3262 1130 3497 1193 errasti,
3529 1145 3744 1200 precare

2173 1217 2385 1282 doceri,
2419 1217 2649 1288 deposce
2679 1219 2964 1290 indulgeri.
3001 1219 3240 1276 Tandem
3271 1221 3418 1274 intra
3451 1221 3506 1274 in
3533 1223 3744 1276 cubicu-

2171 1306 2328 1360 lum.
2386 1306 2705 1377 fugiensque
2758 1309 3148 1367 freneticornm
3199 1313 3464 1382 gaudium
3496 1351 3512 1377 ,
3564 1311 3743 1383 plange

2174 1409 2321 1454 tuum
2353 1411 2624 1456 mortuum
2655 1420 2668 1456 :
2717 1403 2910 1472 dieque
2937 1414 2990 1458 et
3022 1405 3159 1470 tuis,
3213 1406 3325 1459 imo
3367 1406 3586 1460 cunctis
3609 1422 3628 1460 :
3672 1405 3748 1463 Tn

2170 1498 2349 1545 autem
2369 1535 2382 1556 ,
2419 1491 2674 1558 Domine,
2705 1493 2964 1547 miserere
2992 1493 3183 1550 nostri.

2497 1605 2843 1676 Syllogismus
2881 1608 2944 1661 ab
2977 1607 3428 1662 antecedentibus.

2243 1703 2301 1758 Si
2343 1705 2598 1760 omnibus
2637 1706 2904 1776 episcopis
2946 1723 3051 1760 una
3095 1707 3236 1761 inest
3277 1713 3553 1777 potestas.
3596 1682 3746 1762 estet

2169 1811 2299 1850 uno.
2329 1796 2423 1850 Est
2447 1805 2625 1850 autem
2651 1797 2902 1852 munibus
2926 1812 3029 1851 una
3055 1808 3317 1868 potestas.
3345 1796 3520 1867 Igitur
3544 1808 3601 1852 et
3631 1814 3745 1853 uno.

2523 1897 2869 1969 Syllogismus
2892 1918 2923 1954 a
2947 1899 3398 1972 consequentibus.

2239 2003 2297 2056 Si
2327 2019 2432 2058 non
2465 2001 2605 2058 inest
2648 2003 2700 2057 in
2743 2004 2996 2059 omnibus
3036 2005 3306 2075 episc0pis
3336 2019 3444 2056 una
3475 2012 3745 2074 pctestas:

2166 2107 2267 2150 nec
2293 2110 2419 2149 uno.
2455 2094 2551 2148 Est
2580 2103 2759 2149 autem
2790 2095 2845 2149 in
2875 2095 3126 2150 omnibus
3153 2111 3259 2150 una
3291 2103 3562 2164 potestas.
3596 2091 3752 2160 Igitur

2166 2194 2220 2240 et
2252 2202 2376 2282 uno.
2522 2255 2866 2326 Syllogismus
2896 2275 2929 2312 a
2961 2257 3396 2328 repugnantibus.

2233 2370 2348 2426 Non
2394 2380 2473 2425 est
2517 2372 2771 2426 omnibus
2817 2388 2919 2425 una
2960 2381 3201 2441 potestas
3229 2391 3243 2425 :
3271 2381 3328 2426 et
3371 2354 3484 2425 non
3515 2379 3598 2425 est
3626 2384 3744 2428 uno.

2164 2464 2258 2519 Est
2287 2473 2464 2518 autem
2494 2464 2745 2519 omnibus
2775 2479 2880 2517 una
2909 2474 3166 2542 potestas.
3197 2463 3377 2534 igitur
3407 2472 3466 2517 et
3497 2477 3625 2515 uno.

2545 2565 2894 2637 Syllogismus
2923 2584 2956 2637 α
2987 2566 3373 2637 disjunctibus.

2235 2661 2340 2714 Aut
2371 2660 2512 2714 incst
2541 2660 2867 2714 ordinationi
2899 2660 3280 2729 episcoporum
3309 2659 3506 2712 unitas
3526 2698 3543 2722 ,
3573 2665 3660 2710 aut
3682 2656 3751 2709 di-

2166 2753 2416 2808 versitas.
2445 2752 2541 2806 Est
2563 2759 2743 2805 autem
2775 2752 2975 2806 unitas.
3004 2751 3171 2822 lgitur
3197 2767 3308 2805 non
3339 2749 3750 2815 estdiversius.

2733 2857 2957 2922 Quintus
2984 2856 3193 2910 modus.

2233 2963 2340 3013 Aut
2392 2958 2534 3013 inest
2580 2958 2913 3013 ordiuationi
2958 2958 3345 3029 episcoporum
3401 2957 3627 3020 unitas,
3671 2961 3751 3006 aut

2163 3052 2469 3108 diversitas.
2499 3052 2618 3107 Non
2647 3053 2792 3107 inest
2817 3053 3020 3108 unitas.
3050 3052 3219 3122 Igitur
3248 3053 3405 3106 inest
3453 3049 3750 3105 diversitas.

496 3203 3742 3228 Mm

1163 3329 2067 3457 CHRONICON
2166 3329 3101 3460 SEBASTIANI

1643 3522 2236 3580 SALMANTICENSIS
2273 3524 2579 3582 EPISCOPI

1443 3647 1568 3710 Sub
1599 3647 1845 3709 nomine
1872 3645 2184 3726 Alphonsi
2211 3648 2386 3708 τοι·ξῆ
2415 3646 2766 3728 vulgatum.

1869 3776 2247 3790 "—-

1848 3848 2347 3928 MONITUM

1394 3959 1568 4030 (Apud
1599 3958 1922 4027 Floresium,
1957 3959 2168 4030 Espaﬁa
2200 3959 2460 4030 Sagrada.
2502 3967 2630 4013 tom.
2669 3957 2837 4027 Xlll.)

546 4122 662 4198 Hoc
701 4121 1009 4198 Chronico}:
1043 4138 1075 4198 _a
1108 4122 1388 4198 plerisque
1409 4121 1728 4198 Sebastiano
1759 4125 2051 4198 Saltnanti-
2079 4135 2122 4196 ρ
2157 4139 2212 4184 et
2241 4128 2414 4192 titulo,
2448 4128 2862 4198 quasiipsemet
2893 4123 3232 4198 scripsisset,
3265 4140 3321 4179 ,ιι
3353 4123 3638 4198 publicum
3669 4125 3763 4179 da.

468 4195 612 4266 censi
630 4193 882 4263 episcopo
899 4191 1165 4266 tribuitur.
1183 4191 1505 4266 etprzef-atio
1521 4197 1653 4249 satis
1680 4197 1900 4266 antiqua
1927 4214 2052 4252 eam-

467 4263 1414 4338 opinionem_con_lirmat.Besistunt
1442 4263 1556 4330 alii,
1589 4276 1749 4338 atque
1775 4263 1887 4336 ipsa
1915 4284 2049 4338 pra:-

466 4335 687 4406 fationis
707 4334 866 4403 hujus
884 4335 1134 4390 Chronici
1159 4336 1458 4406 inscriptio,
1473 4351 1576 4405 qua
1602 4334 2047 4404 Adcfonsus'rex,

465 4405 1102 4478 nimirtnncognomentu
1124 4405 1366 4478 Magnus,
1397 4421 1532 4478 opus
1556 4417 1827 4478 nuncupat
1857 4408 2049 4463 Sebas~

467 4475 614 4546 tiano
641 4473 1062 4546 Salmanticeusi
1113 4473 1386 4546 episcopo,
1419 4473 1635 4532 Gothici
1687 4473 1890 4533 codicis
1919 4481 2050 4534 satis

468 4545 682 4618 antiqui
692 4545 792 4618 fide
804 4548 1118 4600 confirmata
1136 4545 1391 4618 (Soriensi
1404 4547 1622 4617 scilicet)
1636 4556 1690 4601 et
1704 4558 1892 4603 auctor
1909 4550 2045 4618 ipse,

467 4630 574 4690 gnra
590 4615 691 4670 ’149
715 4616 934 4690 Viscum
959 4615 1248 4690 Lusitaniae
1262 4618 1444 4690 urbem
1469 4626 1524 4672 et
1547 4615 1854 4690 suburbana
1881 4615 2048 4690 popu-

467 4685 612 4756 [asse
655 4701 734 4750 se,
770 4687 873 4740 hoc
901 4694 984 4741 est
1013 4687 1364 4746 instaurasse.
1395 4688 1471 4740 ait
1505 4706 1518 4741 :
1551 4689 1694 4756 quod
1747 4685 1929 4745 nescio
1951 4685 2045 4744 'an

466 4754 882 4828 Salmanticensi
909 4757 1159 4828 episc70po
1189 4759 1476 4828 convenire
1502 4754 1669 4828 possit
1697 4759 1749 4812 in
1777 4775 1839 4814 ea
1871 4761 2044 4814 tenui-

466 4835 581 4880 tate
631 4825 898 4880 redituum
949 4825 1443 4882 eccle’siasticorum
1473 4825 1567 4883 {et
1618 4831 1914 4884 verisimile
1964 4841 2048 4885 est

464 4910 600 4967 opus
622 4911 652 4950 a
679 4895 1002 4952 Sebastiano
1025 4897 1350 4962 confectum,
1382 4900 1596 4954 nomine
1620 4900 1877 4956 Adefonsi
1909 4903 2049 4971 regis

2157 4207 2270 4253 tum
2302 4219 2313 4252 :
2345 4195 2488 4270 quod
2537 4195 2694 4270 video
2746 4197 2866 4270 aliis
2907 4195 2961 4270 i_n
3011 4195 3274 4270 Hispania
3327 4197 3554 4270 regibus
3585 4197 3758 4270 contio

2152 4271 2314 4339 gisse,
2345 4265 2410 4324 ac
2434 4269 2753 4323 nominatim
2786 4267 3058 4322 Adefonso
3087 4266 3304 4339 decimo
3332 4265 3584 4339 Castellaa
3618 4266 3753 4335 regi,

2153 4336 2514 4410 cognomento
2535 4339 2777 4408 Sapienti
2801 4354 2816 4403 ;
2845 4339 2988 4394 unde
3029 4337 3347 4410 Opinionuin
3387 4336 3631 4410 varietas
3657 4351 3754 4410 ex-

2154 4405 2274 4465 oria
2314 4412 2402 4466 sit.
2437 4405 2663 4465 Inchoat
2701 4420 2849 4464 certe
2881 4410 2950 4464 ab
2983 4405 3092 4463 tera
3125 4409 3252 4471 710,
3293 4407 3498 4461 desinit
3547 4407 3600 4458 in
3654 4405 3756 4460 Or-

2155 4481 2300 4536 donii
2333 4483 2504 4545 obilu,
2534 4481 2618 4535 cui
2643 4479 2949 4533 Adcfonsus
2971 4479 3084 4549 ipse
3108 4487 3474 4547 cognomento
3497 4475 3750 4549 Magnus,

2153 4567 2351 4621 nempe
2378 4552 2519 4605 filius
2557 4551 2697 4620 patri
2743 4545 3007 4621 successit
3031 4545 3305 4621 inregno,
3341 4555 3450 4601 aera
3486 4545 3614 4611 904,
3637 4546 3754 4621 hoc

2151 4632 2238 4676 est
2283 4619 2429 4696 anno
2465 4619 2668 4696 tibi-isti
2710 4620 3030 4696 866._‘Vitio
3079 4619 3426 4696 librariorum
3446 4657 3471 4696 ,γ
3519 4625 3573 4670 et
3610 4619 3750 4696 ipsa

2152 4695 2333 4747 seculi
2379 4693 2634 4756 ruditate,
2673 4690 2925 4745 nontmlla
2964 4692 3039 4744 ita
3071 4697 3198 4744 sunt
3236 4689 3536 4758 implicata,
3568 4688 3752 4758 vixfut

2154 4763 2384 4833 intelligi
2441 4763 2651 4830 possint
2691 4779 2704 4814 :
2754 4761 2952 4833 alioqui
3008 4775 3149 4833 opus
3198 4757 3323 4833 non
3364 4759 3526 4833 modo
3577 4757 3750 4816 utile,

2153 4836 2247 4886 sed
2297 4828 2665 4887 necessarium
2715 4831 2780 4884 ad
2832 4828 3112 4885 historiam
3163 4828 3283 4897 ejus
3330 4831 3510 4883 {etatis
3547 4843 3751 4903 cogno-

2154 4905 2428 4958 scendam.
2814 4925 2816 4927 >

877 5079 888 5081 Α
939 5081 944 5092 ο
985 5080 1080 5104 an
1096 5081 1290 5124 "nn
1336 5081 1639 5144 anrm
1664 5085 1872 5174 JES_U
1893 5086 2242 5176 CHRISTI
2265 5085 2601 5188 INClPI‘T
2626 5085 3048 5186 CHRO.’YIQA
3084 5081 3750 5176 i’IS-EGOTHORUM
