3948 5582
117 422 232 479 Illa

984 412 1382 471 cuuorucon
1424 411 1827 468 SEBASTIANI
1866 412 2278 475 SALMAN'I‘IC.
2323 392 2428 468 cr.

3196 417 3332 472 HM

113 531 504 589 occultaverunt.
534 528 603 583 Et
629 527 754 599 quia
775 525 1074 582 Gothorum
1100 524 1364 618 Chronica
1392 540 1562 618 usq—ue
1590 518 1655 577 ad
1687 531 1734 586 Α
1762 558 1941 615 regem
1978 555 2002 583 .
2029 544 2364 615 “cogimus,
2414 544 2656 611 herbam,
2701 545 2787 601 cui
2842 563 3035 602 nomen
3072 518 3157 604 es,
3186 564 3335 618 εμπ,

24 630 35 639 ⁸
112 636 322 695 tctupora
357 622 575 694 gloriosi
624 619 911 675 Wambaui
959 604 1127 689 regis'
1156 618 1410 679 Isidorus,
1466 615 1652 684 Hispa-

110 716 250 771 lensis
290 716 429 770 sedis
475 713 782 784 episcopus,
831 710 1140 781 plenissime
1194 708 1501 772 edocuit“;
1553 719 1654 759 nos

109 806 321 875 quaedam
351 819 417 859 ex
449 818 515 859 eo
544 813 805 872 tempore,
834 802 973 856 sicut
1003 800 1072 855 ab
1114 800 1372 870 antiquis,
1419 806 1470 851 et
1517 794 1655 867 pne;

107 896 457 953 decessoribus
489 896 692 950 nostris
716 892 1038 957 audivimus,
1068 901 1123 947 et
1155 906 1284 947 vera
1313 904 1431 945 esse
1459 888 1656 956 cognoé

105 989 278 1053 vimus,
312 980 405 1044 tibi
431 987 670 1043 breviter
706 984 1096 1040 iutimabimus.
1128 1008 1135 1013 -
1654 980 1659 983 ⁷

732 1075 1013 1132 WAMBA.

159 1170 209 1224 Ω.
246 1169 403 1239 Igitur
424 1166 795 1224 Recesvindus
822 1165 1118 1222 Gothorum
1151 1179 1245 1221 rex
1275 1165 1341 1219 ab
1370 1165 1504 1219 urbe
1536 1161 1649 1217 Το-

96 1258 195 1334 leto
221 1258 494 1329 egrediens
525 1258 579 1312 in
618 1256 798 1311 villam
838 1256 1111 1327 propriam
1143 1254 1309 1320 venit,
1339 1254 1424 1307 cui
1456 1266 1650 1306 nomen

95 1362 203 1406 erat
227 1351 469 1406 Gerticos
497 1351 550 1415 ι),
580 1366 701 1420 quae
728 1365 871 1405 nunc
897 1349 949 1403 in
983 1358 1163 1403 monte
1187 1347 1374 1404 Caurae
1405 1359 1428 1386 ο
1460 1346 1650 1417 digno-

90 1434 253 1499 scitur
278 1459 417 1507 esse,
450 1443 631 1513 ibique
665 1443 884 1512 pr0prio
912 1444 1099 1497 morbo
1129 1441 1377 1497 decessit.
1409 1426 1652 1509 Cittuque

90 1549 178 1587 rex
208 1534 365 1588 vitam
398 1532 625 1596 ﬁnisset,
648 1541 702 1587 et
730 1533 782 1587 in
813 1533 1002 1588 eodem
1036 1531 1153 1586 loco
1172 1530 1411 1601 sepultus
1440 1514 1647 1596 fuisset,

86 1624 304 1681 Wamba
349 1626 419 1682 ab
458 1625 711 1681 omnibus
752 1625 1068 1695 prmelectus
1111 1633 1193 1679 est
1239 1624 1293 1678 in
1334 1637 1506 1693 regno
1543 1638 1650 1676 arra

86 1720 349 1776 7IO.‘Sed
397 1721 485 1776 ille
528 1735 780 1780 renuens.
831 1729 884 1774 et
932 1719 1150 1789 adipisci
1184 1732 1408 1787 regnum
1441 1716 1648 1779 nolens,

85 1818 263 1867 tanien
308 1811 517 1881 accepit
555 1810 751 1864 invitus
792 1800 933 1879 quod
981 1805 1286 1879 postulabat
1333 1808 1645 1862 exercitus:

82 1904 365 1973 statimque
414 1901 658 1956 Toletum
698 1902 957 1956 advectus
987 1901 1039 1955 in
1067 1899 1350 1956 ecclesiam
1383 1895 1652 1967 mettopo-
1681 1881 1726 1940 Β

80 1994 149 2050 Iis
193 2002 388 2049 sanctae
429 1992 610 2047 Mariae
641 2001 725 2046 est
766 1993 816 2046 in
858 2007 1025 2062 regno
1070 1998 1378 2062 perunctus.
1407 1990 1479 2043 Ea
1518 1990 1653 2043 liora

79 2085 426 2166 praesentibus
456 2085 665 2139 cunctis
699 2084 810 2138 visa
848 2092 930 2138 est
955 2084 1073 2154 apis
1102 2084 1167 2138 de
1195 2081 1311 2150 ejus
1339 2080 1516 2151 capite
1539 2080 1652 2135 exi—

77 2179 197 2243 lire,
226 2187 278 2233 et
305 2178 369 2231 ad
399 2177 592 2233 emtum
626 2178 851 2230 volitare
879 2194 892 2231 :
922 2184 976 2231 et
1022 2177 1124 2231 hoc
1172 2177 1385 2248 signum
1446 2176 1649 2229 factum

76 2278 212 2326 esta
244 2269 490 2333 Domino,
534 2277 589 2321 ut
613 2266 822 2323 futuras
866 2268 1123 2323 victorias
1174 2270 1470 2327 nuntiaret,
1508 2265 1651 2335 quod

73 2358 265 2434 postea
298 2359 545 2431 probavit
581 2371 828 2415 eventus.
868 2358 1114 2423 Astures,
1145 2368 1201 2413 et
1229 2356 1503 2414 Vascones
1533 2372 1651 2413 cre-

72 2438 178 2507 bro
218 2451 542 2507 rebellantes
573 2450 833 2515 edomuit,
858 2459 913 2505 et
941 2464 1039 2505 suo
1066 2449 1291 2522 imperio
1321 2442 1655 2519 subjugavit.

71 2544 371 2600 Galliarum
435 2542 735 2619 provinciae
791 2542 939 2595 cives
996 2540 1367 2609 coniuratione
1426 2537 1572 2591 facta
1620 2552 1650 2589 a

71 2651 247 2709 regno
273 2634 572 2691 Gotltortuu
603 2649 661 2689 se
690 2633 1052 2696 absciderunt,
1103 2645 1373 2700 regnoque
1418 2628 1653 2695 Franco:

68 2742 194 2781 rum
247 2723 707 2780 sesuhdideruut.
758 2721 865 2778 Pro
908 2724 1102 2794 quibus
1131 2720 1519 2785 restaurandis,
1559 2717 1653 2773 do-

65 2815 395 2885 mandisque
436 2814 767 2889 provinciis,
823 2813 1021 2867 Paulus
1071 2812 1176 2865 dux
1234 2811 1300 2864 ab
1355 2808 1652 2864 Wambanc

63 2908 315 2964 directus
362 2922 485 2962 cum
522 2907 765 2961 exercitu
818 2922 922 2959 non
971 2903 1144 2958 solum
1200 2901 1502 2969 injunctum
1549 2899 1651 2954 sibi

61 2997 351 3069 negotium
405 3012 511 3051 non
565 2997 796 3068 peregit,
840 2997 934 3051 sed
966 3003 1155 3049 contra
1189 2994 1418 3063 patriam
1465 3006 1649 3061 agens,

62 3097 431 3163 tyrannorum
462 3088 811 3142 scelestorum
850 3085 1024 3141 factus
1053 3076 1433 3154 est‘princeps.
1473 3082 1579 3137 Sed
1608 3082 1650 3137 si

56 3180 282 3253 plenius
319 3194 649 3249 cognoscere
693 3180 772 3233 vis
802 3187 1033 3248 quantas
1074 3178 1270 3240 credes,
1302 3184 1535 3245 quantas
1564 3190 1653 3227 ur—

52 3275 214 3330 bium
247 3273 611 3339 incensiones,
643 3281 872 3342 quantas
911 3282 1140 3342 strages,
1187 3277 1387 3338 quanta
1432 3267 1647 3337 agmina

53 3364 408 3422 Francorum
440 3363 521 3418 vel
551 3350 824 3417 Gallorum
864 3363 932 3417 ab
972 3361 1272 3417 Watnbane
1318 3361 1427 3416 sint
1482 3360 1649 3414 inter-

50 3464 293 3523 empta,
340 3461 676 3523 quantasque
736 3450 1126 3506 famosissimas
1184 3450 1445 3504 victorias
1509 3448 1649 3502 idem

49 3546 337 3611 exercuit,
363 3557 484 3614 qua:
509 3544 575 3598 de
598 3542 751 3597 Pauli
777 3543 1064 3614 tyrannide
1090 3540 1300 3595 excidia
1332 3539 1648 3602 evenerint;

46 3639 289 3693 beatum
317 3635 591 3691 Julianutn
634 3635 1109 3705 metropolitanum
1138 3633 1327 3705 legito,
1363 3631 1454 3702 qui
1488 3632 1652 3684 histo-

46 3732 205 3786 riam
238 3727 409 3798 hujus
442 3727 698 3798 temporis
730 3726 1083 3797 liquidissime
1110 3712 1405 3781 contexuit.

119 3822 183 3875 5.
228 3820 385 3874 Illius
438 3834 671 3890 namque
724 3829 966 3889 tempore
1014 3818 1264 3873 ducenta:
1311 3815 1651 3887 septuaginta

1758 645 1891 702 tum,
1918 635 1989 691 illi
2021 636 2074 690 iu
2102 645 2286 706 potum
2332 634 2567 700 miscuit,
2605 645 2659 692 et
2692 638 2874 692 statim
2924 639 3031 710 regi
3071 642 3333 696 memoria

1754 737 1839 785 est
1863 727 2060 783 ablata.
2094 726 2334 796 Cumque
2363 728 2647 798 epiScopus
2677 729 2933 795 civitatis,
2976 745 3071 784 seu
3098 730 3335 799 optima-

1758 828 1840 874 tes
1884 816 2100 886 palatii,
2152 817 2245 887 qui
2292 817 2436 887 regis
2483 816 2669 872 ﬁdeles
2711 827 2888 882 erant,
2933 833 3070 888 quos
3119 820 3336 889 penitus

1756 922 1922 964 causa
1973 907 2207 977 potionis
2236 907 2457 970 latebat,
2490 908 2750 967 vidissent
2784 924 2962 978 regem
2990 908 3194 981 absque
3215 924 3333 965 me-

1756 999 1929 1057 moria
1973 997 2270 1067 jacentem,
2320 1014 2483 1053 causa
2535 999 2752 1069 pietatis
2800 1001 3081 1067 commoti,
3124 1017 3198 1058 ne
3240 1013 3338 1059 rex

1755 1090 2060 1147 inordinate
2098 1091 2372 1160 migraret,
2405 1091 2586 1145 statim
2614 1091 2662 1144 ei
2691 1089 3046 1148 confessionis
3073 1101 3130 1147 et
3155 1083 3330 1162 potni-

1758 1182 1938 1238 tentiae
1988 1182 2236 1241 ordinem
2284 1182 2570 1239 dederunt.
2622 1182 2865 1253 Cumque
2913 1200 3006 1239 rex
3046 1200 3077 1239 a
3123 1186 3339 1254 potione

1754 1274 2140 1342 convaluisset,
2170 1282 2226 1329 et
2258 1275 2505 1329 ordinem
2546 1274 2647 1331 sibi
2692 1275 3002 1346 impositum
3051 1278 3337 1347 cognovis-

1754 1377 1856 1434 set,
1896 1365 2632 1438 monasteriumPampligize
2667 1367 2716 1435 ι,
2742 1367 2917 1437 petiit,
2952 1368 3135 1437 ibique
3154 1384 3338 1439 quan-

1753 1462 1843 1516 ditt
1869 1459 2023 1524 vixit,
2065 1459 2118 1514 in
2160 1457 2424 1528 religione
2452 1456 2769 1527 permansit.
2810 1457 3075 1528 Regnavit
3101 1472 3227 1513 ann.
3257 1473 3337 1523 Ix,

1752 1566 1908 1607 meus
1934 1566 1974 1615 I,
2002 1548 2120 1604 dies
2149 1563 2236 1603 m
2264 1550 2312 1612 ⁸,
2341 1558 2397 1604 et
2423 1548 2477 1602 in
2509 1548 2842 1605 monasterio
2888 1548 3023 1607 vixit
3066 1563 3194 1602 ann.
3237 1562 3337 1613 vn,

1752 1657 1905 1699 mens
1925 1658 2014 1708 ut,
2045 1650 2100 1699 et
2124 1649 2298 1698 morte
2319 1641 2536 1712 propria
2560 1641 2792 1697 decessit
2811 1641 2864 1697 in
2887 1655 3027 1711 pace.
3043 1656 3149 1696 tera
3166 1640 3338 1698 7191³.

2373 1731 2714 1789 ERVIGIUS.

1824 1824 1882 1881 4.
1940 1826 2072 1882 Post
2107 1824 2464 1880 Wambanem
2497 1823 2745 1895 Ervigius
2807 1836 3033 1892 regnum
3087 1823 3337 1889 obtinuit,

1753 1919 1908 1990 quod
1922 1918 2118 1974 callide
2147 1899 2382 1972 invasit:
2416 1916 2672 1987 legesque
2705 1914 2771 1969 ab
2801 1912 3097 1970 Wambane
3122 1915 3339 1970 institu-

1755 2019 1838 2065 tas
1863 2009 2123 2079 corrupit,
2160 2018 2216 2063 et
2235 2007 2368 2062 alias
2411 2021 2481 2061 ex
2526 2005 2745 2060 nomine
2780 2020 2879 2059 suo
2925 2005 3095 2061 edidit
3120 2024 3149 2061 ιη
3172 2014 3246 2069 et,
3280 2009 3342 2061 ut

1752 2098 1945 2163 fertur,
1976 2114 2103 2169 erga
2146 2096 2388 2155 subditos
2432 2096 2707 2151 modestus
2756 2095 2879 2149 fuit.
2936 2094 3127 2150 Filiam
3177 2100 3344 2153 suam‘

1753 2188 2053 2257 Cisilonem
2100 2188 2320 2258 egregio
2352 2186 2470 2241 viro
2497 2185 2745 2254 Egicani,
2780 2182 3109 2257 consobrino
3148 2184 3340 2241 Wam—

1752 2280 1926 2342 banis,
1958 2279 2013 2333 in
2035 2278 2285 2348 coniugio
2327 2276 2495 2332 dedit.
2546 2276 2665 2345 Ipse
2705 2274 2816 2344 jam
2871 2275 3048 2334 dictus.
3080 2273 3338 2347 Ervigius

1752 2371 1861 2426 ﬁne
1882 2369 2102 2440 proprio
2123 2367 2405 2424 defunctus
2429 2376 2513 2422 est
2533 2366 2704 2422 Toleti
2735 2368 2779 2432 ί,
2810 2380 2921 2421 mra
2952 2365 3083 2421 79.5.

2035 2533 2040 2537 _
2429 2457 2651 2514 EGICA.

1823 2552 1878 2607 5.
1937 2550 2160 2622 Ervigio
2209 2556 2388 2604 autem
2440 2547 2740 2613 defuncto,
2792 2547 3136 2619 supradictus
3178 2545 3341 2618 Egica

1752 2644 1959 2700 electus
1984 2650 2068 2698 est
2096 2642 2149 2696 iu
2178 2655 2368 2712 regno,
2411 2640 2748 2710 multumque
2783 2640 3018 2710 sapiens,
3051 2650 3105 2695 et
3131 2640 3343 2710 patiens

1753 2732 1874 2788 luit.
1924 2729 2142 2803 Synoda
2187 2728 2491 2798 smpissime
2520 2729 2887 2800 congregavit,
2919 2729 3058 2788 sicut
3079 2729 3341 2784 canonica

1754 2822 2000 2877 instituta
2028 2820 2331 2875 evidentius
2359 2818 2654 2875 declarant.
2688 2817 2890 2874 Gentes
2928 2817 3068 2873 intra
3106 2832 3336 2890 regnum

1754 2921 2025 2967 tumentes
2050 2911 2351 2982 perdomuit
2376 2928 2389 2964 :
2419 2910 2677 2966 adversus
2697 2909 2936 2966 Francos
2969 2911 3334 2979 irrumpeutes

1755 3003 1979 3064 Gallias,
2034 3011 2118 3057 ter
2154 3002 2399 3072 prmlium
2439 3000 2570 3072 egit,
2617 3000 2712 3056 sed
2755 3000 3087 3070 triumphum
3126 2997 3332 3053 nullum

1755 3094 1918 3163 cepit.
1949 3091 2146 3147 Filium
2177 3106 2335 3147 suum
2364 3089 2689 3147 Witizancm
2721 3090 2774 3144 in
2802 3104 2970 3160 regno
2997 3087 3099 3143 sibi
3134 3086 3342 3143 socium

1757 3182 1885 3239 fecit
1911 3200 1923 3236 :
1953 3197 2186 3251 eumque
2215 3181 2267 3235 in
2291 3180 2509 3235 civitate
2537 3178 2796 3245 Tudensi,
2826 3177 3118 3250 provincia:
3145 3175 3340 3233 Gallae-‘-

1716 3273 1852 3330 "ciae
1900 3274 2147 3328 habitare
2210 3271 2487 3342 pt'azccpit,
2541 3280 2600 3326 ut
2650 3281 2805 3342 pater
2855 3280 3065 3326 teneret
3116 3284 3341 3340 regnum

1754 3364 2077 3429 Gothorum,
2109 3372 2164 3441 et
2196 3363 2336 3416 ﬁlius
2366 3362 2687 3418 Suevorum.
2731 3362 2870 3436 Ante
2900 3358 2997 3415 ﬁlii
3021 3358 3340 3415 electionem

1755 3457 2003 3527 regnavit
2049 3470 2178 3509 ann.
2220 3471 2279 3519 x,
2320 3469 2442 3509 cum
2493 3452 2602 3506 tilio
2640 3466 2769 3507 vero
2814 3465 2947 3504 ann.
2976 3464 3029 3505 v.
3052 3447 3188 3507 Fine
3217 3462 3343 3519 pro-

1753 3550 1872 3621 prio
1899 3547 2073 3603 Toleti
2102 3546 2355 3613 decessit,
2378 3552 2432 3598 et
2462 3544 2531 3598 ibi
2559 3543 2799 3613 sepultus
2825 3540 2926 3595 fuit
2946 3555 3059 3596 tera
3082 3539 3186 3595 759
3211 3540 3225 3589 t
3249 3578 3264 3593 .

2406 3635 2676 3691 WITIZA.
3094 3660 3097 3661 ν

1821 3731 1874 3788 6.
1915 3732 2047 3787 Post
2074 3729 2296 3799 Egicani
2335 3729 2620 3784 decessum
2666 3725 2864 3782 Witiza
2908 3726 2975 3782 ad
3021 3724 3216 3781 solium
3258 3722 3343 3780 sui

1755 3824 1926 3895 patris
1969 3822 2259 3877 revertitur
2289 3818 2558 3874 Toletum.
2612 3817 2720 3873 Iste
2756 3817 2975 3888 quidem
3021 3817 3343 3888 probrosus,

1757 3925 1811 3973 et
1836 3915 2077 3971 moribus
2104 3912 2409 3985 ﬂagitiosus
2435 3911 2555 3979 fuit,
2583 3920 2638 3966 et
2666 3912 2808 3967 sicut
2827 3925 2999 3980 equus
3037 3918 3092 3965 et
3131 3908 3343 3975 mulus,‘

39 3930 233 3969 mnos
264 3911 664 3968 Saracenorum
698 3909 971 3981 Hispania:
1003 3909 1159 3964 littus
1197 3917 1323 3964 sunt
1368 3923 1653 3978 aggresszc,

38 4008 250 4078 ibique
298 3991 499 4059 omnia
544 4020 734 4061 eorum
777 4005 990 4074 agmina
1034 4001 1178 4059 ferro
1208 4011 1333 4058 sunt
1368 4002 1562 4067 deleta,
1605 4010 1657 4056 et

32 4099 271 4154 classes
315 4113 508 4153 eorum
555 4096 765 4168 ignibus
806 4104 1183 4151 conerematm.
1228 4095 1293 4148 Et
1317 4104 1376 4147 ut
1407 4094 1499 4150 tibi
1530 4109 1658 4149 cauo

31 4204 171 4244 sam
233 4180 500 4243 introitus
527 4186 923 4241 Saracenorqu
963 4186 1013 4239 iu
1046 4184 1353 4256 Hispaniam
1385 4183 1543 4253 plene
1575 4182 1655 4236 iu-

31 4291 522 4343 notesceretnus,
570 4276 834 4348 originem
880 4276 1082 4349 Ervigii
1130 4277 1271 4347 regis
1316 4275 1652 4346 exponimus.

26 4375 341 4442 Tempore
373 4385 605 4440 namque
628 4368 1033 4424 Cltiudasvintlti
1063 4369 1202 4439 regis
1237 4357 1302 4421 ab
1332 4368 1659 4438 imperatore

24 4465 327 4536 expulsus
369 4461 587 4534 quidam
628 4460 984 4525 Ardabastus,
1021 4474 1087 4514 ex
1129 4458 1335 4514 Graecia
1378 4473 1429 4512 ιιι
1471 4456 1657 4526 Hispa-
1762 4474 1959 4514 uxores
1990 4458 2189 4513 habere
2217 4456 2490 4527 praecepit.
2520 4454 2669 4509 Istud
2698 4453 2919 4521 quidem
2941 4450 3121 4506 scelus
3150 4450 3345 4522 Ilispa-

1730 4592 1736 4623 i
1765 4548 1868 4603 IIItB
1911 4563 2073 4604 causa
2097 4619 2101 4623 ν
2124 4545 2385 4618 pereundi
2419 4545 2520 4599 fuit
2547 4558 2562 4596 :
2585 4551 2644 4597 et
2664 4542 2981 4614 quiareges
3007 4549 3061 4595 et
3089 4541 3345 4604 sacerdo—

23 4558 202 4612 niam
263 4554 653 4626 peregrinatus
700 4551 946 4617 advenit,
1003 4566 1161 4621 quem
1205 4549 1660 4615 Chiudasvintltus

23 4599 202 4612 ιε’-δ”·
264 4599 652 4626 ι-ν-νου··---“·ν
701 4599 946 4617 ““·¹*·”’·1
1005 4599 1161 4621 ἰ’-νη-
1214 4599 1657 4615 νη--νντ---ν--ηῖνν
1768 4599 1863 4603 τε--ν
1919 4599 2073 4604 κτίννν-
2124 4599 2205 4618 tv.
2234 4599 2273 4601 -τ
2685 4599 2702 4612 ,
2874 4599 2920 4614 ,υ
3154 4599 3161 4604 .

19 4645 377 4704 honoriﬁce
421 4644 740 4714 suscipiens,
784 4643 834 4697 ei
862 4642 1240 4698 consobrinam
1272 4654 1422 4693 suam
1453 4638 1503 4691 in
1531 4653 1659 4691 con-
1691 4599 1738 4656 υ
1766 4648 1846 4694 tes
1901 4619 2101 4709 legem.
2134 4636 2345 4693 Domini
2398 4633 2844 4704 dereliqueruut,
2897 4632 3076 4688 omnia
3128 4631 3345 4702 agmina

16 4743 201 4813 iugio
259 4738 564 4811 wpulavit,
602 4751 670 4793 ex
712 4730 817 4805 qua
845 4745 1002 4790 uatns
1030 4743 1112 4789 est
1137 4731 1404 4803 Ervigius.
1436 4730 1535 4799 Qui
1562 4730 1664 4786 Er—
1765 4731 2070 4789 Gothorum
2118 4730 2517 4809 Saracenorum
2555 4725 2755 4795 gladio,
2782 4726 3080 4796 perierunt.
3110 4723 3345 4797 Interea

19 4810 237 4903 vigius
285 4846 416 4885 cum
458 4837 606 4886 esset
641 4827 877 4899 palatina
907 4825 1101 4898 peritia
1131 4825 1401 4880 enutritus
1426 4822 1453 4863 δ
1483 4832 1535 4897 ct
1565 4822 1662 4876 ho-
1768 4823 1967 4881 Witiza
2005 4830 2125 4893 post
2160 4823 2311 4892 regni
2349 4833 2522 4875 annos
2545 4831 2576 4869 ιι
2609 4824 2783 4871 morte
2808 4813 3027 4889 propria
3056 4812 3228 4869 'I‘oleti
3249 4810 3347 4868 dea

17 4940 183 4981 nere
243 4923 473 4979 comitis
515 4914 854 4986 sublimatus,
897 4920 1038 4975 elate
1077 4926 1132 4974 et
1174 4917 1366 4973 callide
1395 4919 1654 4973 adversus
1759 4915 1945 4980 cessit,
1975 4924 2029 4968 et
2057 4912 2128 4968 ibi
2156 4915 2405 4984 sepultus
2434 4907 2554 4969 fuit,
2581 4920 2688 4960 tera
2710 4907 2813 4962 759
2842 4905 2888 4960 ι.
3126 4948 3135 4965 ρ
3168 4953 3173 4959 .
3308 4908 3313 4913 “

1758 4008 1952 4076 quibus
1994 4020 2101 4059 nou
2151 4012 2236 4058 est
2259 4002 2586 4067 intellectus,
2619 4017 2741 4056 cum
2779 4002 3039 4056 uxoribus
3067 4009 3121 4056 et
3145 4015 3345 4055 concu-

1759 4097 1899 4154 binis
1943 4096 2193 4171 plurimis
2222 4110 2278 4150 se
2309 4095 2653 4164 inquinavit:
2698 4103 2754 4149 et
2797 4110 2864 4149 tte
2910 4093 3171 4148 adversus
3219 4107 3343 4159 eum

1757 4206 1983 4247 censura
2009 4189 2370 4246 ecclesiastica
2398 4194 2766 4257 consurgeret,
2801 4184 3031 4239 concilia
3062 4182 3341 4245 dissolvit,

1759 4298 1992 4337 canones
2044 4280 2338 4343 obseravit,
2385 4277 2732 4350 [omnemque
2778 4275 3057 4345 religionis
3094 4275 3340 4329 ordinem

1759 4370 2181 4443 depravavit1k;
2224 4366 2515 4439 episcOpis,
2560 4365 2891 4436 presbyteris
2928 4374 2985 4418 et
3028 4362 3344 4418 diaconibus

1763 5034 2120 5092 monasterio.
2150 5031 2204 5085 ld
2232 5048 2295 5092 et
2332 5050 2437 5097 {era
2481 5025 2768 5097 persuadet
2792 5026 2894 5081 ἨΘ
2931 5036 3037 5097 qua
3061 5021 3357 5097 decessisse

1765 5107 1853 5162 hic
1879 5106 2078 5189 dicitur
2106 5121 2120 5156 :
2153 5103 2204 5156 iu
2235 5092 2575 5176 prggcede'nti
2605 5110 2837 5165 namque
2858 5094 2964 5150 7l8
2991 5092 3359 5159 paenitentiam

1763 5193 1891 5232 acce
1933 5186 1992 5231 ιι.

1842 5193 2037 5323 lglar.
2061 5243 2366 5323 ⁵Ιῖιεςιιιαυίι
2394 5229 2589 5323 ᾔεις-γι,
2614 5257 2686 5323 tu.
2734 5258 2818 5309 ιιι,
2859 5228 3373 5323 οοιὶῖιῐὶςεοὲῃιιιρηξέ

1765 5334 1848 5373 ιιι.
1870 5300 2141 5394 Chronica
2158 5300 2756 5394 ἶιιιῖὲξίιῖγίεἱεὸιὶιοι.
2779 5300 2902 5370 anu.
2932 5315 3037 5364 vtt,
3059 5300 3115 5351 d.
3140 5315 3273 5365 xxv,
3294 5300 3380 5356 cui

1766 5389 2171 5541 δῗδὲῃὲἱιὲἴξίὲνο
2197 5473 2264 5519 (ξι
2308 5464 2448 5537 cod.
2479 5453 2616 5530 Reg.
2638 5450 2896 5509 Ferreras
2922 5454 2978 5531 ςι
3004 5438 3189 5541 geres
3214 5438 3396 5496 deces-

1778 5529 1838 5550 -.'-
1880 5545 1978 5554 -.._
2011 5526 2115 5564 -ιχΩ
2180 5512 2427 5582 κηλῂῖἴέ
2445 5512 2651 5570 (“ptavi-ia
2677 5512 3056 5562 nmlnmnicﬁi‘

103 5056 137 5083 δ
190 5041 445 5097 Fallitur
478 5052 691 5103 auetor.

107 5114 143 5152 δ
196 5111 281 5165 In
332 5110 740 5167 Snlmanticemi
766 5110 1026 5165 territorio
1073 5110 1194 5164 sita.
1246 5108 1325 5162 Ex
1359 5109 1426 5164 D.
1453 5108 1567 5169 Jul.
1598 5109 1653 5161 in

26 5182 305 5235 Yamba.
336 5184 573 5238 Fronzz.
608 5181 758 5234 Adio.
788 5196 865 5234 ms
897 5218 912 5232 .

106 5265 135 5293 ο
181 5250 469 5320 Mariana,
499 5252 701 5307 Gauro.

100 5325 134 5362 ά
209 5324 322 5379 Sic
372 5318 614 5379 Mariana
672 5318 873 5374 ctcod.
921 5335 1031 5392 reg.
1083 5318 1237 5385 'nibl.,
1292 5318 1556 5384 Ferrcras
1605 5325 1659 5371 et

8 5392 245 5474 Bcrgn
281 5396 582 5476 erudilu‘-.
610 5460 623 5473 .
742 5458 830 5480 -ιει
866 5460 955 5482 --ι
1002 5460 1115 5492 ηοω
1166 5458 1278 5504 ηἱΙιι
