  <div class='ocr_page' id='page_1' title='image "/cluster/home/n/w/nwhite01/storage/ocr_20150623/129/hvd.32044015471709/563.png"; bbox 0 0 3948 5464; ppageno 0'>
   <div class='ocr_carea' id='block_1_1' title="bbox 502 427 639 485">
    <p class='ocr_par' dir='ltr' id='par_1_1' title="bbox 502 427 639 485">
     <span class='ocr_line' id='line_1_1' title="bbox 502 427 639 485; baseline -0.022 0"><span class='ocrx_word' id='word_1_1' title='bbox 502 427 639 485; x_wconf 63' lang='lat' dir='ltr'><strong>lilii</strong></span> 
     </span>
    </p>
   </div>
   <div class='ocr_carea' id='block_1_2' title="bbox 1076 557 1487 617">
    <p class='ocr_par' dir='ltr' id='par_1_2' title="bbox 1076 557 1487 617">
     <span class='ocr_line' id='line_1_2' title="bbox 1076 557 1487 617; baseline -0.012 0"><span class='ocrx_word' id='word_1_2' title='bbox 1076 557 1487 617; x_wconf 74' lang='lat' dir='ltr'><strong>BUDERICCS.</strong></span> 
     </span>
    </p>
   </div>
   <div class='ocr_carea' id='block_1_3' title="bbox 572 663 2072 737">
    <p class='ocr_par' dir='ltr' id='par_1_3' title="bbox 572 663 2072 737">
     <span class='ocr_line' id='line_1_3' title="bbox 572 663 2072 737; baseline -0.011 -5"><span class='ocrx_word' id='word_1_3' title='bbox 572 679 623 732; x_wconf 78' lang='grc'><strong>7.</strong></span> <span class='ocrx_word' id='word_1_4' title='bbox 666 675 935 737; x_wconf 75' lang='lat' dir='ltr'><strong>Witizanc</strong></span> <span class='ocrx_word' id='word_1_5' title='bbox 953 671 1231 735; x_wconf 72' lang='lat' dir='ltr'><strong>defuncto,</strong></span> <span class='ocrx_word' id='word_1_6' title='bbox 1254 670 1553 726; x_wconf 83' lang='lat' dir='ltr'><strong>Rudericus</strong></span> <span class='ocrx_word' id='word_1_7' title='bbox 1576 684 1606 723; x_wconf 88' lang='lat' dir='ltr'><strong>a</strong></span> <span class='ocrx_word' id='word_1_8' title='bbox 1635 665 1828 721; x_wconf 82' lang='lat' dir='ltr'><strong>Gothis</strong></span> <span class='ocrx_word' id='word_1_9' title='bbox 1855 663 2072 735; x_wconf 84' lang='lat' dir='ltr'><strong>eligitur</strong></span> 
     </span>
    </p>
   </div>
   <div class='ocr_carea' id='block_1_4' title="bbox 492 755 2073 841">
    <p class='ocr_par' dir='ltr' id='par_1_4' title="bbox 492 755 2073 841">
     <span class='ocr_line' id='line_1_4' title="bbox 492 755 2073 841; baseline -0.011 -15"><span class='ocrx_word' id='word_1_10' title='bbox 492 771 557 826; x_wconf 79' lang='lat' dir='ltr'><strong>in</strong></span> <span class='ocrx_word' id='word_1_11' title='bbox 594 785 777 841; x_wconf 79' lang='lat' dir='ltr'><strong>regno.</strong></span> <span class='ocrx_word' id='word_1_12' title='bbox 820 766 927 821; x_wconf 84' lang='lat' dir='ltr'><strong>Iste</strong></span> <span class='ocrx_word' id='word_1_13' title='bbox 970 779 1163 835; x_wconf 86' lang='lat' dir='ltr'><strong>nempe</strong></span> <span class='ocrx_word' id='word_1_14' title='bbox 1194 775 1223 804; x_wconf 73' lang='grc' dir='ltr'><strong>ι</strong></span> <span class='ocrx_word' id='word_1_15' title='bbox 1250 764 1302 817; x_wconf 88' lang='lat' dir='ltr'><strong>in</strong></span> <span class='ocrx_word' id='word_1_16' title='bbox 1344 761 1579 832; x_wconf 75' lang='lat' dir='ltr'><strong>peccatis</strong></span> <span class='ocrx_word' id='word_1_17' title='bbox 1601 756 1859 815; x_wconf 82' lang='lat' dir='ltr'><strong>Witizani</strong></span> <span class='ocrx_word' id='word_1_18' title='bbox 1885 755 2073 810; x_wconf 77' lang='lat' dir='ltr'><strong>ambu—</strong></span> 
     </span>
    </p>
   </div>
   <div class='ocr_carea' id='block_1_5' title="bbox 504 850 2073 926">
    <p class='ocr_par' dir='ltr' id='par_1_5' title="bbox 504 850 2073 926">
     <span class='ocr_line' id='line_1_5' title="bbox 504 850 2073 926; baseline -0.011 -8"><span class='ocrx_word' id='word_1_19' title='bbox 504 864 657 926; x_wconf 68' lang='lat' dir='ltr'><strong>lavit,</strong></span> <span class='ocrx_word' id='word_1_20' title='bbox 687 872 739 917; x_wconf 89' lang='lat' dir='ltr'><strong>et</strong></span> <span class='ocrx_word' id='word_1_21' title='bbox 768 876 873 917; x_wconf 89' lang='lat' dir='ltr'><strong>non</strong></span> <span class='ocrx_word' id='word_1_22' title='bbox 918 859 1088 913; x_wconf 87' lang='lat' dir='ltr'><strong>solum</strong></span> <span class='ocrx_word' id='word_1_23' title='bbox 1120 857 1236 911; x_wconf 81' lang='lat' dir='ltr'><strong>zelo</strong></span> <span class='ocrx_word' id='word_1_24' title='bbox 1255 856 1479 926; x_wconf 63' lang='lat' dir='ltr'><strong>institis</strong></span> <span class='ocrx_word' id='word_1_25' title='bbox 1507 862 1748 907; x_wconf 85' lang='lat' dir='ltr'><strong>armatus</strong></span> <span class='ocrx_word' id='word_1_26' title='bbox 1794 850 1920 904; x_wconf 82' lang='lat' dir='ltr'><strong>huic</strong></span> <span class='ocrx_word' id='word_1_27' title='bbox 1957 862 2073 903; x_wconf 51' lang='lat' dir='ltr'><strong>see.</strong></span> 
     </span>
    </p>
   </div>
   <div class='ocr_carea' id='block_1_6' title="bbox 498 936 2074 1019">
    <p class='ocr_par' dir='ltr' id='par_1_6' title="bbox 498 936 2074 1019">
     <span class='ocr_line' id='line_1_6' title="bbox 498 936 2074 1019; baseline -0.009 -11"><span class='ocrx_word' id='word_1_28' title='bbox 498 955 599 1011; x_wconf 85' lang='lat' dir='ltr'><strong>leri</strong></span> <span class='ocrx_word' id='word_1_29' title='bbox 629 954 789 1009; x_wconf 85' lang='lat' dir='ltr'><strong>linem</strong></span> <span class='ocrx_word' id='word_1_30' title='bbox 823 968 927 1007; x_wconf 90' lang='lat' dir='ltr'><strong>non</strong></span> <span class='ocrx_word' id='word_1_31' title='bbox 958 951 1234 1019; x_wconf 90' lang='lat' dir='ltr'><strong>imposuit,</strong></span> <span class='ocrx_word' id='word_1_32' title='bbox 1276 949 1368 1003; x_wconf 86' lang='lat' dir='ltr'><strong>sed</strong></span> <span class='ocrx_word' id='word_1_33' title='bbox 1409 947 1586 1018; x_wconf 85' lang='lat' dir='ltr'><strong>magis</strong></span> <span class='ocrx_word' id='word_1_34' title='bbox 1622 943 1914 1014; x_wconf 78' lang='lat' dir='ltr'><strong>ampliavit.</strong></span> <span class='ocrx_word' id='word_1_35' title='bbox 1951 936 2074 995; x_wconf 86' lang='lat' dir='ltr'><strong>Filii</strong></span> 
     </span>
    </p>
   </div>
   <div class='ocr_carea' id='block_1_7' title="bbox 498 1030 2077 1104">
    <p class='ocr_par' dir='ltr' id='par_1_7' title="bbox 498 1030 2077 1104">
     <span class='ocr_line' id='line_1_7' title="bbox 498 1030 2077 1104; baseline -0.008 -6"><span class='ocrx_word' id='word_1_36' title='bbox 498 1058 632 1100; x_wconf 70' lang='lat' dir='ltr'><strong>vero</strong></span> <span class='ocrx_word' id='word_1_37' title='bbox 674 1041 929 1099; x_wconf 76' lang='lat' dir='ltr'><strong>Witizani</strong></span> <span class='ocrx_word' id='word_1_38' title='bbox 981 1040 1180 1095; x_wconf 79' lang='lat' dir='ltr'><strong>invidia</strong></span> <span class='ocrx_word' id='word_1_39' title='bbox 1233 1037 1417 1102; x_wconf 86' lang='lat' dir='ltr'><strong>ducti,</strong></span> <span class='ocrx_word' id='word_1_40' title='bbox 1467 1052 1532 1091; x_wconf 87' lang='lat' dir='ltr'><strong>eo</strong></span> <span class='ocrx_word' id='word_1_41' title='bbox 1579 1035 1722 1104; x_wconf 87' lang='lat' dir='ltr'><strong>quod</strong></span> <span class='ocrx_word' id='word_1_42' title='bbox 1779 1030 2077 1089; x_wconf 81' lang='lat' dir='ltr'><strong>Rudericns</strong></span> 
     </span>
    </p>
   </div>
   <div class='ocr_carea' id='block_1_8' title="bbox 501 1124 2079 1206">
    <p class='ocr_par' dir='ltr' id='par_1_8' title="bbox 501 1124 2079 1206">
     <span class='ocr_line' id='line_1_8' title="bbox 501 1124 2079 1206; baseline -0.008 -17"><span class='ocrx_word' id='word_1_43' title='bbox 501 1152 726 1206; x_wconf 80' lang='lat' dir='ltr'><strong>regnum</strong></span> <span class='ocrx_word' id='word_1_44' title='bbox 766 1132 939 1206; x_wconf 91' lang='lat' dir='ltr'><strong>patris</strong></span> <span class='ocrx_word' id='word_1_45' title='bbox 981 1146 1167 1187; x_wconf 89' lang='lat' dir='ltr'><strong>eorum</strong></span> <span class='ocrx_word' id='word_1_46' title='bbox 1208 1136 1507 1199; x_wconf 82' lang='lat' dir='ltr'><strong>acceperat,</strong></span> <span class='ocrx_word' id='word_1_47' title='bbox 1540 1126 1730 1182; x_wconf 84' lang='lat' dir='ltr'><strong>callide</strong></span> <span class='ocrx_word' id='word_1_48' title='bbox 1755 1124 2079 1195; x_wconf 75' lang='lat' dir='ltr'><strong>cogitantes,</strong></span> 
     </span>
    </p>
   </div>
   <div class='ocr_carea' id='block_1_9' title="bbox 495 1213 2076 1284">
    <p class='ocr_par' dir='ltr' id='par_1_9' title="bbox 495 1213 2076 1284">
     <span class='ocr_line' id='line_1_9' title="bbox 495 1213 2076 1284; baseline -0.009 -2"><span class='ocrx_word' id='word_1_49' title='bbox 495 1227 702 1284; x_wconf 68' lang='lat' dir='ltr'><strong>missus</strong></span> <span class='ocrx_word' id='word_1_50' title='bbox 732 1226 798 1281; x_wconf 86' lang='lat' dir='ltr'><strong>ad</strong></span> <span class='ocrx_word' id='word_1_51' title='bbox 826 1225 1067 1282; x_wconf 83' lang='lat' dir='ltr'><strong>Africam</strong></span> <span class='ocrx_word' id='word_1_52' title='bbox 1115 1222 1356 1284; x_wconf 89' lang='lat' dir='ltr'><strong>mittunt,</strong></span> <span class='ocrx_word' id='word_1_53' title='bbox 1401 1219 1704 1275; x_wconf 88' lang='lat' dir='ltr'><strong>Saracenos</strong></span> <span class='ocrx_word' id='word_1_54' title='bbox 1738 1216 1790 1271; x_wconf 90' lang='lat' dir='ltr'><strong>in</strong></span> <span class='ocrx_word' id='word_1_55' title='bbox 1818 1213 2076 1270; x_wconf 80' lang='lat' dir='ltr'><strong>auxilium</strong></span> 
     </span>
    </p>
   </div>
   <div class='ocr_carea' id='block_1_10' title="bbox 503 1305 2081 1385">
    <p class='ocr_par' dir='ltr' id='par_1_10' title="bbox 503 1305 2081 1385">
     <span class='ocr_line' id='line_1_10' title="bbox 503 1305 2081 1385; baseline -0.007 -15"><span class='ocrx_word' id='word_1_56' title='bbox 503 1323 715 1385; x_wconf 87' lang='lat' dir='ltr'><strong>petunt,</strong></span> <span class='ocrx_word' id='word_1_57' title='bbox 761 1328 964 1384; x_wconf 82' lang='lat' dir='ltr'><strong>eosque</strong></span> <span class='ocrx_word' id='word_1_58' title='bbox 1002 1312 1230 1366; x_wconf 87' lang='lat' dir='ltr'><strong>uavilms</strong></span> <span class='ocrx_word' id='word_1_59' title='bbox 1267 1309 1522 1364; x_wconf 85' lang='lat' dir='ltr'><strong>advectos</strong></span> <span class='ocrx_word' id='word_1_60' title='bbox 1564 1306 1872 1377; x_wconf 84' lang='lat' dir='ltr'><strong>Hispaniam</strong></span> <span class='ocrx_word' id='word_1_61' title='bbox 1911 1305 2081 1359; x_wconf 76' lang='lat' dir='ltr'><strong>intro-</strong></span> 
     </span>
    </p>
   </div>
   <div class='ocr_carea' id='block_1_11' title="bbox 500 1394 2081 1475">
    <p class='ocr_par' dir='ltr' id='par_1_11' title="bbox 500 1394 2081 1475">
     <span class='ocr_line' id='line_1_11' title="bbox 500 1394 2081 1475; baseline -0.009 -14"><span class='ocrx_word' id='word_1_62' title='bbox 500 1407 748 1463; x_wconf 86' lang='lat' dir='ltr'><strong>mittunt.</strong></span> <span class='ocrx_word' id='word_1_63' title='bbox 798 1405 905 1470; x_wconf 84' lang='lat' dir='ltr'><strong>Sed</strong></span> <span class='ocrx_word' id='word_1_64' title='bbox 953 1405 1053 1475; x_wconf 87' lang='lat' dir='ltr'><strong>ipsi</strong></span> <span class='ocrx_word' id='word_1_65' title='bbox 1095 1402 1186 1472; x_wconf 90' lang='lat' dir='ltr'><strong>qui</strong></span> <span class='ocrx_word' id='word_1_66' title='bbox 1236 1401 1424 1473; x_wconf 65' lang='lat' dir='ltr'><strong>patria:</strong></span> <span class='ocrx_word' id='word_1_67' title='bbox 1459 1399 1727 1454; x_wconf 88' lang='lat' dir='ltr'><strong>excidium</strong></span> <span class='ocrx_word' id='word_1_68' title='bbox 1762 1394 2081 1460; x_wconf 87' lang='lat' dir='ltr'><strong>intulerunt,</strong></span> 
     </span>
    </p>
   </div>
   <div class='ocr_carea' id='block_1_12' title="bbox 504 1489 2077 1569">
    <p class='ocr_par' dir='ltr' id='par_1_12' title="bbox 504 1489 2077 1569">
     <span class='ocr_line' id='line_1_12' title="bbox 504 1489 2077 1569; baseline -0.004 -19"><span class='ocrx_word' id='word_1_69' title='bbox 504 1496 666 1565; x_wconf 74' lang='lat' dir='ltr'><strong>simul</strong></span> <span class='ocrx_word' id='word_1_70' title='bbox 723 1513 844 1553; x_wconf 91' lang='lat' dir='ltr'><strong>cum</strong></span> <span class='ocrx_word' id='word_1_71' title='bbox 898 1504 1059 1569; x_wconf 87' lang='lat' dir='ltr'><strong>gente</strong></span> <span class='ocrx_word' id='word_1_72' title='bbox 1108 1495 1503 1549; x_wconf 87' lang='lat' dir='ltr'><strong>Saracenorum</strong></span> <span class='ocrx_word' id='word_1_73' title='bbox 1556 1490 1734 1559; x_wconf 82' lang='lat' dir='ltr'><strong>gladio</strong></span> <span class='ocrx_word' id='word_1_74' title='bbox 1780 1489 2077 1561; x_wconf 89' lang='lat' dir='ltr'><strong>perierunt.</strong></span> 
     </span>
    </p>
   </div>
   <div class='ocr_carea' id='block_1_13' title="bbox 504 1578 2081 1663">
    <p class='ocr_par' dir='ltr' id='par_1_13' title="bbox 504 1578 2081 1663">
     <span class='ocr_line' id='line_1_13' title="bbox 504 1578 2081 1663; baseline -0.01 -15"><span class='ocrx_word' id='word_1_75' title='bbox 504 1579 692 1663; x_wconf 77' lang='lat' dir='ltr'><strong>itaque</strong></span> <span class='ocrx_word' id='word_1_76' title='bbox 707 1605 831 1647; x_wconf 87' lang='lat' dir='ltr'><strong>cum</strong></span> <span class='ocrx_word' id='word_1_77' title='bbox 855 1585 1155 1645; x_wconf 67' lang='lat' dir='ltr'><strong>Ruiericus</strong></span> <span class='ocrx_word' id='word_1_78' title='bbox 1184 1585 1483 1655; x_wconf 83' lang='lat' dir='ltr'><strong>ingressum</strong></span> <span class='ocrx_word' id='word_1_79' title='bbox 1507 1596 1694 1636; x_wconf 87' lang='lat' dir='ltr'><strong>eorum</strong></span> <span class='ocrx_word' id='word_1_80' title='bbox 1719 1578 2081 1650; x_wconf 71' lang='lat' dir='ltr'><strong>cognovisset,</strong></span> 
     </span>
    </p>
   </div>
   <div class='ocr_carea' id='block_1_14' title="bbox 503 1675 2083 1759">
    <p class='ocr_par' dir='ltr' id='par_1_14' title="bbox 503 1675 2083 1759">
     <span class='ocr_line' id='line_1_14' title="bbox 503 1675 2083 1759; baseline -0.006 -22"><span class='ocrx_word' id='word_1_81' title='bbox 503 1700 631 1747; x_wconf 76' lang='lat' dir='ltr'><strong>cum</strong></span> <span class='ocrx_word' id='word_1_82' title='bbox 671 1682 815 1759; x_wconf 84' lang='lat' dir='ltr'><strong>onnti</strong></span> <span class='ocrx_word' id='word_1_83' title='bbox 853 1680 1065 1752; x_wconf 88' lang='lat' dir='ltr'><strong>agmine</strong></span> <span class='ocrx_word' id='word_1_84' title='bbox 1093 1677 1392 1734; x_wconf 80' lang='lat' dir='ltr'><strong>Gothorum</strong></span> <span class='ocrx_word' id='word_1_85' title='bbox 1419 1676 1498 1731; x_wconf 92' lang='lat' dir='ltr'><strong>cis</strong></span> <span class='ocrx_word' id='word_1_86' title='bbox 1525 1675 1869 1746; x_wconf 64' lang='lat' dir='ltr'><strong>praeliaturns</strong></span> <span class='ocrx_word' id='word_1_87' title='bbox 1891 1687 2083 1728; x_wconf 75' lang='lat' dir='ltr'><strong>occur-</strong></span> 
     </span>
    </p>
   </div>
   <div class='ocr_carea' id='block_1_15' title="bbox 511 1768 2084 1842">
    <p class='ocr_par' dir='ltr' id='par_1_15' title="bbox 511 1768 2084 1842">
     <span class='ocr_line' id='line_1_15' title="bbox 511 1768 2084 1842; baseline -0.008 -11"><span class='ocrx_word' id='word_1_88' title='bbox 511 1776 602 1831; x_wconf 85' lang='lat' dir='ltr'><strong>rit.</strong></span> <span class='ocrx_word' id='word_1_89' title='bbox 638 1774 743 1830; x_wconf 89' lang='lat' dir='ltr'><strong>Sed</strong></span> <span class='ocrx_word' id='word_1_90' title='bbox 773 1773 985 1830; x_wconf 89' lang='lat' dir='ltr'><strong>dicente</strong></span> <span class='ocrx_word' id='word_1_91' title='bbox 1038 1770 1356 1842; x_wconf 86' lang='lat' dir='ltr'><strong>Scriptura:</strong></span> <span class='ocrx_word' id='word_1_92' title='bbox 1387 1768 1457 1824; x_wconf 83' lang='lat' dir='ltr'><strong>In</strong></span> <span class='ocrx_word' id='word_1_93' title='bbox 1507 1785 1695 1825; x_wconf 69' lang='lat' dir='ltr'><strong>venit»:</strong></span> <span class='ocrx_word' id='word_1_94' title='bbox 1732 1768 1894 1822; x_wconf 77' lang='lat' dir='ltr'><strong>currit</strong></span> <span class='ocrx_word' id='word_1_95' title='bbox 1931 1783 2084 1838; x_wconf 79' lang='lat' dir='ltr'><strong>quem</strong></span> 
     </span>
    </p>
   </div>
   <div class='ocr_carea' id='block_1_16' title="bbox 1207 407 3005 477">
    <p class='ocr_par' dir='ltr' id='par_1_16' title="bbox 1207 407 3005 477">
     <span class='ocr_line' id='line_1_16' title="bbox 1207 407 3005 477; baseline -0.008 0"><span class='ocrx_word' id='word_1_96' title='bbox 1207 419 1493 477; x_wconf 64' lang='lat' dir='ltr'><strong>APPEND.</strong></span> <span class='ocrx_word' id='word_1_97' title='bbox 1534 419 1627 474; x_wconf 78' lang='lat' dir='ltr'><strong>AD</strong></span> <span class='ocrx_word' id='word_1_98' title='bbox 1661 416 1837 474; x_wconf 75' lang='lat' dir='ltr'><strong>S.£C.</strong></span> <span class='ocrx_word' id='word_1_99' title='bbox 1875 416 1965 471; x_wconf 69' lang='grc' dir='ltr'><strong>ιχ.</strong></span> <span class='ocrx_word' id='word_1_100' title='bbox 2005 445 2077 457; x_wconf 69' lang='grc' dir='ltr'><strong>α-</strong></span> <span class='ocrx_word' id='word_1_101' title='bbox 2114 410 2481 468; x_wconf 71' lang='lat' dir='ltr'><strong>ACCTORES</strong></span> <span class='ocrx_word' id='word_1_102' title='bbox 2517 409 2677 467; x_wconf 70' lang='lat' dir='ltr'><strong>ANNI</strong></span> <span class='ocrx_word' id='word_1_103' title='bbox 2715 407 3005 465; x_wconf 70' lang='lat' dir='ltr'><strong>INCERTI.</strong></span> 
     </span>
    </p>
   </div>
   <div class='ocr_carea' id='block_1_17' title="bbox 2095 514 3740 622">
    <p class='ocr_par' dir='ltr' id='par_1_17' title="bbox 2095 514 3740 622">
     <span class='ocr_line' id='line_1_17' title="bbox 2095 514 3740 622; baseline -0.008 -41"><span class='ocrx_word' id='word_1_104' title='bbox 2095 562 2142 622; x_wconf 65' lang='grc' dir='ltr'><strong>Α</strong></span> <span class='ocrx_word' id='word_1_105' title='bbox 2172 535 2348 580; x_wconf 90' lang='lat' dir='ltr'><strong>tarum</strong></span> <span class='ocrx_word' id='word_1_106' title='bbox 2384 539 2489 579; x_wconf 91' lang='lat' dir='ltr'><strong>non</strong></span> <span class='ocrx_word' id='word_1_107' title='bbox 2521 523 2686 577; x_wconf 88' lang='lat' dir='ltr'><strong>valuit</strong></span> <span class='ocrx_word' id='word_1_108' title='bbox 2710 522 2978 578; x_wconf 87' lang='lat' dir='ltr'><strong>sustinere</strong></span> <span class='ocrx_word' id='word_1_109' title='bbox 3013 521 3272 589; x_wconf 81' lang='lat' dir='ltr'><strong>impetum</strong></span> <span class='ocrx_word' id='word_1_110' title='bbox 3306 523 3553 585; x_wconf 87' lang='lat' dir='ltr'><strong>:quanto</strong></span> <span class='ocrx_word' id='word_1_111' title='bbox 3572 514 3740 585; x_wconf 68' lang='lat' dir='ltr'><strong>magis</strong></span> 
     </span>
    </p>
   </div>
   <div class='ocr_carea' id='block_1_18' title="bbox 3604 388 3735 457">
    <p class='ocr_par' dir='ltr' id='par_1_18' title="bbox 3604 388 3735 457">
     <span class='ocr_line' id='line_1_18' title="bbox 3604 388 3735 457; baseline 0 0"><span class='ocrx_word' id='word_1_112' title='bbox 3604 388 3735 457; x_wconf 81' lang='lat' dir='ltr'><strong>nn</strong></span> 
     </span>
    </p>
   </div>
   <div class='ocr_carea' id='block_1_19' title="bbox 2173 603 3747 679">
    <p class='ocr_par' dir='ltr' id='par_1_19' title="bbox 2173 603 3747 679">
     <span class='ocr_line' id='line_1_19' title="bbox 2173 603 3747 679; baseline -0.01 -7"><span class='ocrx_word' id='word_1_113' title='bbox 2173 626 2226 672; x_wconf 91' lang='lat' dir='ltr'><strong>tu</strong></span> <span class='ocrx_word' id='word_1_114' title='bbox 2264 618 2316 670; x_wconf 93' lang='lat' dir='ltr'><strong>in</strong></span> <span class='ocrx_word' id='word_1_115' title='bbox 2363 616 2463 670; x_wconf 90' lang='lat' dir='ltr'><strong>isto</strong></span> <span class='ocrx_word' id='word_1_116' title='bbox 2508 613 2775 670; x_wconf 78' lang='lat' dir='ltr'><strong>foramine</strong></span> <span class='ocrx_word' id='word_1_117' title='bbox 2814 620 2867 667; x_wconf 89' lang='lat' dir='ltr'><strong>te</strong></span> <span class='ocrx_word' id='word_1_118' title='bbox 2893 609 3179 665; x_wconf 81' lang='lat' dir='ltr'><strong>defendere</strong></span> <span class='ocrx_word' id='word_1_119' title='bbox 3204 606 3456 679; x_wconf 80' lang='lat' dir='ltr'><strong>poteris?</strong></span> <span class='ocrx_word' id='word_1_120' title='bbox 3490 605 3602 659; x_wconf 84' lang='lat' dir='ltr'><strong>imo</strong></span> <span class='ocrx_word' id='word_1_121' title='bbox 3621 603 3747 657; x_wconf 77' lang='lat' dir='ltr'><strong>andi</strong></span> 
     </span>
    </p>
   </div>
   <div class='ocr_carea' id='block_1_20' title="bbox 2170 695 3751 767">
    <p class='ocr_par' dir='ltr' id='par_1_20' title="bbox 2170 695 3751 767">
     <span class='ocr_line' id='line_1_20' title="bbox 2170 695 3751 767; baseline -0.009 -5"><span class='ocrx_word' id='word_1_122' title='bbox 2170 706 2455 762; x_wconf 85' lang='lat' dir='ltr'><strong>consilium</strong></span> <span class='ocrx_word' id='word_1_123' title='bbox 2489 719 2665 759; x_wconf 89' lang='lat' dir='ltr'><strong>tncum</strong></span> <span class='ocrx_word' id='word_1_124' title='bbox 2685 743 2702 767; x_wconf 93' lang='lat'><strong>,</strong></span> <span class='ocrx_word' id='word_1_125' title='bbox 2745 712 2800 757; x_wconf 90' lang='lat' dir='ltr'><strong>ct</strong></span> <span class='ocrx_word' id='word_1_126' title='bbox 2843 702 2911 755; x_wconf 88' lang='lat' dir='ltr'><strong>ab</strong></span> <span class='ocrx_word' id='word_1_127' title='bbox 2941 700 3042 755; x_wconf 90' lang='lat' dir='ltr'><strong>hac</strong></span> <span class='ocrx_word' id='word_1_128' title='bbox 3073 698 3349 754; x_wconf 82' lang='lat' dir='ltr'><strong>voluntate</strong></span> <span class='ocrx_word' id='word_1_129' title='bbox 3394 695 3638 750; x_wconf 84' lang='lat' dir='ltr'><strong>animum</strong></span> <span class='ocrx_word' id='word_1_130' title='bbox 3662 708 3751 747; x_wconf 74' lang='lat' dir='ltr'><strong>re—</strong></span> 
     </span>
    </p>
   </div>
   <div class='ocr_carea' id='block_1_21' title="bbox 2169 783 3745 857">
    <p class='ocr_par' dir='ltr' id='par_1_21' title="bbox 2169 783 3745 857">
     <span class='ocr_line' id='line_1_21' title="bbox 2169 783 3745 857; baseline -0.006 -8"><span class='ocrx_word' id='word_1_131' title='bbox 2169 809 2334 857; x_wconf 84' lang='lat' dir='ltr'><strong>voca,</strong></span> <span class='ocrx_word' id='word_1_132' title='bbox 2368 784 2647 855; x_wconf 37' lang='lat' dir='ltr'><strong>ut&#39;multis</strong></span> <span class='ocrx_word' id='word_1_133' title='bbox 2691 792 2847 847; x_wconf 87' lang='lat' dir='ltr'><strong>bonis</strong></span> <span class='ocrx_word' id='word_1_134' title='bbox 2880 789 3105 854; x_wconf 82' lang='lat' dir='ltr'><strong>fruaris,</strong></span> <span class='ocrx_word' id='word_1_135' title='bbox 3149 788 3290 843; x_wconf 87' lang='lat' dir='ltr'><strong>etin</strong></span> <span class='ocrx_word' id='word_1_136' title='bbox 3333 801 3473 856; x_wconf 84' lang='lat' dir='ltr'><strong>pace</strong></span> <span class='ocrx_word' id='word_1_137' title='bbox 3510 783 3745 840; x_wconf 75' lang='lat' dir='ltr'><strong>Arabum</strong></span> 
     </span>
    </p>
   </div>
   <div class='ocr_carea' id='block_1_22' title="bbox 2170 872 3747 955">
    <p class='ocr_par' dir='ltr' id='par_1_22' title="bbox 2170 872 3747 955">
     <span class='ocr_line' id='line_1_22' title="bbox 2170 872 3747 955; baseline -0.012 -11"><span class='ocrx_word' id='word_1_138' title='bbox 2170 886 2422 944; x_wconf 85' lang='lat' dir='ltr'><strong>omnibus</strong></span> <span class='ocrx_word' id='word_1_139' title='bbox 2451 900 2569 955; x_wconf 77' lang='lat' dir='ltr'><strong>qua:</strong></span> <span class='ocrx_word' id='word_1_140' title='bbox 2606 891 2694 937; x_wconf 89' lang='lat' dir='ltr'><strong>tua</strong></span> <span class='ocrx_word' id='word_1_141' title='bbox 2723 883 2937 937; x_wconf 87' lang='lat' dir='ltr'><strong>fuerunt</strong></span> <span class='ocrx_word' id='word_1_142' title='bbox 2963 879 3154 935; x_wconf 83' lang='lat' dir='ltr'><strong>utaris.</strong></span> <span class='ocrx_word' id='word_1_143' title='bbox 3186 878 3269 933; x_wconf 87' lang='lat' dir='ltr'><strong>Ad</strong></span> <span class='ocrx_word' id='word_1_144' title='bbox 3297 877 3419 932; x_wconf 65' lang='lat' dir='ltr'><strong>haec</strong></span> <span class='ocrx_word' id='word_1_145' title='bbox 3452 872 3703 943; x_wconf 87' lang='lat' dir='ltr'><strong>Pelagius</strong></span> <span class='ocrx_word' id='word_1_146' title='bbox 3730 889 3747 925; x_wconf 85' lang='lat'><strong>:</strong></span> 
     </span>
    </p>
   </div>
   <div class='ocr_carea' id='block_1_23' title="bbox 2173 962 3754 1032">
    <p class='ocr_par' dir='ltr' id='par_1_23' title="bbox 2173 962 3754 1032">
     <span class='ocr_line' id='line_1_23' title="bbox 2173 962 3754 1032; baseline -0.013 0"><span class='ocrx_word' id='word_1_147' title='bbox 2173 978 2284 1032; x_wconf 83' lang='lat' dir='ltr'><strong>Nec</strong></span> <span class='ocrx_word' id='word_1_148' title='bbox 2308 976 2541 1030; x_wconf 79' lang='lat' dir='ltr'><strong>Arabum</strong></span> <span class='ocrx_word' id='word_1_149' title='bbox 2591 972 2844 1028; x_wconf 87' lang='lat' dir='ltr'><strong>amicitiis</strong></span> <span class='ocrx_word' id='word_1_150' title='bbox 2881 970 3150 1032; x_wconf 83' lang='lat' dir='ltr'><strong>sociabor,</strong></span> <span class='ocrx_word' id='word_1_151' title='bbox 3186 983 3287 1022; x_wconf 89' lang='lat' dir='ltr'><strong>nec</strong></span> <span class='ocrx_word' id='word_1_152' title='bbox 3315 981 3406 1021; x_wconf 88' lang='lat' dir='ltr'><strong>me</strong></span> <span class='ocrx_word' id='word_1_153' title='bbox 3432 977 3624 1018; x_wconf 89' lang='lat' dir='ltr'><strong>eorum</strong></span> <span class='ocrx_word' id='word_1_154' title='bbox 3655 962 3754 1015; x_wconf 77' lang='lat' dir='ltr'><strong>im-</strong></span> 
     </span>
    </p>
   </div>
   <div class='ocr_carea' id='block_1_24' title="bbox 2174 1050 3753 1138">
    <p class='ocr_par' dir='ltr' id='par_1_24' title="bbox 2174 1050 3753 1138">
     <span class='ocr_line' id='line_1_24' title="bbox 2174 1050 3753 1138; baseline -0.013 -16"><span class='ocrx_word' id='word_1_155' title='bbox 2174 1067 2326 1138; x_wconf 89' lang='lat' dir='ltr'><strong>perio</strong></span> <span class='ocrx_word' id='word_1_156' title='bbox 2364 1064 2641 1133; x_wconf 79' lang='lat' dir='ltr'><strong>subjiciam</strong></span> <span class='ocrx_word' id='word_1_157' title='bbox 2671 1079 2688 1118; x_wconf 92' lang='lat'><strong>:</strong></span> <span class='ocrx_word' id='word_1_158' title='bbox 2716 1063 2809 1118; x_wconf 88' lang='lat' dir='ltr'><strong>sed</strong></span> <span class='ocrx_word' id='word_1_159' title='bbox 2840 1071 2895 1116; x_wconf 92' lang='lat' dir='ltr'><strong>tu</strong></span> <span class='ocrx_word' id='word_1_160' title='bbox 2926 1075 3031 1115; x_wconf 90' lang='lat' dir='ltr'><strong>non</strong></span> <span class='ocrx_word' id='word_1_161' title='bbox 3063 1058 3206 1115; x_wconf 83' lang='lat' dir='ltr'><strong>nosti</strong></span> <span class='ocrx_word' id='word_1_162' title='bbox 3243 1058 3262 1097; x_wconf 74' lang='grc' dir='ltr'><strong>ἱ</strong></span> <span class='ocrx_word' id='word_1_163' title='bbox 3288 1096 3306 1121; x_wconf 83' lang='grc'><em>,</em></span> <span class='ocrx_word' id='word_1_164' title='bbox 3354 1054 3485 1124; x_wconf 83' lang='lat' dir='ltr'><strong>quia</strong></span> <span class='ocrx_word' id='word_1_165' title='bbox 3516 1050 3753 1105; x_wconf 78' lang='lat' dir='ltr'><strong>Ecclesia</strong></span> 
     </span>
    </p>
   </div>
   <div class='ocr_carea' id='block_1_25' title="bbox 2176 1141 3757 1222">
    <p class='ocr_par' dir='ltr' id='par_1_25' title="bbox 2176 1141 3757 1222">
     <span class='ocr_line' id='line_1_25' title="bbox 2176 1141 3757 1222; baseline -0.014 -10"><span class='ocrx_word' id='word_1_166' title='bbox 2176 1154 2388 1211; x_wconf 85' lang='lat' dir='ltr'><strong>Domini</strong></span> <span class='ocrx_word' id='word_1_167' title='bbox 2415 1154 2555 1209; x_wconf 64' lang='lat' dir='ltr'><strong>luna:</strong></span> <span class='ocrx_word' id='word_1_168' title='bbox 2581 1158 2945 1222; x_wconf 83' lang='lat' dir='ltr'><strong>comparatur,</strong></span> <span class='ocrx_word' id='word_1_169' title='bbox 2974 1162 3096 1219; x_wconf 73' lang='lat' dir='ltr'><strong>qua:</strong></span> <span class='ocrx_word' id='word_1_170' title='bbox 3138 1155 3195 1203; x_wconf 88' lang='lat' dir='ltr'><strong>et</strong></span> <span class='ocrx_word' id='word_1_171' title='bbox 3220 1144 3496 1201; x_wconf 82' lang='lat' dir='ltr'><strong>defectum</strong></span> <span class='ocrx_word' id='word_1_172' title='bbox 3526 1141 3757 1210; x_wconf 78' lang='lat' dir='ltr'><strong>patitur,</strong></span> 
     </span>
    </p>
   </div>
   <div class='ocr_carea' id='block_1_26' title="bbox 2176 1230 3758 1314">
    <p class='ocr_par' dir='ltr' id='par_1_26' title="bbox 2176 1230 3758 1314">
     <span class='ocr_line' id='line_1_26' title="bbox 2176 1230 3758 1314; baseline -0.014 -12"><span class='ocrx_word' id='word_1_173' title='bbox 2176 1256 2233 1302; x_wconf 90' lang='lat' dir='ltr'><strong>et</strong></span> <span class='ocrx_word' id='word_1_174' title='bbox 2283 1260 2496 1301; x_wconf 85' lang='lat' dir='ltr'><strong>rursum</strong></span> <span class='ocrx_word' id='word_1_175' title='bbox 2542 1252 2893 1314; x_wconf 88' lang='lat' dir='ltr'><strong>per&#39;tempus</strong></span> <span class='ocrx_word' id='word_1_176' title='bbox 2922 1240 2989 1293; x_wconf 88' lang='lat' dir='ltr'><strong>ad</strong></span> <span class='ocrx_word' id='word_1_177' title='bbox 3035 1236 3323 1311; x_wconf 84' lang='lat' dir='ltr'><strong>pristinam</strong></span> <span class='ocrx_word' id='word_1_178' title='bbox 3365 1230 3758 1305; x_wconf 79' lang='lat' dir='ltr'><strong>plenitudinem</strong></span> 
     </span>
    </p>
   </div>
   <div class='ocr_carea' id='block_1_27' title="bbox 2179 1320 3764 1394">
    <p class='ocr_par' dir='ltr' id='par_1_27' title="bbox 2179 1320 3764 1394">
     <span class='ocr_line' id='line_1_27' title="bbox 2179 1320 3764 1394; baseline -0.013 -2"><span class='ocrx_word' id='word_1_179' title='bbox 2179 1337 2488 1394; x_wconf 82' lang='lat' dir='ltr'><strong>revertitur.</strong></span> <span class='ocrx_word' id='word_1_180' title='bbox 2522 1333 2854 1392; x_wconf 89' lang='lat' dir='ltr'><strong>Contidimus</strong></span> <span class='ocrx_word' id='word_1_181' title='bbox 2881 1331 3025 1387; x_wconf 90' lang='lat' dir='ltr'><strong>enim</strong></span> <span class='ocrx_word' id='word_1_182' title='bbox 3046 1330 3098 1383; x_wconf 90' lang='lat' dir='ltr'><strong>in</strong></span> <span class='ocrx_word' id='word_1_183' title='bbox 3121 1326 3333 1383; x_wconf 89' lang='lat' dir='ltr'><strong>Domini</strong></span> <span class='ocrx_word' id='word_1_184' title='bbox 3366 1320 3764 1383; x_wconf 80' lang='lat' dir='ltr'><strong>misericordia,</strong></span> 
     </span>
    </p>
   </div>
   <div class='ocr_carea' id='block_1_28' title="bbox 2179 1409 3766 1497">
    <p class='ocr_par' dir='ltr' id='par_1_28' title="bbox 2179 1409 3766 1497">
     <span class='ocr_line' id='line_1_28' title="bbox 2179 1409 3766 1497; baseline -0.014 -13"><span class='ocrx_word' id='word_1_185' title='bbox 2179 1427 2320 1497; x_wconf 87' lang='lat' dir='ltr'><strong>quod</strong></span> <span class='ocrx_word' id='word_1_186' title='bbox 2345 1427 2414 1481; x_wconf 91' lang='lat' dir='ltr'><strong>ab</strong></span> <span class='ocrx_word' id='word_1_187' title='bbox 2440 1426 2542 1480; x_wconf 91' lang='lat' dir='ltr'><strong>isto</strong></span> <span class='ocrx_word' id='word_1_188' title='bbox 2570 1423 2780 1479; x_wconf 85' lang='lat' dir='ltr'><strong>modico</strong></span> <span class='ocrx_word' id='word_1_189' title='bbox 2807 1418 3099 1476; x_wconf 82' lang='lat' dir='ltr'><strong>monticolo</strong></span> <span class='ocrx_word' id='word_1_190' title='bbox 3119 1459 3136 1484; x_wconf 94' lang='lat'><strong>,</strong></span> <span class='ocrx_word' id='word_1_191' title='bbox 3175 1430 3336 1486; x_wconf 86' lang='lat' dir='ltr'><strong>quem</strong></span> <span class='ocrx_word' id='word_1_192' title='bbox 3366 1411 3664 1482; x_wconf 86' lang='lat' dir='ltr'><strong>conspicis,</strong></span> <span class='ocrx_word' id='word_1_193' title='bbox 3693 1409 3766 1462; x_wconf 85' lang='lat' dir='ltr'><strong>sit</strong></span> 
     </span>
    </p>
   </div>
   <div class='ocr_carea' id='block_1_29' title="bbox 2182 1503 3769 1586">
    <p class='ocr_par' dir='ltr' id='par_1_29' title="bbox 2182 1503 3769 1586">
     <span class='ocr_line' id='line_1_29' title="bbox 2182 1503 3769 1586; baseline -0.013 -15"><span class='ocrx_word' id='word_1_194' title='bbox 2182 1516 2454 1586; x_wconf 62' lang='lat' dir='ltr'><strong>Hispania;</strong></span> <span class='ocrx_word' id='word_1_195' title='bbox 2478 1514 2645 1579; x_wconf 90' lang='lat' dir='ltr'><strong>salus,</strong></span> <span class='ocrx_word' id='word_1_196' title='bbox 2673 1521 2729 1569; x_wconf 91' lang='lat' dir='ltr'><strong>et</strong></span> <span class='ocrx_word' id='word_1_197' title='bbox 2752 1510 3050 1567; x_wconf 82' lang='lat' dir='ltr'><strong>Gothorum</strong></span> <span class='ocrx_word' id='word_1_198' title='bbox 3080 1507 3259 1579; x_wconf 85' lang='lat' dir='ltr'><strong>gentis</strong></span> <span class='ocrx_word' id='word_1_199' title='bbox 3290 1503 3574 1560; x_wconf 85' lang='lat' dir='ltr'><strong>exercitus</strong></span> <span class='ocrx_word' id='word_1_200' title='bbox 3615 1515 3769 1570; x_wconf 65' lang='lat' dir='ltr'><strong>repao</strong></span> 
     </span>
    </p>
   </div>
   <div class='ocr_carea' id='block_1_30' title="bbox 2181 1594 3773 1671">
    <p class='ocr_par' dir='ltr' id='par_1_30' title="bbox 2181 1594 3773 1671">
     <span class='ocr_line' id='line_1_30' title="bbox 2181 1594 3773 1671; baseline -0.013 -9"><span class='ocrx_word' id='word_1_201' title='bbox 2181 1607 2406 1671; x_wconf 85' lang='lat' dir='ltr'><strong>randus,</strong></span> <span class='ocrx_word' id='word_1_202' title='bbox 2434 1612 2491 1658; x_wconf 91' lang='lat' dir='ltr'><strong>ut</strong></span> <span class='ocrx_word' id='word_1_203' title='bbox 2517 1604 2571 1658; x_wconf 91' lang='lat' dir='ltr'><strong>in</strong></span> <span class='ocrx_word' id='word_1_204' title='bbox 2604 1603 2757 1657; x_wconf 90' lang='lat' dir='ltr'><strong>nobis</strong></span> <span class='ocrx_word' id='word_1_205' title='bbox 2776 1599 3110 1670; x_wconf 83' lang='lat' dir='ltr'><strong>compleatur</strong></span> <span class='ocrx_word' id='word_1_206' title='bbox 3148 1596 3237 1652; x_wconf 89' lang='lat' dir='ltr'><strong>ille</strong></span> <span class='ocrx_word' id='word_1_207' title='bbox 3259 1594 3621 1667; x_wconf 76' lang='lat' dir='ltr'><strong>propheticus</strong></span> <span class='ocrx_word' id='word_1_208' title='bbox 3653 1604 3773 1644; x_wconf 79' lang='lat' dir='ltr'><strong>scr-</strong></span> 
     </span>
    </p>
   </div>
   <div class='ocr_carea' id='block_1_31' title="bbox 2184 1685 3773 1767">
    <p class='ocr_par' dir='ltr' id='par_1_31' title="bbox 2184 1685 3773 1767">
     <span class='ocr_line' id='line_1_31' title="bbox 2184 1685 3773 1767; baseline -0.011 -16"><span class='ocrx_word' id='word_1_209' title='bbox 2184 1713 2295 1764; x_wconf 91' lang='lat' dir='ltr'><strong>mo,</strong></span> <span class='ocrx_word' id='word_1_210' title='bbox 2325 1694 2416 1767; x_wconf 87' lang='lat' dir='ltr'><strong>qui</strong></span> <span class='ocrx_word' id='word_1_211' title='bbox 2452 1692 2626 1748; x_wconf 86' lang='lat' dir='ltr'><strong>dicit:</strong></span> <span class='ocrx_word' id='word_1_212' title='bbox 2667 1690 2897 1746; x_wconf 79' lang='lat' dir='ltr'><strong>Visitabo</strong></span> <span class='ocrx_word' id='word_1_213' title='bbox 2934 1691 2986 1743; x_wconf 84' lang='lat' dir='ltr'><strong>in</strong></span> <span class='ocrx_word' id='word_1_214' title='bbox 3028 1690 3171 1759; x_wconf 82' lang='lat' dir='ltr'><strong>virga</strong></span> <span class='ocrx_word' id='word_1_215' title='bbox 3199 1685 3516 1756; x_wconf 73' lang='lat' dir='ltr'><strong>iniquitates</strong></span> <span class='ocrx_word' id='word_1_216' title='bbox 3563 1696 3773 1743; x_wconf 60' lang='lat' dir='ltr'><strong>eorum,</strong></span> 
     </span>
    </p>
   </div>
   <div class='ocr_carea' id='block_1_32' title="bbox 2184 1774 3772 1857">
    <p class='ocr_par' dir='ltr' id='par_1_32' title="bbox 2184 1774 3772 1857">
     <span class='ocr_line' id='line_1_32' title="bbox 2184 1774 3772 1857; baseline -0.011 -16"><span class='ocrx_word' id='word_1_217' title='bbox 2184 1797 2229 1842; x_wconf 80' lang='lat' dir='ltr'><strong>et</strong></span> <span class='ocrx_word' id='word_1_218' title='bbox 2266 1787 2322 1841; x_wconf 80' lang='lat' dir='ltr'><strong>in</strong></span> <span class='ocrx_word' id='word_1_219' title='bbox 2365 1783 2587 1857; x_wconf 74' lang='lat' dir='ltr'><strong>ﬂagellis</strong></span> <span class='ocrx_word' id='word_1_220' title='bbox 2631 1791 2842 1852; x_wconf 82' lang='lat' dir='ltr'><strong>peccata</strong></span> <span class='ocrx_word' id='word_1_221' title='bbox 2871 1774 3048 1835; x_wconf 81' lang='lat' dir='ltr'><strong>eorum</strong></span> <span class='ocrx_word' id='word_1_222' title='bbox 3073 1792 3093 1831; x_wconf 92' lang='lat'><strong>:</strong></span> <span class='ocrx_word' id='word_1_223' title='bbox 3124 1774 3550 1830; x_wconf 80' lang='lat' dir='ltr'><strong>misericordiam</strong></span> <span class='ocrx_word' id='word_1_224' title='bbox 3600 1782 3772 1836; x_wconf 71' lang='lat' dir='ltr'><strong>aureas</strong></span> 
     </span>
    </p>
   </div>
   <div class='ocr_carea' id='block_1_33' title="bbox 510 1862 2095 1970">
    <p class='ocr_par' dir='ltr' id='par_1_33' title="bbox 510 1862 2085 1970">
     <span class='ocr_line' id='line_1_33' title="bbox 510 1862 2085 1937; baseline -0.009 -8"><span class='ocrx_word' id='word_1_225' title='bbox 510 1870 758 1937; x_wconf 72' lang='lat' dir='ltr'><strong>iniquitas</strong></span> <span class='ocrx_word' id='word_1_226' title='bbox 794 1866 1063 1936; x_wconf 60' lang='lat' dir='ltr'><strong>praedii,</strong></span> <span class='ocrx_word' id='word_1_227' title='bbox 1117 1864 1456 1920; x_wconf 87' lang='lat' dir='ltr'><strong>sacerdotum</strong></span> <span class='ocrx_word' id='word_1_228' title='bbox 1489 1864 1537 1927; x_wconf 72' lang='grc' dir='ltr'>ιι,</span> <span class='ocrx_word' id='word_1_229' title='bbox 1576 1862 1661 1916; x_wconf 84' lang='lat' dir='ltr'><strong>vel</strong></span> <span class='ocrx_word' id='word_1_230' title='bbox 1699 1876 1918 1916; x_wconf 85' lang='lat' dir='ltr'><strong>suorum</strong></span> <span class='ocrx_word' id='word_1_231' title='bbox 1957 1873 2085 1929; x_wconf 86' lang='lat' dir='ltr'><strong>pec-</strong></span> 
     </span>
     <span class='ocr_line' id='line_1_34' title="bbox 582 1948 2080 1970; baseline 0 0"><span class='ocrx_word' id='word_1_232' title='bbox 582 1966 591 1970; x_wconf 90' lang='lat'><strong>-</strong></span> <span class='ocrx_word' id='word_1_233' title='bbox 868 1954 881 1970; x_wconf 90' lang='lat'><strong>.</strong></span> <span class='ocrx_word' id='word_1_234' title='bbox 1090 1969 1097 1970; x_wconf 62' lang='lat'><strong><em>,</em></strong></span> <span class='ocrx_word' id='word_1_235' title='bbox 1169 1954 1180 1967; x_wconf 90' lang='lat'><strong>.</strong></span> <span class='ocrx_word' id='word_1_236' title='bbox 1303 1954 1316 1970; x_wconf 93' lang='lat'><strong>.</strong></span> <span class='ocrx_word' id='word_1_237' title='bbox 1352 1953 1421 1970; x_wconf 73' lang='grc' dir='ltr'><strong>η..</strong></span> <span class='ocrx_word' id='word_1_238' title='bbox 1510 1968 1519 1970; x_wconf 59' lang='lat'><strong>,</strong></span> <span class='ocrx_word' id='word_1_239' title='bbox 1609 1950 1863 1970; x_wconf 49' lang='grc' dir='ltr'><strong>..ηε-ηε</strong></span> <span class='ocrx_word' id='word_1_240' title='bbox 1895 1948 2080 1970; x_wconf 47' lang='grc' dir='ltr'><strong>μω)-</strong></span> 
     </span>
    </p>
   </div>
   <div class='ocr_carea' id='block_1_34' title="bbox 2197 1862 3772 1970">
    <p class='ocr_par' dir='ltr' id='par_1_34' title="bbox 2197 1863 3772 1946">
     <span class='ocr_line' id='line_1_35' title="bbox 2197 1863 3772 1946; baseline -0.011 -13"><span class='ocrx_word' id='word_1_241' title='bbox 2197 1895 2354 1933; x_wconf 79' lang='lat' dir='ltr'><strong>meam</strong></span> <span class='ocrx_word' id='word_1_242' title='bbox 2382 1894 2485 1932; x_wconf 82' lang='lat' dir='ltr'><strong>non</strong></span> <span class='ocrx_word' id='word_1_243' title='bbox 2511 1876 2751 1946; x_wconf 77' lang='lat' dir='ltr'><strong>auferam</strong></span> <span class='ocrx_word' id='word_1_244' title='bbox 2790 1874 2854 1928; x_wconf 88' lang='lat' dir='ltr'><strong>ab</strong></span> <span class='ocrx_word' id='word_1_245' title='bbox 2881 1874 2976 1929; x_wconf 80' lang='lat' dir='ltr'><strong>eis.</strong></span> <span class='ocrx_word' id='word_1_246' title='bbox 3023 1873 3192 1945; x_wconf 84' lang='lat' dir='ltr'><strong>Igitur</strong></span> <span class='ocrx_word' id='word_1_247' title='bbox 3217 1879 3273 1926; x_wconf 86' lang='lat' dir='ltr'><strong>et</strong></span> <span class='ocrx_word' id='word_1_248' title='bbox 3301 1869 3348 1924; x_wconf 92' lang='lat' dir='ltr'><strong>si</strong></span> <span class='ocrx_word' id='word_1_249' title='bbox 3378 1866 3394 1918; x_wconf 88' lang='lat' dir='ltr'><strong>i</strong></span> <span class='ocrx_word' id='word_1_250' title='bbox 3448 1863 3772 1921; x_wconf 64' lang='lat' dir='ltr'><strong>sententiam</strong></span> 
     </span>
    </p>
   </div>
   <div class='ocr_carea' id='block_1_35' title="bbox 508 1948 2084 2026">
    <p class='ocr_par' dir='ltr' id='par_1_35' title="bbox 508 1948 2084 2026">
     <span class='ocr_line' id='line_1_36' title="bbox 508 1948 2084 2026; baseline -0.006 -15"><span class='ocrx_word' id='word_1_251' title='bbox 508 1966 754 2013; x_wconf 76' lang='lat' dir='ltr'><strong>natorum</strong></span> <span class='ocrx_word' id='word_1_252' title='bbox 780 1954 917 2011; x_wconf 90' lang='lat' dir='ltr'><strong>mole</strong></span> <span class='ocrx_word' id='word_1_253' title='bbox 940 1954 1203 2026; x_wconf 88' lang='lat' dir='ltr'><strong>oppressi,</strong></span> <span class='ocrx_word' id='word_1_254' title='bbox 1237 1954 1319 2010; x_wconf 92' lang='lat' dir='ltr'><strong>vel</strong></span> <span class='ocrx_word' id='word_1_255' title='bbox 1348 1953 1580 2009; x_wconf 88' lang='lat' dir='ltr'><strong>ﬁliorum</strong></span> <span class='ocrx_word' id='word_1_256' title='bbox 1609 1950 1864 2006; x_wconf 82' lang='lat' dir='ltr'><strong>Witizani</strong></span> <span class='ocrx_word' id='word_1_257' title='bbox 1895 1948 2084 2009; x_wconf 84' lang='lat' dir='ltr'><strong>fraude</strong></span> 
     </span>
    </p>
   </div>
   <div class='ocr_carea' id='block_1_36' title="bbox 511 2039 2084 2115">
    <p class='ocr_par' dir='ltr' id='par_1_36' title="bbox 511 2039 2084 2115">
     <span class='ocr_line' id='line_1_37' title="bbox 511 2039 2084 2115; baseline -0.004 -14"><span class='ocrx_word' id='word_1_258' title='bbox 511 2045 745 2111; x_wconf 86' lang='lat' dir='ltr'><strong>detecti,</strong></span> <span class='ocrx_word' id='word_1_259' title='bbox 788 2060 912 2100; x_wconf 84' lang='lat' dir='ltr'><strong>cum</strong></span> <span class='ocrx_word' id='word_1_260' title='bbox 963 2046 1144 2100; x_wconf 85' lang='lat' dir='ltr'><strong>omnia</strong></span> <span class='ocrx_word' id='word_1_261' title='bbox 1196 2046 1410 2115; x_wconf 82' lang='lat' dir='ltr'><strong>agmine</strong></span> <span class='ocrx_word' id='word_1_262' title='bbox 1460 2043 1758 2099; x_wconf 82' lang='lat' dir='ltr'><strong>Gothorum</strong></span> <span class='ocrx_word' id='word_1_263' title='bbox 1803 2042 1856 2098; x_wconf 91' lang='lat' dir='ltr'><strong>in</strong></span> <span class='ocrx_word' id='word_1_264' title='bbox 1903 2039 2084 2113; x_wconf 87' lang='lat' dir='ltr'><strong>fugam</strong></span> 
     </span>
    </p>
   </div>
   <div class='ocr_carea' id='block_1_37' title="bbox 513 2131 2088 2208">
    <p class='ocr_par' dir='ltr' id='par_1_37' title="bbox 513 2131 2088 2208">
     <span class='ocr_line' id='line_1_38' title="bbox 513 2131 2088 2208; baseline -0.006 -11"><span class='ocrx_word' id='word_1_265' title='bbox 513 2147 639 2197; x_wconf 67' lang='lat' dir='ltr'><strong>runt</strong></span> <span class='ocrx_word' id='word_1_266' title='bbox 682 2138 822 2194; x_wconf 80' lang='lat' dir='ltr'><strong>versi</strong></span> <span class='ocrx_word' id='word_1_267' title='bbox 855 2144 911 2193; x_wconf 90' lang='lat' dir='ltr'><strong>et</strong></span> <span class='ocrx_word' id='word_1_268' title='bbox 952 2134 1130 2208; x_wconf 82' lang='lat' dir='ltr'><strong>gladio</strong></span> <span class='ocrx_word' id='word_1_269' title='bbox 1173 2135 1352 2190; x_wconf 89' lang='lat' dir='ltr'><strong>deleti.</strong></span> <span class='ocrx_word' id='word_1_270' title='bbox 1398 2135 1472 2190; x_wconf 87' lang='lat' dir='ltr'><strong>De</strong></span> <span class='ocrx_word' id='word_1_271' title='bbox 1507 2131 1776 2187; x_wconf 79' lang='lat' dir='ltr'><strong>Ruderico</strong></span> <span class='ocrx_word' id='word_1_272' title='bbox 1801 2147 1930 2187; x_wconf 89' lang='lat' dir='ltr'><strong>vero</strong></span> <span class='ocrx_word' id='word_1_273' title='bbox 1963 2145 2088 2201; x_wconf 84' lang='lat' dir='ltr'><strong>rege</strong></span> 
     </span>
    </p>
   </div>
   <div class='ocr_carea' id='block_1_38' title="bbox 515 2221 2088 2303">
    <p class='ocr_par' dir='ltr' id='par_1_38' title="bbox 515 2221 2088 2303">
     <span class='ocr_line' id='line_1_39' title="bbox 515 2221 2088 2303; baseline -0.006 -19"><span class='ocrx_word' id='word_1_274' title='bbox 515 2228 646 2285; x_wconf 88' lang='lat' dir='ltr'><strong>nulli</strong></span> <span class='ocrx_word' id='word_1_275' title='bbox 701 2227 914 2303; x_wconf 86' lang='lat' dir='ltr'><strong>cognita</strong></span> <span class='ocrx_word' id='word_1_276' title='bbox 981 2235 1163 2281; x_wconf 91' lang='lat' dir='ltr'><strong>manet</strong></span> <span class='ocrx_word' id='word_1_277' title='bbox 1222 2239 1384 2281; x_wconf 88' lang='lat' dir='ltr'><strong>causa</strong></span> <span class='ocrx_word' id='word_1_278' title='bbox 1439 2223 1689 2278; x_wconf 89' lang='lat' dir='ltr'><strong>interitus</strong></span> <span class='ocrx_word' id='word_1_279' title='bbox 1748 2221 1906 2290; x_wconf 73' lang='lat' dir='ltr'><strong>ejus:</strong></span> <span class='ocrx_word' id='word_1_280' title='bbox 1941 2222 2088 2276; x_wconf 88' lang='lat' dir='ltr'><strong>rudis</strong></span> 
     </span>
    </p>
   </div>
   <div class='ocr_carea' id='block_1_39' title="bbox 515 2311 2091 2386">
    <p class='ocr_par' dir='ltr' id='par_1_39' title="bbox 515 2311 2091 2386">
     <span class='ocr_line' id='line_1_40' title="bbox 515 2311 2091 2386; baseline -0.004 -14"><span class='ocrx_word' id='word_1_281' title='bbox 515 2331 751 2386; x_wconf 85' lang='lat' dir='ltr'><strong>namque</strong></span> <span class='ocrx_word' id='word_1_282' title='bbox 798 2314 999 2371; x_wconf 87' lang='lat' dir='ltr'><strong>nostris</strong></span> <span class='ocrx_word' id='word_1_283' title='bbox 1047 2314 1380 2384; x_wconf 84' lang='lat' dir='ltr'><strong>temporibus</strong></span> <span class='ocrx_word' id='word_1_284' title='bbox 1430 2327 1555 2369; x_wconf 90' lang='lat' dir='ltr'><strong>cum</strong></span> <span class='ocrx_word' id='word_1_285' title='bbox 1588 2311 1747 2368; x_wconf 80' lang='lat' dir='ltr'><strong>Viseo</strong></span> <span class='ocrx_word' id='word_1_286' title='bbox 1801 2311 1998 2367; x_wconf 84' lang='lat' dir='ltr'><strong>civitas</strong></span> <span class='ocrx_word' id='word_1_287' title='bbox 2032 2319 2091 2366; x_wconf 91' lang='lat' dir='ltr'><strong>et</strong></span> 
     </span>
    </p>
   </div>
   <div class='ocr_carea' id='block_1_40' title="bbox 524 2397 2091 2469">
    <p class='ocr_par' dir='ltr' id='par_1_40' title="bbox 524 2397 2091 2469">
     <span class='ocr_line' id='line_1_41' title="bbox 524 2397 2091 2469; baseline -0.004 -11"><span class='ocrx_word' id='word_1_288' title='bbox 524 2401 831 2458; x_wconf 83' lang='lat' dir='ltr'><strong>suburbana</strong></span> <span class='ocrx_word' id='word_1_289' title='bbox 879 2398 997 2469; x_wconf 77' lang='lat' dir='ltr'><strong>eius</strong></span> <span class='ocrx_word' id='word_1_290' title='bbox 1021 2414 1049 2454; x_wconf 83' lang='lat' dir='ltr'><strong>a</strong></span> <span class='ocrx_word' id='word_1_291' title='bbox 1080 2399 1235 2455; x_wconf 87' lang='lat' dir='ltr'><strong>nobis</strong></span> <span class='ocrx_word' id='word_1_292' title='bbox 1283 2397 1531 2469; x_wconf 88' lang='lat' dir='ltr'><strong>populata</strong></span> <span class='ocrx_word' id='word_1_293' title='bbox 1582 2407 1605 2435; x_wconf 70' lang='grc' dir='ltr'><strong>σε</strong></span> <span class='ocrx_word' id='word_1_294' title='bbox 1637 2406 1838 2461; x_wconf 87' lang='lat' dir='ltr'><strong>essent,</strong></span> <span class='ocrx_word' id='word_1_295' title='bbox 1873 2397 1926 2451; x_wconf 90' lang='lat' dir='ltr'><strong>in</strong></span> <span class='ocrx_word' id='word_1_296' title='bbox 1954 2413 2091 2466; x_wconf 83' lang='lat' dir='ltr'><strong>qua-</strong></span> 
     </span>
    </p>
   </div>
   <div class='ocr_carea' id='block_1_41' title="bbox 468 2488 2090 2553">
    <p class='ocr_par' dir='ltr' id='par_1_41' title="bbox 468 2488 2090 2553">
     <span class='ocr_line' id='line_1_42' title="bbox 468 2488 2090 2553; baseline -0.003 -6"><span class='ocrx_word' id='word_1_297' title='bbox 468 2513 481 2523; x_wconf 73' lang='grc' dir='ltr'><strong><em>ο</em></strong></span> <span class='ocrx_word' id='word_1_298' title='bbox 520 2494 644 2547; x_wconf 88' lang='lat' dir='ltr'><strong>dam</strong></span> <span class='ocrx_word' id='word_1_299' title='bbox 672 2490 894 2546; x_wconf 87' lang='lat' dir='ltr'><strong>basilica</strong></span> <span class='ocrx_word' id='word_1_300' title='bbox 923 2499 1326 2546; x_wconf 87' lang='lat' dir='ltr'><strong>monumentum</strong></span> <span class='ocrx_word' id='word_1_301' title='bbox 1365 2498 1447 2546; x_wconf 87' lang='lat' dir='ltr'><strong>est</strong></span> <span class='ocrx_word' id='word_1_302' title='bbox 1478 2490 1777 2553; x_wconf 89' lang='lat' dir='ltr'><strong>inventum,</strong></span> <span class='ocrx_word' id='word_1_303' title='bbox 1808 2488 1896 2544; x_wconf 89' lang='lat' dir='ltr'><strong>ubi</strong></span> <span class='ocrx_word' id='word_1_304' title='bbox 1927 2488 2090 2543; x_wconf 85' lang='lat' dir='ltr'><strong>desu-</strong></span> 
     </span>
    </p>
   </div>
   <div class='ocr_carea' id='block_1_42' title="bbox 522 2575 2090 2653">
    <p class='ocr_par' dir='ltr' id='par_1_42' title="bbox 522 2575 2090 2653">
     <span class='ocr_line' id='line_1_43' title="bbox 522 2575 2090 2653; baseline -0.003 -17"><span class='ocrx_word' id='word_1_305' title='bbox 522 2596 623 2653; x_wconf 88' lang='lat' dir='ltr'><strong>per</strong></span> <span class='ocrx_word' id='word_1_306' title='bbox 666 2578 998 2650; x_wconf 84' lang='lat' dir='ltr'><strong>epitaphium</strong></span> <span class='ocrx_word' id='word_1_307' title='bbox 1042 2579 1309 2650; x_wconf 89' lang='lat' dir='ltr'><strong>sculptum</strong></span> <span class='ocrx_word' id='word_1_308' title='bbox 1343 2578 1422 2636; x_wconf 88' lang='lat' dir='ltr'><strong>sic</strong></span> <span class='ocrx_word' id='word_1_309' title='bbox 1455 2578 1587 2636; x_wconf 88' lang='lat' dir='ltr'><strong>dicit</strong></span> <span class='ocrx_word' id='word_1_310' title='bbox 1620 2575 1790 2634; x_wconf 63' lang='lat' dir='ltr'><strong>:‘Hic</strong></span> <span class='ocrx_word' id='word_1_311' title='bbox 1823 2579 2090 2650; x_wconf 68' lang='lat' dir='ltr'><strong>requiescit</strong></span> 
     </span>
    </p>
   </div>
   <div class='ocr_carea' id='block_1_43' title="bbox 529 2666 1326 2726">
    <p class='ocr_par' dir='ltr' id='par_1_43' title="bbox 529 2666 1326 2726">
     <span class='ocr_line' id='line_1_44' title="bbox 529 2666 1326 2726; baseline -0.001 -1"><span class='ocrx_word' id='word_1_312' title='bbox 529 2669 824 2726; x_wconf 80' lang='lat' dir='ltr'><strong>Iludericus</strong></span> <span class='ocrx_word' id='word_1_313' title='bbox 847 2667 873 2709; x_wconf 74' lang='grc' dir='ltr'><em>δ</em></span> <span class='ocrx_word' id='word_1_314' title='bbox 901 2685 991 2725; x_wconf 75' lang='lat' dir='ltr'><strong>rea:</strong></span> <span class='ocrx_word' id='word_1_315' title='bbox 1017 2666 1326 2724; x_wconf 81' lang='lat' dir='ltr'><strong>Gothorum.</strong></span> 
     </span>
    </p>
   </div>
   <div class='ocr_carea' id='block_1_44' title="bbox 1129 2778 1490 2835">
    <p class='ocr_par' dir='ltr' id='par_1_44' title="bbox 1129 2778 1490 2835">
     <span class='ocr_line' id='line_1_45' title="bbox 1129 2778 1490 2835; baseline -0.003 -1"><span class='ocrx_word' id='word_1_316' title='bbox 1129 2778 1490 2835; x_wconf 78' lang='lat' dir='ltr'><strong>PELAGIUS.</strong></span> 
     </span>
    </p>
   </div>
   <div class='ocr_carea' id='block_1_45' title="bbox 590 2870 2095 2941">
    <p class='ocr_par' dir='ltr' id='par_1_45' title="bbox 590 2870 2095 2941">
     <span class='ocr_line' id='line_1_46' title="bbox 590 2870 2095 2941; baseline -0.002 -14"><span class='ocrx_word' id='word_1_317' title='bbox 590 2872 645 2927; x_wconf 86' lang='lat'><strong>8.</strong></span> <span class='ocrx_word' id='word_1_318' title='bbox 683 2870 890 2926; x_wconf 77' lang='lat' dir='ltr'><strong>Arabes</strong></span> <span class='ocrx_word' id='word_1_319' title='bbox 909 2870 1296 2940; x_wconf 85' lang='lat' dir='ltr'><strong>autem,patria</strong></span> <span class='ocrx_word' id='word_1_320' title='bbox 1317 2870 1476 2926; x_wconf 90' lang='lat' dir='ltr'><strong>simul</strong></span> <span class='ocrx_word' id='word_1_321' title='bbox 1493 2885 1613 2926; x_wconf 90' lang='lat' dir='ltr'><strong>cum</strong></span> <span class='ocrx_word' id='word_1_322' title='bbox 1637 2884 1803 2941; x_wconf 89' lang='lat' dir='ltr'><strong>regno</strong></span> <span class='ocrx_word' id='word_1_323' title='bbox 1815 2886 2095 2940; x_wconf 84' lang='lat' dir='ltr'><strong>oppresso,</strong></span> 
     </span>
    </p>
   </div>
   <div class='ocr_carea' id='block_1_46' title="bbox 526 2961 2099 3038">
    <p class='ocr_par' dir='ltr' id='par_1_46' title="bbox 526 2961 2099 3038">
     <span class='ocr_line' id='line_1_47' title="bbox 526 2961 2099 3038; baseline 0.002 -20"><span class='ocrx_word' id='word_1_324' title='bbox 526 2964 770 3036; x_wconf 90' lang='lat' dir='ltr'><strong>pluribus</strong></span> <span class='ocrx_word' id='word_1_325' title='bbox 796 2979 893 3035; x_wconf 90' lang='lat' dir='ltr'><strong>per</strong></span> <span class='ocrx_word' id='word_1_326' title='bbox 920 2964 1075 3020; x_wconf 78' lang='lat' dir='ltr'><strong>annis</strong></span> <span class='ocrx_word' id='word_1_327' title='bbox 1115 2961 1370 3035; x_wconf 54' lang='lat' dir='ltr'><strong>praesides</strong></span> <span class='ocrx_word' id='word_1_328' title='bbox 1399 2964 1726 3037; x_wconf 83' lang='lat' dir='ltr'><strong>Babylonico</strong></span> <span class='ocrx_word' id='word_1_329' title='bbox 1758 2968 1866 3038; x_wconf 64' lang='lat' dir='ltr'><strong>regi</strong></span> <span class='ocrx_word' id='word_1_330' title='bbox 1898 2967 2099 3021; x_wconf 85' lang='lat' dir='ltr'><strong>tributa</strong></span> 
     </span>
    </p>
   </div>
   <div class='ocr_carea' id='block_1_47' title="bbox 524 3056 2098 3129">
    <p class='ocr_par' dir='ltr' id='par_1_47' title="bbox 524 3056 2098 3129">
     <span class='ocr_line' id='line_1_48' title="bbox 524 3056 2098 3129; baseline 0.005 -22"><span class='ocrx_word' id='word_1_331' title='bbox 524 3057 918 3126; x_wconf 76' lang='lat' dir='ltr'><strong>persolverunt,</strong></span> <span class='ocrx_word' id='word_1_332' title='bbox 944 3071 1224 3127; x_wconf 89' lang='lat' dir='ltr'><strong>quousque</strong></span> <span class='ocrx_word' id='word_1_333' title='bbox 1249 3056 1348 3112; x_wconf 89' lang='lat' dir='ltr'><strong>sibi</strong></span> <span class='ocrx_word' id='word_1_334' title='bbox 1373 3071 1550 3127; x_wconf 80' lang='lat' dir='ltr'><strong>regem</strong></span> <span class='ocrx_word' id='word_1_335' title='bbox 1572 3058 1867 3129; x_wconf 88' lang='lat' dir='ltr'><strong>elegerunt,</strong></span> <span class='ocrx_word' id='word_1_336' title='bbox 1891 3069 1945 3115; x_wconf 88' lang='lat' dir='ltr'><strong>et</strong></span> <span class='ocrx_word' id='word_1_337' title='bbox 1963 3059 2098 3115; x_wconf 88' lang='lat' dir='ltr'><strong>Cor-</strong></span> 
     </span>
    </p>
   </div>
   <div class='ocr_carea' id='block_1_48' title="bbox 527 3145 2095 3215">
    <p class='ocr_par' dir='ltr' id='par_1_48' title="bbox 527 3145 2095 3215">
     <span class='ocr_line' id='line_1_49' title="bbox 527 3145 2095 3215; baseline 0.003 -16"><span class='ocrx_word' id='word_1_338' title='bbox 527 3145 723 3199; x_wconf 85' lang='lat' dir='ltr'><strong>dubam</strong></span> <span class='ocrx_word' id='word_1_339' title='bbox 753 3145 938 3198; x_wconf 88' lang='lat' dir='ltr'><strong>urbem</strong></span> <span class='ocrx_word' id='word_1_340' title='bbox 977 3146 1260 3214; x_wconf 83' lang='lat' dir='ltr'><strong>patriciam</strong></span> <span class='ocrx_word' id='word_1_341' title='bbox 1306 3161 1531 3215; x_wconf 79' lang='lat' dir='ltr'><strong>regnum</strong></span> <span class='ocrx_word' id='word_1_342' title='bbox 1577 3147 1678 3204; x_wconf 88' lang='lat' dir='ltr'><strong>sibi</strong></span> <span class='ocrx_word' id='word_1_343' title='bbox 1726 3150 2095 3204; x_wconf 88' lang='lat' dir='ltr'><strong>ﬁrmaverunt.</strong></span> 
     </span>
    </p>
   </div>
   <div class='ocr_carea' id='block_1_49' title="bbox 526 3233 2173 3331">
    <p class='ocr_par' dir='ltr' id='par_1_49' title="bbox 526 3233 2173 3331">
     <span class='ocr_line' id='line_1_50' title="bbox 526 3233 2173 3331; baseline 0.004 -42"><span class='ocrx_word' id='word_1_344' title='bbox 526 3233 689 3331; x_wconf 45' lang='lat' dir='ltr'><strong>{Rothi</strong></span> <span class='ocrx_word' id='word_1_345' title='bbox 721 3248 847 3331; x_wconf 80' lang='lat' dir='ltr'><strong>vero</strong></span> <span class='ocrx_word' id='word_1_346' title='bbox 892 3236 1087 3303; x_wconf 87' lang='lat' dir='ltr'><strong>partim</strong></span> <span class='ocrx_word' id='word_1_347' title='bbox 1134 3235 1342 3306; x_wconf 86' lang='lat' dir='ltr'><strong>gladio,</strong></span> <span class='ocrx_word' id='word_1_348' title='bbox 1372 3239 1571 3308; x_wconf 85' lang='lat' dir='ltr'><strong>partim</strong></span> <span class='ocrx_word' id='word_1_349' title='bbox 1619 3238 1762 3306; x_wconf 83' lang='lat' dir='ltr'><strong>fame</strong></span> <span class='ocrx_word' id='word_1_350' title='bbox 1798 3241 2094 3311; x_wconf 89' lang='lat' dir='ltr'><strong>perierunt.</strong></span> <span class='ocrx_word' id='word_1_351' title='bbox 2127 3266 2173 3331; x_wconf 63' lang='grc' dir='ltr'><strong><em>ε</em></strong></span> 
     </span>
    </p>
   </div>
   <div class='ocr_carea' id='block_1_50' title="bbox 530 3322 2100 3403">
    <p class='ocr_par' dir='ltr' id='par_1_50' title="bbox 530 3322 2100 3403">
     <span class='ocr_line' id='line_1_51' title="bbox 530 3322 2100 3403; baseline 0.008 -25"><span class='ocrx_word' id='word_1_352' title='bbox 530 3322 635 3378; x_wconf 82' lang='lat' dir='ltr'><strong>Sed</strong></span> <span class='ocrx_word' id='word_1_353' title='bbox 677 3324 768 3395; x_wconf 81' lang='lat' dir='ltr'><strong>qui</strong></span> <span class='ocrx_word' id='word_1_354' title='bbox 799 3338 861 3379; x_wconf 79' lang='lat' dir='ltr'><strong>ex</strong></span> <span class='ocrx_word' id='word_1_355' title='bbox 890 3326 1098 3381; x_wconf 89' lang='lat' dir='ltr'><strong>semine</strong></span> <span class='ocrx_word' id='word_1_356' title='bbox 1138 3329 1288 3397; x_wconf 84' lang='lat' dir='ltr'><strong>regio</strong></span> <span class='ocrx_word' id='word_1_357' title='bbox 1332 3341 1741 3396; x_wconf 83' lang='lat' dir='ltr'><strong>remanserunt,</strong></span> <span class='ocrx_word' id='word_1_358' title='bbox 1780 3332 1997 3403; x_wconf 89' lang='lat' dir='ltr'><strong>quidam</strong></span> <span class='ocrx_word' id='word_1_359' title='bbox 2033 3349 2100 3389; x_wconf 82' lang='lat' dir='ltr'><strong>ex</strong></span> 
     </span>
    </p>
   </div>
   <div class='ocr_carea' id='block_1_51' title="bbox 528 3417 2104 3494">
    <p class='ocr_par' dir='ltr' id='par_1_51' title="bbox 528 3417 2104 3494">
     <span class='ocr_line' id='line_1_52' title="bbox 528 3417 2104 3494; baseline 0.007 -22"><span class='ocrx_word' id='word_1_360' title='bbox 528 3417 636 3473; x_wconf 85' lang='lat' dir='ltr'><strong>illis</strong></span> <span class='ocrx_word' id='word_1_361' title='bbox 672 3417 955 3473; x_wconf 81' lang='lat' dir='ltr'><strong>Franciam</strong></span> <span class='ocrx_word' id='word_1_362' title='bbox 983 3420 1252 3489; x_wconf 87' lang='lat' dir='ltr'><strong>petierunt</strong></span> <span class='ocrx_word' id='word_1_363' title='bbox 1278 3435 1293 3475; x_wconf 93' lang='lat'><strong>:</strong></span> <span class='ocrx_word' id='word_1_364' title='bbox 1319 3423 1550 3478; x_wconf 86' lang='lat' dir='ltr'><strong>maxima</strong></span> <span class='ocrx_word' id='word_1_365' title='bbox 1580 3438 1708 3478; x_wconf 88' lang='lat' dir='ltr'><strong>vero</strong></span> <span class='ocrx_word' id='word_1_366' title='bbox 1736 3440 1862 3494; x_wconf 88' lang='lat' dir='ltr'><strong>pars</strong></span> <span class='ocrx_word' id='word_1_367' title='bbox 1889 3427 1940 3480; x_wconf 90' lang='lat' dir='ltr'><strong>in</strong></span> <span class='ocrx_word' id='word_1_368' title='bbox 1964 3427 2104 3483; x_wconf 89' lang='lat' dir='ltr'><strong>hanc</strong></span> 
     </span>
    </p>
   </div>
   <div class='ocr_carea' id='block_1_52' title="bbox 528 3506 2106 3584">
    <p class='ocr_par' dir='ltr' id='par_1_52' title="bbox 528 3506 2106 3584">
     <span class='ocr_line' id='line_1_53' title="bbox 528 3506 2106 3584; baseline 0.007 -25"><span class='ocrx_word' id='word_1_369' title='bbox 528 3506 757 3577; x_wconf 88' lang='lat' dir='ltr'><strong>patriam</strong></span> <span class='ocrx_word' id='word_1_370' title='bbox 792 3508 1186 3564; x_wconf 81' lang='lat' dir='ltr'><strong>Asturiensium</strong></span> <span class='ocrx_word' id='word_1_371' title='bbox 1217 3525 1239 3548; x_wconf 80' lang='grc' dir='ltr'><strong><em>ο</em></strong></span> <span class='ocrx_word' id='word_1_372' title='bbox 1284 3510 1660 3577; x_wconf 84' lang='lat' dir='ltr'><strong>intraverunt,</strong></span> <span class='ocrx_word' id='word_1_373' title='bbox 1702 3514 1913 3584; x_wconf 87' lang='lat' dir='ltr'><strong>sibique</strong></span> <span class='ocrx_word' id='word_1_374' title='bbox 1953 3514 2106 3570; x_wconf 88' lang='lat' dir='ltr'><strong>Pela-</strong></span> 
     </span>
    </p>
   </div>
   <div class='ocr_carea' id='block_1_53' title="bbox 532 3597 2109 3670">
    <p class='ocr_par' dir='ltr' id='par_1_53' title="bbox 532 3597 2109 3670">
     <span class='ocr_line' id='line_1_54' title="bbox 532 3597 2109 3670; baseline 0.006 -19"><span class='ocrx_word' id='word_1_375' title='bbox 532 3598 676 3669; x_wconf 90' lang='lat' dir='ltr'><strong>gium</strong></span> <span class='ocrx_word' id='word_1_376' title='bbox 712 3597 757 3664; x_wconf 69' lang='grc' dir='ltr'><strong>τ,</strong></span> <span class='ocrx_word' id='word_1_377' title='bbox 806 3598 973 3654; x_wconf 89' lang='lat' dir='ltr'><strong>ﬁlium</strong></span> <span class='ocrx_word' id='word_1_378' title='bbox 1015 3600 1282 3670; x_wconf 87' lang='lat' dir='ltr'><strong>quondam</strong></span> <span class='ocrx_word' id='word_1_379' title='bbox 1329 3599 1553 3657; x_wconf 85' lang='lat' dir='ltr'><strong>Faﬁlani</strong></span> <span class='ocrx_word' id='word_1_380' title='bbox 1604 3602 1758 3656; x_wconf 86' lang='lat' dir='ltr'><strong>ducis</strong></span> <span class='ocrx_word' id='word_1_381' title='bbox 1787 3620 1851 3659; x_wconf 80' lang='lat' dir='ltr'><strong>ex</strong></span> <span class='ocrx_word' id='word_1_382' title='bbox 1900 3605 2109 3660; x_wconf 87' lang='lat' dir='ltr'><strong>semine</strong></span> 
     </span>
    </p>
   </div>
   <div class='ocr_carea' id='block_1_54' title="bbox 531 3693 2105 3766">
    <p class='ocr_par' dir='ltr' id='par_1_54' title="bbox 531 3693 2105 3766">
     <span class='ocr_line' id='line_1_55' title="bbox 531 3693 2105 3766; baseline 0.003 -20"><span class='ocrx_word' id='word_1_383' title='bbox 531 3693 716 3763; x_wconf 87' lang='lat' dir='ltr'><strong>regio,</strong></span> <span class='ocrx_word' id='word_1_384' title='bbox 761 3695 1056 3765; x_wconf 90' lang='lat' dir='ltr'><strong>principem</strong></span> <span class='ocrx_word' id='word_1_385' title='bbox 1109 3695 1406 3766; x_wconf 88' lang='lat' dir='ltr'><strong>elegerunt.</strong></span> <span class='ocrx_word' id='word_1_386' title='bbox 1463 3694 1597 3749; x_wconf 89' lang='lat' dir='ltr'><strong>Dum</strong></span> <span class='ocrx_word' id='word_1_387' title='bbox 1651 3710 1782 3751; x_wconf 86' lang='lat' dir='ltr'><strong>vero</strong></span> <span class='ocrx_word' id='word_1_388' title='bbox 1846 3695 2105 3751; x_wconf 88' lang='lat' dir='ltr'><strong>Saraceni</strong></span> 
     </span>
    </p>
   </div>
   <div class='ocr_carea' id='block_1_55' title="bbox 532 3781 2109 3855">
    <p class='ocr_par' dir='ltr' id='par_1_55' title="bbox 532 3781 2109 3855">
     <span class='ocr_line' id='line_1_56' title="bbox 532 3781 2109 3855; baseline 0.002 -19"><span class='ocrx_word' id='word_1_389' title='bbox 532 3781 733 3837; x_wconf 90' lang='lat' dir='ltr'><strong>factum</strong></span> <span class='ocrx_word' id='word_1_390' title='bbox 760 3792 1146 3855; x_wconf 86' lang='lat' dir='ltr'><strong>cognoverunt,</strong></span> <span class='ocrx_word' id='word_1_391' title='bbox 1185 3784 1368 3839; x_wconf 89' lang='lat' dir='ltr'><strong>statim</strong></span> <span class='ocrx_word' id='word_1_392' title='bbox 1411 3784 1458 3839; x_wconf 89' lang='lat' dir='ltr'><strong>ei</strong></span> <span class='ocrx_word' id='word_1_393' title='bbox 1488 3798 1585 3854; x_wconf 90' lang='lat' dir='ltr'><strong>per</strong></span> <span class='ocrx_word' id='word_1_394' title='bbox 1628 3784 1979 3839; x_wconf 85' lang='lat' dir='ltr'><strong>Alkamanem</strong></span> <span class='ocrx_word' id='word_1_395' title='bbox 2012 3784 2109 3840; x_wconf 90' lang='lat' dir='ltr'><strong>du-</strong></span> 
     </span>
    </p>
   </div>
   <div class='ocr_carea' id='block_1_56' title="bbox 533 3873 2109 3945">
    <p class='ocr_par' dir='ltr' id='par_1_56' title="bbox 533 3873 2109 3945">
     <span class='ocr_line' id='line_1_57' title="bbox 533 3873 2109 3945; baseline 0.003 -18"><span class='ocrx_word' id='word_1_396' title='bbox 533 3887 674 3938; x_wconf 87' lang='lat' dir='ltr'><strong>cem,</strong></span> <span class='ocrx_word' id='word_1_397' title='bbox 697 3874 787 3943; x_wconf 90' lang='lat' dir='ltr'><strong>qui</strong></span> <span class='ocrx_word' id='word_1_398' title='bbox 808 3881 861 3931; x_wconf 84' lang='lat' dir='ltr'><strong>et</strong></span> <span class='ocrx_word' id='word_1_399' title='bbox 886 3874 997 3943; x_wconf 89' lang='lat' dir='ltr'><strong>ipse</strong></span> <span class='ocrx_word' id='word_1_400' title='bbox 1016 3889 1136 3929; x_wconf 91' lang='lat' dir='ltr'><strong>cum</strong></span> <span class='ocrx_word' id='word_1_401' title='bbox 1162 3874 1369 3929; x_wconf 89' lang='lat' dir='ltr'><strong>Tarccb</strong></span> <span class='ocrx_word' id='word_1_402' title='bbox 1400 3874 1449 3928; x_wconf 93' lang='lat' dir='ltr'><strong>in</strong></span> <span class='ocrx_word' id='word_1_403' title='bbox 1476 3873 1726 3945; x_wconf 83' lang='lat' dir='ltr'><strong>Hispania</strong></span> <span class='ocrx_word' id='word_1_404' title='bbox 1756 3875 2109 3945; x_wconf 89' lang='lat' dir='ltr'><strong>irruptioncm</strong></span> 
     </span>
    </p>
   </div>
   <div class='ocr_carea' id='block_1_57' title="bbox 534 3960 2112 4037">
    <p class='ocr_par' dir='ltr' id='par_1_57' title="bbox 534 3960 2112 4037">
     <span class='ocr_line' id='line_1_58' title="bbox 534 3960 2112 4037; baseline 0.001 -18"><span class='ocrx_word' id='word_1_405' title='bbox 534 3960 771 4030; x_wconf 76' lang='lat' dir='ltr'><strong>fecerat,</strong></span> <span class='ocrx_word' id='word_1_406' title='bbox 799 3972 852 4019; x_wconf 90' lang='lat' dir='ltr'><strong>ct</strong></span> <span class='ocrx_word' id='word_1_407' title='bbox 882 3962 1157 4034; x_wconf 83' lang='lat' dir='ltr'><strong>Oppanem</strong></span> <span class='ocrx_word' id='word_1_408' title='bbox 1188 3963 1518 4034; x_wconf 85' lang='lat' dir='ltr'><strong>Hispalensis</strong></span> <span class='ocrx_word' id='word_1_409' title='bbox 1558 3966 1703 4022; x_wconf 87' lang='lat' dir='ltr'><strong>sedis</strong></span> <span class='ocrx_word' id='word_1_410' title='bbox 1743 3966 2112 4037; x_wconf 87' lang='lat' dir='ltr'><strong>metropolita-</strong></span> 
     </span>
    </p>
   </div>
   <div class='ocr_carea' id='block_1_58' title="bbox 536 4052 2114 4127">
    <p class='ocr_par' dir='ltr' id='par_1_58' title="bbox 536 4052 2114 4127">
     <span class='ocr_line' id='line_1_59' title="bbox 536 4052 2114 4127; baseline 0.001 -17"><span class='ocrx_word' id='word_1_411' title='bbox 536 4069 665 4110; x_wconf 82' lang='lat' dir='ltr'><strong>num</strong></span> <span class='ocrx_word' id='word_1_412' title='bbox 708 4054 1039 4125; x_wconf 90' lang='lat' dir='ltr'><strong>episcopum,</strong></span> <span class='ocrx_word' id='word_1_413' title='bbox 1088 4053 1254 4108; x_wconf 91' lang='lat' dir='ltr'><strong>ﬁlium</strong></span> <span class='ocrx_word' id='word_1_414' title='bbox 1308 4052 1566 4127; x_wconf 85' lang='lat' dir='ltr'><strong>Witizani</strong></span> <span class='ocrx_word' id='word_1_415' title='bbox 1621 4055 1764 4126; x_wconf 85' lang='lat' dir='ltr'><strong>regis</strong></span> <span class='ocrx_word' id='word_1_416' title='bbox 1791 4096 1805 4122; x_wconf 92' lang='lat'><strong>,</strong></span> <span class='ocrx_word' id='word_1_417' title='bbox 1844 4056 1915 4110; x_wconf 88' lang='lat' dir='ltr'><strong>ob</strong></span> <span class='ocrx_word' id='word_1_418' title='bbox 1959 4054 2114 4125; x_wconf 82' lang='lat' dir='ltr'><strong>cuius</strong></span> 
     </span>
    </p>
   </div>
   <div class='ocr_carea' id='block_1_59' title="bbox 539 4145 2114 4216">
    <p class='ocr_par' dir='ltr' id='par_1_59' title="bbox 539 4145 2114 4216">
     <span class='ocr_line' id='line_1_60' title="bbox 539 4145 2114 4216; baseline 0.004 -17"><span class='ocrx_word' id='word_1_419' title='bbox 539 4145 780 4201; x_wconf 87' lang='lat' dir='ltr'><strong>fraudem</strong></span> <span class='ocrx_word' id='word_1_420' title='bbox 818 4146 977 4202; x_wconf 88' lang='lat' dir='ltr'><strong>Gothi</strong></span> <span class='ocrx_word' id='word_1_421' title='bbox 1015 4146 1321 4216; x_wconf 88' lang='lat' dir='ltr'><strong>perierunt,</strong></span> <span class='ocrx_word' id='word_1_422' title='bbox 1351 4146 1605 4204; x_wconf 79' lang='lat' dir='ltr'><strong>Asturias</strong></span> <span class='ocrx_word' id='word_1_423' title='bbox 1635 4163 1756 4205; x_wconf 91' lang='lat' dir='ltr'><strong>cum</strong></span> <span class='ocrx_word' id='word_1_424' title='bbox 1801 4149 2114 4205; x_wconf 90' lang='lat' dir='ltr'><strong>innumera-</strong></span> 
     </span>
    </p>
   </div>
   <div class='ocr_carea' id='block_1_60' title="bbox 536 4235 1205 4292">
    <p class='ocr_par' dir='ltr' id='par_1_60' title="bbox 536 4235 1205 4292">
     <span class='ocr_line' id='line_1_61' title="bbox 536 4235 1205 4292; baseline -0.001 -1"><span class='ocrx_word' id='word_1_425' title='bbox 536 4235 628 4291; x_wconf 92' lang='lat' dir='ltr'><strong>bili</strong></span> <span class='ocrx_word' id='word_1_426' title='bbox 657 4237 894 4291; x_wconf 80' lang='lat' dir='ltr'><strong>exercitu</strong></span> <span class='ocrx_word' id='word_1_427' title='bbox 924 4236 1205 4292; x_wconf 90' lang='lat' dir='ltr'><strong>miserunt.</strong></span> 
     </span>
    </p>
   </div>
   <div class='ocr_carea' id='block_1_61' title="bbox 611 4327 2113 4401">
    <p class='ocr_par' dir='ltr' id='par_1_61' title="bbox 611 4327 2113 4401">
     <span class='ocr_line' id='line_1_62' title="bbox 611 4327 2113 4401; baseline 0.001 -19"><span class='ocrx_word' id='word_1_428' title='bbox 611 4327 664 4383; x_wconf 87' lang='lat'><strong>9.</strong></span> <span class='ocrx_word' id='word_1_429' title='bbox 704 4327 944 4397; x_wconf 86' lang='lat' dir='ltr'><strong>Cumque</strong></span> <span class='ocrx_word' id='word_1_430' title='bbox 973 4327 1220 4401; x_wconf 80' lang='lat' dir='ltr'><strong>Pelagius</strong></span> <span class='ocrx_word' id='word_1_431' title='bbox 1268 4328 1566 4400; x_wconf 89' lang='lat' dir='ltr'><strong>ingressum</strong></span> <span class='ocrx_word' id='word_1_432' title='bbox 1613 4343 1799 4384; x_wconf 90' lang='lat' dir='ltr'><strong>eorum</strong></span> <span class='ocrx_word' id='word_1_433' title='bbox 1827 4329 2113 4399; x_wconf 88' lang='lat' dir='ltr'><strong>cognovit,</strong></span> 
     </span>
    </p>
   </div>
   <div class='ocr_carea' id='block_1_62' title="bbox 545 4416 2117 4488">
    <p class='ocr_par' dir='ltr' id='par_1_62' title="bbox 545 4416 2117 4488">
     <span class='ocr_line' id='line_1_63' title="bbox 545 4416 2117 4488; baseline 0 -18"><span class='ocrx_word' id='word_1_434' title='bbox 545 4416 599 4470; x_wconf 87' lang='lat' dir='ltr'><strong>in</strong></span> <span class='ocrx_word' id='word_1_435' title='bbox 632 4425 809 4471; x_wconf 87' lang='lat' dir='ltr'><strong>monte</strong></span> <span class='ocrx_word' id='word_1_436' title='bbox 842 4418 1049 4472; x_wconf 81' lang='lat' dir='ltr'><strong>Anseva</strong></span> <span class='ocrx_word' id='word_1_437' title='bbox 1080 4432 1140 4473; x_wconf 89' lang='lat' dir='ltr'><strong>se</strong></span> <span class='ocrx_word' id='word_1_438' title='bbox 1163 4417 1392 4472; x_wconf 84' lang='lat' dir='ltr'><strong>contulit</strong></span> <span class='ocrx_word' id='word_1_439' title='bbox 1434 4417 1487 4471; x_wconf 92' lang='lat' dir='ltr'><strong>in</strong></span> <span class='ocrx_word' id='word_1_440' title='bbox 1510 4426 1685 4482; x_wconf 87' lang='lat' dir='ltr'><strong>antro,</strong></span> <span class='ocrx_word' id='word_1_441' title='bbox 1726 4419 1866 4488; x_wconf 91' lang='lat' dir='ltr'><strong>quod</strong></span> <span class='ocrx_word' id='word_1_442' title='bbox 1897 4427 2117 4473; x_wconf 87' lang='lat' dir='ltr'><strong>vocatur</strong></span> 
     </span>
    </p>
   </div>
   <div class='ocr_carea' id='block_1_63' title="bbox 542 4503 2114 4576">
    <p class='ocr_par' dir='ltr' id='par_1_63' title="bbox 542 4503 2114 4576">
     <span class='ocr_line' id='line_1_64' title="bbox 542 4503 2114 4576; baseline 0 -16"><span class='ocrx_word' id='word_1_443' title='bbox 542 4503 685 4560; x_wconf 72' lang='lat' dir='ltr'><strong>Cora</strong></span> <span class='ocrx_word' id='word_1_444' title='bbox 744 4504 960 4560; x_wconf 59' lang='lat' dir='ltr'><strong>Sancta</strong></span> <span class='ocrx_word' id='word_1_445' title='bbox 1001 4505 1219 4573; x_wconf 63' lang='lat' dir='ltr'><strong>Mariae;</strong></span> <span class='ocrx_word' id='word_1_446' title='bbox 1270 4507 1564 4576; x_wconf 88' lang='lat' dir='ltr'><strong>statimque</strong></span> <span class='ocrx_word' id='word_1_447' title='bbox 1619 4522 1740 4562; x_wconf 90' lang='lat' dir='ltr'><strong>eum</strong></span> <span class='ocrx_word' id='word_1_448' title='bbox 1774 4507 2047 4563; x_wconf 85' lang='lat' dir='ltr'><strong>exercitus</strong></span> <span class='ocrx_word' id='word_1_449' title='bbox 2089 4509 2114 4546; x_wconf 74' lang='grc'>⁸</span> 
     </span>
    </p>
   </div>
   <div class='ocr_carea' id='block_1_64' title="bbox 2186 1954 3774 2038">
    <p class='ocr_par' dir='ltr' id='par_1_64' title="bbox 2186 1954 3774 2038">
     <span class='ocr_line' id='line_1_65' title="bbox 2186 1954 3774 2038; baseline -0.014 -12"><span class='ocrx_word' id='word_1_450' title='bbox 2186 1967 2488 2026; x_wconf 87' lang='lat' dir='ltr'><strong>severitatis</strong></span> <span class='ocrx_word' id='word_1_451' title='bbox 2531 1981 2627 2038; x_wconf 88' lang='lat' dir='ltr'><strong>per</strong></span> <span class='ocrx_word' id='word_1_452' title='bbox 2665 1964 2913 2035; x_wconf 88' lang='lat' dir='ltr'><strong>meritum</strong></span> <span class='ocrx_word' id='word_1_453' title='bbox 2956 1962 3275 2033; x_wconf 84' lang='lat' dir='ltr'><strong>excipimus,</strong></span> <span class='ocrx_word' id='word_1_454' title='bbox 3305 1958 3432 2028; x_wconf 84' lang='lat' dir='ltr'><strong>ejus</strong></span> <span class='ocrx_word' id='word_1_455' title='bbox 3466 1954 3774 2011; x_wconf 79' lang='lat' dir='ltr'><strong>misericor-</strong></span> 
     </span>
    </p>
   </div>
   <div class='ocr_carea' id='block_1_65' title="bbox 2186 2043 3771 2128">
    <p class='ocr_par' dir='ltr' id='par_1_65' title="bbox 2186 2043 3771 2128">
     <span class='ocr_line' id='line_1_66' title="bbox 2186 2043 3771 2128; baseline -0.013 -11"><span class='ocrx_word' id='word_1_456' title='bbox 2186 2061 2330 2117; x_wconf 89' lang='lat' dir='ltr'><strong>diam</strong></span> <span class='ocrx_word' id='word_1_457' title='bbox 2362 2059 2417 2115; x_wconf 88' lang='lat' dir='ltr'><strong>in</strong></span> <span class='ocrx_word' id='word_1_458' title='bbox 2444 2057 2854 2128; x_wconf 88' lang='lat' dir='ltr'><strong>recuperatione</strong></span> <span class='ocrx_word' id='word_1_459' title='bbox 2884 2053 3136 2112; x_wconf 73' lang='lat' dir='ltr'><strong>Ecclesia:</strong></span> <span class='ocrx_word' id='word_1_460' title='bbox 3174 2067 3269 2109; x_wconf 90' lang='lat' dir='ltr'><strong>seu</strong></span> <span class='ocrx_word' id='word_1_461' title='bbox 3307 2049 3499 2121; x_wconf 87' lang='lat' dir='ltr'><strong>gentis</strong></span> <span class='ocrx_word' id='word_1_462' title='bbox 3542 2058 3599 2102; x_wconf 89' lang='lat' dir='ltr'><strong>et</strong></span> <span class='ocrx_word' id='word_1_463' title='bbox 3626 2043 3771 2114; x_wconf 76' lang='lat' dir='ltr'><strong>regni</strong></span> 
     </span>
    </p>
   </div>
   <div class='ocr_carea' id='block_1_66' title="bbox 2188 2137 3777 2219">
    <p class='ocr_par' dir='ltr' id='par_1_66' title="bbox 2188 2137 3777 2219">
     <span class='ocr_line' id='line_1_67' title="bbox 2188 2137 3777 2219; baseline -0.01 -13"><span class='ocrx_word' id='word_1_464' title='bbox 2188 2161 2468 2207; x_wconf 85' lang='lat' dir='ltr'><strong>venturam</strong></span> <span class='ocrx_word' id='word_1_465' title='bbox 2520 2161 2949 2219; x_wconf 80' lang='lat' dir='ltr'><strong>exspectamus:</strong></span> <span class='ocrx_word' id='word_1_466' title='bbox 2995 2146 3136 2201; x_wconf 90' lang='lat' dir='ltr'><strong>unde</strong></span> <span class='ocrx_word' id='word_1_467' title='bbox 3174 2144 3319 2199; x_wconf 87' lang='lat' dir='ltr'><strong>hanc</strong></span> <span class='ocrx_word' id='word_1_468' title='bbox 3375 2137 3777 2197; x_wconf 81' lang='lat' dir='ltr'><strong>multitudinem</strong></span> 
     </span>
    </p>
   </div>
   <div class='ocr_carea' id='block_1_67' title="bbox 2188 2231 3676 2314">
    <p class='ocr_par' dir='ltr' id='par_1_67' title="bbox 2188 2231 3676 2314">
     <span class='ocr_line' id='line_1_68' title="bbox 2188 2231 3676 2314; baseline -0.013 -16"><span class='ocrx_word' id='word_1_469' title='bbox 2188 2255 2521 2314; x_wconf 85' lang='lat' dir='ltr'><strong>paganorum</strong></span> <span class='ocrx_word' id='word_1_470' title='bbox 2552 2238 2858 2311; x_wconf 90' lang='lat' dir='ltr'><strong>spernimus</strong></span> <span class='ocrx_word' id='word_1_471' title='bbox 2883 2244 2939 2291; x_wconf 89' lang='lat' dir='ltr'><strong>et</strong></span> <span class='ocrx_word' id='word_1_472' title='bbox 2961 2232 3181 2290; x_wconf 87' lang='lat' dir='ltr'><strong>minime</strong></span> <span class='ocrx_word' id='word_1_473' title='bbox 3203 2231 3676 2305; x_wconf 87' lang='lat' dir='ltr'><strong>pertimescimus.</strong></span> 
     </span>
    </p>
   </div>
   <div class='ocr_carea' id='block_1_68' title="bbox 2261 2322 3778 2395">
    <p class='ocr_par' dir='ltr' id='par_1_68' title="bbox 2261 2322 3778 2395">
     <span class='ocr_line' id='line_1_69' title="bbox 2261 2322 3778 2395; baseline -0.009 -9"><span class='ocrx_word' id='word_1_474' title='bbox 2261 2330 2347 2386; x_wconf 77' lang='grc'><strong>10.</strong></span> <span class='ocrx_word' id='word_1_475' title='bbox 2389 2329 2538 2386; x_wconf 88' lang='lat' dir='ltr'><strong>Tunc</strong></span> <span class='ocrx_word' id='word_1_476' title='bbox 2566 2344 2856 2385; x_wconf 86' lang='lat' dir='ltr'><strong>conversus</strong></span> <span class='ocrx_word' id='word_1_477' title='bbox 2900 2325 3152 2382; x_wconf 84' lang='lat' dir='ltr'><strong>infandus</strong></span> <span class='ocrx_word' id='word_1_478' title='bbox 3192 2324 3494 2395; x_wconf 72' lang='lat' dir='ltr'><strong>cpiscopus</strong></span> <span class='ocrx_word' id='word_1_479' title='bbox 3523 2322 3592 2373; x_wconf 84' lang='lat' dir='ltr'><strong>ad</strong></span> <span class='ocrx_word' id='word_1_480' title='bbox 3631 2334 3778 2374; x_wconf 63' lang='lat' dir='ltr'><strong>exero</strong></span> 
     </span>
    </p>
   </div>
   <div class='ocr_carea' id='block_1_69' title="bbox 2191 2410 3777 2492">
    <p class='ocr_par' dir='ltr' id='par_1_69' title="bbox 2191 2410 3777 2492">
     <span class='ocr_line' id='line_1_70' title="bbox 2191 2410 3777 2492; baseline -0.011 -14"><span class='ocrx_word' id='word_1_481' title='bbox 2191 2422 2361 2479; x_wconf 75' lang='lat' dir='ltr'><strong>cituni</strong></span> <span class='ocrx_word' id='word_1_482' title='bbox 2382 2463 2397 2489; x_wconf 95' lang='lat'><strong>,</strong></span> <span class='ocrx_word' id='word_1_483' title='bbox 2450 2422 2529 2477; x_wconf 92' lang='lat' dir='ltr'><strong>sic</strong></span> <span class='ocrx_word' id='word_1_484' title='bbox 2577 2420 2713 2476; x_wconf 77' lang='lat' dir='ltr'><strong>dixit</strong></span> <span class='ocrx_word' id='word_1_485' title='bbox 2741 2439 2755 2475; x_wconf 92' lang='lat'><strong>:</strong></span> <span class='ocrx_word' id='word_1_486' title='bbox 2792 2411 3079 2492; x_wconf 79' lang='lat' dir='ltr'><strong>Properate</strong></span> <span class='ocrx_word' id='word_1_487' title='bbox 3107 2424 3164 2471; x_wconf 87' lang='lat' dir='ltr'><strong>et</strong></span> <span class='ocrx_word' id='word_1_488' title='bbox 3201 2422 3446 2486; x_wconf 80' lang='lat' dir='ltr'><strong>pugnate</strong></span> <span class='ocrx_word' id='word_1_489' title='bbox 3473 2453 3490 2477; x_wconf 90' lang='lat'><strong>,</strong></span> <span class='ocrx_word' id='word_1_490' title='bbox 3526 2412 3652 2482; x_wconf 83' lang='lat' dir='ltr'><strong>quia</strong></span> <span class='ocrx_word' id='word_1_491' title='bbox 3682 2410 3777 2462; x_wconf 82' lang='lat' dir='ltr'><strong>nisi</strong></span> 
     </span>
    </p>
   </div>
   <div class='ocr_carea' id='block_1_70' title="bbox 2192 2499 3781 2585">
    <p class='ocr_par' dir='ltr' id='par_1_70' title="bbox 2192 2499 3781 2585">
     <span class='ocr_line' id='line_1_71' title="bbox 2192 2499 3781 2585; baseline -0.009 -17"><span class='ocrx_word' id='word_1_492' title='bbox 2192 2528 2293 2585; x_wconf 91' lang='lat' dir='ltr'><strong>per</strong></span> <span class='ocrx_word' id='word_1_493' title='bbox 2337 2511 2498 2585; x_wconf 88' lang='lat' dir='ltr'><strong>gladii</strong></span> <span class='ocrx_word' id='word_1_494' title='bbox 2546 2512 2836 2566; x_wconf 87' lang='lat' dir='ltr'><strong>vindictam</strong></span> <span class='ocrx_word' id='word_1_495' title='bbox 2886 2524 2990 2563; x_wconf 91' lang='lat' dir='ltr'><strong>non</strong></span> <span class='ocrx_word' id='word_1_496' title='bbox 3037 2506 3308 2563; x_wconf 88' lang='lat' dir='ltr'><strong>habebitis</strong></span> <span class='ocrx_word' id='word_1_497' title='bbox 3356 2520 3490 2559; x_wconf 90' lang='lat' dir='ltr'><strong>cum</strong></span> <span class='ocrx_word' id='word_1_498' title='bbox 3539 2518 3608 2556; x_wconf 83' lang='lat' dir='ltr'><strong>eo</strong></span> <span class='ocrx_word' id='word_1_499' title='bbox 3642 2499 3781 2570; x_wconf 83' lang='lat' dir='ltr'><strong>pacis</strong></span> 
     </span>
    </p>
   </div>
   <div class='ocr_carea' id='block_1_71' title="bbox 2193 2590 3775 2671">
    <p class='ocr_par' dir='ltr' id='par_1_71' title="bbox 2193 2590 3775 2671">
     <span class='ocr_line' id='line_1_72' title="bbox 2193 2590 3775 2671; baseline -0.011 -14"><span class='ocrx_word' id='word_1_500' title='bbox 2193 2601 2443 2657; x_wconf 67' lang='lat' dir='ltr'><strong>foedera:</strong></span> <span class='ocrx_word' id='word_1_501' title='bbox 2492 2600 2784 2671; x_wconf 89' lang='lat' dir='ltr'><strong>statimque</strong></span> <span class='ocrx_word' id='word_1_502' title='bbox 2833 2613 2980 2653; x_wconf 89' lang='lat' dir='ltr'><strong>arma</strong></span> <span class='ocrx_word' id='word_1_503' title='bbox 3044 2602 3486 2659; x_wconf 84' lang='lat' dir='ltr'><strong>assumunt,.et</strong></span> <span class='ocrx_word' id='word_1_504' title='bbox 3544 2590 3775 2662; x_wconf 67' lang='lat' dir='ltr'><strong>praelium</strong></span> 
     </span>
    </p>
   </div>
   <div class='ocr_carea' id='block_1_72' title="bbox 2195 2680 3779 2760">
    <p class='ocr_par' dir='ltr' id='par_1_72' title="bbox 2195 2680 3779 2760">
     <span class='ocr_line' id='line_1_73' title="bbox 2195 2680 3779 2760; baseline -0.01 -12"><span class='ocrx_word' id='word_1_505' title='bbox 2195 2695 2539 2749; x_wconf 84' lang='lat' dir='ltr'><strong>committunt</strong></span> <span class='ocrx_word' id='word_1_506' title='bbox 2565 2709 2583 2748; x_wconf 93' lang='lat'><strong>:</strong></span> <span class='ocrx_word' id='word_1_507' title='bbox 2613 2692 2894 2760; x_wconf 87' lang='lat' dir='ltr'><strong>eriguntur</strong></span> <span class='ocrx_word' id='word_1_508' title='bbox 2935 2687 3209 2743; x_wconf 89' lang='lat' dir='ltr'><strong>fundibula</strong></span> <span class='ocrx_word' id='word_1_509' title='bbox 3232 2728 3246 2752; x_wconf 88' lang='lat'><strong>,</strong></span> <span class='ocrx_word' id='word_1_510' title='bbox 3277 2695 3553 2757; x_wconf 89' lang='lat' dir='ltr'><strong>aptantur</strong></span> <span class='ocrx_word' id='word_1_511' title='bbox 3582 2680 3779 2744; x_wconf 58' lang='lat' dir='ltr'><strong>funda,</strong></span> 
     </span>
    </p>
   </div>
   <div class='ocr_carea' id='block_1_73' title="bbox 2197 2771 3781 2854">
    <p class='ocr_par' dir='ltr' id='par_1_73' title="bbox 2197 2771 3781 2854">
     <span class='ocr_line' id='line_1_74' title="bbox 2197 2771 3781 2854; baseline -0.011 -14"><span class='ocrx_word' id='word_1_512' title='bbox 2197 2785 2400 2840; x_wconf 76' lang='lat' dir='ltr'><strong>micant</strong></span> <span class='ocrx_word' id='word_1_513' title='bbox 2421 2801 2601 2848; x_wconf 80' lang='lat' dir='ltr'><strong>enses,</strong></span> <span class='ocrx_word' id='word_1_514' title='bbox 2626 2784 2935 2854; x_wconf 85' lang='lat' dir='ltr'><strong>crispantnr</strong></span> <span class='ocrx_word' id='word_1_515' title='bbox 2955 2781 3143 2845; x_wconf 68' lang='lat' dir='ltr'><strong>hasne,</strong></span> <span class='ocrx_word' id='word_1_516' title='bbox 3169 2793 3234 2833; x_wconf 92' lang='lat' dir='ltr'><strong>ac</strong></span> <span class='ocrx_word' id='word_1_517' title='bbox 3264 2779 3621 2831; x_wconf 81' lang='lat' dir='ltr'><strong>incessanter</strong></span> <span class='ocrx_word' id='word_1_518' title='bbox 3639 2771 3781 2827; x_wconf 85' lang='lat' dir='ltr'><strong>cmit-</strong></span> 
     </span>
    </p>
   </div>
   <div class='ocr_carea' id='block_1_74' title="bbox 2200 2860 3787 2947">
    <p class='ocr_par' dir='ltr' id='par_1_74' title="bbox 2200 2860 3787 2947">
     <span class='ocr_line' id='line_1_75' title="bbox 2200 2860 3787 2947; baseline -0.013 -15"><span class='ocrx_word' id='word_1_519' title='bbox 2200 2889 2384 2932; x_wconf 85' lang='lat' dir='ltr'><strong>tmnnr</strong></span> <span class='ocrx_word' id='word_1_520' title='bbox 2437 2877 2682 2947; x_wconf 73' lang='lat' dir='ltr'><strong>sagittm:</strong></span> <span class='ocrx_word' id='word_1_521' title='bbox 2714 2874 2809 2929; x_wconf 90' lang='lat' dir='ltr'><strong>sed</strong></span> <span class='ocrx_word' id='word_1_522' title='bbox 2867 2873 2918 2927; x_wconf 91' lang='lat' dir='ltr'><strong>in</strong></span> <span class='ocrx_word' id='word_1_523' title='bbox 2975 2872 3077 2933; x_wconf 89' lang='lat' dir='ltr'><strong>hoc</strong></span> <span class='ocrx_word' id='word_1_524' title='bbox 3132 2886 3238 2923; x_wconf 91' lang='lat' dir='ltr'><strong>non</strong></span> <span class='ocrx_word' id='word_1_525' title='bbox 3300 2863 3538 2921; x_wconf 85' lang='lat' dir='ltr'><strong>defuere</strong></span> <span class='ocrx_word' id='word_1_526' title='bbox 3588 2860 3787 2918; x_wconf 82' lang='lat' dir='ltr'><strong>Domini</strong></span> 
     </span>
    </p>
   </div>
   <div class='ocr_carea' id='block_1_75' title="bbox 2202 2955 3787 3042">
    <p class='ocr_par' dir='ltr' id='par_1_75' title="bbox 2202 2955 3787 3042">
     <span class='ocr_line' id='line_1_76' title="bbox 2202 2955 3787 3042; baseline -0.013 -19"><span class='ocrx_word' id='word_1_527' title='bbox 2202 2969 2468 3042; x_wconf 73' lang='lat' dir='ltr'><strong>magn-alia</strong></span> <span class='ocrx_word' id='word_1_528' title='bbox 2501 2987 2514 3022; x_wconf 94' lang='lat'><strong>:</strong></span> <span class='ocrx_word' id='word_1_529' title='bbox 2549 2982 2671 3021; x_wconf 85' lang='lat' dir='ltr'><strong>nam</strong></span> <span class='ocrx_word' id='word_1_530' title='bbox 2708 2981 2829 3021; x_wconf 91' lang='lat' dir='ltr'><strong>cum</strong></span> <span class='ocrx_word' id='word_1_531' title='bbox 2860 2979 2888 3018; x_wconf 87' lang='lat' dir='ltr'><strong>a</strong></span> <span class='ocrx_word' id='word_1_532' title='bbox 2932 2960 3289 3017; x_wconf 83' lang='lat' dir='ltr'><strong>fundibularis</strong></span> <span class='ocrx_word' id='word_1_533' title='bbox 3321 2958 3543 3029; x_wconf 83' lang='lat' dir='ltr'><strong>lapides</strong></span> <span class='ocrx_word' id='word_1_534' title='bbox 3569 2955 3787 3009; x_wconf 80' lang='lat' dir='ltr'><strong>fuissent</strong></span> 
     </span>
    </p>
   </div>
   <div class='ocr_carea' id='block_1_76' title="bbox 2200 3042 3789 3125">
    <p class='ocr_par' dir='ltr' id='par_1_76' title="bbox 2200 3042 3789 3125">
     <span class='ocr_line' id='line_1_77' title="bbox 2200 3042 3789 3125; baseline -0.013 -8"><span class='ocrx_word' id='word_1_535' title='bbox 2200 3060 2403 3125; x_wconf 83' lang='lat' dir='ltr'><strong>emissi,</strong></span> <span class='ocrx_word' id='word_1_536' title='bbox 2434 3068 2487 3114; x_wconf 89' lang='lat' dir='ltr'><strong>et</strong></span> <span class='ocrx_word' id='word_1_537' title='bbox 2514 3058 2580 3112; x_wconf 92' lang='lat' dir='ltr'><strong>ad</strong></span> <span class='ocrx_word' id='word_1_538' title='bbox 2609 3057 2827 3112; x_wconf 91' lang='lat' dir='ltr'><strong>domum</strong></span> <span class='ocrx_word' id='word_1_539' title='bbox 2859 3062 3059 3110; x_wconf 71' lang='lat' dir='ltr'><strong>sancta:</strong></span> <span class='ocrx_word' id='word_1_540' title='bbox 3092 3065 3308 3122; x_wconf 85' lang='lat' dir='ltr'><strong>semper</strong></span> <span class='ocrx_word' id='word_1_541' title='bbox 3348 3042 3589 3119; x_wconf 83' lang='lat' dir='ltr'><strong>virginis</strong></span> <span class='ocrx_word' id='word_1_542' title='bbox 3614 3042 3789 3098; x_wconf 66' lang='lat' dir='ltr'><strong>naria:</strong></span> 
     </span>
    </p>
   </div>
   <div class='ocr_carea' id='block_1_77' title="bbox 2200 3138 3786 3222">
    <p class='ocr_par' dir='ltr' id='par_1_77' title="bbox 2200 3138 3786 3222">
     <span class='ocr_line' id='line_1_78' title="bbox 2200 3138 3786 3222; baseline -0.014 -14"><span class='ocrx_word' id='word_1_543' title='bbox 2200 3151 2597 3222; x_wconf 81' lang='lat' dir='ltr'><strong>pervenissent,</strong></span> <span class='ocrx_word' id='word_1_544' title='bbox 2670 3162 2833 3216; x_wconf 89' lang='lat' dir='ltr'><strong>super</strong></span> <span class='ocrx_word' id='word_1_545' title='bbox 2886 3145 3160 3199; x_wconf 87' lang='lat' dir='ltr'><strong>mittentes</strong></span> <span class='ocrx_word' id='word_1_546' title='bbox 3204 3138 3635 3195; x_wconf 85' lang='lat' dir='ltr'><strong>revertebantur</strong></span> <span class='ocrx_word' id='word_1_547' title='bbox 3664 3174 3680 3197; x_wconf 93' lang='lat'><strong>,</strong></span> <span class='ocrx_word' id='word_1_548' title='bbox 3736 3143 3786 3187; x_wconf 86' lang='lat' dir='ltr'><strong>et</strong></span> 
     </span>
    </p>
   </div>
   <div class='ocr_carea' id='block_1_78' title="bbox 2202 3228 3789 3302">
    <p class='ocr_par' dir='ltr' id='par_1_78' title="bbox 2202 3228 3789 3302">
     <span class='ocr_line' id='line_1_79' title="bbox 2202 3228 3789 3302; baseline -0.013 -5"><span class='ocrx_word' id='word_1_549' title='bbox 2202 3241 2481 3298; x_wconf 64' lang='lat' dir='ltr'><strong>Chaldaeos</strong></span> <span class='ocrx_word' id='word_1_550' title='bbox 2505 3238 2714 3294; x_wconf 76' lang='lat' dir='ltr'><strong>fortiter</strong></span> <span class='ocrx_word' id='word_1_551' title='bbox 2738 3233 3082 3291; x_wconf 89' lang='lat' dir='ltr'><strong>trucidabant</strong></span> <span class='ocrx_word' id='word_1_552' title='bbox 3112 3249 3125 3285; x_wconf 94' lang='lat'><strong>:</strong></span> <span class='ocrx_word' id='word_1_553' title='bbox 3155 3240 3211 3286; x_wconf 91' lang='lat' dir='ltr'><strong>et</strong></span> <span class='ocrx_word' id='word_1_554' title='bbox 3230 3229 3360 3302; x_wconf 89' lang='lat' dir='ltr'><strong>quia</strong></span> <span class='ocrx_word' id='word_1_555' title='bbox 3394 3228 3664 3282; x_wconf 87' lang='lat' dir='ltr'><strong>Dominus</strong></span> <span class='ocrx_word' id='word_1_556' title='bbox 3688 3240 3789 3277; x_wconf 87' lang='lat' dir='ltr'><strong>non</strong></span> 
     </span>
    </p>
   </div>
   <div class='ocr_carea' id='block_1_79' title="bbox 2204 3318 3793 3393">
    <p class='ocr_par' dir='ltr' id='par_1_79' title="bbox 2204 3318 3793 3393">
     <span class='ocr_line' id='line_1_80' title="bbox 2204 3318 3793 3393; baseline -0.013 -6"><span class='ocrx_word' id='word_1_557' title='bbox 2204 3333 2510 3388; x_wconf 84' lang='lat' dir='ltr'><strong>dinumerat</strong></span> <span class='ocrx_word' id='word_1_558' title='bbox 2542 3331 2757 3393; x_wconf 87' lang='lat' dir='ltr'><strong>hastas,</strong></span> <span class='ocrx_word' id='word_1_559' title='bbox 2804 3327 2897 3382; x_wconf 81' lang='lat' dir='ltr'><strong>sed</strong></span> <span class='ocrx_word' id='word_1_560' title='bbox 2946 3325 3030 3380; x_wconf 91' lang='lat' dir='ltr'><strong>cui</strong></span> <span class='ocrx_word' id='word_1_561' title='bbox 3067 3323 3180 3379; x_wconf 91' lang='lat' dir='ltr'><strong>vult</strong></span> <span class='ocrx_word' id='word_1_562' title='bbox 3225 3320 3463 3391; x_wconf 84' lang='lat' dir='ltr'><strong>porrigit</strong></span> <span class='ocrx_word' id='word_1_563' title='bbox 3519 3318 3793 3390; x_wconf 78' lang='lat' dir='ltr'><strong>palmam;</strong></span> 
     </span>
    </p>
   </div>
   <div class='ocr_carea' id='block_1_80' title="bbox 2203 3412 3795 3491">
    <p class='ocr_par' dir='ltr' id='par_1_80' title="bbox 2203 3412 3795 3491">
     <span class='ocr_line' id='line_1_81' title="bbox 2203 3412 3795 3491; baseline -0.014 -12"><span class='ocrx_word' id='word_1_564' title='bbox 2203 3440 2323 3479; x_wconf 80' lang='lat' dir='ltr'><strong>cum</strong></span> <span class='ocrx_word' id='word_1_565' title='bbox 2371 3431 2552 3478; x_wconf 85' lang='lat' dir='ltr'><strong>essent</strong></span> <span class='ocrx_word' id='word_1_566' title='bbox 2584 3421 2783 3491; x_wconf 85' lang='lat' dir='ltr'><strong>egressi</strong></span> <span class='ocrx_word' id='word_1_567' title='bbox 2832 3415 3012 3472; x_wconf 87' lang='lat' dir='ltr'><strong>ﬁdeles</strong></span> <span class='ocrx_word' id='word_1_568' title='bbox 3040 3416 3063 3455; x_wconf 85' lang='grc' dir='ltr'>¹ι</span> <span class='ocrx_word' id='word_1_569' title='bbox 3094 3416 3161 3469; x_wconf 91' lang='lat' dir='ltr'><strong>de</strong></span> <span class='ocrx_word' id='word_1_570' title='bbox 3212 3412 3360 3467; x_wconf 67' lang='lat' dir='ltr'><strong>(Iova</strong></span> <span class='ocrx_word' id='word_1_571' title='bbox 3408 3412 3480 3464; x_wconf 90' lang='lat' dir='ltr'><strong>ad</strong></span> <span class='ocrx_word' id='word_1_572' title='bbox 3516 3424 3746 3481; x_wconf 72' lang='lat' dir='ltr'><strong>pugnam</strong></span> <span class='ocrx_word' id='word_1_573' title='bbox 3771 3445 3795 3467; x_wconf 77' lang='lat'><strong>,</strong></span> 
     </span>
    </p>
   </div>
   <div class='ocr_carea' id='block_1_81' title="bbox 2204 3499 3795 3574">
    <p class='ocr_par' dir='ltr' id='par_1_81' title="bbox 2204 3499 3795 3574">
     <span class='ocr_line' id='line_1_82' title="bbox 2204 3499 3795 3574; baseline -0.013 -4"><span class='ocrx_word' id='word_1_574' title='bbox 2204 3511 2437 3570; x_wconf 73' lang='lat' dir='ltr'><strong>Cbaldmi</strong></span> <span class='ocrx_word' id='word_1_575' title='bbox 2473 3512 2655 3567; x_wconf 89' lang='lat' dir='ltr'><strong>statim</strong></span> <span class='ocrx_word' id='word_1_576' title='bbox 2706 3508 2848 3563; x_wconf 83' lang='lat' dir='ltr'><strong>versi</strong></span> <span class='ocrx_word' id='word_1_577' title='bbox 2901 3514 3027 3561; x_wconf 91' lang='lat' dir='ltr'><strong>sunt</strong></span> <span class='ocrx_word' id='word_1_578' title='bbox 3056 3506 3108 3559; x_wconf 89' lang='lat' dir='ltr'><strong>in</strong></span> <span class='ocrx_word' id='word_1_579' title='bbox 3137 3502 3341 3574; x_wconf 87' lang='lat' dir='ltr'><strong>fugam,</strong></span> <span class='ocrx_word' id='word_1_580' title='bbox 3373 3511 3434 3557; x_wconf 89' lang='lat' dir='ltr'><strong>et</strong></span> <span class='ocrx_word' id='word_1_581' title='bbox 3484 3502 3539 3554; x_wconf 89' lang='lat' dir='ltr'><strong>in</strong></span> <span class='ocrx_word' id='word_1_582' title='bbox 3587 3499 3795 3553; x_wconf 75' lang='lat' dir='ltr'><strong>duabus</strong></span> 
     </span>
    </p>
   </div>
   <div class='ocr_carea' id='block_1_82' title="bbox 2204 3594 3793 3668">
    <p class='ocr_par' dir='ltr' id='par_1_82' title="bbox 2204 3594 3793 3668">
     <span class='ocr_line' id='line_1_83' title="bbox 2204 3594 3793 3668; baseline -0.013 -7"><span class='ocrx_word' id='word_1_583' title='bbox 2204 3605 2362 3662; x_wconf 80' lang='lat' dir='ltr'><strong>divisi</strong></span> <span class='ocrx_word' id='word_1_584' title='bbox 2407 3613 2531 3659; x_wconf 89' lang='lat' dir='ltr'><strong>sunt</strong></span> <span class='ocrx_word' id='word_1_585' title='bbox 2583 3600 2812 3657; x_wconf 89' lang='lat' dir='ltr'><strong>turmis:</strong></span> <span class='ocrx_word' id='word_1_586' title='bbox 2861 3598 3039 3668; x_wconf 88' lang='lat' dir='ltr'><strong>ibique</strong></span> <span class='ocrx_word' id='word_1_587' title='bbox 3062 3596 3244 3652; x_wconf 89' lang='lat' dir='ltr'><strong>statim</strong></span> <span class='ocrx_word' id='word_1_588' title='bbox 3296 3594 3450 3665; x_wconf 83' lang='lat' dir='ltr'><strong>Oppa</strong></span> <span class='ocrx_word' id='word_1_589' title='bbox 3502 3594 3793 3664; x_wconf 80' lang='lat' dir='ltr'><strong>episcopus</strong></span> 
     </span>
    </p>
   </div>
   <div class='ocr_carea' id='block_1_83' title="bbox 2205 3681 3789 3765">
    <p class='ocr_par' dir='ltr' id='par_1_83' title="bbox 2205 3681 3789 3765">
     <span class='ocr_line' id='line_1_84' title="bbox 2205 3681 3789 3765; baseline -0.013 -12"><span class='ocrx_word' id='word_1_590' title='bbox 2205 3706 2288 3753; x_wconf 89' lang='lat' dir='ltr'><strong>est</strong></span> <span class='ocrx_word' id='word_1_591' title='bbox 2339 3695 2802 3765; x_wconf 82' lang='lat' dir='ltr'><strong>comprehensus,</strong></span> <span class='ocrx_word' id='word_1_592' title='bbox 2861 3696 2917 3745; x_wconf 90' lang='lat' dir='ltr'><strong>et</strong></span> <span class='ocrx_word' id='word_1_593' title='bbox 2962 3685 3239 3743; x_wconf 81' lang='lat' dir='ltr'><strong>Alkamam</strong></span> <span class='ocrx_word' id='word_1_594' title='bbox 3292 3685 3624 3739; x_wconf 80' lang='lat' dir='ltr'><strong>interfectus</strong></span> <span class='ocrx_word' id='word_1_595' title='bbox 3668 3700 3681 3734; x_wconf 91' lang='lat'><strong>:</strong></span> <span class='ocrx_word' id='word_1_596' title='bbox 3731 3681 3789 3734; x_wconf 82' lang='lat' dir='ltr'><strong>in</strong></span> 
     </span>
    </p>
   </div>
   <div class='ocr_carea' id='block_1_84' title="bbox 2208 3770 3799 3853">
    <p class='ocr_par' dir='ltr' id='par_1_84' title="bbox 2208 3770 3799 3853">
     <span class='ocr_line' id='line_1_85' title="bbox 2208 3770 3799 3853; baseline -0.012 -10"><span class='ocrx_word' id='word_1_597' title='bbox 2208 3788 2394 3843; x_wconf 86' lang='lat' dir='ltr'><strong>eodem</strong></span> <span class='ocrx_word' id='word_1_598' title='bbox 2432 3799 2663 3853; x_wconf 58' lang='lat' dir='ltr'><strong>namq-ie</strong></span> <span class='ocrx_word' id='word_1_599' title='bbox 2710 3780 2827 3835; x_wconf 89' lang='lat' dir='ltr'><strong>loco</strong></span> <span class='ocrx_word' id='word_1_600' title='bbox 2862 3790 3073 3834; x_wconf 85' lang='lat' dir='ltr'><strong>centum</strong></span> <span class='ocrx_word' id='word_1_601' title='bbox 3121 3776 3309 3847; x_wconf 79' lang='lat' dir='ltr'><strong>viginti</strong></span> <span class='ocrx_word' id='word_1_602' title='bbox 3361 3785 3603 3845; x_wconf 85' lang='lat' dir='ltr'><strong>quatuor</strong></span> <span class='ocrx_word' id='word_1_603' title='bbox 3634 3770 3799 3826; x_wconf 80' lang='lat' dir='ltr'><strong>millia</strong></span> 
     </span>
    </p>
   </div>
   <div class='ocr_carea' id='block_1_85' title="bbox 2209 3863 3794 3937">
    <p class='ocr_par' dir='ltr' id='par_1_85' title="bbox 2209 3863 3794 3937">
     <span class='ocr_line' id='line_1_86' title="bbox 2209 3863 3794 3937; baseline -0.012 -4"><span class='ocrx_word' id='word_1_604' title='bbox 2209 3878 2585 3934; x_wconf 70' lang='lat' dir='ltr'><strong>Cbaldmormn</strong></span> <span class='ocrx_word' id='word_1_605' title='bbox 2613 3882 2738 3930; x_wconf 91' lang='lat' dir='ltr'><strong>sunt</strong></span> <span class='ocrx_word' id='word_1_606' title='bbox 2769 3869 3079 3933; x_wconf 86' lang='lat' dir='ltr'><strong>interfecti;</strong></span> <span class='ocrx_word' id='word_1_607' title='bbox 3127 3867 3413 3937; x_wconf 85' lang='lat' dir='ltr'><strong>sexaginta</strong></span> <span class='ocrx_word' id='word_1_608' title='bbox 3448 3881 3581 3920; x_wconf 86' lang='lat' dir='ltr'><strong>vero</strong></span> <span class='ocrx_word' id='word_1_609' title='bbox 3611 3874 3669 3917; x_wconf 90' lang='lat' dir='ltr'><strong>et</strong></span> <span class='ocrx_word' id='word_1_610' title='bbox 3693 3863 3794 3916; x_wconf 74' lang='lat' dir='ltr'><strong>tria</strong></span> 
     </span>
    </p>
   </div>
   <div class='ocr_carea' id='block_1_86' title="bbox 2211 3957 3803 4041">
    <p class='ocr_par' dir='ltr' id='par_1_86' title="bbox 2211 3957 3803 4041">
     <span class='ocr_line' id='line_1_87' title="bbox 2211 3957 3803 4041; baseline -0.012 -15"><span class='ocrx_word' id='word_1_611' title='bbox 2211 3970 2377 4027; x_wconf 87' lang='lat' dir='ltr'><strong>tnillia</strong></span> <span class='ocrx_word' id='word_1_612' title='bbox 2412 3970 2502 4041; x_wconf 92' lang='lat' dir='ltr'><strong>qui</strong></span> <span class='ocrx_word' id='word_1_613' title='bbox 2534 3972 2923 4026; x_wconf 87' lang='lat' dir='ltr'><strong>remanserant,</strong></span> <span class='ocrx_word' id='word_1_614' title='bbox 2956 3962 3007 4016; x_wconf 92' lang='lat' dir='ltr'><strong>in</strong></span> <span class='ocrx_word' id='word_1_615' title='bbox 3041 3959 3300 4016; x_wconf 87' lang='lat' dir='ltr'><strong>verticem</strong></span> <span class='ocrx_word' id='word_1_616' title='bbox 3341 3958 3546 4013; x_wconf 86' lang='lat' dir='ltr'><strong>montis</strong></span> <span class='ocrx_word' id='word_1_617' title='bbox 3573 3957 3803 4011; x_wconf 61' lang='lat' dir='ltr'><strong>Anser:</strong></span> 
     </span>
    </p>
   </div>
   <div class='ocr_carea' id='block_1_87' title="bbox 2219 4045 3797 4126">
    <p class='ocr_par' dir='ltr' id='par_1_87' title="bbox 2219 4045 3797 4126">
     <span class='ocr_line' id='line_1_88' title="bbox 2219 4045 3797 4126; baseline -0.011 -11"><span class='ocrx_word' id='word_1_618' title='bbox 2219 4062 2604 4121; x_wconf 85' lang='lat' dir='ltr'><strong>ascenderunt,</strong></span> <span class='ocrx_word' id='word_1_619' title='bbox 2655 4067 2817 4126; x_wconf 89' lang='lat' dir='ltr'><strong>atque</strong></span> <span class='ocrx_word' id='word_1_620' title='bbox 2870 4070 2965 4126; x_wconf 88' lang='lat' dir='ltr'><strong>per</strong></span> <span class='ocrx_word' id='word_1_621' title='bbox 3021 4061 3352 4123; x_wconf 72' lang='lat' dir='ltr'><strong>pran&#39;uptnm</strong></span> <span class='ocrx_word' id='word_1_622' title='bbox 3413 4047 3651 4109; x_wconf 78' lang='lat' dir='ltr'><strong>ruentis,</strong></span> <span class='ocrx_word' id='word_1_623' title='bbox 3706 4045 3797 4113; x_wconf 87' lang='lat' dir='ltr'><strong>qni</strong></span> 
     </span>
    </p>
   </div>
   <div class='ocr_carea' id='block_1_88' title="bbox 2212 4137 3802 4222">
    <p class='ocr_par' dir='ltr' id='par_1_88' title="bbox 2212 4137 3802 4222">
     <span class='ocr_line' id='line_1_89' title="bbox 2212 4137 3802 4222; baseline -0.011 -15"><span class='ocrx_word' id='word_1_624' title='bbox 2212 4151 2372 4222; x_wconf 88' lang='lat' dir='ltr'><strong>vulgo</strong></span> <span class='ocrx_word' id='word_1_625' title='bbox 2401 4150 2696 4221; x_wconf 82' lang='lat' dir='ltr'><strong>appellatur</strong></span> <span class='ocrx_word' id='word_1_626' title='bbox 2730 4150 2926 4203; x_wconf 84' lang='lat' dir='ltr'><strong>Amosa</strong></span> <span class='ocrx_word' id='word_1_627' title='bbox 2955 4186 2969 4210; x_wconf 93' lang='lat'><strong>,</strong></span> <span class='ocrx_word' id='word_1_628' title='bbox 3017 4143 3082 4199; x_wconf 88' lang='lat' dir='ltr'><strong>ad</strong></span> <span class='ocrx_word' id='word_1_629' title='bbox 3117 4140 3454 4197; x_wconf 89' lang='lat' dir='ltr'><strong>territorium</strong></span> <span class='ocrx_word' id='word_1_630' title='bbox 3497 4137 3802 4193; x_wconf 80' lang='lat' dir='ltr'><strong>Lebanieu-</strong></span> 
     </span>
    </p>
   </div>
   <div class='ocr_carea' id='block_1_89' title="bbox 2214 4225 3799 4313">
    <p class='ocr_par' dir='ltr' id='par_1_89' title="bbox 2214 4225 3799 4313">
     <span class='ocr_line' id='line_1_90' title="bbox 2214 4225 3799 4313; baseline -0.013 -14"><span class='ocrx_word' id='word_1_631' title='bbox 2214 4243 2352 4299; x_wconf 90' lang='lat' dir='ltr'><strong>sium</strong></span> <span class='ocrx_word' id='word_1_632' title='bbox 2375 4241 2683 4313; x_wconf 74' lang='lat' dir='ltr'><strong>praecipites</strong></span> <span class='ocrx_word' id='word_1_633' title='bbox 2705 4239 3117 4294; x_wconf 83' lang='lat' dir='ltr'><strong>descenderunt.</strong></span> <span class='ocrx_word' id='word_1_634' title='bbox 3147 4232 3252 4287; x_wconf 89' lang='lat' dir='ltr'><strong>Sed</strong></span> <span class='ocrx_word' id='word_1_635' title='bbox 3278 4247 3378 4284; x_wconf 86' lang='lat' dir='ltr'><strong>nec</strong></span> <span class='ocrx_word' id='word_1_636' title='bbox 3402 4229 3505 4299; x_wconf 69' lang='lat' dir='ltr'><strong>ipsi</strong></span> <span class='ocrx_word' id='word_1_637' title='bbox 3537 4227 3554 4267; x_wconf 87' lang='grc' dir='ltr'><strong>ι</strong></span> <span class='ocrx_word' id='word_1_638' title='bbox 3583 4225 3799 4281; x_wconf 72' lang='lat' dir='ltr'><strong>honuni</strong></span> 
     </span>
    </p>
   </div>
   <div class='ocr_carea' id='block_1_90' title="bbox 2215 4324 3794 4394">
    <p class='ocr_par' dir='ltr' id='par_1_90' title="bbox 2215 4324 3794 4394">
     <span class='ocr_line' id='line_1_91' title="bbox 2215 4324 3794 4394; baseline -0.013 -1"><span class='ocrx_word' id='word_1_639' title='bbox 2215 4344 2503 4393; x_wconf 90' lang='lat' dir='ltr'><strong>evaserunt</strong></span> <span class='ocrx_word' id='word_1_640' title='bbox 2532 4334 2823 4388; x_wconf 82' lang='lat' dir='ltr'><strong>vindictam</strong></span> <span class='ocrx_word' id='word_1_641' title='bbox 2855 4351 2868 4385; x_wconf 93' lang='lat'><strong>:</strong></span> <span class='ocrx_word' id='word_1_642' title='bbox 2898 4345 3019 4383; x_wconf 89' lang='lat' dir='ltr'><strong>nam</strong></span> <span class='ocrx_word' id='word_1_643' title='bbox 3055 4342 3176 4383; x_wconf 89' lang='lat' dir='ltr'><strong>cum</strong></span> <span class='ocrx_word' id='word_1_644' title='bbox 3207 4342 3303 4394; x_wconf 89' lang='lat' dir='ltr'><strong>per</strong></span> <span class='ocrx_word' id='word_1_645' title='bbox 3343 4324 3609 4377; x_wconf 82' lang='lat' dir='ltr'><strong>verticem</strong></span> <span class='ocrx_word' id='word_1_646' title='bbox 3643 4337 3794 4375; x_wconf 85' lang='lat' dir='ltr'><strong>mon-</strong></span> 
     </span>
    </p>
   </div>
   <div class='ocr_carea' id='block_1_91' title="bbox 2218 4411 3800 4497">
    <p class='ocr_par' dir='ltr' id='par_1_91' title="bbox 2218 4411 3800 4497">
     <span class='ocr_line' id='line_1_92' title="bbox 2218 4411 3800 4497; baseline -0.01 -15"><span class='ocrx_word' id='word_1_647' title='bbox 2218 4427 2309 4496; x_wconf 89' lang='lat' dir='ltr'><strong>tis,</strong></span> <span class='ocrx_word' id='word_1_648' title='bbox 2335 4427 2425 4497; x_wconf 90' lang='lat' dir='ltr'><strong>qui</strong></span> <span class='ocrx_word' id='word_1_649' title='bbox 2460 4426 2595 4481; x_wconf 89' lang='lat' dir='ltr'><strong>situs</strong></span> <span class='ocrx_word' id='word_1_650' title='bbox 2623 4433 2708 4477; x_wconf 90' lang='lat' dir='ltr'><strong>est</strong></span> <span class='ocrx_word' id='word_1_651' title='bbox 2746 4437 2905 4491; x_wconf 88' lang='lat' dir='ltr'><strong>super</strong></span> <span class='ocrx_word' id='word_1_652' title='bbox 2945 4420 3114 4488; x_wconf 91' lang='lat' dir='ltr'><strong>ripam</strong></span> <span class='ocrx_word' id='word_1_653' title='bbox 3154 4414 3393 4471; x_wconf 81' lang='lat' dir='ltr'><strong>ﬁuiuinis</strong></span> <span class='ocrx_word' id='word_1_654' title='bbox 3428 4412 3608 4476; x_wconf 66' lang='lat' dir='ltr'><strong>Deva&#39;,</strong></span> <span class='ocrx_word' id='word_1_655' title='bbox 3646 4411 3800 4479; x_wconf 80' lang='lat' dir='ltr'><strong>juxta</strong></span> 
     </span>
    </p>
   </div>
   <div class='ocr_carea' id='block_1_92' title="bbox 2217 4499 3803 4590">
    <p class='ocr_par' dir='ltr' id='par_1_92' title="bbox 2217 4499 3803 4590">
     <span class='ocr_line' id='line_1_93' title="bbox 2217 4499 3803 4590; baseline -0.014 -17"><span class='ocrx_word' id='word_1_656' title='bbox 2217 4517 2477 4590; x_wconf 73' lang='lat' dir='ltr'><strong>praedium</strong></span> <span class='ocrx_word' id='word_1_657' title='bbox 2511 4513 2654 4586; x_wconf 86' lang='lat' dir='ltr'><strong>quod</strong></span> <span class='ocrx_word' id='word_1_658' title='bbox 2684 4512 2880 4565; x_wconf 87' lang='lat' dir='ltr'><strong>dicimr</strong></span> <span class='ocrx_word' id='word_1_659' title='bbox 2907 4507 3236 4577; x_wconf 83' lang='lat' dir='ltr'><strong>Casegadia,</strong></span> <span class='ocrx_word' id='word_1_660' title='bbox 3280 4504 3364 4557; x_wconf 87' lang='lat' dir='ltr'><strong>sic</strong></span> <span class='ocrx_word' id='word_1_661' title='bbox 3392 4503 3686 4557; x_wconf 78' lang='lat' dir='ltr'><strong>evidenter</strong></span> <span class='ocrx_word' id='word_1_662' title='bbox 3714 4499 3803 4568; x_wconf 81' lang='lat' dir='ltr'><strong>ju-</strong></span> 
     </span>
    </p>
   </div>
   <div class='ocr_carea' id='block_1_93' title="bbox 545 4592 2095 4673">
    <p class='ocr_par' dir='ltr' id='par_1_93' title="bbox 545 4598 2095 4671">
     <span class='ocr_line' id='line_1_94' title="bbox 545 4598 2095 4671; baseline -0.001 -16"><span class='ocrx_word' id='word_1_663' title='bbox 545 4599 939 4656; x_wconf 86' lang='lat' dir='ltr'><strong>circumdedit:</strong></span> <span class='ocrx_word' id='word_1_664' title='bbox 964 4607 1019 4655; x_wconf 89' lang='lat' dir='ltr'><strong>et</strong></span> <span class='ocrx_word' id='word_1_665' title='bbox 1047 4599 1417 4671; x_wconf 89' lang='lat' dir='ltr'><strong>propinquans</strong></span> <span class='ocrx_word' id='word_1_666' title='bbox 1443 4599 1510 4655; x_wconf 91' lang='lat' dir='ltr'><strong>ad</strong></span> <span class='ocrx_word' id='word_1_667' title='bbox 1554 4615 1676 4655; x_wconf 89' lang='lat' dir='ltr'><strong>cum</strong></span> <span class='ocrx_word' id='word_1_668' title='bbox 1719 4598 1869 4671; x_wconf 88' lang='lat' dir='ltr'><strong>Oppa</strong></span> <span class='ocrx_word' id='word_1_669' title='bbox 1898 4600 2095 4670; x_wconf 89' lang='lat' dir='ltr'><strong>cpisco-</strong></span> 
     </span>
    </p>
   </div>
   <div class='ocr_carea' id='block_1_94' title="bbox 2197 4592 3799 4673">
    <p class='ocr_par' dir='ltr' id='par_1_94' title="bbox 2218 4592 3799 4667">
     <span class='ocr_line' id='line_1_95' title="bbox 2218 4592 3799 4667; baseline -0.013 -4"><span class='ocrx_word' id='word_1_670' title='bbox 2218 4607 2357 4662; x_wconf 90' lang='lat' dir='ltr'><strong>dicio</strong></span> <span class='ocrx_word' id='word_1_671' title='bbox 2388 4602 2595 4661; x_wconf 90' lang='lat' dir='ltr'><strong>Domini</strong></span> <span class='ocrx_word' id='word_1_672' title='bbox 2636 4609 2813 4656; x_wconf 90' lang='lat' dir='ltr'><strong>actum</strong></span> <span class='ocrx_word' id='word_1_673' title='bbox 2840 4607 2955 4664; x_wconf 88' lang='lat' dir='ltr'><strong>est,</strong></span> <span class='ocrx_word' id='word_1_674' title='bbox 2998 4605 3054 4651; x_wconf 90' lang='lat' dir='ltr'><strong>ut</strong></span> <span class='ocrx_word' id='word_1_675' title='bbox 3076 4596 3245 4667; x_wconf 89' lang='lat' dir='ltr'><strong>ipsius</strong></span> <span class='ocrx_word' id='word_1_676' title='bbox 3285 4592 3493 4647; x_wconf 89' lang='lat' dir='ltr'><strong>montis</strong></span> <span class='ocrx_word' id='word_1_677' title='bbox 3521 4606 3651 4661; x_wconf 83' lang='lat' dir='ltr'><strong>pars</strong></span> <span class='ocrx_word' id='word_1_678' title='bbox 3688 4605 3746 4643; x_wconf 84' lang='lat' dir='ltr'><strong>se</strong></span> <span class='ocrx_word' id='word_1_679' title='bbox 3769 4605 3799 4643; x_wconf 91' lang='lat' dir='ltr'><strong>a</strong></span> 
     </span>
    </p>
   </div>
   <div class='ocr_carea' id='block_1_95' title="bbox 546 4691 2115 4763">
    <p class='ocr_par' dir='ltr' id='par_1_95' title="bbox 546 4691 2115 4763">
     <span class='ocr_line' id='line_1_96' title="bbox 546 4691 2115 4763; baseline 0.001 -19"><span class='ocrx_word' id='word_1_680' title='bbox 546 4707 683 4763; x_wconf 85' lang='lat' dir='ltr'><strong>pus,</strong></span> <span class='ocrx_word' id='word_1_681' title='bbox 722 4692 802 4748; x_wconf 89' lang='lat' dir='ltr'><strong>sic</strong></span> <span class='ocrx_word' id='word_1_682' title='bbox 834 4692 1160 4763; x_wconf 86' lang='lat' dir='ltr'><strong>alloquitur,</strong></span> <span class='ocrx_word' id='word_1_683' title='bbox 1209 4692 1396 4748; x_wconf 89' lang='lat' dir='ltr'><strong>dicens</strong></span> <span class='ocrx_word' id='word_1_684' title='bbox 1436 4710 1449 4747; x_wconf 88' lang='lat'><strong>:</strong></span> <span class='ocrx_word' id='word_1_685' title='bbox 1488 4692 1617 4747; x_wconf 85' lang='lat' dir='ltr'><strong>Scio</strong></span> <span class='ocrx_word' id='word_1_686' title='bbox 1666 4701 1718 4747; x_wconf 90' lang='lat' dir='ltr'><strong>te</strong></span> <span class='ocrx_word' id='word_1_687' title='bbox 1762 4707 1869 4747; x_wconf 92' lang='lat' dir='ltr'><strong>non</strong></span> <span class='ocrx_word' id='word_1_688' title='bbox 1914 4691 2115 4757; x_wconf 90' lang='lat' dir='ltr'><strong>latere,</strong></span> 
     </span>
    </p>
   </div>
   <div class='ocr_carea' id='block_1_96' title="bbox 545 4781 2117 4855">
    <p class='ocr_par' dir='ltr' id='par_1_96' title="bbox 545 4781 2117 4855">
     <span class='ocr_line' id='line_1_97' title="bbox 545 4781 2117 4855; baseline 0 -18"><span class='ocrx_word' id='word_1_689' title='bbox 545 4781 740 4848; x_wconf 76' lang='lat' dir='ltr'><strong>irater,</strong></span> <span class='ocrx_word' id='word_1_690' title='bbox 763 4782 997 4853; x_wconf 88' lang='lat' dir='ltr'><strong>qualiter</strong></span> <span class='ocrx_word' id='word_1_691' title='bbox 1009 4783 1185 4839; x_wconf 89' lang='lat' dir='ltr'><strong>ontnis</strong></span> <span class='ocrx_word' id='word_1_692' title='bbox 1204 4782 1458 4855; x_wconf 82' lang='lat' dir='ltr'><strong>Hispania</strong></span> <span class='ocrx_word' id='word_1_693' title='bbox 1472 4783 1670 4839; x_wconf 90' lang='lat' dir='ltr'><strong>dudum</strong></span> <span class='ocrx_word' id='word_1_694' title='bbox 1687 4783 1715 4823; x_wconf 75' lang='grc' dir='ltr'><strong>ιι</strong></span> <span class='ocrx_word' id='word_1_695' title='bbox 1738 4783 1839 4838; x_wconf 90' lang='lat' dir='ltr'><strong>sub</strong></span> <span class='ocrx_word' id='word_1_696' title='bbox 1860 4797 1966 4837; x_wconf 91' lang='lat' dir='ltr'><strong>uno</strong></span> <span class='ocrx_word' id='word_1_697' title='bbox 1982 4782 2117 4851; x_wconf 83' lang='lat' dir='ltr'><strong>regi-</strong></span> 
     </span>
    </p>
   </div>
   <div class='ocr_carea' id='block_1_97' title="bbox 548 4872 2118 4943">
    <p class='ocr_par' dir='ltr' id='par_1_97' title="bbox 548 4872 2118 4943">
     <span class='ocr_line' id='line_1_98' title="bbox 548 4872 2118 4943; baseline -0.001 -15"><span class='ocrx_word' id='word_1_698' title='bbox 548 4873 696 4930; x_wconf 85' lang='lat' dir='ltr'><strong>mine</strong></span> <span class='ocrx_word' id='word_1_699' title='bbox 707 4873 1003 4931; x_wconf 87' lang='lat' dir='ltr'><strong>Gothorum</strong></span> <span class='ocrx_word' id='word_1_700' title='bbox 1020 4884 1163 4931; x_wconf 87' lang='lat' dir='ltr'><strong>esset</strong></span> <span class='ocrx_word' id='word_1_701' title='bbox 1188 4876 1504 4941; x_wconf 88' lang='lat' dir='ltr'><strong>constituta,</strong></span> <span class='ocrx_word' id='word_1_702' title='bbox 1526 4885 1581 4929; x_wconf 88' lang='lat' dir='ltr'><strong>et</strong></span> <span class='ocrx_word' id='word_1_703' title='bbox 1603 4890 1724 4928; x_wconf 86' lang='lat' dir='ltr'><strong>cum</strong></span> <span class='ocrx_word' id='word_1_704' title='bbox 1737 4875 1913 4929; x_wconf 89' lang='lat' dir='ltr'><strong>omnis</strong></span> <span class='ocrx_word' id='word_1_705' title='bbox 1928 4872 2118 4943; x_wconf 84' lang='lat' dir='ltr'><strong>Hispa-</strong></span> 
     </span>
    </p>
   </div>
   <div class='ocr_carea' id='block_1_98' title="bbox 550 4962 2119 5036">
    <p class='ocr_par' dir='ltr' id='par_1_98' title="bbox 550 4962 2119 5036">
     <span class='ocr_line' id='line_1_99' title="bbox 550 4962 2119 5036; baseline -0.001 -18"><span class='ocrx_word' id='word_1_706' title='bbox 550 4965 653 5022; x_wconf 70' lang='lat' dir='ltr'><strong>nia:</strong></span> <span class='ocrx_word' id='word_1_707' title='bbox 680 4968 952 5022; x_wconf 88' lang='lat' dir='ltr'><strong>exercitus</strong></span> <span class='ocrx_word' id='word_1_708' title='bbox 993 4967 1047 5022; x_wconf 91' lang='lat' dir='ltr'><strong>in</strong></span> <span class='ocrx_word' id='word_1_709' title='bbox 1078 4980 1186 5022; x_wconf 90' lang='lat' dir='ltr'><strong>uno</strong></span> <span class='ocrx_word' id='word_1_710' title='bbox 1227 4965 1417 5021; x_wconf 87' lang='lat' dir='ltr'><strong>fuisset</strong></span> <span class='ocrx_word' id='word_1_711' title='bbox 1463 4973 1817 5036; x_wconf 81' lang='lat' dir='ltr'><strong>congregatus</strong></span> <span class='ocrx_word' id='word_1_712' title='bbox 1842 5005 1857 5030; x_wconf 91' lang='lat'><strong>,</strong></span> <span class='ocrx_word' id='word_1_713' title='bbox 1885 4962 2119 5019; x_wconf 87' lang='lat' dir='ltr'><strong>lsmaeli-</strong></span> 
     </span>
    </p>
   </div>
   <div class='ocr_carea' id='block_1_99' title="bbox 624 5141 1794 5218">
    <p class='ocr_par' dir='ltr' id='par_1_99' title="bbox 624 5141 1794 5218">
     <span class='ocr_line' id='line_1_100' title="bbox 624 5141 1794 5218; baseline -0.003 -22"><span class='ocrx_word' id='word_1_714' title='bbox 624 5154 650 5218; x_wconf 58' lang='grc' dir='ltr'><strong>ξ</strong></span> <span class='ocrx_word' id='word_1_715' title='bbox 690 5142 850 5218; x_wconf 63' lang='lat' dir='ltr'><strong>Derg,</strong></span> <span class='ocrx_word' id='word_1_716' title='bbox 874 5142 928 5196; x_wconf 82' lang='lat' dir='ltr'><strong>in</strong></span> <span class='ocrx_word' id='word_1_717' title='bbox 951 5141 1164 5218; x_wconf 59' lang='lat' dir='ltr'><strong>Regem.</strong></span> <span class='ocrx_word' id='word_1_718' title='bbox 1189 5141 1297 5196; x_wconf 80' lang='lat' dir='ltr'><strong>late</strong></span> <span class='ocrx_word' id='word_1_719' title='bbox 1322 5157 1440 5196; x_wconf 83' lang='lat' dir='ltr'><strong>vero</strong></span> <span class='ocrx_word' id='word_1_720' title='bbox 1468 5141 1544 5204; x_wconf 81' lang='lat' dir='ltr'><strong>in,</strong></span> <span class='ocrx_word' id='word_1_721' title='bbox 1571 5149 1675 5218; x_wconf 63' lang='lat' dir='ltr'><strong>etc.</strong></span> <span class='ocrx_word' id='word_1_722' title='bbox 1765 5181 1794 5218; x_wconf 34' lang='lat' dir='ltr'><strong>n.</strong></span> 
     </span>
    </p>
   </div>
   <div class='ocr_carea' id='block_1_100' title="bbox 648 5208 2044 5264">
    <p class='ocr_par' dir='ltr' id='par_1_100' title="bbox 648 5208 2044 5264">
     <span class='ocr_line' id='line_1_101' title="bbox 648 5208 2044 5264; baseline 0.021 -30"><span class='ocrx_word' id='word_1_723' title='bbox 648 5225 650 5227; x_wconf 50' lang='grc' dir='ltr'><strong>ι</strong></span> <span class='ocrx_word' id='word_1_724' title='bbox 694 5212 730 5228; x_wconf 75' lang='lat' dir='ltr'>n</span> <span class='ocrx_word' id='word_1_725' title='bbox 800 5208 821 5212; x_wconf 43' lang='grc' dir='ltr'><strong>ν</strong></span> <span class='ocrx_word' id='word_1_726' title='bbox 932 5227 948 5232; x_wconf 61' lang='grc' dir='ltr'><strong>ι</strong></span> <span class='ocrx_word' id='word_1_727' title='bbox 984 5213 994 5224; x_wconf 77' lang='grc'><strong><em>⁸</em></strong></span> <span class='ocrx_word' id='word_1_728' title='bbox 1030 5208 1100 5228; x_wconf 77' lang='lat'><strong>&quot;‘</strong></span> <span class='ocrx_word' id='word_1_729' title='bbox 1127 5226 1348 5248; x_wconf 29' lang='lat' dir='ltr'><strong>t-I-anvm</strong></span> <span class='ocrx_word' id='word_1_730' title='bbox 1378 5221 1524 5255; x_wconf 64' lang='lat' dir='ltr'><strong>Iavtn</strong></span> <span class='ocrx_word' id='word_1_731' title='bbox 1580 5208 1886 5264; x_wconf 81' lang='lat' dir='ltr'><strong>Sacerdotes</strong></span> <span class='ocrx_word' id='word_1_732' title='bbox 1910 5223 2044 5256; x_wconf 61' lang='lat' dir='ltr'><strong>rem-</strong></span> 
     </span>
    </p>
   </div>
   <div class='ocr_carea' id='block_1_101' title="bbox 2225 4684 3803 4759">
    <p class='ocr_par' dir='ltr' id='par_1_101' title="bbox 2225 4684 3803 4759">
     <span class='ocr_line' id='line_1_102' title="bbox 2225 4684 3803 4759; baseline -0.01 -5"><span class='ocrx_word' id='word_1_733' title='bbox 2225 4696 2590 4754; x_wconf 89' lang='lat' dir='ltr'><strong>fundamentis</strong></span> <span class='ocrx_word' id='word_1_734' title='bbox 2616 4708 2848 4749; x_wconf 87' lang='lat' dir='ltr'><strong>evovens</strong></span> <span class='ocrx_word' id='word_1_735' title='bbox 2869 4691 3146 4759; x_wconf 83' lang='lat' dir='ltr'><strong>sexaginta</strong></span> <span class='ocrx_word' id='word_1_736' title='bbox 3192 4688 3297 4741; x_wconf 87' lang='lat' dir='ltr'><strong>tria</strong></span> <span class='ocrx_word' id='word_1_737' title='bbox 3326 4685 3499 4741; x_wconf 85' lang='lat' dir='ltr'><strong>millia</strong></span> <span class='ocrx_word' id='word_1_738' title='bbox 3527 4684 3803 4740; x_wconf 70' lang='lat' dir='ltr'><strong>Chaldaeo-</strong></span> 
     </span>
    </p>
   </div>
   <div class='ocr_carea' id='block_1_102' title="bbox 2225 4777 3807 4856">
    <p class='ocr_par' dir='ltr' id='par_1_102' title="bbox 2225 4777 3807 4856">
     <span class='ocr_line' id='line_1_103' title="bbox 2225 4777 3807 4856; baseline -0.008 -13"><span class='ocrx_word' id='word_1_739' title='bbox 2225 4804 2344 4843; x_wconf 89' lang='lat' dir='ltr'><strong>rttm</strong></span> <span class='ocrx_word' id='word_1_740' title='bbox 2375 4794 2655 4856; x_wconf 89' lang='lat' dir='ltr'><strong>stupenter</strong></span> <span class='ocrx_word' id='word_1_741' title='bbox 2681 4796 2720 4824; x_wconf 77' lang='grc' dir='ltr'><strong>ιιι</strong></span> <span class='ocrx_word' id='word_1_742' title='bbox 2753 4784 2805 4837; x_wconf 91' lang='lat' dir='ltr'><strong>in</strong></span> <span class='ocrx_word' id='word_1_743' title='bbox 2835 4781 3053 4836; x_wconf 77' lang='lat' dir='ltr'><strong>ﬂumine</strong></span> <span class='ocrx_word' id='word_1_744' title='bbox 3074 4777 3386 4849; x_wconf 75' lang='lat' dir='ltr'><strong>proiecerit,</strong></span> <span class='ocrx_word' id='word_1_745' title='bbox 3416 4789 3584 4849; x_wconf 86' lang='lat' dir='ltr'><strong>atque</strong></span> <span class='ocrx_word' id='word_1_746' title='bbox 3616 4786 3807 4831; x_wconf 65' lang='lat' dir='ltr'><strong>omne.ﬂ</strong></span> 
     </span>
    </p>
   </div>
   <div class='ocr_carea' id='block_1_103' title="bbox 2223 4869 3789 4949">
    <p class='ocr_par' dir='ltr' id='par_1_103' title="bbox 2223 4869 3789 4949">
     <span class='ocr_line' id='line_1_104' title="bbox 2223 4869 3789 4949; baseline -0.008 -16"><span class='ocrx_word' id='word_1_747' title='bbox 2223 4877 2551 4949; x_wconf 84' lang='lat' dir='ltr'><strong>oppresserit</strong></span> <span class='ocrx_word' id='word_1_748' title='bbox 2570 4885 2619 4942; x_wconf 77' lang='grc' dir='ltr'>ιι,</span> <span class='ocrx_word' id='word_1_749' title='bbox 2653 4876 2742 4932; x_wconf 90' lang='lat' dir='ltr'><strong>ubi</strong></span> <span class='ocrx_word' id='word_1_750' title='bbox 2771 4888 2939 4944; x_wconf 90' lang='lat' dir='ltr'><strong>usque</strong></span> <span class='ocrx_word' id='word_1_751' title='bbox 2967 4885 3106 4927; x_wconf 89' lang='lat' dir='ltr'><strong>nunc</strong></span> <span class='ocrx_word' id='word_1_752' title='bbox 3127 4871 3242 4941; x_wconf 89' lang='lat' dir='ltr'><strong>ipse</strong></span> <span class='ocrx_word' id='word_1_753' title='bbox 3266 4869 3492 4935; x_wconf 83' lang='lat' dir='ltr'><strong>ﬂuvius,</strong></span> <span class='ocrx_word' id='word_1_754' title='bbox 3516 4869 3643 4923; x_wconf 88' lang='lat' dir='ltr'><strong>dum</strong></span> <span class='ocrx_word' id='word_1_755' title='bbox 3670 4878 3789 4922; x_wconf 77' lang='lat' dir='ltr'><strong>tein-</strong></span> 
     </span>
    </p>
   </div>
   <div class='ocr_carea' id='block_1_104' title="bbox 2225 4959 3799 5034">
    <p class='ocr_par' dir='ltr' id='par_1_104' title="bbox 2225 4959 3799 5034">
     <span class='ocr_line' id='line_1_105' title="bbox 2225 4959 3799 5034; baseline -0.006 -10"><span class='ocrx_word' id='word_1_756' title='bbox 2225 4969 2339 5024; x_wconf 87' lang='lat' dir='ltr'><strong>uori</strong></span> <span class='ocrx_word' id='word_1_757' title='bbox 2370 4965 2585 5025; x_wconf 89' lang='lat' dir='ltr'><strong>hiemali</strong></span> <span class='ocrx_word' id='word_1_758' title='bbox 2612 4966 2821 5022; x_wconf 84' lang='lat' dir='ltr'><strong>alveum</strong></span> <span class='ocrx_word' id='word_1_759' title='bbox 2845 4978 2999 5021; x_wconf 89' lang='lat' dir='ltr'><strong>suum</strong></span> <span class='ocrx_word' id='word_1_760' title='bbox 3026 4959 3237 5034; x_wconf 84' lang='lat' dir='ltr'><strong>implet,</strong></span> <span class='ocrx_word' id='word_1_761' title='bbox 3261 4961 3524 5033; x_wconf 84' lang='lat' dir='ltr'><strong>ripasque</strong></span> <span class='ocrx_word' id='word_1_762' title='bbox 3542 4960 3799 5025; x_wconf 81' lang='lat' dir='ltr'><strong>dissolvit,</strong></span> 
     </span>
    </p>
   </div>
   <div class='ocr_carea' id='block_1_105' title="bbox 2224 5136 2841 5200">
    <p class='ocr_par' dir='ltr' id='par_1_105' title="bbox 2224 5136 2841 5200">
     <span class='ocr_line' id='line_1_106' title="bbox 2224 5136 2841 5200; baseline -0.003 -8"><span class='ocrx_word' id='word_1_763' title='bbox 2224 5136 2394 5200; x_wconf 85' lang='lat' dir='ltr'><strong>addit.</strong></span> <span class='ocrx_word' id='word_1_764' title='bbox 2422 5149 2475 5194; x_wconf 91' lang='lat' dir='ltr'><strong>et</strong></span> <span class='ocrx_word' id='word_1_765' title='bbox 2502 5155 2619 5192; x_wconf 83' lang='lat' dir='ltr'><strong>cum</strong></span> <span class='ocrx_word' id='word_1_766' title='bbox 2646 5138 2841 5191; x_wconf 91' lang='lat' dir='ltr'><strong>omnis.</strong></span> 
     </span>
    </p>
   </div>
   <div class='ocr_carea' id='block_1_106' title="bbox 2302 5206 3007 5259">
    <p class='ocr_par' dir='ltr' id='par_1_106' title="bbox 2302 5206 3007 5259">
     <span class='ocr_line' id='line_1_107' title="bbox 2302 5206 3007 5259; baseline 0.014 -10"><span class='ocrx_word' id='word_1_767' title='bbox 2302 5211 2321 5249; x_wconf 73' lang='grc' dir='ltr'>ί</span> <span class='ocrx_word' id='word_1_768' title='bbox 2370 5209 2521 5250; x_wconf 64' lang='lat' dir='ltr'><strong>hanc!</strong></span> <span class='ocrx_word' id='word_1_769' title='bbox 2561 5225 2662 5252; x_wconf 84' lang='lat' dir='ltr'><strong>mm</strong></span> <span class='ocrx_word' id='word_1_770' title='bbox 2692 5208 2829 5254; x_wconf 75' lang='lat' dir='ltr'><strong>amni</strong></span> <span class='ocrx_word' id='word_1_771' title='bbox 2853 5206 3007 5259; x_wconf 65' lang='lat' dir='ltr'><strong>Bern.</strong></span> 
     </span>
    </p>
   </div>
  </div>
