3948 5660
37 369 147 426 ill?

898 357 1290 414 CliBONlCON
1330 358 1730 414 SEBASTHNI
1772 361 2182 418 SALMANTIC.
2223 362 2323 416 ΕΡ.

3106 352 3246 418 iTlS

34 487 156 552 signa
204 488 465 532 armorum
537 481 592 524 ct
647 471 850 526 ossium
919 486 1105 525 eorum
1161 470 1563 526 evidentissime
1594 478 1635 532 Λ
1670 471 1948 528 Secoviam
1978 474 2021 538 ί,
2046 475 2367 538 Astoricam,
2390 471 2696 542 Legionem,
2716 467 3046 541 Saldaniam,
3069 469 3241 532 Mabe,

31 568 253 629 ostendit.
279 563 391 618 Non
422 561 563 616 istud
599 562 914 616 miraculum
944 563 1105 616 inane
1135 571 1229 614 aut
1269 559 1568 615 fabulosum

33 660 214 735 putetis,
236 654 322 709 sed
342 651 696 706 recordamini
721 652 844 721 quia
873 652 962 720 qui
983 651 1034 704 in
1060 651 1239 704 Rubro
1259 651 1392 704 mari
1409 649 1573 720 Aigy-

33 754 149 824 ptios
192 744 432 802 Israelem
493 751 880 812 persequentes
941 744 1237 806 demersit,
1294 743 1406 812 ipse
1474 743 1573 804 hos

33 839 208 896 Arabes
250 831 539 887 Ecclesiam
593 830 806 884 Domini
859 839 1260 900 persequentes,
1311 831 1572 885 immensa

36 931 206 987 montis
231 925 366 981 mole
387 925 677 994 oppressit.
1018 915 1026 922 ’

26 1049 28 1052 ν
91 1023 164 1076 il.
200 1018 297 1072 Per
320 1016 457 1069 idem
482 1023 692 1084 tempus
724 1014 774 1066 in
807 1014 908 1067 hac
933 1013 1149 1082 regione
1178 1013 1571 1068 Asturicnsium

35 1117 78 1168 in
123 1111 324 1166 civitate
385 1105 624 1176 Gegione
671 1105 989 1176 prmpositus
1041 1103 1412 1158 Cltaldzeorum
1460 1113 1578 1157 erat

35 1201 221 1258 nomine
248 1196 494 1255 Munuza,
541 1194 636 1264 qui
682 1193 910 1246 Muuuza
949 1208 1087 1245 unus
1125 1207 1189 1246 ex
1223 1201 1456 1260 quatuor
1481 1190 1578 1244 du-

38 1293 166 1345 cibus
192 1286 285 1340 fuit
313 1285 403 1353 qui
431 1284 580 1353 prius
608 1296 633 1324 ⁸
660 1282 946 1353 Hispanias
974 1290 1375 1352 oppresserunt.
1394 1281 1578 1351 Itaque

36 1382 140 1436 dum
182 1377 598 1433 internecionem
650 1360 924 1429 exercitus
972 1374 1147 1444 gentis
1199 1389 1309 1428 suae
1358 1387 1578 1442 compe-

39 1471 191 1532 risset,
217 1466 395 1520 relicta
428 1465 560 1518 urbe
581 1463 764 1531 fugam
791 1464 1023 1533 arripuit
1049 1478 1064 1516 :
1093 1479 1323 1532 cumque
1352 1463 1578 1518 Astures

37 1566 395 1630 persequentes
449 1571 572 1610 eum
601 1596 617 1618 ,
669 1556 719 1609 in
754 1555 871 1609 loco
912 1555 1178 1610 Olaliense
1219 1555 1575 1625 reperissent,

39 1650 170 1706 simul
206 1663 322 1704 cum
349 1646 591 1701 exercitu
625 1661 726 1700 suo
767 1661 888 1700 eum
917 1645 1094 1716 g'adio
1124 1645 1460 1709 deleverunt,
1507 1644 1578 1698 ita

41 1753 88 1797 ut
121 1757 180 1796 ne
205 1754 338 1794 unus
364 1738 737 1794 Chaldaeorum
763 1739 902 1792 intra
930 1737 1154 1807 l‘yriuaei
1186 1746 1374 1807 portus
1405 1751 1578 1790 rema-

1673 563 1956 623 Amaiam,
2006 565 2442 633 Septemancam,
2493 562 2728 622 Aucam,
2783 558 3072 628 Velegiam,
3123 561 3246 614 Ala-

1677 654 1916 717 bensem,
1949 654 2243 708 Mirandam
2271 657 2316 717 5,
2368 652 2740 708 Rebendecam
2761 692 2774 712 ,
2813 651 3202 705 Carbonariam
3227 692 3244 715 ,

1677 747 1964 809 Abeicam,
1995 747 2200 802 Bruncs
2221 749 2270 809 δ,
2304 745 2646 809 Cinisariam,
2679 745 2940 798 Alesanco
2969 744 3250 814 (Conicere

1672 857 1705 911 y
1737 840 1999 894 Alesanco
2026 855 2092 893 en
2130 838 2176 891 la
2208 838 2406 906 Rioja),
2437 837 2716 892 Oxomam.
2747 834 3010 896 Cluuiam,
3038 835 3248 903 Argan-

1675 933 1827 993 tiam,
1857 930 2070 998 Septem
2094 928 2382 998 publicam,
2405 925 2642 995 exceptis
2661 922 2866 977 Castris
2904 924 2918 962 i
2954 939 3076 976 cum
3103 921 3253 976 Villis

1671 1029 1730 1074 et
1761 1019 1948 1073 viculis
1991 1018 2104 1072 suis
2133 1035 2146 1072 :
2178 1033 2365 1073 omnes
2388 1030 2601 1085 quoque
2642 1013 2849 1068 Arabes
2892 1025 3246 1082 occupatores

1676 1111 2105 1179 supradictarum
2155 1109 2434 1163 civitatum
2507 1104 2858 1169 interﬁciens,
2915 1105 3254 1160 Christianos

1677 1216 1859 1255 secum
1888 1199 1952 1252 ad
1977 1199 2205 1270 patriam
2234 1198 2409 1253 duxit.

1751 1289 1838 1344 14.
1881 1289 1956 1342 Eo
2006 1296 2245 1357 tempore
2288 1285 2610 1357 populantur
2651 1282 2966 1343 Primorias,
3014 1281 3254 1345 Lebana,

1682 1379 2027 1442 Transmera,
2086 1376 2374 1447 Supporta,
2425 1377 2730 1437 Carranza,
2782 1370 3073 1426 Barduliai
3143 1389 3262 1443 qua:

1684 1487 1826 1526 nunc
1847 1470 2148 1541 appellatur
2168 1469 2421 1533 Castella,
2453 1477 2503 1523 et
2535 1484 2659 1538 pars
2686 1467 2952 1522 maritima
2971 1464 3262 1529 Gallaecim,

1680 1561 1868 1634 Burgi.
1898 1561 2064 1615 Alava
2099 1574 2332 1629 namque
2365 1557 2619 1631 .Vizcaya.
2669 1559 2890 1620 Alaone,
2929 1567 2984 1613 et
3016 1557 3253 1612 Urdunia

1681 1670 1711 1707 a
1743 1653 1856 1708 suis
1886 1653 2076 1707 incolis
2108 1653 2449 1720 reperiuntur
2469 1666 2679 1720 semper
2701 1666 2821 1706 esse
2845 1667 3129 1722 possessas,
3152 1651 3260 1706 sic-

1683 1753 1742 1798 ut
1768 1744 2125 1814 Pampilonia,
2161 1743 2356 1813 Degius
2402 1752 2483 1798 est
2534 1752 2693 1812 atque
2718 1744 2743 1782 Ιί
2777 1743 3027 1798 Berroza.
3081 1742 3266 1811 Itaque

41 1841 190 1888 ιιεΐθι·
234 1830 386 1884 Τυηο
428 1830 642 1884 demum
674 1828 908 1883 ﬁdelium
938 1838 1297 1900 aggreganlur
1343 1827 1580 1898 agmina.
1616 1815 1656 1872 Β
1689 1833 2030 1903 supradictus
2075 1832 2379 1886 Adefonsus
2423 1831 2708 1885 admodum
2739 1833 3114 1902 magnanimus
3145 1829 3268 1894 fuit,

41 1921 334 1992 populantur
382 1919 572 1990 patriae
595 1959 608 1982 ,
655 1928 1026 1973 restaurautur
1057 1917 1296 1974 ecclesia:
1321 1932 1337 1972 :
1364 1927 1420 1972 et
1461 1927 1590 1972 tunc

43 2028 204 2068 omnes
231 2013 283 2066 in
325 2011 601 2066 communi
643 2011 848 2080 gratias
885 2009 1156 2076 referunt,
1188 2011 1433 2065 dicentes
1463 2028 1476 2064 :
1507 2009 1590 2066 Sit

43 2119 214 2157 nomen
241 2102 454 2156 Domini
480 2102 845 2167 benedictum,
874 2101 963 2170 qui
994 2101 1262 2156 confortat
1294 2101 1344 2155 in
1376 2115 1434 2155 se
1462 2115 1585 2154 ere-

46 2195 229 2257 dentes,
277 2202 332 2248 et
379 2192 450 2246 ad
503 2191 726 2246 nihilum
773 2192 982 2245 deducit
1044 2193 1314 2262 improbas
1369 2201 1580 2260 gentes.

45 2287 264 2359 Pelagius
307 2295 436 2357 post
479 2300 678 2340 nonum
721 2284 986 2338 decimum
1041 2284 1187 2355 regni
1253 2285 1334 2338 sui
1393 2299 1591 2338 annum

46 2379 382 2449 completum,
439 2377 656 2448 propria
709 2387 881 2431 morte
931 2377 1195 2438 decessit,
1249 2385 1302 2430 et
1357 2375 1598 2444 sepultus

46 2484 146 2522 eum
187 2484 352 2523 uxore
403 2483 504 2522 sua
552 2467 818 2521 Gaudiosa
852 2467 1036 2535 regina
1071 2467 1346 2522 territorio
1389 2466 1600 2536 Cangas

45 2559 93 2612 in
112 2558 328 2614 ecclesia
359 2569 566 2615 sancta:
594 2557 816 2613 Eulaliae
845 2558 910 2612 de
935 2556 1191 2627 Velapnio
1219 2556 1336 2623 fuit,
1361 2570 1469 2611 tera
1493 2554 1598 2610 775

46 2651 140 2718 (Μ’
177 2651 316 2721 75η
683 2719 948 2775 FAFILA.

103 2851 181 2905 12.
229 2852 400 2906 Filius
453 2852 570 2939 ejus
606 2849 772 2905 Faﬁla
829 2848 884 2904 in
944 2864 1110 2918 regno
1159 2848 1452 2915 successit,
1509 2850 1600 2920 qui

52 2952 249 3014 prepter
287 2945 622 3014 paucitatem
651 2943 909 3010 temporis
942 2941 1073 2996 nihil
1109 2942 1349 3002 historiae
1387 2943 1603 3012 dignum

45 3036 156 3101 egit.
180 3035 424 3102 Quadam
453 3035 742 3089 occasione
777 3033 1013 3086 levitatis
1039 3034 1259 3086 ab'nrso
1289 3032 1608 3086 interfectus

44 3133 267 3180 estanuo
309 3125 466 3194 regni
515 3124 596 3177 sui
635 3123 890 3184 secundo,
925 3132 978 3176 ct
1024 3121 1262 3191 sepultus
1293 3137 1410 3176 cum
1443 3135 1608 3174 uxore
1637 3173 1678 3194 η

43 3230 126 3267 sua
173 3218 354 3285 regina
381 3216 412 3256 δ
457 3215 685 3270 Froleba
737 3214 1011 3268 territorio
1036 3213 1246 3282 Cangas
1283 3213 1333 3266 in
1380 3212 1605 3266 ecclesia

50 3303 250 3361 Sanctae
276 3307 498 3366 Crucis,
528 3321 686 3374 quam
711 3305 824 3375 ipse
846 3304 1167 3370 construxit,
1197 3302 1315 3369 fuit,
1346 3319 1452 3357 .cra
1486 3303 1604 3357 777.

383 3434 799 3491 ADEFONSUS
837 3435 855 3490 1
889 3434 1257 3508 (Calholicus).

105 3554 184 3608 1⁸5.
223 3553 355 3610 Post
381 3554 620 3608 Fatilani
649 3554 924 3608 interitum
958 3551 1260 3606 Adefonsus
1292 3561 1313 3589 ο
1347 3551 1613 3605 successit

41 3643 87 3695 in
115 3661 333 3716 regnum
366 3663 380 3699 :
416 3647 506 3699 vir
533 3659 737 3715 magna}
762 3645 996 3707 virtutis,
1021 3643 1162 3696 filius
1187 3641 1328 3696 Petri
1364 3641 1518 3694 ducis
1545 3655 1612 3692 ex

42 3735 228 3788 semine
285 3733 608 3803 Leuvegildi
638 3775 652 3798 ,
691 3741 744 3787 et
784 3733 1076 3787 Reccaredi
1128 3746 1312 3799 regum
1359 3729 1611 3799 progeni-

43 3834 117 3877 tus
154 3825 201 3878 d.
233 3826 516 3897 Tempore
539 3841 723 3896 regum
760 3825 978 3895 Egicani
1009 3834 1060 3880 et
1086 3823 1336 3877 Witizani
1365 3823 1616 3892 princeps

38 3918 228 3972 militia!
266 3919 408 3983 fuit,
459 3918 554 3987 qui
604 3916 927 3985 cumgratia
957 3915 1136 3969 divina
1188 3912 1334 3982 regni
1376 3912 1615 3978 suscepit

37 4018 253 4078 sceptra.
277 4009 536 4064 Arabum
567 4021 708 4077 saepe
728 4008 794 4061 ab
818 4019 882 4060 eo
906 4003 1006 4080 fuit
1034 4003 1256 4059 audacia
1287 4017 1612 4070 compressa.

39 4095 132 4153 lste
158 4112 379 4172 quantze
419 4100 633 4171 gratiae,
678 4097 759 4152 vel
807 4097 1046 4158 virtutis,
1081 4104 1244 4164 atque
1273 4093 1616 4148 auctoritatis

38 4191 203 4258 fuerit,
232 4193 636 4263 subsequentia
685 4200 806 4246 acta
847 4189 1146 4244 declarant.
1182 4185 1353 4241 Simul
1385 4199 1618 4253 namque

35 4297 143 4337 cum
171 4282 347 4339 fratre
377 4300 487 4338 suo
522 4281 772 4336 Froilane
814 4281 978 4334 multa
1027 4280 1289 4334 adversus
1318 4276 1620 4331 Saracenos

35 4375 207 4442 pra-lia
235 4377 434 4445 gessit,
490 4384 652 4444 atque
698 4373 960 4443 plurimas
993 4373 1245 4428 civitates
1277 4369 1344 4422 ab
1372 4369 1450 4423 eis
1485 4367 1615 4420 olim

33 4481 310 4535 oppressas
329 4468 511 4538 cepit,
535 4466 586 4519 id
610 4475 714 4531 est,
735 4464 960 4527 Lucum,
991 4463 1215 4524 Tudem,
1255 4459 1616 4523 Portucalem,

1691 1924 1808 1980 sine
1854 1920 2148 1976 offensione
2198 1935 2324 1992 erga
2374 1920 2538 1976 Deum
2599 1931 2652 1975 ct
2692 1921 3018 1986 Ecclesiam,
3073 1929 3126 1973 et
3185 1920 3266 1974 vi-

1695 2024 1802 2068 tam
1866 2013 2060 2068 merito
2112 2012 2482 2067 immitabilem
2517 2011 2533 2051 ι
2566 2012 2738 2066 duxit.
2783 2011 3040 2066 Basilicas
3081 2009 3264 2080 plures

1693 2103 2018 2168 construxit,
2046 2113 2102 2158 et
2129 2103 2467 2158 instauravit.
2499 2102 2766 2173 Regnavit
2793 2118 2963 2156 annos
2988 2116 3144 2156 xvut.
3181 2100 3270 2154 Vi-

1700 2206 1808 2252 tam
1843 2194 2070 2250 feliciter
2090 2193 2143 2248 in
2170 2209 2302 2263 pace
2328 2192 2537 2247 finivit:
2576 2193 2922 2262 sepultusque
2950 2208 3071 2246 eum
3109 2205 3276 2245 uxore

1695 2301 1790 2342 sua
1817 2286 2000 2355 regina
2029 2284 2338 2339 Ermesiuda
2383 2285 2435 2338 in
2479 2284 2749 2338 territorio
2775 2282 2984 2354 Cangas
3011 2282 3062 2336 in
3094 2297 3280 2336 mona-

1702 2377 1870 2430 sterio
1901 2374 1957 2429 S.
1993 2374 2171 2428 Mariae
2203 2373 2320 2427 fuit.
2451 2436 2453 2439 ι

1774 2465 1860 2519 15.
1898 2464 2007 2518 Nec
2031 2464 2132 2518 hoc
2164 2462 2482 2532 stupendum
2512 2461 2832 2516 miraculum
2863 2470 3281 2531 prmtermitten-

1703 2559 1828 2614 dum
1878 2565 1961 2612 est
1983 2597 1996 2622 ,
2047 2556 2188 2625 quod
2223 2556 2353 2608 hora
2386 2553 2731 2608 discessionis
2766 2565 2806 2591 ιιι
2836 2553 2950 2620 ejus
2979 2551 3282 2608 certissime

1705 2663 1879 2706 actum
1911 2658 2030 2703 est:
2065 2663 2184 2701 nam
2219 2661 2340 2700 cum
2370 2645 2615 2716 spiritum
2645 2644 2912 2699 emisisset
2949 2644 3284 2712 intempestae

1707 2743 1880 2796 noctis
1926 2739 2163 2804 silentio,
2211 2746 2264 2790 et
2298 2735 2538 2791 excubiae
2584 2733 2834 2806 palatina:
2879 2730 3286 2802 diligentissime

1707 2848 1902 2904 corpus
1931 2830 2072 2884 illius
2107 2829 2479 2890 observarent,
2529 2824 2706 2880 subito
2737 2824 2787 2878 in
2833 2819 2956 2877 aere
3002 2821 3216 2874 auditur
3255 2836 3285 2878 a

1709 2924 1914 2979 cunctis
1952 2921 2339 2976 excubantibus
2383 2934 2481 2971 vox
2529 2916 2839 2987 angelorum
2891 2913 3231 2984 psallentium
3270 2929 3282 2963 ;

1713 3018 1843 3070 Ecce
1890 3014 2146 3085 quomodo
2196 3011 2397 3066 tollitur
2433 3009 2633 3080 justus,
2687 3021 2733 3060 et
2771 3023 2918 3059 nemo
2949 3003 3288 3062 considerat;

1712 3120 1756 3163 et
1786 3109 1880 3162 viri
1895 3105 2031 3176 juin
2058 3103 2330 3164 tolluntur,
2364 3111 2409 3154 et
2440 3114 2587 3153 nemo
2616 3098 2830 3168 percipit
2861 3096 3015 3150 corde
3047 3111 3064 3148 :
3097 3112 3126 3146 η
3158 3093 3294 3163 facie

1711 3196 1999 3267 iniquitatis
2035 3193 2270 3248 sublatus
2297 3201 2370 3245 csl
2392 3191 2590 3259 justus,
2634 3189 2728 3241 erit
2771 3187 2822 3239 in
2853 3203 2978 3255 pace
3021 3169 3296 3252 sepultum

1711 3290 1844 3358 ejus.
1878 3287 1987 3340 Hoc
2023 3300 2204 3338 rerum
2237 3297 2356 3337 csse
2393 3296 2616 3351 prorsus
2643 3279 2971 3348 cognoscite,
3019 3289 3114 3327 nec
3142 3272 3297 3325 fabu-

1713 3378 1882 3434 losum
1909 3374 2338 3442 dictumputetis
2372 3391 2384 3425 :
2431 3371 2665 3440 alioquin
2699 3379 2875 3422 tacere
2914 3365 3082 3432 magis
3127 3362 3296 3430 elige-.

1713 3485 1846 3533 rem,
1874 3483 2035 3539 quam
2077 3465 2209 3519 falsa
2237 3477 2485 3532 promere
2518 3460 2846 3515 maluissem.
2876 3455 3006 3512 ,λΕι-ιι
3035 3451 3140 3508 795
3175 3451 3288 3520 (an.

1712 3558 1859 3629 757).

2370 3641 2623 3698 FROILA

1789 3740 1870 3792 ib.
1926 3738 2055 3792 Post
2100 3733 2354 3790 Adefonsi
2408 3733 2702 3785 discessum
2759 3726 2938 3782 Froila
2989 3725 3132 3780 filius
3179 3721 3302 3792 ejus

1717 3828 1974 3884 successit
2007 3828 2058 3880 in
2092 3841 2334 3896 regnum.
2363 3821 2462 3876 llic
2492 3821 2575 3875 vir
2603 3829 2781 3874 mente
2805 3827 2858 3872 et
2887 3816 3058 3871 armis
3091 3814 3297 3868 acerri-

1719 3937 1836 3975 nms
1870 3920 1972 3974 fuit
2015 3934 2028 3972 :
2078 3917 2331 3971 victorias
2388 3913 2584 3968 nmltas
2630 3912 2739 3981 cgit
2779 3909 3038 3964 adversus
3089 3907 3303 3960 hostem

1718 4011 2138 4064 Cordubensem.
2167 4007 2222 4061 lu
2264 4005 2382 4060 loco
2410 4003 2499 4074 qui
2536 4011 2761 4056 vocatur
2809 3995 3094 4052 Pontumio
3120 3999 3300 4062 n'pro-

1718 4101 1907 4155 vincia:
1936 4099 2200 4156 Gallzecize
2229 4095 2511 4167 pra‘liavit,
2543 4107 2742 4161 eosque
2771 4096 3106 4158 expugnatos
3135 4086 3295 4153 quin-

1719 4191 1970 4261 quaginta
1994 4198 2223 4259 quatuor
2246 4186 2408 4241 millia
2432 4183 2802 4239 Chaldazorum
2833 4176 3098 4231 interfecit
3123 4191 3136 4238 ;
3164 4189 3320 4241 quos

1722 4299 1837 4338 rum
1872 4281 2058 4335 ducem
2106 4279 2522 4336 adolescentem,
2570 4273 2784 4326 nomine
2817 4269 3093 4326 llammar,
3124 4264 3293 4316 tilium

1723 4375 1787 4427 (le
1814 4371 2178 4425 Abderraman
2203 4366 2344 4420 lbem
2369 4365 2590 4424 hiscem,
2619 4369 2833 4429 captum
2862 4359 2913 4410 in
2939 4355 3125 4410 eodem
3154 4353 3294 4414 loco,

1724 4459 1900 4530 gladio
1927 4465 1951 4492 ο
1981 4455 2251 4510 interemit
2277 4464 2322 4505 P.
2357 4452 2628 4506 Vascones
2657 4447 2974 4501 rebellantes
3005 4441 3298 4510 superavit,

36 4555 341 4630 Pracaram,
377 4557 876 4626 Metropolitanam,
902 4556 1139 4617 Viscum,
1164 4551 1376 4605 Flavius
1407 4560 1456 4613 ο,
1480 4548 1619 4618 Aga-
1649 4550 1699 4608 D
1726 4529 1888 4618 atque
1908 4544 2166 4600 edomuit.
2223 4542 2454 4596 Munium
2515 4538 2802 4607 quamdam
2851 4529 3306 4589 adolescentulam

38 4658 154 4716 tam,
180 4652 536 4714 Letesmam,
563 4649 1005 4711 Salamanticam,
1037 4645 1345 4706 Zamoram,
1373 4639 1624 4704 Abclam,

97 4775 120 4804 ι
160 4763 325 4819 Deest
352 4763 505 4834 apud
541 4763 694 4831 Berg.
722 4763 886 4834 prin}.

97 4834 123 4873 δ
163 4835 326 4890 Deest
354 4830 781 4903 aputlemndem
811 4830 938 4903 Reg.

97 4915 118 4943 ι
159 4904 320 4974 Berg.
374 4893 841 4974 Adefonsugnqui
887 4893 1432 4974 dicitrtrtigtholicuj,
1463 4893 1614 4947 Ferr.

33 4975 113 5041 qui
138 4965 339 5028 dicitur
365 4965 622 5040 magnus.
659 4965 800 5025 Nihil
832 4971 938 5041 tale
960 4970 1095 5041 apud
1123 4967 1255 5022 Mar.
1295 4965 1554 5041 cl__Pere§.

93 5041 121 5083 (ι
161 5043 262 5110 Qui
298 5033 562 5120 tempore
592 5042 734 5120 regis
764 5033 1251 5120 Egnicani'princeps
1283 5037 1485 5091 militia:
1508 5033 1626 5097 fuit,

38 5109 336 5168 Pater’erat
361 5109 790 5172 Adefonsi,'non
826 5109 987 5171 illius,
1018 5118 1075 5162 ut
1102 5125 1166 5161 ex
1195 5117 1352 5164 attate
1377 5112 1620 5174 apparet.

37 5180 103 5252 Ita
141 5198 274 5252 ergo
317 5181 667 5252 legendum:
699 5182 997 5252 progenitus
1028 5178 1142 5252 (qui
1164 5187 1398 5252 μεμήνοι-ε
1448 5189 1623 5252 regum

37 5242 250 5322 Egicaiu'
280 5265 329 5306 et
373 5242 641 5322 Wilisani
667 5242 902 5318 princeps
925 5242 1126 5303 militim
1151 5242 1285 5318 fuit)
1315 5263 1431 5302 cum
1456 5242 1626 5313 gratia

36 5320 130 5375 etc.
162 5323 382 5377 FLonEz
418 5320 581 5373 Adic.
609 5334 704 5371 ms.

102 5403 124 5432 ο
163 5392 255 5448 Sic
281 5392 529 5460 Manet
554 5387 969 5460 c0d_.Reg._Alii
1001 5386 1263 5460 Flavium.

102 5461 124 5502 ί
164 5461 240 5516 Ita
271 5457 531 5533 praedicti
565 5458 724 5510 codd.
759 5455 814 5514 et
845 5457 1096 5512 Ferrcras
1122 5455 1282 5527 Berg.
1311 5455 1560 5511 Abulam.

102 5535 127 5571 8
166 5533 237 5585 lle
246 5531 290 5586 ι’.
333 5531 637 5582 Alnncuse.

102 5603 125 5640 ⁵
164 5600 256 5656 Sic
286 5600 432 5654 Mar.
466 5607 526 5652 ct
569 5596 692 5649 cod.
721 5598 850 5660 Reg.
880 5596 1006 5660 Alii,
1036 5595 1290 5660 Ablicam,
1321 5595 1589 5649 Abeicatn-

1733 4653 1800 4693 ex
1829 4635 2132 4690 Vasconum
2161 4631 2338 4701 prmda
2375 4629 2477 4684 sibi
2514 4627 2719 4681 servari
2756 4623 3089 4695 praecipiens,
3121 4627 3307 4689 postea

1805 4749 1816 4801 i
1865 4751 1955 4806 Sic
1984 4749 2142 4810 Man,
2174 4747 2297 4801 Ber.
2324 4756 2373 4798 et
2405 4745 2524 4798 Fer.
2555 4741 2861 4797 Burdulies.

1804 4824 1832 4864 ¹ι
1869 4820 2135 4875 Santloval
2167 4818 2359 4870 dictum
2387 4824 2479 4868 cst.

1813 4891 1825 4932 ¹
1864 4872 2102 4946 Ita—Mar.
2135 4898 2188 4942 et
2219 4889 2340 4941 cod.
2372 4885 2435 4938 li.
2466 4882 2588 4934 Bcr.
2618 4881 2907 4950 gloriosam
2936 4878 3097 4934 vitam
3137 4872 3320 4926 merito

1729 4960 2092 5018 inimitabilem
2117 4958 2286 5012 duxit.

1804 5044 1843 5072 ω
1876 5033 2026 5097 Berg.
2057 5026 2393 5082 decessionis.

1804 5114 1830 5140 ιι
1875 5103 2058 5161 Perez,
2093 5097 2383 5151 Ponlrinio.

1804 5181 1828 5208 ο
1872 5174 2029 5226 Deest
2050 5159 2193 5238 apud
2224 5165 2557 5238 Bcrganyam
2591 5159 2810 5238 9""13'0-
3026 5215 3270 5238 η,.-.,.-.-ε

1803 5257 1830 5296 ιι
2261 5219 2667 5311 έιὶῖςῇἱηῑῐιιᾷἰι
2718 5219 2978 5311 Ρέ-ὶηςίιιε

1737 5330 1756 5363 ι
1802 5294 2170 5380 Reid—(inquit)
2199 5307 2302 5380 iste
2343 5306 2727 5376 episcopatum
2763 5294 3352 5380 fu"Beotutpz‘trajistp;

1733 5352 2585 5439 1i:"§“L.‘.'c'}§}i;a’civitai'é,‘qu':e
2634 5352 2727 5428 est
2861 5352 3155 5439 "Alendus,
3182 5362 3243 5439 et
3290 5352 3357 5439 al}

1732 5425 2466 5528 lica
2483 5425 2634 5528 ΞΛΜ
2668 5425 2843 5513 apud.
2861 5425 3274 5528 Sir-udové‘l‘jﬂmt
3295 5425 3359 5500 ,Μ

1735 5520 1859 5574 Ber.
1919 5521 2164 5590 legimus:
2200 5516 2385 5590 Vacat
2430 5518 2610 5590 tamen
2671 5507 2813 5578 chd.’
2845 5517 3014 5581 com.
3074 5507 3190 5541 ,ιη-ι.

1737 5605 1844 5636 "nn
1877 5584 2109 5626 υιηῖἶηηη
2139 5585 2232 5622 fni!
2282 5599 2412 5624 Ircnc
2475 5584 2610 5614 “‘0'”
2663 5592 2714 5605 ’δ’
