3948 5586
533 420 673 513 ωε)

1234 424 1526 481 APPEND.
1568 425 1659 480 AD
1699 424 1871 480 διεδ.
1913 423 2006 479 IX.
2046 452 2118 465 —
2153 420 2523 483 AUCTORES
2560 415 2724 481 ANNI
2765 422 3054 481 INCER'I'I.

3653 419 3785 476 Διξο

535 533 589 588 in
623 533 785 605 regali
814 532 1062 605 conjugio
1087 535 1375 604 copulavit,
1409 550 1474 592 ex
1517 552 1623 606 qua
1659 536 1825 591 ﬁlium
1874 535 2110 592 Adefon-
2145 537 2192 596 Δ
2221 534 2318 590 fuit
2338 556 2361 605 ;~
2393 549 2501 595 tres
2546 555 2716 595 annos
2757 538 3036 608 regnavit:
3079 545 3271 608 sponte
3318 551 3550 607 regnum
3573 536 3792 606 dimisit,

536 640 656 680 sum
686 625 939 694 suscepit.
972 624 1238 681 Gallwciae
1280 627 1505 697 populos
1533 634 1720 685 contra
1754 643 1813 683 se
1857 627 2118 680 rebellan-

534 723 638 787 tes,
662 716 822 769 simul
868 731 990 771 cum
1025 716 1198 786 patria
1246 719 1566 771 devastavit.
1611 718 1851 788 Denique
1892 716 2116 770 fratrem

532 819 691 860 suum
721 804 934 859 nomine
966 802 1313 879 Vituaraueur
1338 806 1572 875 propriis
1617 804 1862 860 manibus
1894 802 2117 857 interfe-

498 906 501 909 '
536 895 631 950 cit.
659 894 761 962 Qui
789 910 895 948 non
942 903 1067 967 post
1111 896 1337 951 multum
1389 896 1647 966 temperie
1695 895 1949 950 talionem
1973 893 2119 964 juste

536 985 828 1055 accipiens,
861 1002 888 1040 a
937 986 1050 1041 suis
1094 985 1411 1043 interfectus
1453 996 1556 1042 est.
1589 986 1852 1057 Regnavit
1903 1000 2032 1040 ann.
2064 1000 2119 1038 XI

536 1084 592 1157 et
615 1075 889 1132 mensibus
918 1077 1110 1142 tribus,
1134 1087 1187 1132 et
1210 1078 1450 1148 sepultus
1471 1093 1595 1134 cum
1622 1091 1789 1134 uxore
1815 1092 1911 1133 sua
1940 1076 2119 1131 Munia

538 1166 691 1224 Oveti
725 1168 825 1224 fttit
860 1185 971 1225 aera
1000 1169 1105 1224 806
1135 1175 1245 1238 (an.
1278 1170 1425 1238 768).

1155 1303 1522 1361 AURELIUS.

615 1411 699 1469 i7.
739 1414 865 1470 Post
915 1414 1150 1470 Froilani
1199 1416 1475 1471 interitum
1506 1416 1865 1473 consobrinus
1910 1415 2025 1487 ejus
2067 1417 2121 1472 in

537 1508 714 1575 primo
759 1508 925 1576 gradu
968 1507 1220 1563 Aurelius
1251 1519 1303 1573 ι,
1335 1508 1480 1563 ﬁlius
1503 1509 1743 1566 Froilani
1769 1508 1957 1565 fratris
1984 1511 2125 1565 Ade-

504 1643 509 1647 .
539 1597 698 1663 fonsi,
722 1600 982 1654 successit
1026 1601 1086 1655 in
1131 1616 1353 1672 regnum
1379 1620 1391 1654 :
1427 1599 1583 1671 cujus
1612 1613 1852 1672 tempore
1884 1602 2121 1658 libertini

538 1700 728 1744 contra
756 1691 1001 1761 proprios
1030 1686 1277 1747 dominos
1312 1709 1461 1748 arma
1504 1702 1801 1757 sumentes,
1841 1694 2124 1765 tyrannice

538 1792 937 1836 surrexerunt:
989 1783 1083 1838 sed
1128 1782 1389 1857 principis
1436 1784 1719 1863 industria.
1753 1787 2025 1855 superati,
2070 1786 2123 1840 in

539 1874 853 1928 servitutem
898 1875 1183 1943 pristinam
1239 1885 1364 1931 sunt
1414 1892 1604 1931 omnes
1653 1876 1880 1932 redacti.

540 1964 682 2019 nulla
731 1966 997 2033 exercuit,
1036 1967 1163 2036 quia
1209 1982 1331 2021 cum
1380 1954 1883 2037 Arabibus'pacem
1916 1969 2122 2025 habuit.

541 2055 646 2112 Sex
679 2072 852 2113 annos
890 2059 1152 2127 regnavit,
1180 2061 1412 2130 septimo
1446 2074 1681 2131 namque
1725 2076 1868 2116 anno
1892 2046 1946 2116 in
1995 2074 2127 2130 pace

539 2151 766 2220 quievit,
798 2159 853 2206 et
891 2151 1131 2221 sepultus
1154 2136 1226 2206 'in
1261 2152 1490 2208 ecclesia
1529 2153 1701 2209 sancti
1746 2152 1963 2208 Martini
2009 2154 2125 2225 epi-

540 2241 686 2312 scopi
715 2242 768 2296 in
802 2241 950 2298 Valle
979 2243 1231 2316 Lagneyo
1267 2242 1368 2298 fuit
1396 2260 1505 2299 tera
1532 2244 1638 2300 812
1670 2243 1780 2314 (au.
1818 2244 1966 2318 774).
2027 2288 2035 2294 .

1254 2372 1424 2430 SILO.
1474 2412 1475 2415 η

614 2482 700 2537 a8.
739 2480 868 2539 Post
913 2482 1117 2538 Aurelii
1147 2484 1307 2540 ﬁnem
1338 2482 1451 2539 Silo
1475 2486 1743 2542 successit
1777 2486 1830 2541 in
1876 2503 2127 2558 regnum,

538 2586 605 2629 eo
626 2571 765 2642 quod
794 2572 1121 2629 Adosindam
1166 2573 1421 2629 Adcfonsi
1473 2577 1732 2647 principis
1762 2578 1931 2633 ﬁliam
1962 2580 2126 2635 sorti-

542 2676 628 2721 tus
653 2674 798 2721 esset
822 2668 1123 2738 conjngem.
1156 2666 1262 2721 lste
1308 2682 1431 2722 cum
1466 2666 1752 2725 lsmaelitis
1796 2686 1984 2739 pacem
2031 2671 2130 2726 ha-

539 2755 673 2811 buit.
707 2754 939 2827 Populos
996 2755 1262 2812 Callaeciae
1309 2766 1500 2814 contra
1553 2773 1613 2814 se
1666 2759 2022 2827 rebellantes,
2074 2761 2127 2816 in

540 2856 724 2900 moute
749 2845 978 2917 Cuperio
1006 2845 1147 2902 bello
1183 2848 1477 2916 superavit,
1509 2856 1563 2903 et
1603 2851 1703 2905 sub
1741 2850 1971 2920 imperio
2006 2850 2130 2906 sub:

535 2938 744 3009 jugavit
773 2939 823 2993 δ.
859 2939 1123 3011 Regnavit
1150 2955 1275 2994 ann.
1308 2955 1361 2994 ιχ
1403 2948 1457 2996 et
1487 2941 1695 2997 decimo
1740 2942 1901 2997 vitam
1936 2942 2127 3009 tinivit,

455 3090 468 3106 .
540 3040 591 3084 et
623 3029 862 3101 sepultus
890 3046 1013 3086 cum
1040 3046 1209 3085 uxore
1238 3046 1334 3085 sua
1382 3033 1565 3102 regina
1610 3033 1884 3087 Adosinda
1938 3033 1991 3087 in
2043 3048 2133 3088 ec-

541 3120 704 3175 clesia
743 3121 801 3175 S.
833 3120 1057 3176 Joannis
1082 3122 1309 3191 apostoli
1341 3131 1394 3176 et
1430 3137 1623 3193 evang.
1672 3123 1723 3177 iu
1757 3122 1949 3178 Pravia
1979 3135 2001 3164 ο
2032 3124 2134 3180 fuit

544 3224 652 3265 tera
676 3209 771 3265 821
812 3210 921 3280 (nu.
956 3212 1105 3283 785).

1089 3323 1582 3382 MAURECATUS.
1618 3400 1621 3403 _

618 3433 701 3489 19.
746 3432 931 3490 Silone
970 3434 1260 3503 defuncto,
1298 3438 1483 3509 regina
1526 3438 1800 3495 Adosiuda
1835 3455 1957 3495 cum
1981 3441 2127 3497 omni

545 3522 722 3582 ofﬁcio
772 3516 1013 3596 palatino
1056 3526 1391 3585 Adefonsum
1435 3528 1602 3586 ﬁlium
1642 3530 1827 3586 fratris
1863 3531 1946 3587 sui
1983 3532 2133 3588 Froi-

546 3616 656 3672 lani
690 3616 830 3697 regis
875 3616 927 3672 in
969 3617 1104 3673 solio
1138 3620 1536 3675 constituerunt
1556 3631 1783 3692 paterno
1806 3637 1826 3678 :
1867 3624 1961 3679 sed
1989 3639 2132 3694 pra:-

545 3722 740 3767 \'entus
779 3713 969 3770 fraude
1010 3713 1328 3783 Maurecati,
1354 3715 1435 3772 Tii
1472 3717 1578 3784 sui,
1611 3718 1701 3773 ﬁlii
1734 3719 1989 3776 Adefonsi
2019 3737 2132 3776 ma-

542 3802 700 3873 joris,
735 3804 801 3860 de
837 3820 994 3860 serva
1039 3815 1217 3862 tamen
1260 3809 1397 3874 nati,
1429 3824 1459 3863 a
1506 3822 1674 3880 regno
1698 3811 1960 3881 dejectus,
1991 3813 2131 3883 apud

546 3895 880 3966 pmpinquos
928 3898 1121 3953 matris
1162 3913 1275 3954 suae
1322 3900 1375 3953 in
1422 3899 1587 3955 Alava
1636 3912 2004 3957 commoratus
2029 3912 2128 3958 est.

549 3987 895 4044 Maurecatus
920 3998 1101 4045 autem
1127 4005 1374 4061 regnum,
1406 3991 1550 4061 quod
1574 3992 1766 4048 callide
1792 3994 2010 4058 invasit,
2036 4008 2132 4062 per
2205 4022 2213 4029 -

549 4101 643 4143 sex
668 4102 840 4142 annos
870 4086 1186 4143 vindicavit.
1234 4086 1407 4143 Morte
1445 4087 1661 4159 propria
1687 4088 1939 4155 decessit,
1971 4098 2025 4145 et
2054 4102 2133 4144 se-

548 4178 729 4247 pultus
752 4178 804 4233 in
833 4180 1064 4236 ecclesia
1093 4181 1151 4235 S.
1177 4178 1405 4237 Joannis
1448 4182 1678 4252 apostoli
1707 4183 1758 4237 iu
1790 4183 1980 4238 Pravia
2030 4184 2131 4240 fuit

548 4286 657 4328 εντα
679 4271 783 4327 8%
809 4271 836 4311 ά
867 4272 975 4344 (πη.
1006 4272 1131 4342 788)

1098 4384 1593 4442 VEllEMUNDUS.

617 4499 706 4554 20.
748 4500 1056 4557 Maurecato
1101 4499 1355 4557 defuncto
1378 4542 1393 4568 ,
1424 4501 1833 4567 Veremundus,
1878 4503 2133 4560 sobrinus

2220 628 2574 683 reminiscens
2600 629 2843 683 ordinem
2875 625 3320 695 sibi-impoSitum
3351 623 3570 679 diaconi
3599 622 3798 698 [dimis-

2220 718 2297 774 sis
2336 720 2460 774 filiis
2502 719 2736 788 parvulis
2779 718 3080 781 Banimiro,
3118 727 3174 771 et
3196 716 3425 789 Garcia]
3452 728 3479 756 ο
3526 717 3799 774 subrinnm

2221 798 2376 864 suum
2404 809 2757 876 Adefonsnm,
2788 822 2947 880 quem
2979 810 3322 864 Maurecatus
3345 824 3374 861 a
3402 823 3573 879 regno
3591 808 3804 877 expule.

2222 911 2329 963 rat,
2379 902 2482 956 sibi
2539 902 2590 955 in
2645 917 2811 971 regno
2860 915 3234 957 successorem
3281 900 3417 956 fecit
3458 900 3513 953 in
3561 914 3673 953 aera
3710 900 3803 956 θεν

2222 990 2333 1061 (an.
2360 990 2508 1061 79!).
2539 991 2598 1045 Et
2624 1006 2747 1045 cum
2770 1006 2839 1045 eo
2861 990 3104 1060 pluribus
3124 989 3637 1047 anniscbarissime
3659 986 3804 1043 ﬁxit.

2225 1078 2399 1134 Vitam
2429 1081 2480 1134 iu
2514 1096 2645 1150 pace
2685 1081 2854 1134 ﬁnivit
2887 1080 2930 1135 τ.

2625 1188 3032 1251 ADEFONSUS
3067 1192 3106 1246 11
3144 1191 3404 1263 (Castus).

2295 1304 2385 1358 2|.
2428 1301 2598 1372 Hujus
2640 1305 2788 1375 regni
2842 1318 2983 1358 anno
3035 1304 3197 1359 tertio
3247 1303 3493 1359 Arabum
3544 1303 3816 1375 exercitus

2225 1387 2500 1467 ingressus
2544 1405 2629 1450 est
2673 1395 2920 1451 Asturias
2962 1411 3083 1449 cum
3132 1395 3373 1463 quodam
3418 1395 3561 1450 duce
3602 1394 3817 1450 nomine

2225 1483 2462 1539 Mokebit
2491 1486 2536 1547 3,
2557 1485 2647 1555 qui
2685 1487 2737 1539 in
2768 1486 2884 1539 loco
2907 1484 2997 1555 qui
3022 1491 3251 1539 vocatur
3267 1474 3498 1543 Lutosa
3525 1498 3661 1554 rege
3688 1482 3818 1537 Ade-

2225 1573 2381 1629 fonso
2432 1576 2788 1647 praeoccupati
2835 1575 2886 1638 h,
2930 1573 3091 1631 simul
3141 1589 3266 1628 cum
3318 1574 3639 1644 supradicto
3690 1573 3817 1627 duce

2226 1665 2565 1735 septuaginta
2599 1662 2715 1719 fere
2743 1664 2908 1719 millia
2936 1663 3084 1729 [erro
3114 1671 3281 1733 atque
3312 1678 3473 1719 cteuo
3503 1671 3633 1721 sunt
3662 1662 3819 1717 inter-

2228 1756 2374 1813 fecti.
2405 1756 2512 1811 lste
2541 1755 2690 1827 prius
2724 1757 2765 1822 ι,
2812 1755 3004 1811 solium
3050 1754 3202 1826 regni
3228 1753 3385 1811 Oveti
3429 1754 3692 1809 firmavit.
3718 1751 3818 1807 Ba-

1936 1841 2123 1931 Ρτξεηε
2158 1885 2202 1944 Β
2230 1848 2435 1944 silicam
2467 1841 2682 1944 quoque
2714 1848 2766 1944 in
2799 1847 3016 1944 nomine
3046 1845 3435 1944 Redemptoris
3490 1845 3672 1944 nostri
3711 1843 3819 1899 Sal-

2230 1939 2434 1994 vatoris
2459 1937 2586 1994 Iesu
2612 1937 2811 1992 Christi
2857 1937 2995 1992 miro
3037 1938 3350 1993 construxit
3392 1951 3564 2007 opere
3592 1934 3677 2008 [et
3702 1949 3820 1990 eoa-

2228 2028 2433 2084 secrari
2462 2043 2492 2082 a
2522 2036 2728 2097 septem
2764 2028 3036 2098 episcopis
3080 2027 3237 2100 fecit}
3266 2026 3314 2080 ἱ.
3341 2025 3497 2083 Unde
3529 2035 3587 2081 et
3608 2027 3819 2096 specia-

2230 2117 2355 2174 liter
2394 2118 2624 2174 ecclesia
2677 2116 2736 2172 S.
2788 2112 3085 2173 Salvatoris
3124 2123 3501 2186 nuncupatur,
3558 2114 3817 2184 adjiciam

2227 2210 2511 2283 principali
2540 2209 2696 2275 altari
2719 2226 2783 2265 ex
2809 2219 3033 2279 utroque
3053 2209 3227 2265 latere
3251 2208 3814 2264 bisenumnnmerutn

2232 2302 2508 2358 titulorum
2552 2302 2846 2358 reconditis
2879 2302 3121 2372 reliquiis
3149 2301 3398 2355 omnium
3433 2300 3815 2370 apostolorum.

2227 2376 2542 2451 ZEJiﬁcavit
2588 2394 2751 2449 etiam
2807 2393 3095 2449 ecclesiam
3154 2394 3210 2447 in
3263 2392 3481 2447 honore
3535 2390 3597 2447 S.
3648 2390 3821 2445 laris

2230 2500 2449 2554 semper
2497 2484 2721 2556 virginis
2759 2500 2789 2538 a
2816 2482 3230 2555 septentrionali
3260 2493 3426 2552 parte
3463 2481 3819 2537 adhareatem

2230 2574 2473 2629 ecclesia:
2501 2574 2828 2645 supradicta:
2857 2574 2909 2630 in
2947 2591 3051 2644 qua
3076 2584 3233 2628 extra
3266 2572 3581 2644 principale
3606 2573 3771 2626 altare
3791 2586 3821 2623 ι

2231 2665 2427 2720 dextro
2465 2663 2635 2720 latere
2685 2665 2898 2718 tilulutn
2931 2664 2984 2719 in
3019 2663 3345 2718 memoriam
3373 2662 3434 2719 S.
3465 2663 3751 2733 Stephani.
3791 2677 3817 2715 ι

2230 2755 2454 2812 sinistro
2507 2755 2720 2810 titulum
2771 2758 2826 2810 in
2896 2755 3214 2810 memoriam
3270 2754 3333 2810 S.
3383 2754 3597 2810 Iuliani
3642 2754 3818 2821 erexit.

2231 2847 2407 2903 Etiam
2441 2848 2494 2902 in
2523 2846 2845 2904 occidentali
2894 2856 3048 2918 parte
3086 2844 3250 2915 hujus
3282 2846 3623 2901 veneranda:
3650 2846 3822 2899 decus

2230 2941 2398 2995 aedem
2429 2940 2497 2996 ad
2528 2938 2864 2995 recondenda
2917 2953 3100 3009 regum
3131 2938 3374 2993 astruxit
3414 2952 3680 3008 corpora,
3708 2951 3825 2991 nec-

2233 3044 2337 3082 non
2389 3038 2445 3083 et
2506 3028 2723 3082 tertiam
2769 3027 3049 3082 basilicam
3095 3028 3149 3082 in
3190 3027 3529 3081 memoriam
3579 3026 3639 3080 S.
3680 3025 3823 3097 Tyrii

2232 3120 2491 3184 condidit,
2547 3119 2699 3189 cujus
2735 3120 2915 3190 operis
2954 3116 3422 3188 pulchritudinem
3456 3117 3514 3181 ιι,
3562 3118 3826 3189 ωυεραι

2235 3223 2362 3264 scus
2417 3217 2596 3278 potest
2641 3207 2849 3273 tuirari,
2878 3222 3040 3277 quam
3066 3206 3318 3262 eruditus
3358 3205 3551 3260 scriba
3599 3206 3820 3260 laudare.

2235 3298 2551 3355 Aidiﬁcavit
2578 3298 2743 3355 etiam
2769 3314 2798 3353 a
2834 3298 3022 3362 circio,
3050 3298 3347 3352 distantem
3381 3313 3413 3352 a
3447 3298 3659 3367 palatio
3686 3296 3827 3368 quasi

2231 3391 2465 3447 stadium
2489 3407 2654 3445 unum
2678 3390 2715 3455 ι,
2751 3390 3039 3446 ecclesiam
3080 3390 3132 3444 in
3169 3390 3502 3444 memoriam
3544 3387 3606 3444 S.
3644 3387 3827 3443 Iuliani

2233 3484 2510 3555 martyris,
2535 3482 2935 3554 circumpositis
2978 3481 3107 3537 hinc
3146 3491 3202 3536 et
3224 3481 3351 3536 inde
3379 3482 3628 3553 geminis
3651 3468 3827 3535 altari-

2231 3576 2333 3631 bus
2367 3573 2596 3628 miriﬁca
2639 3572 2997 3628 instructions
3033 3570 3273 3627 decoris.
3315 3570 3488 3637 Nam,
3538 3580 3597 3626 et
3641 3570 3825 3641 regalia

2232 3665 2461 3736 palatia,
2484 3664 2701 3727 balnea,
2727 3663 2982 3730 triclinia,
3010 3662 3095 3719 vel
3114 3663 3361 3728 domata,
3393 3672 3572 3732 atque
3591 3660 3827 3733 panaria

2233 3755 2540 3812 construxit
2560 3755 2778 3821 decora,
2803 3762 2858 3810 et
2882 3754 3065 3809 omnia
3096 3753 3247 3824 regni
3277 3753 3543 3808 utensilia
3568 3752 3698 3808 fecit
3716 3751 3825 3821 pul-

2220 3848 2524 3913 ,cherrima.

2302 3938 2391 3995 22.
2435 3937 2605 4010 Hujus
2655 3937 2803 4010 regni
2850 3951 2993 3994 anno
3042 3935 3114 3992 50
3156 3936 3417 4009 geminus
3458 3935 3825 3992 Chaldaeorum

2232 4033 2506 4088 exercitus
2561 4031 2869 4086 Gallaeciam
2916 4029 3110 4100 petiit,
3160 4044 3400 4098 quorum
3448 4044 3599 4084 untts
3651 4040 3826 4082 eorum

2232 4126 2534 4181 vocabatur
2553 4123 2831 4180 Alhabbez
2847 4132 2904 4178 et
2921 4122 3061 4178 alius
3083 4120 3269 4186 Melib,
3286 4122 3515 4192 utrique
3533 4118 3825 4175 Alcorexis.

2230 4218 2427 4290 Igitur.
2459 4216 2715 4271 audacter
2766 4213 2994 4284 ingressi
3041 4221 3205 4269 sunt:
3267 4212 3539 4267 audacius
3581 4219 3640 4266 et
3674 4206 3827 4263 deleti

2236 4317 2400 4366 sunt:
2435 4322 2543 4364 uno
2566 4318 2800 4375 namque
2828 4312 3069 4374 tempore
3096 4319 3238 4358 unus
3266 4303 3322 4356 in
3354 4302 3477 4357 loco
3496 4302 3593 4371 qui
3618 4307 3827 4354 vocatur

2236 4400 2488 4457 Nabaron
2514 4441 2529 4464 ,
2560 4390 2700 4455 alter
2738 4399 2792 4453 in
2840 4395 3001 4452 ﬁuvio
3044 4397 3229 4451 Anceo
3272 4396 3580 4465 perierunt.
3642 4389 3828 4446 Subse-

2236 4501 2434 4563 quente
2466 4492 2648 4560 itaque
2685 4486 2847 4557 hujus
2884 4486 3036 4557 regni
3080 4494 3331 4554 tempore
3374 4483 3677 4538 adveniens
3717 4479 3825 4548 qui-

549 4591 804 4647 Adefonsi
838 4590 1077 4660 majoris,
1106 4591 1246 4649 ﬁlius
1274 4591 1529 4647 videlicet
1556 4592 1793 4648 Froilani
1821 4592 2005 4648 fratris
2028 4595 2132 4660 sui,
2166 4602 2213 4662 ι)
2239 4586 2362 4641 dam
2404 4584 2507 4646 Vir.
2538 4581 2756 4637 “Olllillc
2788 4578 3123 4642 Malllmulh.
3153 4575 3422 4647 ῖυεῖιὶνιιε
3451 4591 3484 4627 3
3519 4573 3659 4629 faeie

546 4681 606 4740 in
634 4698 801 4753 regno
822 4683 1058 4755 eligitur.
1085 4683 1185 4751 Qui
1227 4684 1603 4739 Veremundus
1644 4683 1727 4739 vir
1756 4685 2134 4755 magnanimus

635 4811 666 4843 ι
686 4798 839 4868 Apud
870 4796 1003 4853 Mar.
1032 4798 1182 4868 deest
1210 4798 1264 4868 in
1288 4797 1455 4868 primo
1478 4795 1669 4866 gradu.

635 4864 780 4923 “lic
811 4870 1002 4923 iterum
1045 4884 1108 4923 ex
1148 4866 1345 4937 Pelagii
1379 4864 1661 4922 Ovetensis
1689 4866 1805 4921 cod.
1860 4864 2135 4924 Sandova-
2194 4881 2196 4884 ’

545 4939 672 5005 lius,
700 4950 754 4994 et
776 4937 898 4994 Ber.
929 4940 1063 5002 haec,
1104 4954 1225 5009 qua:
1252 4943 1390 5007 aput
1423 4937 1556 4991 alios
1601 4953 1706 4992 non
1742 4937 1990 5008 legimus,
2018 4942 2134 4996 edi-

548 5012 744 5064 derunt
773 5029 785 5064 :
823 5030 840 5061 ι
876 5009 1077 5065 Deinde
1103 5009 1449 5079 congregavit
1485 5009 1786 5063 exercitum
1819 5008 2048 5064 militum
2082 5019 2138 5065 et

547 5081 788 5148 peditum
822 5081 1044 5134 multum
1092 5077 1272 5143 nimis,
1304 5077 1358 5132 et
1384 5077 1484 5132 fuit
1514 5080 1565 5133 in
1603 5079 1880 5149 civitatem
1906 5095 2026 5149 quae
2054 5081 2136 5135 di-

552 5151 696 5203 citur
736 5151 996 5212 Emerita,
1026 5159 1080 5204 et
1111 5150 1476 5219 beatissimam
1507 5149 1642 5216 virg.
1684 5148 1966 5214 Eulaliam,
2016 5167 2136 5219 quze

554 5220 624 5290 ibi
654 5235 682 5272 a
700 5220 995 5290 Calpurnio
1023 5218 1273 5290 praefecto
1297 5218 1473 5274 fuerat
1498 5219 1805 5282 interfecta,
1831 5229 1887 5272 et
1914 5237 1943 5290 a
1975 5218 2135 5276 Chri-

554 5287 992 5360 stianisﬂsepulta,
1023 5287 1264 5344 extraxit
1313 5307 1343 5346 e
1386 5289 1653 5360 sepulcro,
1684 5291 1735 5343 iu
1783 5306 1891 5359 quo
1918 5289 2137 5357 jaeebat

556 5355 828 5433 recondita
859 5365 912 5409 et
957 5360 1115 5421 misit,
1146 5360 1197 5414 in
1234 5355 1465 5433 capsella
1507 5355 1986 5433 :trgeutea,'_quam
2020 5363 2134 5431 ipse
2220 5372 2221 5375 ‘

556 5422 1016 5504 facere-iusserat,
1050 5438 1105 5506 et
1136 5422 1385 5512 quartam
1432 5422 1640 5500 partevm
1668 5422 1920 5514 cunabuli
1945 5422 2133 5510 _ipsius

2237 4675 2670 4734 Cordubensis"
2711 4671 3145 4728 Abderrahman.
3192 4669 3283 4724 cui
3337 4663 3822 4724 rebellionemdiu-

2241 4812 2346 4903 "ad,
2377 4797 2490 4916 let‘ac.
2515 4856 2650 4911 Mar.
2688 4854 2820 4910 Cod.
2863 4822 3083 4925 Regnet
3130 4852 3290 4908 Ferr.
3339 4853 3499 4921 Apuu
3546 4854 3817 4925 denunt,

2242 4934 2478 4993 Saudov.
2505 4943 2676 4983 xxvu.
2705 4925 2872 4980 Favet
2897 4918 3078 4978 autem
3121 4918 3571 4993 vigesima-sextis
3590 4918 3817 4993 codicum

2243 4992 2561 5064 auctoritas,
2599 5014 2665 5052 ac
2691 4995 3108 5067 pra-cedentium
3131 5035 3146 5057 ,
3176 4992 3236 5048 et
3265 4992 3717 5061 subsequentium
3742 5003 3819 5042 re.

2253 5068 2778 5150 gum_ebrot_tologi_a.
2883 5134 2968 5150 η.
3043 5133 3054 5145 ⁸
3231 5144 3243 5150 Δ
3282 5132 3469 5150 hqd,

2319 5160 2343 5187 ο
2384 5142 2508 5197 lla:c
2533 5132 2731 5193 desunt
2757 5134 2895 5205 apud
2926 5133 3151 5187 Mat'ian.
3182 5144 3251 5205 _et
3282 5132 3591 5205 Perezium.

2314 5218 2332 5256 ί
2375 5212 2534 5268 Addit
2561 5209 2741 5277 εὕει-3.,
2773 5202 2845 5277 es
2875 5206 3139 5277 Sandov,
3169 5203 3425 5272 Sepultus
3455 5213 3531 5256 est
3565 5202 3727 5256 Oeeu.

2315 5290 2339 5329 ε
2378 5284 2461 5338 Al.
2498 5273 2753 5343 "like/iit,
2793 5275 2954 5340 Meet,
2985 5285 3031 5328 et
3066 5273 3304 5344 Magnis.

2309 5360 2333 5398 ὴ
2375 5356 2459 5446 ξι.
2490 5347 2823 5420 ρητεὶυὶιαιε-
3028 5356 3031 5361 ³
3428 5406 3437 5415 ,
3500 5410 3540 5424 _
3590 5419 3632 5432 Α
3676 5400 3823 5450 ,ὼ
