3948 5456
54 453 165 512 iiii

806 466 809 469 ·
902 437 1291 497 CHRONICON
1332 432 1734 494 SEBASTIANI
1776 436 2187 494 SALMAN'HC.
2226 438 2327 493 Εἰ).

3099 430 3235 497 ΗΞΞ

49 579 214 622 turnam
239 560 547 632 ingesserat,
574 556 711 614 civis
732 557 998 626 quondam
1031 554 1404 617 Emeritensis,
1432 543 1555 608 sus-
1584 550 1629 608 Λ
1726 551 1817 606 24.
1861 552 2074 608 Interim
2110 552 2445 608 ‘Ranimirus
2493 548 2740 623 princeps
2780 553 2935 611 bellis
2985 554 3232 613 civilibus

48 666 193 726 ceptus
219 659 290 705 est
327 647 609 704 clementia
659 648 803 718 regia
840 637 891 703 in
930 638 1213 710 Galkecia,
1248 648 1426 716 ibique
1466 661 1563 716 per

46 754 205 813 septem
225 753 384 794 annos
403 746 641 792 moratus
662 746 746 791 est
770 754 784 791 :
829 745 1023 791 octavo
1063 750 1192 791 vero
1216 750 1356 790 anno
1380 748 1565 807 aggre-

45 843 139 904 gata
162 844 302 887 manu
333 825 724 882 Saracenorum
753 826 1064 882 convicinos
1092 825 1371 895 prtedavit,
1401 840 1566 895 seque

44 920 271 976 tutandum
286 916 337 970 in
357 916 622 984 quoddam
641 913 939 978 castellum,
963 914 1106 985 quod
1121 925 1342 970 vocatur
1362 914 1564 970 Sancta

44 1008 291 1071 Citristiua,
318 1004 568 1061 contulit.
598 1004 752 1071 Quod
778 1003 1003 1069 factum,
1033 1015 1093 1059 ut
1121 1004 1392 1077 regalibus
1418 1004 1564 1059 attri-

40 1101 117 1155 bus
137 1097 415 1153 nuntiatum
440 1104 544 1159 est,
577 1110 912 1165 praemovens
936 1095 1257 1159 exercitum,
1285 1095 1563 1150 castellum

39 1190 80 1244 in
101 1202 192 1258 quo
214 1184 516 1242 Mabzmuth
540 1194 657 1240 erat
682 1184 916 1249 obsedit,
947 1185 1092 1240 acies
1110 1186 1345 1251 ordinat,
1378 1185 1567 1241 castel-

38 1280 121 1334 lum
157 1276 489 1333 bellatoribus
513 1276 695 1342 vallat,
728 1290 960 1347 moxque
1003 1277 1055 1331 in
1106 1277 1275 1346 prima
1313 1292 1566 1347 congres-

37 1371 157 1424 sione
232 1366 539 1422 certaminis
610 1364 1006 1422 famosissimus
1081 1366 1168 1420 ille
1248 1366 1563 1421 bellatorum

37 1458 297 1527 Mahzmuth
343 1455 644 1523 occiditur,
693 1456 846 1526 cujus
882 1467 1043 1528 caput
1084 1457 1227 1527 regis
1259 1456 1567 1528 aspectibus

35 1558 361 1621 praseutatur,
401 1550 685 1621 ipsumque
741 1560 980 1604 castrum
1032 1549 1326 1613 invaditur,
1378 1550 1566 1619 inquo

37 1660 80 1701 se
98 1643 455 1715 quinquaginta
479 1643 643 1698 millia
666 1642 1081 1708 Saracenorum,
1102 1644 1194 1715 qui
1215 1645 1282 1698 ad
1308 1644 1565 1700 auxilium

1664 660 1805 715 stupe
1850 647 2110 717 impulsus
2143 656 2262 703 est:
2309 663 2434 715 nam
2477 663 2659 705 comes
2699 648 2881 718 palatii
2927 648 3238 709 Aldoroitus

1664 735 1925 791 adversus
1955 752 2132 808 regem
2159 738 2449 803 meditans,
2474 739 2621 809 regio
2647 751 2911 809 praecepto
2933 750 3237 798 excaecatus

1663 835 1767 883 est.
1802 827 2043 883 Piniolus
2070 829 2256 894 etiam,
2288 829 2376 899 qui
2408 838 2522 900 post
2548 845 2669 884 eum
2694 846 2889 906 comes
2902 827 3085 901 palatii
3115 832 3235 898 fuit,

1663 915 1845 987 patula
1869 917 2154 988 tyrannide
2184 918 2442 972 adversus
2466 934 2644 989 regem
2686 921 2951 986 surrexit,
2987 931 3042 974 et
3070 921 3137 977 ab
3171 938 3238 977 eo

1663 1023 1773 1064 una
1806 1022 1928 1063 cum
1966 1008 2171 1078 septem
2211 1008 2333 1064 filiis
2370 1008 2483 1063 suis
2513 1010 2865 1081 interemptus
2893 1021 2994 1066 est.
3027 1010 3235 1067 Interea

1665 1097 2006 1166 supradictus
2057 1113 2148 1151 rex
2193 1098 2476 1153 ecclesiam
2526 1099 2763 1153 condidit
2809 1100 2862 1154 iu
2920 1102 3235 1176 meritoriam
3326 1091 3328 1094 ’

1666 1187 1725 1243 S.
1769 1187 1949 1243 Maria:
1994 1188 2046 1242 in
2091 1188 2264 1243 latere
2312 1187 2510 1242 montis
2553 1185 2854 1254 Naurantii,
2894 1189 3125 1245 distante
3167 1191 3237 1247 ab

1665 1280 1836 1336 Oveto
1863 1282 2090 1335 duorum
2128 1278 2294 1334 millia
2326 1293 2602 1350 passuum,
2634 1281 2780 1335 minae
2802 1281 3235 1350 pulchritudinis,

1665 1371 2001 1442 perfectique
2021 1372 2233 1426 decoris
2260 1386 2276 1425 :
2320 1378 2376 1426 et
2404 1381 2463 1426 ut
2492 1370 2594 1426 alia
2624 1373 2832 1428 decoris
2859 1372 2977 1442 ejus
3007 1382 3233 1437 taceam,

1666 1478 1787 1517 cum
1816 1461 2059 1532 pluribus
2086 1462 2285 1517 centris
2310 1463 2564 1519 forniceis
2599 1464 2667 1519 sit
2696 1477 3098 1529 concamerata,
3126 1466 3238 1522 sola

1666 1553 1814 1609 calce
1839 1561 1890 1608 et
1915 1553 2092 1624 lapide
2116 1560 2427 1609 constructa
2456 1554 2507 1618 ι),
2537 1553 2620 1608 cui
2654 1555 2696 1609 si
2732 1555 2931 1626 aliquis
2952 1556 3237 1612 aedificium

1665 1643 2011 1699 consimilare
2034 1643 2282 1710 voluerit,
2312 1645 2365 1699 in
2393 1643 2644 1714 Hispania
2675 1662 2777 1700 non
2803 1647 3054 1703 inveniet.
3078 1645 3238 1703 Multa
3288 1702 3289 1705 η

34 1736 125 1804 ejus
149 1735 208 1788 ab
232 1733 484 1803 Hispania
529 1730 912 1797 couﬂexeraut,
949 1734 1356 1800 detruncantur,
1402 1741 1565 1803 atque
1667 1749 1773 1790 non
1803 1733 1957 1803 longe
1989 1747 2019 1786 a
2059 1730 2363 1802 supradicta
2391 1734 2615 1790 ecclesia
2640 1736 2877 1791 condidit
2906 1737 3101 1806 palatia
3123 1778 3138 1802 ,
3185 1747 3243 1792 et

33 1824 219 1879 feliciter
251 1822 555 1878 Adefonsus
584 1824 757 1879 victor
784 1839 1032 1879 reversus
1064 1833 1150 1881 est
1183 1825 1234 1879 iu
1263 1839 1397 1895 pace
1428 1823 1569 1881 Ove-
1594 1887 1635 1895 _
1668 1819 1857 1878 balnea
1884 1822 2298 1893 pulchra'atque
2311 1823 2509 1879 decora
2532 1840 2548 1879 :
2575 1839 2697 1878 nam
2725 1824 2981 1880 adversus
3008 1825 3259 1882 Sarace-‘

31 1925 136 1968 tum.
166 1913 348 1984 Sicque
372 1928 475 1984 per
499 1914 893 1985 quinquaginta
929 1922 984 1970 et
1023 1914 1158 1970 duos
1194 1887 1364 1971 annos
1393 1923 1565 1980 caste,
1594 1887 1642 1946 Β
1668 1930 1766 1969 nos
1790 1887 2182 1985 bis-praeliavit,
2210 1887 2277 1970 'et
2310 1916 2483 1971 victor
2502 1916 2729 1971 exstitit.
2763 1915 3038 1988 Completo
3058 1918 3239 1974 autem

34 2006 202 2070 sobrie,
230 2005 576 2061 immaculate
602 2045 618 2069 ,
648 2006 736 2076 pie
765 2021 829 2061 ac
852 2005 1087 2077 gloriose
1114 2006 1264 2077 regni
1295 2005 1566 2076 guberna-

31 2094 121 2148 cuia
147 2110 325 2166 gerens
361 2094 615 2149 alinubilis
655 2095 765 2151 Deo
790 2106 845 2150 et
889 2095 1225 2162 hominibus,
1275 2095 1566 2166 gloriosum

30 2187 235 2257 spiritum
280 2186 466 2242 emisit
503 2184 568 2241 ad
619 2187 836 2253 caelum,
880 2203 1078 2260 corpus
1121 2203 1248 2244 vero
1293 2187 1410 2257 ejus
1442 2204 1565 2244 cum

30 2277 144 2332 omni
188 2278 532 2335 veneratione
572 2280 950 2350 exsequiarum
999 2281 1336 2337 reconditum
1386 2282 1442 2337 in
1479 2296 1569 2338 su-

28 2369 226 2438 pradicta
264 2370 331 2426 ab
368 2384 441 2425 eo
487 2368 709 2426 fundata
739 2365 968 2427 ecclesia
993 2370 1050 2426 S.
1090 2371 1270 2428 Mariae
1295 2387 1459 2429 saxeo
1481 2383 1566 2429 tu-

1668 2019 1811 2059 anno
1841 2003 1993 2074 regni
2031 2002 2112 2059 sui
2155 2006 2403 2074 septimo,
2440 2004 2611 2061 Oveto
2636 2006 2689 2060 in
2724 2020 2856 2076 pace
2884 2006 3088 2076 quievit
3114 2021 3238 2062 cum

1668 2111 1836 2152 uxore
1869 2112 1965 2152 sua
1997 2099 2192 2152 domua
2217 2092 2476 2165 Paterna,
2504 2086 2612 2155 aera
2642 2098 2743 2155 888
2768 2101 2867 2171 (an.
2885 2098 3031 2171 850).

2237 2232 2583 2291 0RDONIUS
2619 2235 2659 2289 1.

1737 2367 1828 2424 25.
1851 2367 2133 2424 Rauimiro
2156 2366 2410 2424 defuncto
2436 2367 2703 2425 0rdonius
2727 2369 2867 2424 filius
2887 2367 3004 2437 ejus
3029 2385 3245 2426 succes-

27 2456 143 2512 muio
164 2458 381 2530 quiescit
409 2458 624 2523 inpace
652 2474 759 2514 arra
786 2459 890 2515 880
914 2458 1024 2532 (an.
1062 2460 1210 2532 842).

549 2547 929 2605 RANIMIRUS
966 2549 1005 2605 1.

74 2638 154 2694 25.
191 2638 313 2694 Post
355 2639 621 2694 Adefonsi
672 2640 950 2695 decessum
1015 2640 1325 2697 Bauimirus
1354 2682 1369 2706 ,
1426 2641 1570 2700 illius

27 2729 304 2786 Veremuutli
348 2731 652 2802 principis,
709 2731 912 2789 electus
956 2742 1041 2788 est
1079 2733 1131 2788 iu
1173 2749 1428 2806 regnum;
1475 2734 1570 2790 sed

27 2831 123 2877 tunc
158 2824 406 2894 temporis
450 2823 649 2878 absens
686 2834 806 2897 erat
833 2825 885 2879 iu
927 2825 1327 2881 Bardulieusem
1356 2825 1571 2895 provin-

27 2910 132 2964 ciam
156 2913 219 2967 ad
243 2912 621 2982 accipiendam
664 2927 909 2967 uxorem.
938 2914 1165 2983 Propter
1196 2914 1354 2985 hujus
1379 2914 1571 2969 absen-

27 3001 125 3056 tiam
150 3003 339 3059 accidit
384 3012 444 3058 ut
491 3001 844 3073 Nepotianus,
872 3003 1054 3074 palatii
1098 3020 1299 3071 comes,
1346 3021 1571 3078 regnum

27 3089 99 3144 tibi
126 3094 399 3162 tyrannice
427 3102 763 3162 usurpasset.
786 3094 972 3165 Itaque
999 3094 1333 3163 Rauimirus,
1352 3105 1411 3150 ut
1432 3095 1571 3151 didi-

27 3180 75 3233 :it
88 3183 459 3238 consobrinum
479 3199 637 3238 suum
656 3183 985 3240 Adefousum
1003 3202 1033 3240 a
1050 3187 1246 3242 saeculo
1290 3189 1572 3260 migrasse,

27 3279 58 3323 rt
88 3272 438 3343 Nepotianum
482 3290 711 3345 regnum
742 3278 1038 3343 invasisse,
1061 3277 1356 3335 Lucensem
1388 3281 1576 3335 civita-

28 3377 99 3418 cm
124 3364 391 3422 Callaecia:
421 3368 829 3439 ingressus'est,
857 3370 1066 3441 sibique
1093 3373 1386 3428 exercitum
1409 3374 1575 3429 totius

28 3461 271 3518 creviucia:
318 3464 665 3536 aggregavit.
710 3464 837 3519 Post
883 3480 1109 3534 paucum
1147 3480 1278 3520 vero
1319 3467 1575 3535 temporis

27 3568 51 3604 ιι
85 3554 324 3612 Asturias
373 3556 743 3625 irruptiouem
788 3554 934 3611 fecit.
983 3555 1080 3613 Cui
1129 3555 1461 3634 Nepotianus
1483 3572 1575 3612 oc-

28 3646 151 3700 urrit
174 3648 240 3703 ad
260 3656 497 3718 pontem
530 3646 678 3703 ﬂuvii
701 3646 910 3704 Narciae
932 3659 1217 3720 aggregata
1243 3664 1401 3703 manu
1421 3649 1577 3703 Astu-

30 3736 260 3805 iensium,
292 3749 349 3796 et
382 3739 702 3805 Vasconum
729 3758 742 3795 :
783 3755 879 3796 nec
911 3757 1059 3797 mora
1098 3757 1128 3796 a
1157 3742 1269 3797 suis
1288 3740 1575 3803 destitutus

27 3845 45 3880 ιι
73 3828 238 3901 fugam
268 3841 359 3888 est
387 3847 610 3897 versus,
640 3842 935 3903 captusque
963 3849 993 3887 a
1029 3832 1238 3888 duobus
1264 3831 1572 3898 comitibus,

27 3920 230 3990 scipione
272 3924 545 3980 videlicet
587 3930 643 3978 et
690 3922 994 3988 Somnane,
1032 3923 1087 3978 in
1131 3924 1403 3980 territorio
1450 3922 1577 3977 Pra-

29 4011 219 4081 ieusiI,
261 4018 345 4072 sic
396 4017 571 4088 digna
623 4015 778 4071 factis
820 4016 1104 4087 recipiens,
1156 4016 1357 4072 evulsis
1405 4016 1609 4090 oculis.

29 4104 306 4159 tonasterio
336 4106 645 4175 deputatus
691 4114 793 4160 est.
828 4105 1013 4176 Itaque
1048 4106 1394 4177 subsequenti
1442 4118 1577 4162 tem-

27 4208 105 4247 ore
148 4192 677 4251 Nordomannorum
718 4194 918 4251 classes
968 4211 1063 4267 per
1105 4198 1574 4268 septentrionalem

1669 2460 1741 2516 sit
1767 2460 1818 2515 iu
1846 2474 2101 2531 regnum;
2127 2461 2217 2529 qui
2255 2474 2461 2530 magna;
2488 2460 2739 2529 potentiae
2770 2469 2931 2529 atque
2973 2460 3247 2515 modestia:

1672 2554 1771 2610 fuit
1801 2566 1848 2609 ο.
1876 2553 2134 2609 Civitates
2161 2554 2421 2619 desertas,
2448 2568 2515 2609 ex
2542 2553 2736 2622 quibus
2757 2538 3250 2622 Adefonsusmajor

1670 2643 1951 2700 Chaldaeos
1978 2643 2234 2713 ejecerat,
2268 2643 2371 2698 iste
2410 2636 2771 2712 repopulavit,
2811 2643 2988 2707 idest,
3017 2641 3245 2706 Tudem,

1671 2734 2005 2799 Astoricam,
2048 2734 2337 2805 Legionem
2384 2740 2439 2786 et
2474 2733 2734 2805 Amayam
2776 2732 3087 2788 Patricium.
3133 2734 3247 2787 Ad-
3324 2738 3327 2739 ⁷

1672 2839 1862 2881 versus
1897 2824 2175 2880 Chaldzeos
2201 2825 2495 2895 saepissime
2526 2825 2800 2895 praeiiatus
2831 2833 2940 2886 cst,
2971 2820 3025 2879 et
3052 2825 3249 2880 trium-

1674 2915 1860 2984 phavit
1888 2915 1940 2969 in
1968 2914 2262 2983 primordio
2292 2914 2440 2985 regni
2470 2914 2572 2968 sui.
2600 2913 2734 2969 Cum
2771 2914 3027 2969 adversus
3050 2911 3251 2969 Vasco-

1677 3021 1775 3061 nes
1816 3004 2141 3061 rebellantes
2170 2993 2484 3061 .exercitum
2531 3015 2809 3070 moveret,
2844 3014 3005 3074 atque
3040 3004 3249 3060 illorum

1674 3099 1905 3170 patriam
1957 3114 2055 3154 suo
2103 3099 2213 3169 juri
2265 3098 2623 3170 sulijugasset,
2668 3098 2758 3155 illo
2804 3097 2870 3167 ad
2910 3097 3124 3168 propria
3162 3110 3255 3152 re-

1681 3198 1894 3244 meante
1944 3190 2163 3244 nuntius
2202 3190 2438 3255 advenit,
2475 3190 2698 3245 dicens:
2731 3189 2869 3244 Ecce
2920 3204 2986 3243 ex
3024 3189 3255 3243 adverso

1679 3281 1851 3337 hostis
1917 3280 2155 3335 Arabum
2201 3292 2305 3335 est.
2355 3280 2501 3336 Illico
2551 3295 2642 3336 rex
2691 3279 2895 3336 ferrum
2929 3288 2983 3334 et
3015 3281 3161 3335 acies
3185 3278 3252 3333 ad

1676 3372 1795 3427 illos
1838 3371 2097 3426 invertit:
2161 3387 2259 3426 nec
2289 3386 2437 3425 mora
2486 3386 2673 3425 eorum
2719 3369 2905 3425 turbas
2937 3369 3159 3440 fugavit,
3199 3378 3254 3425 et

1673 3465 1921 3521 vibrante
1970 3479 2226 3520 mucrone
2280 3463 2569 3518 truncavit.
2628 3461 2734 3517 Sed
2785 3477 2883 3518 nec
2924 3461 3055 3517 illud
3082 3461 3255 3517 silebo

1675 3559 1819 3628 quod
1865 3572 2047 3611 verum
2098 3556 2296 3611 factum
2346 3571 2467 3613 esse
2520 3570 2808 3626 cognosco.
2852 3554 3004 3609 Muza
3032 3556 3250 3627 quidem

1675 3650 1892 3704 nomine
1920 3647 2129 3703 Gothus
2155 3646 2205 3710 ά,
2239 3646 2333 3700 sed
2358 3645 2462 3700 ritu
2492 3644 2931 3701 Mahameutiano
2956 3661 3077 3719 cum
3104 3645 3253 3700 omni

1672 3741 1848 3811 gentis
1898 3755 2009 3795 sua:
2061 3738 2401 3793 multitudine
2431 3748 2455 3777 ο
2501 3738 2793 3806 deceptus,
2842 3751 2979 3806 quos
3018 3736 3289 3807 Chaldaei

1674 3839 1872 3886 vocant
1903 3827 2211 3890 Beuikazzi,
2243 3835 2432 3882 contra
2459 3826 2858 3882 Cordubensem
2885 3842 3062 3898 regem
3084 3827 3258 3882 rebel-

1674 3920 1825 3986 lavit,
1871 3921 2030 3989 eique
2076 3917 2272 3973 multas
2303 3916 2553 3972 civitates
2603 3918 2800 3987 partim
2834 3916 3027 3988 gladio,
3059 3917 3255 3988 partim

1674 4012 1864 4068 fraude
1887 4010 2083 4066 invasit
2106 4027 2120 4062 :
2148 4010 2297 4079 prius
2321 4008 2537 4079 quidem
2557 4007 3043 4078 Casaraugustam,
3065 4005 3259 4077 deinde

1676 4105 1953 4169 Tutelam,
1984 4114 2040 4159 et
2086 4100 2313 4164 Oscam.
2360 4110 2632 4170 postremo
2664 4113 2791 4154 vero
2836 4098 3080 4154 Toletum
3107 4137 3122 4162 ,
3165 4097 3256 4152 ubi

1677 4194 1844 4251 tilium
1870 4209 2030 4263 suum
2054 4193 2272 4247 nomine
2299 4190 2505 4261 Lupum
2538 4179 2716 4259 posuit
2739 4185 3072 4256 praefectum.
3098 4184 3258 4239 Post-

27 4294 247 4341 tceanum
286 4287 356 4341 ad
385 4287 556 4342 littus
594 4286 849 4359 Cegiouis
884 4290 1121 4344 civitatis
1158 4290 1490 4357 adveniunt,
1523 4299 1580 4347 et
1676 4300 1741 4340 ea
1788 4285 1842 4339 iu
1896 4282 2136 4339 Francos
2172 4290 2228 4336 et
2286 4280 2469 4335 Gallos
2525 4294 2678 4333 arma
2712 4277 3016 4333 convertit:
3062 4275 3260 4329 multas

28 4375 100 4430 Ide
124 4379 188 4433 ad
204 4378 396 4451 locum
448 4377 553 4448 qui
580 4378 777 4432 dicitur
817 4378 1010 4433 Farum
1055 4379 1422 4451 Bregantium,
1453 4395 1578 4451 per-
1678 4375 1749 4431 ibi
1780 4386 1988 4447 strages
2029 4383 2084 4428 et
2115 4373 2328 4444 praedas
2370 4371 2527 4435 fecit;
2574 4370 2709 4423 duos
2749 4383 2879 4421 vero
2928 4367 3260 4421 Francorum

27 4478 266 4527 uerunt:
300 4470 458 4542 quod
514 4476 580 4523 ut
613 4469 878 4539 comperit
912 4468 1229 4525 Rauimirus
1249 4470 1362 4540 jam
1402 4474 1581 4529 factus
1679 4483 1904 4540 magnos
1936 4467 2123 4531 duces,
2149 4480 2312 4520 unum
2358 4462 2579 4517 nomine
2631 4457 2979 4524 Saucioncm,
3009 4466 3065 4513 et
3094 4457 3261 4512 alium

27 4549 94 4622 εις
139 4561 290 4621 misit
319 4562 607 4616 adversus
653 4574 745 4615 eos
789 4560 1087 4614 exercitum
1114 4574 1235 4614 cum
1274 4560 1500 4616 ducibus
1518 4570 1575 4616 et
1602 4581 1654 4642 ι)
1680 4560 1973 4642 Epulonem
2010 4556 2028 4596 ί
2085 4571 2187 4625 ρει-ν
2217 4553 2457 4623 fraudem
2496 4552 2672 4642 cepit,
2716 4560 2772 4605 ct
2799 4566 2917 4642 eos,
2943 4552 3154 4609 vinctos
3204 4548 3260 4607 in

27 4651 290 4719 )mitibus,
347 4662 411 4708 et
456 4650 867 4706 multitudinem
922 4666 1109 4706 eorum
1162 4651 1471 4720 interfecit,
1518 4639 1636 4712 ac“
1688 4639 1961 4707 carcerem
2013 4644 2180 4701 misit.
2224 4644 2303 4699 Ex
2332 4642 2595 4699 Chaldaeis
2628 4641 2770 4711 duos
2791 4640 3008 4711 quidem
3039 4654 3264 4709 magnos

27 4754 133 4795 aves
165 4742 290 4815 igne
320 4740 685 4798 combussit:
717 4741 806 4811 qui
832 4756 959 4812 vero
983 4742 1159 4809 exeis
1184 4753 1581 4813 remanserunt,
1690 4752 1965 4815 tyrannos,
1999 4753 2164 4793 unum
2200 4752 2261 4791 ex
2294 4750 2491 4806 genere
2527 4732 2780 4788 Alkorexi
2827 4732 3045 4791 nomine
3073 4729 3264 4787 lloeua-

35 4833 240 4889 ritatem
288 4831 595 4906 Hispania:
620 4832 877 4903 Hispalim
900 4834 1237 4902 irruperunt,
1267 4845 1324 4892 et
1343 4840 1615 4907 praedam‘
1689 4848 1833 4896 mas,
1884 4830 2047 4904 alium
2093 4828 2318 4883 militent
2358 4826 2575 4883 nomine
2621 4822 2816 4892 Alporz
2860 4838 2983 4879 eum
3023 4819 3134 4909 tilio
3168 4835 3268 4874 suo

27 4937 123 4978 ⁵⁸³
158 4927 480 4997 capientes:
510 4921 798 4993 ‘P'lll'imos
824 4912 1196 4979 Chaldawrum
1222 4925 1399 4996 gladio
1421 4938 1584 5001 atque
1690 4927 1858 4981 Azeth
1883 4968 1899 4993 ,
1926 4921 2121 4998 partim
2150 4931 2304 4992 pater
2327 4921 2498 4982 Muza,
2532 4915 2726 4988 partim
2756 4916 2900 4999 filius
2925 4910 3106 4983 Lupus
3130 4927 3272 4981 pra:-

27 5026 94 5073 τηε
117 5015 555 5087 interfecerunt-
958 5076 961 5079 ,
1688 5018 1873 5073 liando
1910 5021 2208 5087 ceperunt:
2246 5014 2392 5082 unde
2428 5012 2497 5068 ob
2525 5015 2684 5064 tanta:
2713 5008 2740 5049 ⁸
2789 5009 3030 5065 victoria:
3053 5018 3276 5060 causam

46 5145 71 5174 ι
105 5133 273 5190 Perez
301 5112 363 5188 ei.
398 5129 580 5191 Man,
611 5122 977 5180 Premoriemi.
1007 5126 1175 5195 Sand.
1198 5137 1247 5182 et
1273 5128 1431 5205 Berg.
1453 5130 1617 5191 Pra;
1692 5148 1814 5205 eum
1858 5131 2048 5205 fuisse
2075 5124 2282 5205 origine
2335 5126 2469 5205 satis
2511 5128 2696 5205 aperte
2739 5122 2973 5187 indicat,
3007 5116 3277 5205 cnfringit}

1602 3238 1647 3299 C

105 5185 271 5217 “.“““
311 5185 351 5188 ’⁷
562 5185 573 5191 ’
693 5213 696 5219 ,
1114 5191 1119 5195 ’
1378 5185 1556 5219 ’⁷⁷“.““

28 5218 162 5259 :en5t.
565 5263 618 5271 __
747 5264 833 5271 ____
948 5241 990 5271 -_
1153 5267 1166 5271 _
1261 5269 1270 5271 _

1696 5185 1719 5255 ἶ
1738 5185 2237 5271 NatiouedGoth‘iis,
2260 5198 2358 5250 sed
2369 5185 2651 5271 _ut_variis.
2666 5185 2971 5271 daemonum
2992 5185 3287 5271 erroribus
3312 5260 3316 5265 Ι

47 5274 73 5315 b
109 5274 201 5331 Sic
226 5273 439 5337 Perez,
469 5276 533 5325 et
564 5263 705 5321 Mar.
730 5264 857 5331 Alii,
897 5285 915 5317 ι
949 5268 1064 5324 sine
1085 5267 1233 5324 calce
1259 5269 1433 5343 lapide
1453 5289 1587 5332 cou-

1691 5274 1936 5328 nonnulli
1962 5269 2346 5343 illaqueautur,
2364 5263 2721 5343 Mancinum
2744 5263 3117 5330 ευρρι-αιιηηαπ
3140 5268 3250 5279 η-.

30 5353 193 5413 ructa.
241 5363 262 5396 ο
421 5332 431 5337 ’
970 5405 1016 5418 ﬂ
1309 5332 1327 5343 -
1506 5417 1517 5418 ί

1691 5357 1813 5396 cum
1842 5332 2175 5416 omni_tldmn
2200 5348 2297 5377 αιιει
2328 5339 2396 5370 oh
2424 5335 2479 5369 Αι
2520 5332 2532 5350 ι

1069 5421 1203 5436 ““Λ““
1467 5417 1519 5450 υ
1530 5432 1537 5433 7
