3948 5530
496 337 626 399 1151

1229 341 1519 398 APPEND.
1561 338 1651 397 AD
1691 338 1862 396 SEC.
1901 337 1991 393 IX.
2032 367 2101 377 —
2139 337 2508 396 AUCTORES
2545 338 2705 395 ANNI
2741 337 3032 396 INCERTI.

3608 336 3748 391 “32

496 450 672 504 altrice
702 448 916 512 Lector,
963 448 1030 505 de
1058 463 1163 520 quo
1191 457 1241 504 te
1289 447 1855 509 commonefaciamus,
1884 459 2066 520 quam
2101 453 2144 510 Α
2177 461 2318 520 nem,
2353 448 2394 502 si
2425 449 2641 518 quando
2669 449 3043 520 occurrebant,
3075 455 3184 520 tum
3227 448 3392 501 etiam
3431 461 3462 502 e
3489 444 3750 500 Gratiano

496 535 596 574 nos
640 535 972 575 summorum
1035 515 1347 589 pontificum
1401 521 1640 582 decreta,
1691 534 1817 589 qua:
1883 517 1946 589 in_
1985 515 2067 569 his

494 589 810 666 pontificum
841 589 972 666 Yitis
1007 585 1204 660 passim
1249 591 1502 666 citantur,
1555 585 1740 642 sedulo
1770 602 1889 666 cum
1924 585 2068 666 fonte

497 654 806 734 coutulisse,
842 661 943 734 hoc
968 654 1047 713 est
1077 676 1200 714 cum
1230 659 1459 734 decretis
1489 673 1609 734 qua:
1633 666 1819 734 extant
1849 656 1901 710 in
1928 654 2064 734 Con-

497 728 744 784 ciliorum
772 729 972 795 tomis;
1005 739 1059 784 et
1079 739 1192 785 tum
1238 729 1419 784 varias
1445 727 1709 783 lectiones
1756 727 1823 781 ad
1875 727 2072 794 margi-

2173 518 2449 572 Canonum
2483 519 2713 587 capitula
2754 519 3118 573 adnotavisse.
3153 519 3326 584 Quam
3373 531 3748 587 operamini)-

2175 595 2342 659 stram
2392 604 2495 642 non
2523 586 2830 659 dubitamus
2875 588 3124 644 omnibus
3171 588 3448 659 theologia:
3498 586 3754 641 studiosis

2174 655 2291 712 fore
2327 666 2655 728 pergratam.
2697 657 2846 714 Vale.

519 905 3714 931 MM

1571 1059 2107 1208 INCIPIT
2192 1056 2648 1174 LIBER.

771 1418 815 1475 l.
849 1448 918 1460 —
951 1418 1010 1474 S.
1051 1417 1324 1475 PETRUS
1362 1414 1787 1474 APOSTOLUS.

1012 1533 1184 1604 (Anno
1216 1530 1407 1585 Christi
1436 1530 1554 1602 45.)

564 1643 762 1699 Beatus
789 1641 982 1698 Petrus
1011 1641 1307 1711 apostolus,
1331 1649 1388 1696 et
1411 1640 1662 1710 princeps
1682 1635 2072 1710 apostolorum,

494 1734 882 1798 Antiochenus,
909 1733 1050 1788 filius
1078 1732 1301 1788 Joannis
1319 1771 1334 1797 ,
1362 1731 1653 1802 provincia:
1681 1729 1932 1796 Galilmze,
1955 1727 2077 1783 vico

493 1825 814 1891 Bethsaida,
843 1824 1012 1881 frater
1048 1824 1308 1890 Andreae,
1336 1824 1568 1894 primum
1607 1822 1748 1879 sedit
1778 1822 1830 1876 in
1866 1821 2077 1891 episco-

492 1917 601 1986 pali
628 1915 885 1970 cathedra
925 1914 1224 1970 Antiochiae
1267 1928 1438 1969 annos
1481 1913 1532 1967 7.
1559 1911 1626 1967 Et
1665 1921 1788 1982 post
1812 1910 1881 1965 ad
1903 1923 2074 1979 expu-

491 2006 759 2076 gnandum
806 2005 1082 2060 Simonem
1130 2004 1376 2076 Magum,
1434 2012 1493 2060 ut
1538 2003 1898 2074 Hieronymus
1948 2000 2078 2056 dicit

493 2094 578 2161 (de
616 2092 785 2164 Scrip.
815 2094 996 2149 eccles.
1028 2095 1080 2148 in
1107 2092 1321 2164 Petro),
1355 2093 1581 2148 Romam
1619 2093 1891 2162 ingressus
1913 2090 2076 2147 Clau-

491 2187 565 2242 dii
600 2201 744 2242 anno
769 2187 826 2253 2,
860 2189 915 2242 in
961 2187 1251 2258 episcopali
1296 2187 1554 2242 cathedra
1596 2186 1740 2242 sedit
1779 2197 1951 2240 annos
1996 2183 2078 2238 vi-

491 2278 623 2348 ginti
647 2280 906 2349 quinque,
955 2295 1168 2336 menses
1212 2279 1367 2345 duos,
1391 2279 1510 2335 dies
1537 2287 1666 2341 tres,
1708 2277 1810 2346 Qui
1845 2295 1952 2336 uno
1980 2293 2077 2334 eo-

490 2359 722 2439 deuique
771 2379 1012 2441 tempore
1050 2380 1105 2425 et
1135 2371 1240 2438 die,
1290 2371 1572 2438 videlicet,
1601 2380 1725 2443 post
1772 2371 2076 2443 passionem

494 2460 707 2516 Domini
735 2478 878 2518 anno
901 2462 993 2530 58,
1032 2463 1223 2519 ultimo
1256 2478 1388 2520 vero
1426 2479 1568 2520 anno
1607 2463 1836 2520 Neronis
1862 2480 1944 2530 ut,
1972 2463 2077 2518 Ka-

493 2551 681 2606 lendas
717 2550 843 2607 Julii
889 2568 1012 2608 cum
1065 2553 1231 2610 Paulo
1281 2555 1600 2626 martyrium
1659 2554 2075 2611 consummavit.

493 2639 596 2696 Hic
625 2640 758 2696 duas
780 2641 1048 2713 Epistolas
1067 2642 1216 2709 fecit,
1245 2658 1364 2713 qua:
1381 2643 1668 2700 Canonicze
1692 2645 2072 2701 nominantur:

494 2729 549 2784 in
578 2745 807 2801 quarum
852 2732 1059 2802 prima,
1091 2734 1267 2804 primo
1299 2735 1624 2805 generaliter
1651 2735 1946 2802 Eeclesiam
1986 2737 2072 2793 in-

492 2823 683 2888 struit,
715 2824 992 2894 explicans
1037 2825 1298 2882 beneficia
1336 2827 1529 2896 quibus
1555 2842 1652 2882 nos
1695 2827 1875 2884 divina
1901 2828 2074 2898 pietas

492 2912 560 2966 ad
598 2912 824 2967 salutem
872 2929 1069 2970 vocare
1095 2955 1109 2980 ,
1138 2914 1220 2970 vel
1262 2916 1400 2970 dona
1432 2916 1628 2986 quibus
1663 2917 1950 2989 aliquando
1982 2917 2074 2973 Ju-

492 3006 656 3069 daeos,
679 3020 820 3060 nunc
848 3015 1026 3061 autem
1049 3021 1148 3062 nos
1173 3006 1443 3064 honorare
1467 3009 1683 3079 dignata
1706 3018 1810 3065 est.
1835 3009 2076 3066 Postmo-

497 3095 624 3150 dum
658 3109 787 3152 vero
815 3098 1059 3153 diversas
1094 3098 1328 3154 fidelium
1352 3115 1609 3169 personas
1635 3102 1866 3159 solerter
1893 3105 2074 3160 horta-

497 3196 603 3252 tur,
643 3202 711 3243 ne
755 3202 814 3242 se
851 3195 1002 3242 tanta
1043 3187 1278 3258 Spiritus
1314 3191 1488 3258 gratia
1528 3191 1819 3248 carnaliter
1844 3193 2074 3249 vivendo

495 3276 724 3334 reddant
771 3277 1050 3348 indignos;
1084 3293 1172 3345 ne,
1203 3279 1292 3348 qui
1335 3279 1498 3351 regali
1531 3295 1596 3336 ac
1625 3283 1946 3338 sacerdotali
1977 3299 2072 3340 vo-

495 3367 690 3424 cabulo
733 3377 859 3423 sunt
906 3368 1183 3440 insigniti,
1234 3370 1489 3426 vitiorum
1526 3371 1732 3427 malitia
1771 3372 2000 3439 subacti,
2043 3389 2074 3428 a

494 3457 814 3514 condonata:
838 3458 922 3514 vel
953 3459 1232 3529 promissa:
1265 3459 1366 3516 sibi
1394 3461 1692 3518 nobilitatis
1719 3462 1885 3533 gloria
1915 3463 2076 3534 dege-

495 3559 707 3604 nerent.
735 3547 802 3603 Et
829 3550 1006 3619 primo
1034 3550 1234 3606 liberos
1263 3561 1318 3606 et
1339 3565 1524 3606 servos
1548 3593 1563 3620 ,
1597 3553 1789 3610 deinde
1819 3553 2074 3611 mulieres

493 3649 551 3694 et
577 3640 722 3695 viros
769 3640 1074 3710 specialiter
1117 3640 1447 3712 alloquitur:
1498 3650 1661 3714 atque
1703 3653 1824 3714 post
1855 3644 2076 3700 interlo-

495 3731 767 3787 cutionem
813 3732 1080 3802 generalis
1121 3734 1536 3802 exhortationis,
1585 3736 1826 3792 seniores
1861 3752 2076 3808 quoque

495 3831 552 3876 et
588 3821 960 3876 adolescentes
991 3821 1224 3891 qualiter
1250 3837 1368 3879 sese
1390 3824 1619 3880 debeant
1649 3833 1864 3896 gerere,
1889 3838 2075 3882 osten-

497 3911 595 3965 dit.
629 3909 685 3965 ln
715 3911 953 3966 secunda
983 3927 1113 3967 vero
1147 3911 1404 3982 Epistola,
1429 3930 1588 3984 quam
1612 3916 1812 3971 eisdem
1837 3917 2074 3987 scripsit,

495 4001 692 4069 quibus
721 4009 776 4056 et
806 4001 1069 4071 primam,
1106 4003 1395 4058 miseratus
1431 4004 1678 4070 eosdem,
1709 4005 1821 4073 jam
1868 4016 1927 4060 ut
1956 4021 2077 4076 per-

497 4090 748 4146 fectiores
771 4090 836 4145 ad
860 4091 1064 4160 majora
1089 4101 1145 4148 et
1171 4092 1494 4162 perfectiora
1533 4096 1898 4165 multipliciter
1930 4113 2077 4152 com-
2103 4124 2146 4184 ρ

497 4190 680 4237 monet
729 4190 785 4238 et
828 4183 1096 4239 hortatur.
1159 4185 1226 4240 Et
1267 4185 1617 4258 Evangelium
1666 4187 1832 4244 Marci
1884 4189 2076 4244 fecisse

494 4273 714 4340 dicitur,
743 4275 866 4344 quia
912 4274 1127 4332 Marcus
1162 4278 1377 4347 adjutor
1405 4276 1522 4346 ejus
1574 4277 1697 4345 fuit,
1728 4285 1785 4334 et
1834 4278 1975 4333 [ilius
2010 4278 2076 4334 de

495 4365 783 4434 baptismo.
813 4365 1097 4422 Ordiuavit
1118 4377 1297 4424 autem
1327 4369 1608 4439 episcopos
1637 4380 1766 4435 tres,
1791 4369 2078 4436 Linum,et

496 4454 740 4523 Cletum,
785 4465 840 4512 et
885 4457 1236 4525 Clementem,
1285 4468 1341 4515 et
1387 4461 1730 4531 presbyteros
1773 4459 1988 4527 decem,
2022 4471 2079 4515 et

495 4547 754 4608 diaconos
772 4562 998 4626 septem.

1030 4665 1091 4721 ll.
1119 4697 1190 4708 -—
1222 4666 1278 4722 S.
1320 4666 1542 4725 LINUS.

980 4774 1162 4843 (Anno
1216 4775 1411 4833 Christi
1466 4779 1589 4852 69.)

570 4861 756 4929 Linus,
784 4865 1004 4920 natione
1032 4866 1196 4922 Italus
1222 4869 1458 4940 regionis
1481 4870 1716 4937 Tusciae,
1751 4877 1904 4941 patre
1940 4870 2077 4926 Her-

497 4952 712 5018 culano,
745 4956 883 5012 sedit
911 4972 1082 5012 annos
1109 4959 1376 5024 undecim,
1407 4976 1619 5035 menses
1647 4970 1778 5029 tres,
1809 4963 1924 5019 dies
1948 4965 2076 5018 duo-

497 5044 692 5098 decim.
729 5046 850 5100 Fuit
879 5059 1059 5103 autem
1093 5052 1420 5122 temporibus
1458 5053 1704 5120 Neronis,
1732 5070 1763 5109 a
1793 5055 2076 5110 consulatu

503 5129 782 5187 Saturnini
813 5143 869 5189 et
905 5135 1176 5206 Scipionis
1198 5180 1212 5204 ,
1242 5155 1414 5210 usque
1444 5142 1509 5195 ad
1541 5142 1854 5214 Capitonem
1884 5155 1938 5198 et
1967 5144 2076 5198 Ru-

499 5219 610 5272 fum
642 5223 911 5278 consules.
948 5225 1060 5280 Sub
1113 5229 1306 5296 quibus
1358 5234 1617 5302 martyrio
1654 5242 1944 5289 coronatur
1989 5235 2077 5290 die

503 5325 646 5364 nono
683 5303 908 5368 Kalend.
950 5314 1166 5371 Octobr.
1203 5317 1300 5374 Hic
1334 5336 1400 5374 ex
1438 5331 1707 5392 prmcepto
1751 5323 1894 5379 beati
1930 5324 2074 5380 Petri

501 5399 782 5455 constituit
806 5410 864 5448 ut
895 5403 1141 5446 mlllinroc
1166 5407 1342 5452 νηιηιη
1388 5410 1564 5461 cum“.
1589 5411 1638 5458 ί..
1669 5413 1959 5467 ecclesiam
1988 5415 2068 5464 in-

2095 1419 2152 1478 Δ

2651 1413 2738 1470 Ill.
2774 1443 2846 1455 —
2883 1413 2942 1470 S.
2981 1414 3272 1473 CLETUS.

2705 1506 2878 1576 (Anno
2899 1503 3094 1561 Christi
3117 1506 3233 1577 81.)

2245 1596 2447 1662 Cletus,
2473 1596 2689 1653 natione
2710 1595 2987 1653 Romanus
3013 1599 3077 1654 de
3106 1599 3329 1670 regione
3354 1597 3491 1656 Vico
3522 1601 3760 1670 patricii,

2176 1697 2329 1760 patre
2373 1688 2705 1754 IEmiliano,
2753 1689 2895 1744 sedit
2939 1704 3112 1747 annos
3147 1691 3472 1757 duodecim,
3519 1707 3764 1746 mensem

2177 1793 2368 1846 unum,
2398 1780 2514 1836 dies
2544 1779 2817 1836 undecim.
2844 1778 2969 1834 Fuit
2993 1791 3172 1836 autem
3201 1781 3542 1852 temporibus
3563 1783 3765 1853 Vespa-

2177 1875 2316 1931 siani
2345 1882 2400 1930 et
2437 1873 2542 1929 Titi
2563 1915 2578 1942 ,
2605 1889 2637 1930 a
2667 1875 2948 1930 consulatu
2991 1875 3311 1947 Vespasiani
3344 1892 3450 1942 vu,
3496 1887 3554 1932 et
3591 1877 3766 1931 Dorm-

2179 1963 2310 2018 tiani
2345 1978 2398 2025 v.
2449 1978 2619 2032 usque
2648 1963 2714 2019 ad
2743 1963 3104 2019 Domitianum
3147 1981 3223 2029 ιι,
3251 1974 3306 2021 et
3338 1965 3541 2020 Rufum
3572 1981 3763 2020 consu-

2177 2053 2322 2109 lem:
2374 2052 2474 2107 sub
2523 2051 2718 2122 quibus
2771 2053 3033 2124 martyrio
3081 2063 3382 2110 coronatur
3431 2070 3491 2109 vi
3539 2053 3757 2108 Kalend.

2178 2143 2324 2198 Maii.
2356 2141 2454 2198 Hic
2475 2156 2541 2197 ex
2575 2151 2844 2213 praecepto
2875 2142 2932 2196 Β.
2956 2141 3100 2198 Petri
3127 2144 3316 2215 viginti
3347 2145 3594 2214 quinque
3621 2159 3762 2213 pres-

2175 2233 2397 2304 byteros
2425 2231 2697 2288 ordinavit
2737 2233 2790 2288 in
2827 2232 3018 2288 Roma.
3058 2232 3195 2289 Nota
3239 2234 3343 2290 hos
3374 2235 3543 2302 duos,
3577 2235 3760 2288 Linum

2176 2330 2233 2378 et
2258 2322 2490 2387 Cletum,
2519 2321 2654 2378 nihil
2682 2321 3007 2393 pontiﬁcale,
3036 2323 3139 2379 nisi
3167 2338 3233 2379 ex
3273 2335 3556 2396 praecepto
3587 2324 3647 2378 Β.
3673 2323 3762 2388 Pe-

2179 2410 2272 2476 tri,
2298 2411 2473 2482 egisse
2498 2428 2511 2465 :
2565 2411 2708 2467 unde
2735 2420 2952 2467 constat
2985 2427 3078 2468 eos
3102 2411 3461 2481 coadjutores
3493 2413 3635 2483 ejus,
3663 2429 3762 2468 nos

2178 2516 2520 2559 successores
2557 2502 2748 2559 fuisse.

2628 2594 2718 2650 1V.
2757 2626 2821 2637 —
2861 2597 2919 2653 S.
2961 2596 3301 2654 CLEMENS.

2701 2688 2874 2756 (Anno
2899 2686 3092 2742 Christi
3119 2689 3234 2760 93.)

2099 2773 2151 2837 Β
2245 2775 2512 2845 Clemens,
2559 2778 2780 2835 natione
2826 2777 3139 2845 Romanus,
3193 2781 3260 2836 de
3309 2782 3546 2851 regione
3607 2780 3764 2836 C(elio

2176 2877 2380 2933 monte,
2407 2884 2471 2923 ex
2499 2878 2649 2940 patre
2672 2867 2950 2934 Faustino,
2977 2869 3117 2924 sedit
3143 2885 3321 2925 annos
3361 2887 3562 2925 novem
3580 2913 3595 2935 ,
3627 2889 3757 2926 ιιιεηο

2175 2973 2264 3014 ses
2292 2959 2447 3026 duos,
2474 2961 2590 3017 dies
2609 2960 2816 3016 decem.
2843 2959 2968 3015 Fuit
3004 2970 3186 3016 autem
3221 2963 3572 3031 temporibus
3596 2962 3756 3017 Galla

2174 3059 2228 3106 et
2255 3049 2572 3121 Vespasiani
2600 3067 2628 3105 a
2655 3052 2934 3108 consulatu
2965 3051 3174 3124 Tragali
3201 3064 3258 3109 et
3284 3053 3488 3119 Italici,
3519 3071 3675 3124 usque
3693 3053 3752 3106 ad

2175 3139 2494 3212 Vespasiani
2522 3157 2723 3198 nonum
2760 3153 2816 3199 et
2841 3143 3022 3198 Titum
3049 3156 3098 3199 ι.
3137 3143 3271 3211 Hic,
3309 3146 3580 3215 quamvis
3609 3147 3657 3198 in
3685 3154 3758 3199 or'

2173 3229 2300 3286 dine
2351 3231 2576 3303 catalogi
2624 3240 2745 3303 post
2790 3233 2850 3288 Β.
2905 3232 3124 3288 Petrum
3174 3235 3374 3291 tertius
3423 3236 3762 3297 inveniatur,

2175 3336 2364 3378 revera
2397 3331 2598 3387 tamen,
2631 3323 2774 3379 sicut
2817 3323 2931 3394 ipse
2975 3324 3029 3379 in
3055 3324 3284 3394 epistola
3319 3327 3553 3396 scripsit
3576 3325 3767 3380 Jacobo

2176 3410 2669 3484 Hierosolymorum
2701 3413 2971 3484 episc0po,
2998 3422 3121 3484 post
3161 3415 3385 3470 beatum
3417 3416 3641 3471 Petrum
3670 3417 3770 3485 pri-

2177 3517 2295 3559 tnus
2318 3543 2333 3570 ,
2366 3502 2512 3558 nullo
2556 3505 2906 3575 interposito,
2934 3503 3194 3562 Romanae
3218 3507 3369 3562 sedis
3403 3505 3769 3579 gubernacula

2174 3593 2361 3664 procul
2400 3593 2564 3650 dubio
2616 3597 2817 3662 tenuit;
2869 3595 3037 3652 Linus
3084 3605 3265 3651 autem
3299 3607 3357 3651 et
3411 3598 3607 3652 Cletus
3656 3599 3767 3652 ideo

2173 3683 2321 3738 velut
2347 3699 2658 3741 sucessores
2686 3685 2834 3741 Petri
2861 3696 3347 3756 connumerantur,
3376 3689 3511 3759 quia
3544 3689 3658 3758 ipse
3680 3704 3768 3742 eos

2175 3775 2229 3829 in
2259 3775 2368 3830 vita
2408 3777 2749 3848 coadjutores
2797 3778 2898 3834 sibi
2945 3777 3074 3835 fecit
3103 3787 3162 3835 ut
3205 3789 3356 3836 tanto
3381 3770 3384 3772 ’
3413 3780 3616 3836 melius
3665 3782 3768 3850 ipse

2175 3881 2372 3923 vacare
2421 3877 2606 3938 posset
2640 3868 2893 3924 orationi.
2953 3868 3106 3926 Hanc
3144 3871 3398 3926 veritatis
3443 3872 3768 3926 sententiam

2177 3957 2393 4012 Tertius
2414 3956 2652 4014 Joannes
2680 3975 2816 4030 papa
2845 3959 2897 4013 in
2923 3958 3176 4029 epistola,
3208 3975 3374 4030 quam
3403 3961 3635 4032 scripsit
3661 3961 3768 4029 epi-

2175 4049 2354 4120 sc0pis
2390 4050 2443 4105 in
2491 4048 2793 4106 Germaniae
2817 4058 2872 4105 et
2899 4048 3084 4122 Calliae
3113 4051 3414 4120 provinciis
3439 4052 3767 4114 constitutis,

2180 4136 2462 4194 manifeste
2499 4138 2816 4205 confirmat,
2857 4139 2928 4194 ita
2965 4140 3110 4195 inter
3143 4150 3344 4197 caetera
3387 4143 3582 4198 dicens
3604 4143 3679 4212 (8,
3715 4159 3768 4212 q.

2182 4226 2233 4293 1,
2272 4242 2322 4284 c.
2359 4227 2422 4283 Si
2451 4230 2649 4300 autem)
2677 4247 2689 4282 :
2723 4227 2786 4286 Si
2806 4239 2979 4284 autem
3009 4227 3203 4284 Petrus
3228 4233 3478 4302 princeps
3516 4237 3769 4303 apostolo-

2179 4334 2294 4372 rum
2316 4319 2584 4390 adjutores
2608 4319 2705 4374 sibi
2718 4319 2905 4374 Linum
2925 4331 2971 4375 et
2989 4321 3191 4376 Cletum
3209 4323 3451 4386 adscivit,
3474 4340 3582 4378 non
3602 4335 3768 4378 tam

2177 4419 2478 4478 potestatem
2502 4409 2780 4480 pontiﬁcii,
2809 4422 2895 4478 aut
2921 4411 3122 4481 ligandi
3147 4422 3240 4466 aut
3267 4413 3512 4469 solrendi
3538 4432 3767 4468 normam

2177 4501 2251 4554 eis
2281 4501 2536 4566 tradidit,
2566 4501 2658 4555 sed
2690 4502 2977 4556 successori
3015 4519 3111 4557 suo
3152 4500 3438 4571 Clementi,
3467 4508 3562 4576 qui
3601 4508 3768 4560 sedem

2177 4591 2515 4661 apostolicam
2542 4601 2655 4662 post
2685 4607 2826 4658 eum,
2855 4601 2902 4647 et
2937 4602 3243 4663 potestatem
3276 4596 3642 4664 pontiﬁcalem
3671 4610 3768 4650 tra-

2178 4679 2328 4733 dente
2356 4679 2456 4734 sibi
2496 4680 2559 4734 B.
2603 4679 2758 4735 Petro
2799 4691 2971 4736 tenere
3001 4684 3314 4753 promeruit.
3348 4679 3523 4740 Linus
3566 4704 3683 4741 cera
3722 4696 3766 4740 et

2178 4769 2354 4825 Cletus
2399 4771 2766 4826 ministrabant
2807 4774 3108 4829 exteriora:
3146 4775 3393 4845 princeps
3436 4789 3619 4833 autem
3649 4796 3767 4848 apo-

2177 4864 2429 4918 stolorum
2457 4861 2649 4918 Petrus
2683 4865 2833 4919 verba
2858 4875 2904 4918 et
2935 4867 3164 4920 orationi
3190 4869 3488 4923 insistebat.
3514 4869 3647 4925 Item
3673 4913 3688 4938 ,
3718 4873 3766 4925 in

2177 4957 2367 5011 eadem
2405 4971 2542 5026 papa
2583 4955 2820 5013 Joannes
2858 4957 3018 5028 paulo
3068 4957 3294 5014 inferius
3343 4961 3414 5015 de
3451 4963 3660 5018 eisdem
3698 4964 3765 5017 ita

2178 5046 2455 5117 subjuugit
2481 5064 2494 5100 :
2529 5045 2719 5101 Linum
2747 5063 2970 5117 namque
2991 5057 3036 5102 et
3066 5047 3268 5103 Cletum
3297 5050 3436 5103 nihil
3460 5051 3659 5122 legitur
3677 5070 3764 5105 utr-

2175 5156 2333 5210 quam
2370 5139 2533 5210 egisse
2569 5155 2635 5194 ex
2661 5139 2952 5210 pontiﬁcali
2988 5141 3276 5195 ministerio
3303 5145 3656 5210 potestatirc;
3680 5145 3764 5197 sed

2176 5243 2429 5302 quantum
2467 5232 2541 5287 eis
2601 5249 2634 5284 a
2680 5232 2826 5286 beato
2867 5231 3026 5287 Petro
3071 5234 3515 5303 prwcipiebatur,
3564 5247 3764 5288 tantum

2177 5325 2346 5378 solum
2381 5325 2619 5395 agebant.
2659 5323 2759 5380 llic
2798 5325 3018 5392 autem,
3047 5325 3172 5380 dum
3209 5324 3409 5380 multos
3446 5325 3624 5381 libros
3650 5329 3762 5380 zelo

2179 5416 2300 5464 (Μοί
2330 5416 2650 5466 Christianae
2688 5416 2962 5472 reliaionis
2993 5416 3325 5476 ascriberet.
3363 5417 3638 5483 martyrio
3668 5417 3767 5472 sub
