3992 6306
548 366 689 424 ιιδι

1253 365 1542 424 APPEND.
1583 367 1676 422 AD
1717 365 1888 424 διεδ.
1929 367 2020 424 IX.
2057 398 2127 410 —
2163 364 2533 424 AUCTORES
2571 365 2732 422 ANNI
2770 362 3065 424 INCEBTI.

3675 373 3821 430 “58

545 480 632 546 ll,
665 489 720 553 'q.
752 476 804 542 3,
832 494 881 535 c.
909 477 969 535 Si
1001 487 1218 551 autem).
1271 480 1381 537 Sed
1417 496 1485 536 ne
1528 484 1598 538 de
1642 485 1746 538 hoc
1794 483 2034 553 episcopi
2064 497 2128 564 se
2149 490 2199 548 Α
2225 483 2440 536 cordtas
2488 495 2781 550 pauperum
2827 483 3020 550 juvare
3078 483 3470 553 paenitentiam.
3542 486 3645 543 Per
3698 489 3824 544 haec

513 573 824 637 extollant,
853 572 1282 628 animadvertant
1309 573 1439 643 quid
1484 574 1551 628 de
1593 574 1723 642 ipsis
1767 572 1932 649 dicat.
1977 573 2123 628 Cun-

538 667 750 720 ctorum
790 662 1127 718 sacerdotum
1175 663 1338 717 vitam
1387 665 1738 733 superiorem,
1777 663 2126 718 sanctiorem-

540 769 668 824 que,
702 770 764 808 ac
787 753 1070 808 discretam
1101 769 1127 806 a
1165 753 1513 809 saecularibus
1541 760 1596 809 et
1637 753 1789 810 laicis
1817 753 2124 808 hominibus

537 861 678 907 esse,
732 857 788 900 et
834 844 1139 914 spiritualcs
1189 860 1350 913 supra
1395 845 1658 910 carnales,
1717 852 1773 900 et
1815 844 2123 900 sacerdotes

539 947 700 1002 supra
724 934 888 988 laicos
917 949 1130 1004 semper
1163 935 1488 990 constituere
1519 943 1572 990 et
1599 935 1713 991 fore
1735 934 1929 990 debere
1956 936 2119 989 doce-

535 1024 629 1082 bat
661 1024 946 1080 :carnales
977 1035 1154 1078 autem
1192 1025 1559 1094 spiritualibus
1591 1025 1840 1080 resistere
1869 1023 2122 1094 prohibe-

533 1113 648 1168 bat.
699 1113 1024 1168 Ebrietatem
1065 1113 1260 1182 oppido
1303 1113 1661 1183 prohibebat,
1706 1114 1832 1184 quia
1877 1113 2120 1168 ebriosos

531 1216 757 1271 corpore
789 1212 845 1256 et
883 1203 1058 1256 anima
1083 1213 1326 1258 mortuos
1352 1219 1470 1258 esse
1491 1205 1838 1274 praedicabat.
1890 1203 2120 1260 Homici—

531 1290 720 1346 darum
752 1306 946 1360 genera
980 1291 1086 1358 tria
1117 1306 1237 1346 esse
1271 1291 1484 1348 dicebat
1521 1293 1605 1363 (tle
1653 1290 1844 1347 Paenit.
1879 1295 2012 1348 dist.
2040 1295 2114 1363 1.),

530 1390 583 1436 et
611 1395 824 1450 pinnam
863 1381 1076 1435 illorum
1120 1381 1342 1450 parilem
1388 1380 1504 1437 fore
1554 1377 1810 1459 docebat.
1850 1381 1930 1458 lla
1971 1383 2117 1439 enim

528 1472 858 1528 detractores
883 1471 1131 1539 fratrum,
1169 1481 1224 1527 et
1262 1488 1356 1528 eos
1385 1474 1650 1538 odientes,
1676 1473 1971 1530 homicidas
1996 1488 2118 1529 esse

527 1561 928 1627 manifestabat,
957 1563 1096 1618 sicut
1116 1571 1176 1616 et
1199 1551 1386 1626 eorum
1416 1563 1796 1621 interfectores
1822 1583 1836 1619 :
1862 1563 1986 1635 quia
2021 1564 2116 1635 qui

524 1650 748 1715 occidit,
772 1661 828 1707 et
866 1652 958 1722 qui
998 1653 1113 1709 odit
1147 1652 1371 1708 fratrem
1415 1669 1594 1720 suum,
1625 1665 1680 1710 et
1723 1656 1814 1726 qui
1854 1657 2113 1726 detrahit,

522 1743 726 1812 pariter
742 1743 1036 1799 homicida:
1057 1759 1178 1800 esse
1206 1755 1575 1802 monstrantur
1605 1745 1654 1817 (Ι
1685 1745 1847 1802 Joan.
1881 1746 1988 1818 ιιι).

2222 571 2366 626 enim
2390 568 2598 624 facilior
2625 570 2843 626 dabitur
2887 572 3065 638 venia,
3096 583 3150 629 et
3182 575 3473 647 indulgenti
3513 578 3682 635 citius
3737 580 3828 632 in-

2223 658 2546 730 dulgebitur.
2590 659 2719 714 Item
2737 658 2892 730 jubet
2912 661 3024 733 (l6,
3053 678 3107 733 q.
3141 665 3198 730 7,
3227 679 3274 720 c.
3306 666 3608 737 Ecclesia),
3629 668 3827 722 eccle:

2221 745 2329 803 sias
2355 761 2455 817 per
2477 762 2712 818 congrua
2747 757 2800 825 et
2833 749 2980 804 utilia
3025 751 3141 806 loca
3190 752 3327 818 fieri,
3367 767 3566 825 easque
3607 757 3824 812 divinis
3909 745 3916 758 ’

2219 836 2471 904 precibus
2505 837 2732 903 sacrari,
2754 824 2809 894 et
2832 838 2884 892 in
2909 838 3134 910 singulis
3165 842 3468 898 sacerdotes
3481 824 3646 913 poni,
3675 860 3824 914 quos

2218 926 2489 992 venerari,
2513 941 2617 989 non
2655 943 2685 980 a
2721 942 2991 997 quoquam
3028 931 3266 998 gravari,
3295 943 3557 1000 oporteat.

2288 1015 2444 1080 Item,
2474 1015 2526 1070 in
2556 1017 2722 1090 tertia)
2745 1018 2989 1086 epistola.
3013 1035 3173 1088 quam
3205 1022 3524 1090 generaliter
3547 1025 3819 1081 omnibus

2217 1105 2504 1176 episcopis,
2529 1114 2585 1162 et
2608 1095 2827 1179 reliquis
2849 1108 3082 1174 clericis,
3125 1119 3179 1164 et
3208 1112 3417 1167 cunctis
3445 1115 3814 1186 principibus,

2218 1196 2574 1266 omnibusque
2608 1199 2837 1254 subditis
2857 1200 3105 1268 scripsit;
3137 1199 3270 1255 dicit
3311 1216 3404 1256 eos
3431 1204 3519 1272 qui
3545 1207 3820 1260 sacerdo-

2218 1286 2292 1340 tio
2327 1285 2539 1342 Domini
2562 1287 2833 1354 fruuntur,
2866 1299 2923 1344 et
2953 1291 3006 1344 in
3040 1289 3256 1359 specula
3296 1301 3421 1346 sunt
3463 1294 3654 1362 positi,
3691 1296 3820 1364 plus

2217 1377 2431 1431 caneris
2474 1377 2615 1434 scire
2641 1388 2913 1448 Oportere,
2946 1389 3002 1433 ut
3041 1381 3284 1436 subditos
3311 1382 3410 1436 sibi
3439 1384 3672 1452 populos
3703 1385 3822 1456 ple-

2215 1467 2360 1523 niter
2383 1469 2589 1538 possint
2613 1467 2828 1536 docere,
2856 1472 3042 1540 eisque
3067 1473 3134 1526 ad
3161 1473 3421 1528 ccelorum
3453 1490 3617 1544 regna
3652 1476 3821 1531 duca-

2219 1569 2330 1614 tum
2351 1561 2594 1630 praebere
2623 1579 2636 1614 :
2666 1571 2724 1616 et
2742 1563 2980 1632 ipsorum
3003 1565 3074 1618 sit
3093 1564 3316 1634 populos
3334 1565 3561 1624 docere:
3585 1568 3818 1637 populo-

2215 1665 2334 1705 rum
2365 1665 2494 1707 vero
2518 1653 2610 1718 sit,
2643 1653 2773 1722 ipsis
2804 1655 3072 1724 episcopis
3086 1657 3330 1710 obedire.
3371 1655 3426 1710 Si
3460 1673 3592 1712 vero
3617 1675 3818 1714 onines

2218 1747 2325 1793 tam
2352 1740 2556 1808 clerici,
2583 1758 2745 1813 quam
2776 1755 2829 1798 et
2861 1744 3000 1808 laici,
3043 1746 3123 1800 eis
3165 1761 3270 1798 non
3319 1748 3658 1814 obedierint;
3709 1768 3818 1804 non

591 1835 648 1890 in
681 1837 913 1891 secunda
960 1848 1138 1891 autem
1179 1837 1426 1906 epistola,
1474 1853 1635 1908 quam
1671 1839 1981 1912 supradicto
2019 1838 2110 1895 Ja-
2136 1827 2185 1888 B
2211 1832 2386 1888 solum
2412 1832 2778 1909 inlames,_sed
2801 1847 3046 1891 extorres
3070 1852 3103 1890 a
3134 1849 3298 1908 regno
3323 1838 3439 1902 Dei,
3469 1849 3530 1892 et
3555 1854 3586 1892 a
3610 1839 3820 1894 limini-

520 1927 658 1981 cobo
712 1925 1203 1997 Hierosolymorum
1263 1929 1513 1998 episcopo
1570 1929 1790 1999 scripsit
1817 1968 1834 1994 ,
1875 1944 2000 1984 eum
2047 1931 2115 1986 de

521 2017 891 2078 sacramentis,
926 2032 1045 2086 qua:
1071 2028 1330 2088 geruntur
1358 2020 1408 2072 in
1439 2020 1662 2084 sanctis,
1709 2019 1850 2075 sicut
1895 2035 1926 2074 a
1964 2021 2113 2090 prin-

520 2109 640 2177 cipe
669 2107 1033 2178 apostolorum
1067 2109 1245 2164 fuerat
1286 2110 1496 2176 doctus,
1540 2127 1608 2166 ex
1645 2111 1834 2166 ordine
1872 2112 2110 2168 instruit.

521 2197 662 2254 Dicit
695 2198 861 2266 enim,
884 2199 1188 2256 divinorum
1218 2209 1550 2256 secretorum
1573 2210 1914 2257 sacramenta
1940 2203 2112 2258 tribus

519 2289 777 2359 gradibus
801 2305 920 2346 esse
942 2292 1250 2355 commissa,
1281 2291 1332 2346 id
1363 2303 1466 2356 est,
1493 2293 1832 2364 presbytero,
1855 2293 2108 2360 diacono,

520 2382 854 2455 subdiacono
881 2384 968 2452 (de
1005 2382 1166 2438 Cons.
1195 2384 1320 2439 dist.
1357 2385 1412 2450 2,
1444 2400 1493 2440 c.
1525 2383 1755 2455 Tribus).
1802 2383 1897 2440 His
1929 2393 2110 2441 autem

518 2491 641 2532 cum
692 2454 884 2532 timore
919 2489 975 2532 et
1020 2486 1254 2533 tremore
1287 2477 1542 2547 reliquias
1567 2478 1814 2549 corporis
1845 2479 2110 2536 Dominici

517 2569 898 2624 custodiendas
935 2583 1054 2625 esse
1079 2569 1338 2624 insinuat.
1384 2571 1442 2625 In
1491 2570 1685 2626 altario
1728 2582 1910 2628 autem
1959 2580 2110 2627 tanta

518 2658 830 2713 holocausta
878 2657 1150 2716 offerenda
1195 2675 1312 2716 esse
1350 2661 1612 2732 praecipit,
1663 2671 1864 2733 quanta
1913 2663 2109 2734 p0pulo

515 2749 761 2806 sullicere
811 2750 1076 2805 videatur.
1135 2750 1192 2806 Si
1245 2753 1371 2821 quid
1422 2768 1550 2808 vero
1597 2753 1720 2809 inde
1762 2755 2105 2816 remanserit,

514 2858 624 2897 non
664 2843 718 2896 in
753 2844 1048 2899 crastinum
1079 2845 1482 2912 reservandum,
1527 2847 1623 2900 sed
1661 2861 1784 2901 cum
1825 2846 2016 2903 timore
2053 2856 2112 2903 et

515 2942 756 2987 tremore
812 2933 1130 2988 clericorum
1187 2935 1460 3006 diligentia
1517 2937 1941 2992 consumendum
1983 2953 2108 2995 esse

515 3022 751 3076 edocuit.
800 3021 1189 3079 Consumentes
1227 3035 1406 3080 autem
1447 3041 1532 3093 ea,
1575 3041 1697 3096 qua:
1725 3037 1853 3084 sunt
1889 3029 2106 3084 residua

515 3113 759 3182 corporis
783 3124 838 3168 et
859 3115 1134 3185 sanguinis
1162 3115 1372 3172 Domini
1393 3132 1500 3173 non
1530 3120 1714 3174 statim
1753 3119 1820 3174 ad
1863 3134 2105 3176 commu-

2212 1921 2315 1978 bus
2363 1924 2696 1980 sanctaeiDei
2743 1924 3000 1980 Ecclesia:
3045 1925 3206 1980 alieni
3245 1938 3444 1982 erunt:
3472 1930 3606 1999 quia
3655 1931 3818 1984 arbor

2211 2027 2332 2082 quae
2387 2029 2493 2068 non
2547 2014 2678 2069 facit
2730 2014 2962 2070 fructum
3009 2016 3211 2072 bonum
3263 2019 3590 2083 excidatur,
3657 2031 3713 2074 et
3761 2023 3813 2076 in

2212 2104 2390 2174 ignem
2423 2104 2673 2159 mittetur
2708 2105 2925 2174 (Matth.
2961 2106 3076 2178 vn).
3125 2109 3370 2175 Qualiter
3399 2122 3584 2166 autem
3622 2117 3815 2183 cuique

2209 2195 2277 2248 sit
2311 2195 2684 2258 obediendum,
2720 2200 2771 2249 iu
2793 2197 2980 2252 eadem
3009 2199 3236 2268 epistola
3263 2199 3442 2265 docet,
3471 2204 3548 2256 ita
3571 2206 3813 2258 subiafe-

2211 2299 2335 2339 rens
2365 2285 2478 2356 (16,
2507 2301 2559 2355 q.
2590 2300 2627 2348 ι,
2665 2301 2716 2340 c.
2744 2285 2981 2356 Cunctis)
3017 2305 3031 2340 :
3063 2287 3405 2359 Quapropter
3438 2295 3664 2348 cunctis
3690 2295 3814 2348 lide-

2209 2361 2368 2440 libus,
2410 2385 2465 2430 et
2500 2392 2842 2448 summopere
2870 2377 3120 2433 omnibus
3149 2381 3486 2451 presbyteris
3533 2393 3590 2438 et
3630 2386 3810 2440 diaeti-

2209 2466 2315 2530 nis,
2362 2477 2417 2520 et
2463 2467 2686 2536 reliquis
2731 2468 2944 2524 clericis
2969 2473 3350 2527 attendeudmn
3379 2483 3490 2540 est,
3524 2486 3586 2530 ut
3613 2479 3812 2548 absque

2207 2559 2442 2627 episc0pi
2491 2560 2692 2629 proprii
2739 2560 2952 2616 licentia
3002 2563 3138 2618 nihil
3188 2575 3392 2635 agant;
3457 2583 3570 2622 non
3631 2573 3811 2640 utique

2210 2653 2402 2706 missas
2433 2652 2550 2707 siue
2584 2654 2700 2724 ejus
2738 2651 2891 2722 jussu
2929 2656 3214 2725 quisquam
3258 2659 3709 2730 presbyterorum
3757 2665 3803 2717 in

2207 2758 2303 2796 sua
2345 2744 2599 2814 parochia
2647 2755 2849 2810 cantet,
2897 2762 3001 2801 non
3047 2747 3321 2817 baptizet,
3368 2765 3472 2806 nec
3516 2755 3806 2825 quidquam

2206 2833 2324 2888 sine
2351 2833 2467 2904 ejus
2497 2834 2768 2903 permissu
2796 2834 2978 2891 faciat.
3020 2828 3283 2894 Similiter
3306 2850 3361 2895 et
3385 2843 3586 2912 reliqui
3611 2848 3804 2914 populi,

2205 2923 2439 2993 majores
2467 2926 2675 2982 scilicet
2697 2937 2748 2982 et
2777 2928 3032 2994 minores,
3053 2945 3150 3000 per
3175 2930 3290 3000 ἀπε
3321 2933 3632 3001 licentiam,
3659 2940 3804 3008 quid-

2206 3015 2334 3085 quid
2358 3017 2622 3086 agendum
2652 3027 2750 3082 est,
2781 3031 2960 3091 agant,
2995 3037 3097 3076 nec
3129 3023 3246 3077 sine
3288 3025 3404 3094 ejus
3459 3031 3724 3096 permissu
3767 3047 3800 3085 ει

2207 3122 2304 3161 sua
2330 3109 2585 3177 parochia
2621 3109 2946 3176 abscedant;
2984 3127 3084 3167 nec
3124 3113 3179 3168 in
3209 3130 3272 3168 ea
3307 3117 3668 3174 adventantes
3699 3138 3802 3182 tuo,

512 3219 611 3259 nes
641 3205 790 3260 cibos
814 3184 1156 3274 accipjendos
1174 3205 1368 3262 debent
1395 3210 1680 3275 accedere;
1723 3211 1815 3266 sed
1847 3213 1895 3267 si
1927 3229 2100 3279 mane,
2131 3184 2175 3244 Ο
2207 3200 2315 3253 rari
2344 3210 2690 3268 prtesumant.
2742 3201 2896 3270 Item,
2924 3206 2977 3257 in
3001 3205 3188 3259 eadem
3223 3208 3381 3276 paulo
3407 3209 3640 3264 inferius
3675 3215 3804 3267 dicit

506 3294 752 3374 jejuuent
791 3310 960 3366 usque
1005 3296 1074 3351 ad
1114 3306 1354 3353 sextam:
1404 3307 1462 3354 et
1496 3300 1541 3356 si
1586 3303 1742 3357 tertia
1781 3301 1865 3358 vel
1910 3314 2104 3373 quarta

513 3385 843 3455 acceperint,
867 3383 1112 3454 jejunent
1139 3403 1308 3458 usque
1336 3389 1404 3444 ad
1431 3405 1732 3460 vesperam.
1780 3393 1980 3450 Altaris
2009 3411 2108 3450 au-

514 3487 623 3531 tem
647 3476 809 3546 pallia
835 3476 920 3549 (de
945 3474 1106 3533 Cons.
1145 3481 1270 3535 dist.
1300 3481 1353 3546 1,
1375 3497 1424 3537 c.
1452 3484 1650 3538 Alteris
1677 3485 1869 3558 palla),
1900 3488 2101 3555 velum,

513 3578 570 3624 et
597 3579 814 3636 Cretera,
863 3586 982 3640 qua:
1022 3571 1076 3626 in
1123 3575 1431 3631 sanctuario
1475 3575 1762 3644 habentur,
1805 3579 1850 3633 si
1904 3578 2107 3636 fuerint

513 3669 780 3716 vetustate
806 3671 1150 3732 consumpta,
1181 3664 1430 3736 incendio
1451 3667 1680 3732 dentur;
1709 3669 1920 3725 cineres
1972 3686 2102 3728 vero

513 3767 700 3807 eorum
729 3754 804 3807 ita
832 3756 1214 3822 recondantur,
1244 3767 1304 3812 ut
1331 3774 1436 3814 non
1462 3759 1687 3828 pedibus
1717 3761 2102 3819 iutrocuntimn

513 3845 884 3914 inquinentur.

583 3933 860 3990 Ministros
879 3942 1061 3992 autem
1083 3935 1270 3992 altaris
1293 3937 1425 3994 tales
1443 3939 1717 4010 eligendos
1729 3956 1847 3997 esse
1861 3943 2099 4010 instruit,

512 4029 603 4098 qui
637 4036 761 4082 ante
807 4028 1200 4084 ordinationem
1227 4043 1354 4085 suas
1376 4030 1632 4102 conjuges
1661 4034 1979 4104 reliquerint
2008 4049 2023 4088 :
2054 4037 2100 4091 si

512 4136 644 4176 vero
690 4130 808 4190 post
865 4119 1260 4176 ordinationem
1311 4123 1559 4179 minister
1604 4127 1878 4196 proprium
1926 4129 2104 4184 cubile

511 4212 696 4267 uxoris
733 4213 1010 4279 invaserit,
1053 4214 1285 4270 ministri
1332 4215 1506 4272 oﬂicio
1544 4227 1727 4274 careat
1758 4218 1846 4288 (17
1875 4234 1929 4290 q.
1958 4220 2014 4285 4,
2046 4235 2098 4276 c.

513 4301 572 4358 Si
599 4305 790 4376 forte)..
822 4306 974 4372 item,
1010 4307 1054 4364 si
1094 4309 1378 4380 presbyter
1420 4318 1514 4364 aut
1546 4312 1805 4368 diaconus
1847 4313 2104 4370 sindones

479 4383 759 4462 'sacrarii,
811 4407 904 4452 aut
935 4397 1110 4453 velum
1145 4401 1437 4469 cupiditate
1463 4402 1792 4464 subtraxerit
1827 4413 1882 4458 et
1914 4407 2100 4461 vendi-

513 4487 674 4551 derit,
695 4487 846 4543 Juda:
861 4490 1138 4545 traditoris
1153 4507 1365 4561 ρωηωιι
1394 4509 1767 4564 suscepturum
1788 4511 1848 4552 se
1868 4499 2095 4553 noverit.

510 4575 748 4632 Clericos
781 4587 959 4633 autem
994 4579 1141 4650 (dist.
1175 4580 1266 4647 25,
1294 4597 1342 4636 c.
1380 4581 1552 4653 Tales)
1582 4584 1648 4638 ad
1675 4584 1890 4640 femina:
1919 4589 2099 4642 taber-

511 4669 761 4723 naculum
791 4669 934 4724 solos
967 4672 1244 4738 accedere,
1275 4688 1368 4730 aut
1397 4693 1519 4732 cum
1549 4677 1661 4734 sola
1712 4679 1912 4734 femina
1952 4681 2105 4739 solos

509 4756 716 4813 fabulas
764 4760 1010 4826 miscere,
1039 4764 1121 4818 vel
1151 4779 1274 4818 cum
1301 4780 1560 4822 ex1ranea
1592 4769 1860 4833 habitare,
1887 4771 2102 4840 penitus

507 4850 868 4918 prohibetur:
901 4853 1160 4924 alioquin,
1201 4857 1248 4910 si
1290 4860 1530 4928 agnitum
1578 4859 1741 4914 fuerit
1787 4862 1852 4916 de
1897 4861 2100 4932 aliquo,

511 4941 830 5011 deponatur.
899 4943 1057 5002 Tales
1113 4959 1292 5016 autem
1351 4949 1578 5007 clericos
1631 4953 1699 5007 ad
1743 4953 2100 5010 ministerium

505 5031 662 5102 jubet
705 5032 865 5104 elegi,
903 5037 993 5104 qui
1027 5037 1303 5095 Dominica
1335 5053 1679 5100 sacramenta
1712 5044 1872 5115 digne
1893 5046 2103 5115 possint

510 5133 766 5180 tractare.
824 5127 1013 5185 Melius
1055 5140 1138 5184 est
1181 5132 1325 5195 enim
1353 5132 1564 5188 Domini
1595 5137 1862 5191 sacerdoti
1902 5153 2103 5206 paucos

511 5219 712 5276 habere
753 5221 1051 5286 ministros,
1103 5223 1194 5292 qui
1234 5225 1390 5296 digne
1419 5228 1625 5296 possint
1651 5244 1786 5299 opus
1829 5229 1920 5285 Dei
1947 5245 2104 5286 exer-

507 5324 656 5377 cere,
679 5327 842 5382 quam
871 5312 1068 5368 multos
1102 5314 1338 5381 inutiles,
1365 5317 1458 5386 qui
1481 5331 1619 5374 onus
1643 5334 1805 5389 grave
1832 5321 2105 5378 adducant

508 5403 830 5459 ordinatori.
871 5403 1023 5468 Item,
1054 5405 1106 5459 in
1132 5406 1318 5462 eadem
1343 5399 1516 5476 jubet,
1547 5419 1652 5464 tam
1689 5411 1916 5467 clericos
1939 5427 2101 5482 quam

419 5565 423 5572 ‘
509 5493 799 5551 saeculares
821 5496 1131 5565 semper‘ad
1165 5496 1449 5554 Dominum
1477 5515 1544 5555 ex
1577 5510 1691 5555 toto
1725 5503 1891 5558 corde
1919 5517 2100 5569 orare,

509 5593 564 5639 et
591 5588 660 5641 ab
685 5587 826 5656 ipso,
849 5602 970 5656 qua;
991 5588 1202 5653 decent,
1227 5599 1430 5659 petere,
1454 5601 1508 5646 et
1535 5592 1634 5661 ipsi
1665 5594 1870 5661 gratias
1913 5608 2098 5664 agere,

420 5659 456 5735 ἰ
513 5689 804 5746 veramque
829 5679 1224 5747 praeteritorum
1251 5690 1525 5752 gestorum
1553 5659 1929 5754 pinu—itentiam
1951 5659 2102 5757 vage-

517 5777 594 5824 re,
628 5765 1014 5833 aliquantulmn
1045 5769 1206 5824 etiam
1233 5771 1299 5838 (si
1322 5772 1575 5840 possibile
1593 5772 1708 5846 _cst)
1746 5787 1840 5842 per
1883 5774 2094 5831 miseri-

2205 3290 2292 3362 (de
2320 3289 2480 3345 Cons.
2517 3291 2643 3346 dist.
2671 3293 2719 3358 1,
2747 3308 2796 3347 c.
2828 3294 2930 3348 Hic
2965 3297 3108 3367 ergo)
3133 3311 3148 3348 :
3179 3297 3290 3353 Nec
3315 3301 3370 3354 in
3396 3303 3517 3356 aliis
3549 3305 3683 3357 locis
3708 3321 3804 3357 sa-

2204 3381 2472 3447 crificare,
2510 3393 2564 3437 et
2602 3385 2796 3440 missas
2832 3386 3110 3442 celebrare
3159 3388 3315 3453 licet,
3363 3393 3468 3446 nisi
3522 3395 3701 3447 ilt'bia‘
3737 3396 3798 3450 in

2203 3474 2398 3542 quibus
2426 3477 2711 3546 episcopus
2736 3479 2997 3548 proprius,
3030 3488 3122 3533 aut
3151 3481 3218 3534 ab
3254 3483 3506 3553 episcopo
3533 3487 3805 3554 regelari-

2204 3573 2288 3620 ter
2319 3568 2589 3634 ordinato,
2620 3578 2833 3624 tenente
2857 3571 3102 3626 videlicet
3124 3573 3421 3639 civitatem,
3451 3590 3804 3635 consecratus

2201 3654 2379 3710 fuerit.
2416 3657 2568 3723 Item,
2599 3659 2651 3712 in
2677 3660 2864 3714 eadem
2893 3659 3023 3715 dicit
3053 3679 3067 3714 :
3099 3662 3199 3731 Qui
3249 3677 3532 3734 permanet
3564 3669 3615 3720 in
3657 3671 3804 3724 maio

2201 3757 2255 3803 et
2281 3765 2470 3806 servus
2493 3762 2579 3806 est
2605 3751 2729 3807 mali
2773 3769 2878 3808 non
2907 3765 3084 3824 potest
3111 3755 3244 3812 ellici
3280 3761 3458 3829 portio
3511 3762 3662 3828 boni,
3705 3767 3804 3818 do-

2200 3856 2303 3896 nec
2359 3853 2640 3912 permanet
2683 3844 2738 3899 in
2789 3847 3123 3918 malozquia
3171 3850 3240 3904 ab
3286 3852 3438 3906 initio
3471 3853 3581 3906 duo
3626 3870 3802 3925 regna

2201 3941 2403 3988 statuta
2429 3945 2554 3990 sunt
2577 3951 2608 3990 a
2635 3935 2766 4002 Deo,
2823 3946 2878 3992 et
2904 3940 3044 4008 apud
3081 3955 3204 3994 eum
3237 3942 3513 3996 deﬁnitum
3557 3957 3656 3998 este
3693 3965 3802 4000 nun

2200 4039 2358 4094 posse
2383 4041 2546 4080 unum
2577 4028 2852 4082 hominem
2880 4031 3158 4100 utrittsque
3197 4033 3344 4102 regni
3373 4049 3494 4088 esse
3524 4049 3754 4090 servum
3784 4056 3800 4100 ;

2200 4120 2293 4174 scd
2323 4120 2464 4175 illius
2491 4121 2638 4192 regni
2659 4122 2762 4176 erit
2781 4124 2957 4196 portio
2984 4125 3070 4180 cui
3100 4138 3160 4180 se
3196 4127 3263 4180 ad
3292 4127 3634 4183 obedientem
3687 4131 3808 4200 ipse

2201 4209 2316 4280 subj
2325 4215 2511 4268 ccerit.

2271 4307 2326 4360 ln
2353 4319 2549 4378 quarta
2569 4319 2747 4365 autem
2781 4311 3030 4382 epistola,
3073 4326 3237 4384 quam
3265 4313 3406 4368 idem
3434 4314 3574 4370 beati
3615 4319 3806 4373 simus

2203 4395 2458 4453 Clemens
2499 4414 2634 4469 papa
2676 4409 2730 4454 et
2774 4409 2980 4471 martyr
3005 4399 3148 4458 Julio
3191 4412 3245 4458 et
3280 4403 3530 4470 Juliano,
3557 4422 3626 4460 ac
3676 4410 3807 4463 reli-

2206 4487 2329 4555 quis
2371 4489 2752 4544 consodalibus
2786 4491 2898 4546 suis
2923 4493 3178 4562 Scripsit,
3239 4496 3458 4550 edocuit
3501 4498 3806 4569 episcopos

2209 4579 2301 4646 qui
2346 4580 2412 4632 ad
2439 4579 2666 4633 salutem
2697 4579 2998 4636 animarum
3033 4593 3158 4636 sunt
3203 4585 3469 4648 instituti,
3507 4599 3557 4640 et
3609 4591 3684 4642 ad
3715 4592 3804 4642 lu-

2208 4672 2442 4726 crandas
2471 4672 2680 4728 animas
2733 4675 3040 4729 consecrati
3069 4716 3083 4739 ,
3131 4685 3384 4746 oportere
3430 4694 3528 4748 pro
3567 4683 3806 4736 cunctis

2208 4762 2621 4818 sollicitudinem
2655 4778 2864 4834 gerere,
2895 4774 2950 4820 et
2987 4775 3232 4820 errantes
3259 4767 3326 4821 ad
3362 4769 3506 4822 viam
3533 4771 3804 4825 veritatis

2207 4863 2262 4909 et
2305 4865 2521 4924 portum
2571 4853 2760 4911 salutis
2803 4857 3079 4912 reducere.
3142 4857 3294 4912 Viam
3345 4874 3473 4913 vero
3523 4862 3802 4917 redeundi

2209 4946 2274 5000 ad
2309 4955 2524 5016 portum
2558 4946 2764 5012 salutis,
2789 4946 3095 5017 plenissime
3118 4949 3486 5006 saluberrima:
3522 4952 3806 5008 doctrinae

2206 5052 2454 5093 sermone
2509 5038 2562 5091 in
2605 5039 2793 5092 eadem
2847 5043 3205 5106 monstravit,
3253 5042 3504 5098 videlicet
3547 5045 3800 5108 dicens,

2203 5129 2455 5185 omnibus
2479 5130 2846 5184 necessarium
2873 5145 3018 5196 esse,
3054 5147 3151 5202 pro
3181 5132 3265 5187 his
3286 5148 3406 5203 qua:
3430 5135 3714 5191 inutiliter
3736 5154 3806 5194 ac

2205 5222 2434 5291 turpiter
2459 5222 2745 5293 gesserint,
2780 5223 2942 5277 irasci
2972 5223 3074 5278 sibi
3119 5223 3250 5292 ipsis
3276 5225 3711 5294 quodammodo,
3745 5240 3807 5284 et

2205 5312 2489 5384 indignari,
2532 5323 2587 5367 et
2633 5313 2974 5382 postmodum
3025 5313 3281 5372 festinare
3325 5317 3443 5371 sine
3490 5333 3648 5374 mora
3699 5339 3806 5392 per

2204 5418 2398 5472 aquam
2428 5402 2680 5472 baptismi
2713 5401 2820 5458 Deo
2842 5404 3075 5469 renasci,
3105 5413 3158 5458 et
3186 5405 3404 5460 demum
3429 5407 3498 5462 ab
3524 5409 3804 5481 episcopo

2202 5495 2529 5566 consignari,
2570 5495 2622 5550 id
2646 5504 2752 5571 est,
2779 5494 3152 5565 septiformem
3187 5496 3426 5566 Spiritus
3450 5503 3628 5555 sancti
3659 5517 3800 5571 ξτες

2203 5587 2332 5641 tiam
2381 5587 2657 5658 percipere
2690 5601 2704 5637 :
2737 5567 2862 5654 quia
2907 5585 3066 5642 aliter
3088 5631 3100 5652 ,.
3132 5586 3405 5656 perfectus
3435 5567 3801 5648 ChriStianus

2199 5695 2319 5736 esse
2357 5693 2695 5749 nequaquam
2746 5680 2982 5748 poterit,
3015 5696 3116 5735 nec
3162 5680 3345 5736 sedem
3388 5682 3573 5737 haberi
3639 5695 3804 5738 ,τηει-

2200 5771 2469 5842 perfectos
2493 5809 2509 5838 ,
2541 5771 2587 5827 si
2619 5785 2726 5828 non
2761 5771 3118 5839 neceSSitate,
3162 5772 3256 5828 sed
3285 5783 3380 5828 aut
3423 5776 3656 5840 mcuria,
3695 5788 3801 5834 aut
