3948 5502
133 449 249 508 “57

883 440 1152 504 PSEUDO
1184 439 1600 503 LUI-TPRANDI
1636 438 1761 496 ΜΒ.
1801 440 1888 496 DE
1922 439 2100 498 VITIS
2135 441 2299 500 ROM.
2337 443 2537 501 PONT.

3199 446 3335 505 ΗΒ.

129 565 378 616 voluntate
402 557 773 630 permanserit,
802 565 856 612 et
887 558 956 611 ita
979 573 1040 612 se
1061 572 1089 611 a
1114 557 1170 611 Β.
1198 557 1356 612 Petro
1373 555 1664 624 accepisse,
1694 557 1741 614 A
1769 555 2097 608 accusatione
2127 567 2260 609 recte
2285 567 2566 625 agentium,
2597 567 2684 610 aut
2729 557 3021 613 testimonio
3063 563 3339 630 suscipien-

128 667 172 710 et
196 660 406 709 castores
431 649 696 719 apostolos
721 651 791 703 ita
813 649 1080 712 docuisse,
1104 647 1351 701 aﬂirmat.
1378 646 1668 715 Postquam

125 761 238 800 vero
263 745 379 814 quis
412 744 713 813 baptizatus
738 750 791 796 et
813 741 1162 797 conlirmatus
1197 741 1377 802 fuerit,
1412 746 1669 808 agnosmt

127 833 385 888 hominum
435 833 733 894 honorare;
772 831 946 884 honor
968 838 1148 884 autem
1173 829 1292 898 ejus
1334 836 1436 890 est,
1486 836 1549 881 ut
1591 825 1666 879 ita

122 928 248 980 vivat
272 924 409 978 sicut
442 923 528 977 ille
560 922 693 976 vult.
725 919 848 976 Vult
885 935 1013 975 vero
1066 921 1208 974 D‘eus
1236 931 1669 986 unumquemque

122 1031 315 1076 vivere,
363 1015 435 1068 ita
467 1021 525 1066 ut
553 1011 899 1067 homicidium
946 1020 1000 1064 et
1043 1009 1366 1064 adulterium
1420 1007 1665 1072 nesciat,

119 1105 278 1156 odium
319 1112 373 1157 et
414 1103 696 1156 avaritiam
746 1101 1148 1171 fugiat;iram,
1196 1098 1534 1169 superbiam,
1583 1096 1668 1166 ja-

122 1194 358 1248 ctautiam
393 1200 610 1262 respuat
631 1200 688 1245 et
709 1200 1042 1257 exsecretur,
1066 1190 1581 1258 invidiamiquoque,
1610 1194 1666 1242 et

115 1294 287 1337 cetera
315 1282 397 1335 his
421 1281 638 1344 similia,
667 1281 881 1350 penitus
907 1295 938 1334 a
966 1294 1026 1334 se
1049 1279 1209 1333 ducat
1233 1277 1427 1331 aliena.

173 1372 416 1440 Quintam
441 1387 570 1427 vero
591 1369 873 1440 epistolam
904 1369 1122 1438 scripsit
1145 1366 1434 1438 prmdictus
1459 1366 1516 1419 Β.
1543 1364 1664 1420 Cie.

113 1478 248 1516 mens
270 1477 402 1530 papa
425 1469 481 1514 et
501 1470 721 1530 martyr,
743 1457 1120 1528 condiscipulis
1143 1455 1525 1526 HierosOlymis
1539 1460 1662 1510 cum

109 1550 292 1606 Jacobo
347 1550 517 1605 fratre
572 1549 783 1604 Domini
838 1546 1262 1603 habitantibus:
1315 1547 1367 1600 in
1408 1561 1515 1614 qua
1568 1557 1662 1599 eos

109 1657 428 1697 communem
458 1641 620 1694 vitam
649 1640 866 1703 ducere,
896 1640 1036 1694 sicut
1075 1639 1143 1694 ab
1180 1637 1435 1708 apostolis
1458 1635 1661 1690 didice-

109 1743 238 1796 runt,
265 1731 509 1787 studiose
532 1731 801 1785 hortatur.
829 1729 1000 1796 Quam
1021 1730 1271 1784 omnibus
1296 1726 1656 1781 necessariam

106 1839 211 1879 esse
256 1823 416 1886 dicit,
464 1830 518 1876 et
564 1821 799 1886 maxime
839 1820 923 1874 his
972 1820 1064 1889 qui
1115 1815 1658 1888 irreprehensihiliter

106 1917 320 1970 militare
355 1915 603 1984 cupiunt,
629 1922 686 1968 et
711 1914 876 1967 vita-tn
918 1912 1278 1982 apostolorum
1303 1948 1321 1976 ,
1361 1923 1656 1976 eorumque

105 2007 467 2077 discipulorum
503 2005 701 2060 imitari
728 2004 931 2060 volunt.
963 2003 1144 2058 Monet
1165 2003 1328 2056 etiam
1361 2001 1416 2054 iu
1442 2000 1655 2063 eadem,

101 2109 298 2168 propter
323 2095 610 2168 quosdam,
643 2096 734 2167 qui
770 2111 980 2151 sacram
1016 2093 1350 2163 Scriptorum
1376 2107 1483 2146 uon
1503 2089 1656 2158 juxta

103 2192 422 2246 traditionem
454 2190 625 2252 Petri,
651 2189 744 2243 sed
765 2187 1056 2242 secundum
1087 2201 1242 2240 suum
1267 2199 1482 2240 sensum
1509 2183 1658 2238 sanis

97 2283 336 2336 doctrinis
384 2284 744 2336 adversantes
783 2279 1156 2350 exponebant;
1190 2278 1259 2333 ab
1304 2292 1368 2331 eo
1401 2286 1658 2346 oportere

97 2373 486 2439 Scripturarum
520 2372 924 2442 intelligentiam
964 2370 1168 2441 accipi,
1217 2371 1308 2440 qui
1339 2383 1458 2424 eam
1486 2385 1512 2422 a
1543 2383 1657 2436 ina-

90 2463 277 2534 joribus
304 2465 609 2518 secundum
637 2465 918 2518 veritatem
952 2463 1056 2518 sibi
1093 2461 1342 2515 traditam
1367 2469 1570 2524 servat,
1599 2469 1658 2515 ut

90 2567 135 2609 et
167 2555 273 2625 ipse
301 2555 485 2624 possit
516 2569 578 2607 ea
603 2594 618 2618 ,
664 2568 784 2624 qua:
830 2563 978 2609 recte
1005 2553 1256 2622 suscipit,
1287 2560 1658 2620 competenter

87 2660 326 2699 asserere.
361 2643 512 2700 Cum
540 2645 683 2698 enim
712 2660 779 2698 ex
821 2643 1017 2698 divinis
1060 2642 1358 2712 SCripturis
1386 2643 1653 2712 integrann

87 2738 192 2804 quis
219 2745 272 2790 et
301 2736 529 2789 ﬁrmam
560 2735 796 2805 regulam
822 2734 1068 2790 veritatis
1093 2733 1425 2802 susceperit,
1467 2734 1656 2786 absur-

92 2826 200 2880 tium
231 2842 333 2882 non
372 2827 512 2891 erit,
556 2826 599 2881 si
633 2827 836 2896 aliquid
871 2828 1033 2881 etiam
1064 2842 1130 2882 ex
1173 2826 1476 2881 eruditione
1506 2841 1654 2882 com—

91 2917 220 2970 muni
244 2957 258 2980 ,
304 2932 370 2971 ac
403 2916 722 2972 liberalibus
751 2917 966 2982 studiis,
995 2933 1115 2986 qua:
1157 2918 1295 2971 forte
1326 2918 1378 2970 in
1422 2917 1662 2987 pueritia.

87 3009 281 3075 attigit,
331 3009 698 3064 assertionem
751 3009 860 3063 veri
931 3007 1198 3078 dogmatis
1247 3007 1532 3062 conferat:
1577 3008 1664 3061 ita-

86 3107 270 3160 tamcn,
301 3109 360 3154 ut
397 3099 493 3154 ubi
537 3114 662 3154 vera
699 3099 924 3163 didicit,
959 3097 1089 3152 falsa
1120 3108 1172 3153 et
1203 3098 1452 3152 simulata
1482 3097 1651 3152 decli-

84 3197 177 3242 net.
209 3191 301 3244 llic
330 3189 616 3245 ordinavit
641 3189 920 3258 episcopos
949 3189 1279 3259 quindecim,
1306 3189 1650 3260 presbyteros

81 3279 269 3346 decem,
303 3283 577 3338 diaconos
597 3282 853 3350 quinque.

529 3371 588 3426 V.
615 3402 686 3412 ——
713 3371 772 3426 S.
810 3370 1242 3427 ANACLETUS.

562 3463 750 3534 (Anno
781 3461 974 3517 Christi
1003 3463 1122 3516 105.
1149 3465 1167 3533 )

133 3554 444 3620 Auacletus,
478 3555 708 3609 natione
754 3553 1002 3618 Graicus,
1028 3553 1095 3607 de
1126 3553 1372 3617 Athenis,
1399 3569 1465 3609 ex
1502 3561 1655 3623 patre

72 3646 342 3712 Antiocho,
395 3645 552 3702 sedit
591 3660 762 3699 annos
815 3659 1028 3707 novem,
1079 3659 1291 3698 menses
1317 3645 1491 3710 duos,
1536 3644 1654 3700 dies

72 3739 264 3792 decem.
301 3739 433 3792 Fuit
478 3746 667 3791 autem
713 3737 1044 3806 temporibus
1093 3737 1413 3803 Domitiani,
1456 3754 1485 3792 a
1527 3753 1654 3792 con-

73 3832 237 3884 sulatu
266 3830 570 3887 Domitiani
602 3829 832 3893 decimo,
857 3837 912 3883 et
941 3827 1148 3894 Sabini,
1176 3845 1345 3898 usque
1373 3831 1439 3884 ad
1473 3831 1652 3884 Domi-

73 3923 190 3976 tiaui
223 3934 489 3993 quartum
543 3921 844 3985 decimum,
882 3930 937 3976 et
982 3921 1308 3975 Clementem
1349 3921 1646 3976 consulem.

69 4011 156 4068 llic
200 4015 536 4069 memoriam
597 4011 658 4064 B.
720 4012 863 4066 Petri
917 4013 1253 4076 construxit,
1303 4013 1428 4066 dum
1473 4014 1540 4066 ab
1586 4027 1652 4069 eo

68 4103 113 4153 in
153 4105 546 4174 presbyterum
590 4110 939 4156 consecratus
988 4101 1197 4158 fuisset.
1244 4101 1342 4157 llic
1377 4103 1652 4159 ordinavit

63 4198 335 4266 episc0pos
377 4211 508 4258 sex,
558 4193 903 4264 presbyteros
941 4195 1200 4264 quinque,
1230 4195 1487 4253 diaconos
1520 4204 1650 4250 tres.

68 4284 156 4340 llic
201 4298 390 4343 autem
451 4302 521 4341 tu
568 4285 691 4340 Idus
726 4283 850 4338 Julii
895 4283 1102 4338 solutus
1128 4294 1212 4340 est
1270 4287 1338 4341 de
1376 4287 1651 4356 ergastulo

63 4379 318 4446 corporis.

123 4471 220 4528 Iiic
249 4473 303 4526 in
333 4469 580 4542 epistola
611 4483 773 4538 quam
805 4466 1134 4538 generaliter
1164 4466 1650 4536 scripsitomnihus

59 4565 319 4633 episcopis
345 4565 538 4634 (epist.
572 4561 656 4625 1),
685 4568 741 4614 et
765 4562 977 4614 caeteris
1013 4559 1223 4612 cunctis
1265 4558 1510 4612 ﬁdelibus
1557 4559 1645 4626 qui

1773 643 1872 696 dus
1915 658 1933 694 :
1978 645 2104 712 quia
2156 647 2237 699 vir
2287 646 2478 714 duplex
2531 648 2748 711 animo,
2798 650 3100 704 inconstans
3137 661 3235 704 ‘cst
3283 655 3339 708 in

1771 732 2006 786 omnibus
2041 734 2134 787 uiis
2178 734 2308 788 suis.
2342 736 2408 790 Et
2441 737 2601 806 paulo
2637 736 2862 792 inferius
2907 738 3174 794 subiul'ert
3201 783 3214 805 ,
3262 741 3337 796 ita

1769 822 1999 879 dicen-5:
2040 825 2169 878 Ideo
2193 827 2352 879 variis
2393 827 2798 881 detractionibus
2830 837 2878 881 et
2919 830 3340 884 accusationibus
3421 854 3424 855 ν

1767 926 1871 965 non
1910 922 2108 982 oportet
2133 913 2440 982 labefactari
2455 916 2663 985 judices
2687 926 2737 970 et
2770 919 3016 986 primates
3047 917 3294 972 Ecclesitc
3317 935 3338 982 ,'

1763 1001 1857 1054 sed
1898 1002 2063 1070 magis
2087 1003 2443 1071 apostolorum
2467 1015 2513 1059 et
2541 1006 2814 1059 doctarum
2845 1007 3035 1077 regulis
3059 1006 3337 1076 informari

1765 1101 1812 1148 et
1839 1093 2098 1146 .roborari.
2118 1092 2267 1148 Unde
2284 1094 2488 1164 justum
2513 1107 2606 1160 est,
2619 1113 2797 1152 omnes
2812 1099 2866 1151 in
2879 1099 3114 1153 universo
3144 1098 3337 1153 Roma-

1726 1219 1728 1222 -
1767 1199 1953 1238 norum
1981 1187 2102 1239 orbe
2135 1188 2370 1242 doctores
2412 1189 2538 1259 legis
2582 1207 2645 1244 ea
2690 1207 2809 1260 qua:
2858 1191 2987 1262 legis
3033 1203 3154 1246 sunt
3198 1202 3333 1246 recte

1761 1288 1943 1340 sapere
1968 1284 2014 1327 et
2045 1278 2272 1345 aperari,
2301 1286 2348 1330 et
2390 1294 2491 1331 non
2538 1279 2742 1349 regulas
2786 1282 3040 1335 nascentis
3087 1281 3334 1336 Ecclesia:

1763 1365 2110 1434 confundere,
2161 1377 2253 1420 aut
2299 1368 2457 1437 fidem
2505 1380 2597 1424 aut
2651 1372 2944 1426 doctrinam
2976 1373 3332 1444 apostolorum

1761 1457 1920 1512 uariis
1957 1457 2227 1512 maculare
2259 1459 2532 1514 doctrinis.
2579 1461 2709 1515 Item
2762 1463 2816 1516 in
2841 1463 3028 1518 eadem
3060 1462 3286 1519 inferius
3314 1479 3332 1517 :

1764 1546 1959 1603 Nullus
1997 1567 2118 1619 ergo
2143 1552 2530 1628 .prrrjudieium
2575 1553 2730 1608 alteri
2773 1543 3164 1624 faciat,"tteque
3189 1562 3328 1625 quod

1759 1639 1859 1693 sibi
1887 1639 2001 1709 ﬁeri
2050 1657 2156 1695 non
2202 1641 2306 1695 vult
2332 1653 2593 1697 exerceat.
2637 1643 2806 1698 Nemo
2845 1645 3039 1699 dictum
3065 1645 3130 1698 de
3156 1645 3332 1714 aliquo

1759 1730 2006 1796 inveniat,
2028 1732 2243 1801 quodin
2268 1733 2382 1802 ejus
2408 1735 2608 1790 actibus
2658 1751 2758 1790 non
2801 1747 3067 1806 agnoscat.
3102 1736 3231 1791 Item
3277 1737 3330 1790 in

1758 1821 1946 1875 eadem
1971 1838 1984 1874 :
2018 1821 2132 1892 Ego
2156 1823 2274 1876 nolo
2299 1840 2474 1878 errore
2500 1842 2613 1879 meo
2639 1825 2837 1880 alienas
2857 1827 3039 1897 culpas
3077 1842 3330 1891 asserere,

1687 1889 1734 1948 Β
1761 1924 1815 1966 ut
1851 1915 1988 1984 quod
2015 1915 2210 1982 factum
2231 1916 2402 1983 doleo,
2433 1917 2708 1972 admisisse
2733 1920 3026 1972 convincar.

1828 2003 1992 2066 Item,
2053 2004 2105 2057 in
2166 2006 2354 2058 eadem
2407 2016 2636 2074 propter
2687 2007 3010 2062 calumniam
3063 2009 3332 2065 malorum

1758 2093 2024 2162 episcopis
2051 2095 2311 2162 praecipit,
2336 2096 2518 2151 dicens
2543 2098 2628 2164 (de
2650 2095 2808 2152 Cons.
2841 2101 2966 2154 dist.
3017 2101 3066 2166 I,
3091 2115 3141 2156 c.
3175 2100 3339 2170 Epit-

1757 2186 1976 2256 copas):
2010 2185 2296 2255 Episcopus
2335 2187 2439 2241 Deo
2482 2189 2786 2256 sacriﬁcans
2834 2199 2986 2244 testes
3027 2207 3202 2248 secum
3235 2195 3332 2244 Ita-

1759 2277 1904 2340 beat,
1953 2287 2001 2330 et
2046 2277 2222 2346 plures
2263 2296 2420 2350 quam
2473 2280 2610 2335 alius
2659 2283 2903 2338 sacerd'os
2946 2299 2964 2337 :
3011 2285 3143 2338 sicut
3193 2285 3342 2338 enim'

1757 2367 1974 2435 majoris
2015 2369 2229 2422 honoris
2259 2371 2496 2439 fungitur
2514 2371 2704 2440 gradu,
2740 2373 2815 2426 sic
2838 2355 3056 2442 majoris
3102 2374 3334 2428 testimo-

1757 2457 1831 2511 nii
1851 2460 2163 2513 incremento
2188 2461 2401 2531 indiget.
2427 2460 2492 2514 In
2507 2461 2904 2518 solemnioribus
2920 2467 3105 2535 quippe
3127 2467 3328 2529 diebus,

1756 2556 1845 2599 aut
1870 2558 2082 2615 septem,
2117 2559 2206 2602 aut
2251 2551 2496 2619 quinque,
2523 2562 2612 2604 aut
2641 2563 2745 2606 tres
2788 2554 3058 2619 diaconos,
3085 2556 3176 2624 qui
3213 2556 3330 2625 ejus

1757 2641 1890 2691 oculi
1921 2640 2202 2705 dicantur;
2225 2651 2275 2694 et
2313 2642 2678 2708 subdiaconos,
2706 2653 2753 2697 et
2799 2643 3023 2714 reliquos
3063 2643 3328 2702 ministros

1755 2745 1928 2783 secum
1958 2730 2165 2795 habeat,
2190 2731 2280 2800 qui
2306 2732 2473 2785 sacris
2500 2734 2813 2788 uestimentis
2836 2735 3030 2801 induti,
3053 2736 3106 2790 in
3135 2736 3339 2805 fronte,-

1753 2830 1801 2874 et
1841 2838 1872 2874 a
1898 2831 2062 2891 tergo,
2111 2831 2156 2876 et
2203 2823 2486 2893 presbyteri
2510 2839 2537 2877 e
2580 2825 2788 2893 regione
2830 2827 3015 2882 dextra
3067 2827 3328 2895 lanaque,

1754 2911 1974 2964 contrito
2019 2913 2192 2976 corde,
2230 2921 2279 2966 et
2321 2913 2596 2967 humiliato
2639 2916 2848 2984 spiritu,
2899 2931 2962 2970 ac
3000 2933 3165 2985 prono
3194 2927 3329 2970 stent

1755 3002 1920 3066 uultu,
1959 3003 2305 3081 custodientes
2351 3020 2468 3058 eum
2515 3022 2546 3058 τι
2589 3006 2859 3061 malevolis
2908 3007 3241 3072 hominibus,
3277 3017 3327 3063 et

1753 3109 2059 3148 consensum
2086 3095 2348 3164 prtcbeant
2373 3097 2654 3166 sacri/icio.
2700 3098 2925 3154 Peracta
2947 3109 3125 3156 autent
3149 3117 3343 3156 conse-'

1755 3188 1985 3240 aratione
2033 3203 2210 3241 omnes
2259 3189 2670 3254 communicent,
2711 3190 2802 3258 qui
2843 3189 3121 3245 noluerunt
3169 3192 3346 3247 caele--

1679 3248 1724 3311 ο
1756 3277 1981 3332 siasticis
2002 3294 2180 3332 carere
2192 3277 2474 3333 liminibus.
2501 3278 2589 3333 Sic
2608 3281 2746 3334 enim
2765 3280 2987 3350 apostoli
3007 3290 3327 3348 statuerunt,

1663 3433 1670 3438 ἢ
1755 3378 1803 3421 et
1831 3376 2011 3422 sancta
2037 3367 2271 3422 Romana
2297 3378 2429 3424 tenet
2462 3368 2720 3424 Ecclesia.

1824 3455 1978 3522 ltctn,
2007 3457 2061 3510 in
2089 3457 2276 3512 eadem
2304 3457 2435 3512 dicit
2471 3458 2581 3528 (l2,
2609 3472 2662 3528 q.
2697 3459 2745 3524 i,
2776 3473 2826 3514 c.
2858 3458 2962 3524 Qui
2985 3458 3278 3530 abstulerit)
3309 3477 3324 3514 :

1757 3544 1861 3610 Qui
1883 3546 2137 3600 malitiant
2179 3547 2315 3601 inter
2342 3547 2573 3602 homines
2609 3548 2828 3618 spargit,
2863 3559 2910 3602 et
2936 3549 3025 3619 qui
3055 3548 3210 3617 fratri
3231 3564 3328 3602 suo

1753 3636 1998 3703 detrahit,
2037 3637 2297 3692 homicida
2337 3647 2412 3693 est
2439 3653 2459 3692 :
2487 3648 2533 3692 et
2559 3639 2649 3708 qui
2675 3638 2874 3708 aliquid
2895 3639 3034 3708 patri
3063 3637 3141 3691 vel
3169 3637 3328 3691 matri

1754 3729 2023 3784 abstulerit
2051 3769 2064 3794 ,
2102 3731 2278 3785 dicens
2307 3731 2407 3784 hoc
2442 3741 2710 3800 peccatum
2747 3747 2851 3785 non
2885 3746 3018 3795 esse,
3050 3728 3348 3783 homicidas.

1751 3822 2006 3892 particeps
2026 3833 2119 3876 est.
2135 3821 2308 3878 Pater
2331 3833 2504 3878 noster
2526 3823 2636 3878 sine
2656 3823 2816 3876 dubio
2842 3821 2980 3877 Deus
3005 3832 3103 3887 est,
3122 3821 3345 3888 quinos.

1752 3912 1983 3978 creavit;
2040 3923 2208 3967 mater
2252 3931 2368 3970 vero
2421 3922 2598 3969 uestra
2640 3913 2880 3969 Ecclesia
2909 3953 2925 3980 ,
2976 3930 3094 3986 qua
3135 3931 3227 3968 nos
3273 3914 3348 3967 in.

1753 4002 2006 4073 baptismo
2053 4004 2315 4072 spirituali
2362 4005 2731 4076 regeneravit-
2789 4002 2932 4076 Ergo
2997 4003 3089 4076 qui
3133 4002 3349 4060 Christi.

1754 4095 1825 4164 (e.
1864 4096 1978 4162 Qui.
1998 4092 2218 4167 Christi)
2249 4105 2296 4150 et
2329 4095 2558 4151 ecclesiis
2595 4097 2840 4168 pecunias
2866 4095 3023 4165 rapit,
3045 4096 3218 4164 aufert
3251 4095 3347 4149 vel;

1753 4187 1989 4254 fraudat,
2014 4187 2273 4241 homicida
2288 4198 2385 4252 est,
2407 4199 2560 4256 atque
2574 4186 2850 4240 homicida
2861 4194 2981 4239 ante
2995 4195 3326 4255 conspectum

1741 4278 1880 4346 justi
1911 4277 2110 4346 judicis
2148 4293 2259 4331 esse
2308 4277 2659 4346 deputabitur.
2713 4275 2822 4340 Qui
2873 4276 3005 4343 rapit
3050 4276 3326 4344 pecuniam

1750 4370 1974 4439 proximi
1989 4371 2084 4422 ‘sui
2119 4369 2228 4437 (12,
2254 4385 2309 4438 q.
2337 4367 2392 4432 4,
2426 4383 2474 4422 c.
2507 4367 2609 4432 Qui
2635 4369 2813 4437 rapit),
2851 4367 3176 4437 iniquitatem
3206 4381 3325 4434 ope-

1752 4468 1901 4512 ratur
1922 4473 1941 4510 :
1960 4458 2049 4528 qui
2069 4468 2240 4512 autem
2261 4459 2534 4528 pecuniam
2561 4459 2638 4512 vel
2664 4475 2742 4512 res
2770 4457 3000 4512 ecclesite
3027 4456 3321 4521 abstulerit,
3347 4499 3350 4502 .

1751 4549 2079 4620 sacrilegium
2115 4550 2260 4618 facit.
2309 4549 2590 4619 Privilegia
2629 4551 2765 4604 enim
2801 4549 3139 4604 ecclesiarum
3163 4559 3212 4603 et
3237 4565 3327 4600 sa-

57 4618 550 4725 t-ochuiilem'cum
577 4618 843 4707 eo'sortiti
887 4660 1014 4706 sunt
1040 4651 1234 4716 iidem,
1278 4658 1502 4718 paterae
1522 4618 1649 4704 con-
1674 4618 1729 4679 D
1755 4618 2019 4696 cerdotam
2061 4641 2188 4709 (25,
2225 4657 2280 4710 q.
2325 4640 2395 4705 2,
2437 4618 2825 4711 c.7Privilegia)
2867 4642 3036 4694 sancti
3081 4637 3353 4708 apostoli,.

57 4748 272 4801 solando
295 4748 398 4801 eos
421 4744 634 4815 quibus
666 4742 902 4811 scripsit,
935 4748 990 4794 et
1011 4740 1243 4794 maxime
1269 4737 1565 4808 episcopos,
1594 4736 1649 4792 in
1747 4732 1902 4801 jussu
1931 4731 2244 4795 Saluatoris,
2270 4731 2576 4784 intemerata
2599 4740 2647 4784 et
2675 4730 2926 4786 inviolata
2952 4729 3209 4799 perpetuis
3236 4728 3327 4782 de-

58 4840 532 4901 tribulationibus,
571 4835 638 4888 ad
687 4832 1003 4903 patientiam
1051 4830 1337 4900 diligenter
1381 4828 1647 4884 hortatur.
1757 4829 2020 4876 creverunt
2066 4835 2276 4876 πιαηοτε
2317 4820 2648 4892 εωθιροτὶῡιιε·
2676 4817 2744 4918 Εέ
2781 4838 2874 4876 ηοε
2914 4819 3050 4890 leget
3075 4817 3352 4918 Εςείςξῖίε·

57 4933 126 4989 De
145 4947 384 5005 quorum
412 4929 810 4998 episcoporum
849 4923 1188 4978 detractione
1227 4931 1283 4976 et
1305 4923 1653 4978 accusatione
1758 4915 2042 5005 αρρειοιίεα
2079 4913 2352 5005 βηπ-ιξηηη
2381 4910 2785 5005 αυειοτῖια-ιεῖει
2826 4910 3328 5005 ρεπεθνίηᾳ-ἑιιάίτὶξι

59 5028 122 5079 ita
155 4999 205 5079 in
249 5025 454 5079 eadem
519 5017 805 5072 interserit
851 5015 1024 5085 (epist.
1050 5013 1119 5066 ad
1171 5011 1448 5067 Iacobum.
1510 5015 1563 5078 5,
1595 5027 1648 5081 q.

1759 5004 2138 5060 submovemus.
2188 5002 2521 5078 Unaqquttc
2562 5003 2695 5056 enim
2745 5007 3010 5072 prouincia
3060 4999 3153 5070 ('5,
3187 5015 3238 5069 (ιο
3273 5001 3358 5064 (ἲν

56 5117 106 5180 i,
134 5132 184 5172 c.
215 5113 450 5183 Beatus)
483 5125 500 5164 :
533 5107 734 5161 Beatus
783 5105 1134 5176 prtcdecessor
1177 5113 1349 5157 noster
1391 5101 1652 5166 Clemens,

1759 5111 1807 5149 c.
1836 5094 2197 5168 Unaqua'que)
2225 5107 2332 5150 tam
2351 5098 2510 5167 juxta
2535 5092 2964 5163 ecclesiasticam,
2991 5106 3150 5165 quam
3177 5091 3335 5160 juxta
3362 5102 3412 5162 ll."

55 5179 127 5256 vir
149 5179 510 5274 apostolicus,
541 5204 596 5249 et
627 5193 827 5264 Spiritu
853 5201 1033 5245 sancto
1059 5193 1156 5246 Dei
1180 5191 1382 5261 plenus,
1405 5210 1514 5251 una
1537 5208 1656 5246 cum
1757 5186 1937 5242 δίνουιὶ
1964 5185 2134 5255 leges,
2165 5200 2287 5240 suos
2309 5185 2456 5242 debet
2479 5182 2662 5241 habere
2678 5182 2881 5253 justos,
2919 5196 2963 5240 et
3000 5196 3104 5274 non
3132 5179 3340 5274 iniquos
3363 5215 3371 5229 .

55 5269 258 5366 reliquis
287 5290 503 5348 sanctis
519 5283 743 5353 collegis
771 5283 879 5336 suis
901 5284 1106 5348 statuit,
1129 5282 1332 5336 dicens:
1363 5281 1656 5340 Accusandi

1759 5277 1960 5350 iudices
1984 5317 2000 5341 ,
2039 5286 2087 5330 et
2119 5294 2221 5334 non
2255 5284 2501 5335 externos
2530 5312 2547 5338 ,
2592 5279 2647 5323 ut
2677 5277 2981 5340 apostolij
3008 5269 3168 5340 hujus
3206 5269 3374 5324 sedis.

53 5388 122 5440 vel
151 5359 493 5454 testiﬁcandi
525 5375 751 5428 licentia
777 5373 1054 5440 denegetur
1092 5374 1194 5437 his,
1224 5374 1313 5442 qui
1338 5373 1654 5431 Christiano:
1756 5369 2036 5426 decreverit
2073 5365 2388 5424 auctoritas.
2430 5371 2488 5426 Si
2518 5377 2648 5454 vero
2673 5372 2938 5454 negatiunt
2984 5361 3144 5438 fuerit
3180 5359 3372 5454 φειδ..

1361 5467 1406 5496 -'-
1435 5467 1511 5498 -οΙ
1535 5479 1655 5502 ιιι-η.
1754 5460 2028 5502 sinstinnn
2122 5457 2260 5502 ηηυιί
2304 5462 2574 5502 enin-mm:
2617 5452 2894 5498 libros-nm:-
2984 5448 3352 5494 into-"mni"!!-
