3948 5372
535 425 676 484 H59

1240 419 1530 478 APPEND.
1569 419 1660 475 AD
1699 416 1871 475 sesc.
1910 418 2001 476 Ix.
2042 451 2110 461 —
2145 421 2516 480 AUCTORES
2550 381 2714 480 tum
2749 423 3051 481 INCERTI.

3647 433 3766 490 H60

534 541 720 598 elesias
751 537 945 608 deferri
964 578 978 601 ,
1018 545 1064 592 et
1105 535 1296 590 ibidem
1329 533 1641 589 sacerdotali
1655 534 1864 604 judicio
1888 535 2104 607 uoluerit
2132 538 2181 598 Α
2209 548 2392 589 rorum
2425 552 2439 588 :
2472 542 2527 590 et
2554 536 2700 591 hunc
2725 536 2970 592 ordinem
3001 537 3074 591 ita
3119 550 3149 591 a
3179 530 3411 592 Domino
3440 537 3768 597 constitutum

533 630 805 686 terminari
841 627 890 696 (l
917 627 1038 681 Cor.
1064 627 1162 698 vt).
1190 625 1373 680 Omnis
1403 641 1525 695 ergo
1560 642 1834 696 oppressus
1855 626 1932 698 (2,
1964 643 2018 697 (ι.
2051 627 2108 694 6,

502 719 508 778 ἒ
533 736 584 776 c.
615 719 796 773 Omnis
824 717 1157 788 oppressus),
1211 716 1394 778 libere,
1426 717 1472 771 si
1503 716 1752 781 uoluerit,
1778 718 2109 773 sacerdotum

499 799 506 880 ξ
533 811 750 882 appellet
779 811 1066 880 judicium,
1103 819 1151 864 et
1183 827 1215 862 a
1240 809 1383 862 nullo
1412 808 1771 878 prohibeatur,
1807 809 1898 864 sed
1934 809 2000 864 ab
2027 811 2108 865 his

499 895 504 933 ί
533 900 786 971 fulciatur
819 910 870 954 et
914 900 1180 954 liberetur.
1230 897 1291 954 Si
1323 909 1495 954 autent
1525 897 1757 970 dificiles
1793 915 1990 966 causw,
2016 909 2108 954 aut

530 994 739 1064 majora
769 994 976 1064 negotia
1009 992 1201 1062 fuerint
1227 1002 1367 1055 orta,
1398 992 1467 1045 ad
1495 993 1751 1062 majorem
1773 993 1947 1047 sedem
1969 992 2110 1062 defe-

529 1095 718 1138 rantur
743 1100 761 1138 :
786 1093 833 1138 et
861 1085 908 1137 si
949 1083 1058 1137 illic
1097 1081 1253 1152 facile
1276 1082 1499 1137 discerni
1529 1093 1619 1138 aut
1642 1083 1784 1153 juste
1813 1083 2104 1150 terminari,

531 1191 633 1228 non
655 1175 948 1244 potuerint;
976 1175 1064 1228 ubi
1094 1173 1249 1242 fuerit
1280 1189 1602 1228 summorum
1631 1183 1964 1244 congregatio
1988 1190 2108 1229 con-

528 1274 763 1334 gregata,
786 1264 926 1336 quod
958 1280 1048 1332 per
1075 1263 1310 1333 singulos
1339 1280 1505 1318 annos
1544 1265 1620 1318 bis
1655 1275 1746 1319 aut
1776 1276 1855 1319 ter
1880 1265 1998 1334 fieri
2023 1282 2108 1320 so-

529 1356 619 1419 let,
647 1366 694 1409 et
723 1356 890 1421 debet,
916 1357 1079 1427 juste,
1117 1365 1164 1411 et
1197 1356 1304 1410 Deo
1332 1356 1540 1427 placite,
1573 1374 1750 1411 coram
1780 1359 2103 1426 patriarcha,

529 1456 620 1498 aut
650 1446 871 1514 primate
895 1447 1265 1512 ecclesiastico,
1303 1457 1352 1500 et
1384 1463 1560 1502 coram
1581 1449 1801 1518 patricio
1825 1447 2106 1502 sarcularia

530 1535 817 1609 [swculari]
850 1537 1156 1608 judicentur
1193 1539 1399 1608 negotia
1441 1539 1494 1591 in
1529 1555 1819 1594 commune.
1877 1538 2030 1604 Quod
2060 1539 2106 1592 si

525 1629 838 1697 diﬁiciliores
881 1631 1191 1699 quaestiones
1231 1639 1360 1684 orta:
1404 1630 1640 1700 fuerint,
1688 1639 1777 1684 aut
1818 1639 2106 1700 temporum

527 1717 973 1792 [episcoporum],
1021 1729 1114 1774 aut
1157 1719 1418 1789 majorum
1459 1719 1703 1790 judicia,
1747 1731 1838 1775 aut
1881 1721 2105 1790 majores

525 1828 700 1866 causa!
729 1811 954 1880 fuerint;
997 1811 1067 1865 ad
1099 1811 1272 1866 sedem
1305 1811 1676 1881 apostolicam,
1716 1811 1762 1864 si
1789 1810 2106 1881 appellatum

2209 641 2242 681 a
2268 626 2415 681 nullo
2441 628 2746 696 perturbari
2787 635 3022 696 oportet.
3071 625 3320 697 EpiscOpi
3354 634 3539 703 autem
3587 643 3685 682 non
3723 632 3769 685 in

2208 714 2443 770 castellis
2491 723 2584 770 aut
2626 715 2853 770 modicis
2901 716 3211 771 civitatibus
3259 715 3463 772 debent
3495 718 3769 785 constitui;

2209 803 2302 859 sed
2339 805 2642 876 presbyteri
2683 813 2889 860 tantum
2927 805 3006 860 'ab
3032 806 3308 876 episcopo,
3350 808 3423 862 ad
3446 806 3774 876 qualemcun-

2207 909 2314 964 que
2341 894 2518 950 locum
2567 894 2650 952 vel
2694 895 3005 963 ecclesiam,
3045 911 3168 966 qua:
3197 896 3252 952 in
3281 911 3351 952 eo
3377 899 3670 954 constituta
3697 901 3774 967 sit,

2209 992 2334 1038 sum
2359 984 2712 1054 praeﬁciendi,
2743 994 2800 1041 et
2832 985 2888 1040 in
2914 1000 2978 1042 ea
3009 987 3202 1041 diebus
3228 987 3356 1044 vitae
3376 1003 3494 1044 sua:
3523 988 3773 1045 duratnri.

2207 1072 2275 1128 Et
2299 1089 2404 1128 non
2433 1075 2686 1146 amplius,
2707 1091 2868 1147 quam
2894 1076 3028 1133 istos
3049 1077 3183 1134 duos
3203 1078 3427 1135 ordines
3452 1081 3776 1136 sacerdotum

2207 1180 2328 1221 esse
2359 1165 2490 1222 dicit
2520 1184 2536 1222 :
2565 1168 2692 1237 quia
2721 1168 2848 1224 licet
2893 1169 2982 1224 alii
3012 1171 3272 1241 primates
3319 1172 3407 1228 vel
3453 1175 3777 1244 patriarcha,

2207 1257 2296 1312 alii
2331 1260 2728 1330 metropolitani
2759 1262 3040 1328 dicantur;
3091 1263 3226 1318 ordo
3271 1273 3457 1320 tarnen
3505 1281 3646 1321 unus
3685 1279 3776 1332 est,

2207 1349 2304 1406 sed
2350 1351 2465 1422 ipsa
2514 1353 2766 1408 discretio
2823 1355 3102 1409 nominum
3149 1355 3547 1412 discretionem
3595 1358 3781 1414 indicat

2207 1444 2472 1516 majorum
2500 1445 2552 1499 in
2580 1446 2890 1515 przelatione
2912 1447 3121 1516 judicii,
3153 1464 3260 1503 non
3291 1450 3348 1503 in
3375 1459 3647 1520 potestate
3664 1467 3779 1520 pon-

2209 1532 2382 1586 tiﬁci.
2433 1533 2735 1588 Romanam
2789 1550 2918 1590 vero
2968 1536 3272 1592 Ecclesiam
3321 1539 3561 1608 primam
3615 1543 3778 1596 sedem

2211 1634 2384 1690 vocat,
2414 1627 2540 1696 quia
2588 1626 2648 1680 Β.
2682 1627 2872 1683 Petrus
2903 1636 2957 1683 et
2983 1628 3182 1684 Paulus
3211 1645 3309 1684 suo
3360 1633 3631 1703 martyrio
3669 1648 3776 1688 eum

2207 1718 2420 1772 caeteris
2439 1717 2691 1773 omnibus
2719 1717 3090 1787 praetulerunt.
3121 1719 3428 1775 Secundam
3456 1737 3589 1778 vero
3612 1725 3778 1779 sedem

2209 1822 2330 1862 esse
2361 1808 2504 1877 apud
2533 1809 2918 1864 Alexandriam
2946 1809 3098 1873 dicit,
3129 1811 3254 1880 quia
3283 1812 3346 1866 Β.
3373 1813 3525 1868 Petri
3552 1816 3772 1881 nomine,

523 1902 704 1972 fuerit,
753 1902 1068 1971 referantur,
1113 1904 1361 1973 quoniam
1402 1904 1499 1957 hoc
1539 1903 1762 1972 apostoli
1809 1911 2106 1957 statuerunt
2137 1892 2182 1952 Β
2211 1909 2266 1954 et
2293 1914 2322 1952 a
2352 1897 2534 1955 Marco
2563 1901 2680 1970 ejus
2709 1900 2970 1971 discipulo
3015 1909 3181 1972 atque
3225 1905 3561 1976 evangelista
3601 1921 3776 1963 cense

524 1992 756 2058 iussione
793 1991 1102 2058 Saluatoris,
1143 2003 1198 2046 ut
1238 1993 1465 2063 majores
1509 2003 1556 2046 et
1603 1992 1918 2064 difficiliores
1963 2008 2106 2062 qua:-

522 2085 715 2139 stiones
748 2101 949 2154 semper
982 2085 1280 2154 referantur
1307 2085 1376 2138 ad
1401 2082 1742 2152 apostolicam
1767 2083 1962 2138 sedem.

543 2201 552 2210 -
589 2177 738 2232 idem
778 2177 891 2246 ipse
933 2176 993 2231 Β.
1024 2175 1321 2232 Anacletus
1351 2175 1512 2230 aliam
1557 2173 1841 2246 epistolam
1888 2174 2105 2244 scripsit

521 2265 788 2334 episcopis
816 2266 870 2320 in
899 2264 1047 2320 Italia
1097 2265 1424 2330 constitutis,
1454 2265 1507 2319 in
1537 2279 1642 2334 qua
1673 2280 1766 2320 eos
1795 2264 2104 2320 consultan-

523 2359 605 2409 tes
629 2355 696 2410 de
720 2354 1152 2416 ordinationibus
1185 2362 1240 2410 et
1267 2354 1702 2410 accusationibus
1728 2354 2102 2424 episcoporum

520 2443 603 2499 sic
652 2442 907 2510 instruit,
960 2445 1145 2502 dicens
1203 2445 1369 2516 (dist.
1415 2444 1522 2510 64,
1570 2459 1620 2499 c.
1655 2442 2098 2514 Ordinationes):

522 2531 893 2590 Ordinationes
931 2537 1310 2607 episcOporum,
1343 2536 1654 2591 auctoritate
1687 2535 2006 2605 apostolica,
2035 2534 2100 2589 ab

519 2627 758 2681 omnibus
803 2628 892 2698 qui
935 2628 991 2682 in
1037 2628 1219 2682 eadem
1265 2628 1461 2691 fuerint
1513 2627 1782 2698 provincia
1848 2626 2100 2696 episcopis

518 2717 844 2772 celebranda:
871 2728 1027 2785 sunt;
1069 2718 1158 2790 qui
1189 2717 1347 2774 simul
1383 2719 1765 2784 convenientes,
1791 2715 2100 2772 scrutinium

515 2804 792 2876 diligenter
811 2818 992 2878 agant,
1013 2808 1383 2879 jejuniumque
1421 2824 1538 2863 cum
1581 2809 1818 2863 omnibus
1845 2807 2098 2862 celebrent

515 2898 772 2969 precibus,
799 2908 846 2953 et
881 2915 1066 2954 manus
1093 2915 1210 2954 cum
1239 2901 1433 2956 sanctis
1465 2897 1784 2971 Euangeliis,
1813 2915 1932 2969 qute
1957 2913 2097 2968 pra:-

517 2989 748 3045 dicaturi
789 3001 932 3057 sunt,
963 2992 1312 3062 impatientes,
1360 2992 1636 3047 Dominica
1675 2992 1760 3046 die
1785 2992 1915 3045 hora
1943 2991 2096 3044 tertia

517 3091 748 3146 orantes,
782 3097 936 3136 sacra
971 3098 1056 3136 eos
1090 3082 1332 3137 unctione
1368 3081 1644 3152 inungant.
1670 3079 1822 3145 Quod
1847 3081 1892 3134 si
1921 3095 2096 3134 omnes

516 3170 674 3224 simul
712 3172 924 3227 minime
963 3173 1234 3227 convenire
1281 3174 1569 3243 potuerint,
1611 3189 1880 3227 assensum
1921 3182 2095 3227 tamen

2205 1999 2355 2046 crata
2405 1998 2506 2046 est.
2559 1990 2796 2046 Tertiam
2823 2008 2953 2048 vero
2995 1993 3178 2050 sedem
3233 1995 3377 2066 apud
3422 1996 3775 2064 Antiochiam,

2204 2081 2331 2150 quia
2372 2080 2433 2136 Β.
2460 2080 2678 2148 Petrus,
2709 2090 2997 2152 antequam
3035 2084 3264 2142 Romam
3294 2086 3530 2154 veniret,
3563 2089 3666 2144 illic
3689 2092 3775 2144 ha-

2203 2172 2416 2238 bitavit,
2449 2183 2503 2227 et
2529 2172 2795 2244 lgnatium
2830 2174 2903 2230 ibi
2927 2176 3209 2232 constituit
3231 2177 3580 2248 episcopum,
3605 2188 3657 2235 et
3684 2181 3776 2236 illic

2201 2261 2438 2330 primum
2474 2277 2670 2318 nomen
2698 2263 3129 2321 Christianorum
3175 2268 3406 2323 novella:
3433 2271 3616 2340 gentis
3638 2285 3777 2325 exor-

2179 2359 2319 2409 tum
2349 2362 2452 2407 est.
2482 2354 2840 2412 Accusatores
2865 2367 3044 2412 autem
3075 2357 3150 2430 (5,
3181 2375 3233 2429 q.
3265 2359 3322 2426 5,
3347 2375 3400 2416 c.
3423 2361 3775 2432 Accusatores)

2201 2451 2256 2498 et
2292 2452 2456 2500 testes
2487 2445 2618 2500 dicit
2645 2461 2766 2501 esse
2811 2463 2918 2502 non
2961 2463 3138 2519 posse,
3182 2451 3276 2520 qui
3314 2462 3447 2508 ante
3479 2454 3772 2510 hesternum

2201 2533 2343 2590 diem
2371 2575 2386 2601 ,
2429 2545 2523 2590 aut
2567 2537 2958 2594 nudiustertius
2983 2540 3184 2596 inimici
3235 2540 3462 2598 fuerunt
3489 2585 3505 2610 ,
3555 2562 3625 2600 ne
3671 2547 3773 2600 irati

2200 2640 2397 2680 nocere
2419 2627 2660 2696 cupiant,
2691 2627 2771 2682 vel
2794 2628 2907 2685 laesi
2936 2629 3120 2686 ulcisci
3149 2647 3208 2688 se
3238 2634 3430 2688 velint.
3467 2636 3611 2692 Dicit
3631 2638 3770 2692 etiam

2197 2733 2296 2788 pro
2329 2718 2536 2774 meritis
2560 2719 2732 2789 plebis
2760 2735 2903 2791 seire
2930 2729 3174 2792 pastores
3204 2723 3474 2780 Ecclesia:
3487 2728 3770 2797 depravari,

2199 2818 2258 2864 ut
2277 2810 2570 2880 proclivius
2595 2822 2850 2868 corruant
2874 2814 2963 2883 qui
2995 2825 3316 2884 sequuntur,
3341 2819 3528 2887 capite
3550 2819 3773 2873 videlicet

2197 2902 2577 2974 languescente
2614 2903 2826 2960 facilius
2865 2906 3091 2977 reliquis
3117 2909 3367 2977 corporis
3397 2912 3642 2966 membra
3667 2913 3773 2965 iuli-

2195 2995 2434 3050 ciuntur.
2479 2995 2622 3052 Dicit
2650 2997 2814 3052 etiam
2850 3015 2863 3051 :
2897 2996 2954 3052 Si
2995 2997 3189 3054 doctor
3215 3000 3300 3054 vel
3335 3010 3534 3069 pastor
3556 3001 3772 3057 ecclesia:

2196 3100 2227 3139 a
2251 3085 2356 3141 ﬁde
2387 3087 2795 3154 cxorbitaverit,
2821 3088 2925 3142 erit
2949 3105 2981 3143 a
3008 3088 3257 3145 ﬁdelibus
3281 3094 3654 3164 corrigendos,
3681 3093 3772 3147 sed

2193 3193 2294 3248 pro
2339 3179 2582 3248 reprobis
2626 3180 2868 3235 moribus
2898 3181 3070 3251 magis
3114 3189 3202 3236 est
3253 3183 3598 3248 tolerandos,
3628 3200 3772 3254 quam

514 3267 628 3321 suis
660 3267 898 3335 precibus
935 3268 1220 3338 praebeant,
1252 3277 1307 3322 ut
1329 3267 1392 3321 ab
1420 3269 1535 3338 ipsa
1561 3269 1888 3322 ordinatione
1917 3269 2092 3321 animo
2120 3243 2163 3303 C
2194 3243 2616 3340 distringendus,
2655 3270 2783 3340 quia
2833 3243 3072 3328 rectores
3099 3271 3369 3329 Ecclesiae
3420 3289 3456 3330 ε
3507 3243 3620 3332 Deo
3644 3243 3779 3331 “sunt

514 3374 621 3412 non
645 3359 834 3425 desint,
876 3361 1002 3432 quia
1037 3358 1288 3425 Iacobus,
1333 3358 1541 3426 Justus,
1585 3370 1634 3415 et
1677 3359 1842 3429 frater
1883 3359 2095 3414 Domini
2189 3360 2491 3433 iudicandi.

515 3451 681 3521 nostri
723 3460 1052 3521 nuncupatus
1079 3491 1092 3517 ,
1136 3467 1168 3505 a
1203 3449 1380 3515 Petro,
1411 3451 1610 3506 Iacobo
1651 3461 1700 3505 et
1725 3450 1933 3506 Joanne
1961 3467 2091 3519 apo-

512 3520 662 3598 stolis
701 3553 776 3598 est
805 3520 1100 3608 ordinatus,
1135 3542 1261 3596 data
1295 3541 1529 3596 uidelicet
1564 3557 1628 3596 ea:
1658 3541 1756 3596 hoc
1781 3541 2094 3595 successori-

514 3637 609 3691 bus
645 3636 753 3690 suis
799 3635 990 3706 forma,
1023 3647 1080 3689 ut
1123 3635 1301 3690 nullus
1338 3636 1606 3705 episcopus
1649 3635 1822 3689 minus
1859 3651 2018 3704 quam
2059 3651 2094 3689 ιι

512 3725 681 3779 trib'us
737 3726 990 3795 episcopis
1035 3725 1258 3780 caeteris
1317 3723 1752 3779 consentientibus
1799 3725 2089 3778 ordinetur.

512 3815 719 3886 Reliqui
744 3833 862 3871 vero
887 3816 1181 3871 sacerdotes
1207 3815 1356 3886 (dist.
1381 3816 1470 3881 67,
1492 3831 1542 3871 c.
1565 3814 1794 3886 Reliqui)
1819 3833 1850 3869 a
1881 3816 2091 3886 proprio

513 3907 825 3960 ordinentur
861 3908 1130 3977 episcopo,
1160 3908 1236 3960 ita
1267 3915 1322 3960 ut
1349 3908 1480 3962 cives
1504 3947 1520 3974 ,
1564 3917 1611 3961 et
1663 3907 1758 3962 alii
1797 3908 2090 3962 sacerdotes

513 4013 785 4051 assensum
813 3995 1100 4066 prrebeant,
1129 4006 1176 4052 et
1206 3996 1507 4066 jejunantes
1543 3997 1924 4052 ordinationem
1961 3997 2092 4052 cele-

513 4085 683 4140 brent.
734 4086 994 4142 Similiter
1041 4095 1092 4142 et
1143 4087 1353 4142 diaconi
1398 4088 1722 4142 ordinentur.
1768 4087 2090 4143 Cteterorum

510 4184 688 4230 autem
724 4176 986 4246 graduum
1023 4176 1378 4231 distributioni
1402 4178 1561 4231 trium
1590 4178 1852 4232 veracium
1878 4181 2089 4233 testium

511 4266 884 4333 testimonium,
915 4283 1032 4322 cum
1059 4267 1288 4338 episcopi
1329 4266 1526 4322 scilicet
1571 4267 1906 4339 probatione,
1950 4271 2091 4340 suffi-

511 4375 628 4413 cere
653 4368 839 4428 potest.
879 4359 1160 4415 Accusatio
1186 4376 1387 4430 quoque
1413 4375 1595 4415 eorum
1631 4359 1710 4430 (2,
1739 4375 1794 4430 q.
1823 4360 1876 4425 7,
1905 4375 1959 4416 c.
1987 4361 2090 4415 Ac-

511 4449 758 4519 cusatio),
790 4465 945 4518 super
962 4466 1067 4520 qua
1094 4467 1187 4505 nos
1217 4449 1485 4504 consulere
1513 4449 1772 4515 voluistis,
1797 4453 2004 4506 nonnisi
2021 4451 2086 4506 ab

510 4539 712 4595 idoneis
738 4550 786 4595 et
814 4542 1192 4612 probatissimis
1220 4542 1376 4608 uiris,
1418 4542 1508 4612 qui
1543 4551 1592 4597 et
1617 4543 2000 4612 suspicionibus
2039 4555 2086 4598 et

508 4631 788 4687 sceleribus
813 4641 1044 4697 careant,
1070 4633 1188 4702 fieri
1226 4631 1392 4687 debet.
1439 4632 1508 4687 Et
1549 4633 1618 4688 ab
1647 4632 1748 4688 illis
1775 4633 1880 4689 hoc
1909 4635 2087 4700 modo,

508 4723 654 4780 sicut
671 4722 958 4794 praedictus
991 4737 1127 4794 papa
1154 4723 1378 4779 inici-ius
1409 4723 1585 4789 docet,
1614 4724 1800 4780 dicens
1831 4743 1844 4779 :
1881 4725 1943 4780 Si
1971 4727 2090 4796 quis

509 4815 758 4870 adversus
792 4831 879 4869 eos
918 4824 1150 4869 recurrat
1177 4814 1452 4870 charitatis
1487 4816 1696 4881 studio,
1740 4826 1796 4870 ut
1832 4816 2091 4887 familiari

507 4905 768 4977 colloquio
805 4906 1127 4970 commoniti,
1167 4921 1228 4960 ea
1265 4915 1482 4971 sonent,
1510 4923 1628 4976 qua:
1657 4907 1897 4962 sanando
1925 4918 2088 4970 sunt;

508 5008 558 5050 et
588 4997 896 5050 charitative
929 4997 1197 5050 emendent
1225 5013 1286 5051 ea
1311 5013 1426 5068 qute
1444 4999 1592 5067 juste
1621 4999 1948 5053 emendanda
2000 5016 2086 5054 co-

771 5099 776 5101 .
850 5087 880 5102 n
891 5087 903 5099 ο

2616 3453 2703 3509 Vl.
2737 3485 2809 3496 -—
2844 3455 2904 3511 S.
2944 3455 3344 3514 EVARISTUS

2703 3541 2875 3613 (Anno
2905 3541 3100 3598 Christi
3140 3545 3294 3616 112.)
3715 3583 3724 3588 -

2263 3631 2563 3698 Ενειτὶειιιει
2597 3633 2817 3688 natione
2854 3632 3098 3700 Graecus,
3126 3649 3193 3689 ex
3225 3645 3392 3706 patre
3417 3635 3630 3702 Iudaeo,
3653 3637 3776 3692 luds

2192 3721 2431 3788 nomine,
2470 3723 2538 3778 de
2576 3723 2793 3778 civitate
2819 3723 3155 3791 Bethlehem,
3184 3727 3330 3782 sedit
3365 3744 3553 3785 annos
3577 3745 3776 3794 novem,

2192 3825 2409 3867 menses
2428 3812 2638 3879 decem,
2653 3813 2770 3868 dies
2786 3813 2939 3868 duos.
2962 3813 3084 3868 Fuit
3101 3825 3284 3870 autem
3317 3819 3661 3887 temporibus
3685 3819 3779 3872 Do-

2192 3902 2342 3956 mitia
2350 3903 2403 3956 ni
2414 3911 2470 3958 et
2483 3901 2690 3968 Nervae,
2704 3919 2735 3958 a
2751 3904 3032 3959 consulatu
3046 3905 3290 3961 Valentis
3302 3916 3362 3962 et
3377 3908 3779 3980 Veteris,usqae

2192 3993 2262 4048 ad
2297 3993 2542 4061 Gallum,
2576 4003 2634 4050 et
2651 3985 2659 3990 ”
2679 3994 2916 4050 Bradum
2965 3994 3280 4069 [Braduamj
3322 3998 3586 4056 consules
3627 4019 3640 4052 :
3686 4001 3778 4054 sub

2191 4085 2386 4154 quibus
2408 4085 2724 4156 martyrium
2747 4101 2937 4154 passus
2956 4095 3040 4142 est
3053 4101 3122 4140 vt.
3138 4085 3675 4144 Kalend.Novembr.
3691 4088 3778 4143 Hic

2190 4177 2464 4231 ordinavit
2494 4178 2778 4246 episcopos
2815 4179 3085 4248 quinque,
3115 4181 3477 4251 presbyteros
3510 4197 3641 4247 sex,
3673 4183 3785 4236 dh-

2191 4282 2358 4323 conos
2396 4268 2550 4323 duos.
2593 4266 2693 4323 llic
2723 4268 2778 4322 in
2823 4269 2937 4325 suis
2983 4268 3220 4324 decretis
3267 4272 3538 4341 praecepit
3585 4278 3779 4340 septem

2191 4359 2453 4414 diaconos
2487 4358 2541 4413 in
2570 4373 2896 4430 unaquaque
2927 4360 3062 4415 urbe
3093 4361 3514 4418 constituendos
3533 4403 3552 4428 ,
3599 4368 3665 4418 ad
3692 4379 3782 4416 ςι-

2190 4450 2531 4506 stodiendum
2561 4450 2891 4520 episcopum,
2936 4465 3008 4508 ne
3042 4451 3160 4524 ipse
3193 4451 3247 4507 in
3289 4454 3688 4523 praedicatione
3715 4453 3778 4506 ab

2196 4540 2606 4598 insidiatoribus
2631 4542 2941 4610 infestetur,
2971 4552 3066 4599 aut
3097 4543 3326 4599 verbum
3361 4546 3619 4601 veritatis
3649 4561 3779 4616 qne-

2195 4631 2324 4685 libet
2351 4647 2550 4702 genere
2575 4633 2926 4689 detractionis
2953 4633 3120 4703 pollui
3153 4635 3348 4704 possit.

2257 4721 2357 4776 Hic
2375 4723 2538 4777 etiam
2558 4724 2817 4794 scriptum
2838 4723 2989 4778 misit
3003 4724 3272 4780 universis
3292 4725 3574 4796 episcopis
3589 4725 3782 4782 Africa

2194 4813 2429 4883 regionis
2457 4815 2628 4884 (epist.
2661 4815 2713 4879 1,
2743 4815 2812 4869 ad
2841 4815 3000 4885 episc.
3032 4815 3250 4885 Afric.),
3287 4819 3436 4888 quod
3469 4819 3780 4889 coniugium

2191 4903 2491 4975 legitimum
2519 4905 2590 4960 sit
2619 4905 2674 4960 in
2701 4906 2847 4960 omni
2873 4906 3104 4963 ecclesia
3128 4907 3466 4974 habendum,
3490 4910 3568 4963 ita
3601 4910 3781 4963 dicens

2192 4995 2270 5064 (5,
2300 5011 2356 5064 q.
2387 4995 2440 5060 5,
2465 5012 2515 5051 c.
2541 4997 2728 5066 Aliter)
2759 5012 2774 5051 :
2803 4997 2970 5052 Aliter
3008 5013 3112 5053 non
3154 4997 3214 5066 fit
3254 4998 3551 5069 legitimum
3597 5000 3782 5066 conjs-

2199 5088 2329 5120 --‘----
2377 5089 2506 5136 sicut
2533 5106 2566 5138 a
2586 5085 2836 5142 Patribus
2864 5090 3177 5160 accepimus,
3203 5100 3253 5143 et
3280 5091 3482 5144 sanctis
3503 5091 3780 5158 apostolis,

2977 5192 2985 5193 '
3066 5182 3220 5212 ⁴⁵¹⁶η⁶⁶
3279 5181 3456 5234 ὅρηαι,
3445 5182 3621 5247 ’.889
