  <div class='ocr_page' id='page_1' title='image "/cluster/home/n/w/nwhite01/storage/ocr_20150623/129/hvd.32044015471709/586.png"; bbox 0 0 3948 5720; ppageno 0'>
   <div class='ocr_carea' id='block_1_1' title="bbox 144 426 275 519">
    <p class='ocr_par' dir='ltr' id='par_1_1' title="bbox 144 426 275 519">
     <span class='ocr_line' id='line_1_1' title="bbox 144 426 275 519; baseline 0.008 -36"><span class='ocrx_word' id='word_1_1' title='bbox 144 426 275 519; x_wconf 80' lang='grc'><strong>1161</strong></span> 
     </span>
    </p>
   </div>
   <div class='ocr_carea' id='block_1_2' title="bbox 870 402 2601 487">
    <p class='ocr_par' dir='ltr' id='par_1_2' title="bbox 870 402 2601 487">
     <span class='ocr_line' id='line_1_2' title="bbox 870 402 2601 487; baseline -0.007 -10"><span class='ocrx_word' id='word_1_2' title='bbox 870 456 903 487; x_wconf 67' lang='grc' dir='ltr'><strong><em>,ο</em></strong></span> <span class='ocrx_word' id='word_1_3' title='bbox 929 419 1198 479; x_wconf 80' lang='lat' dir='ltr'><strong><em>PSEUDO</em></strong></span> <span class='ocrx_word' id='word_1_4' title='bbox 1238 417 1651 477; x_wconf 79' lang='lat' dir='ltr'><strong><em>LUITPRANDI</em></strong></span> <span class='ocrx_word' id='word_1_5' title='bbox 1690 416 1817 471; x_wconf 70' lang='lat' dir='ltr'><strong><em>LIB.</em></strong></span> <span class='ocrx_word' id='word_1_6' title='bbox 1857 415 1942 468; x_wconf 73' lang='lat' dir='ltr'><strong><em>DE</em></strong></span> <span class='ocrx_word' id='word_1_7' title='bbox 1981 411 2159 470; x_wconf 82' lang='lat' dir='ltr'><strong><em>VITIS</em></strong></span> <span class='ocrx_word' id='word_1_8' title='bbox 2196 412 2359 469; x_wconf 75' lang='lat' dir='ltr'><strong>ROM.</strong></span> <span class='ocrx_word' id='word_1_9' title='bbox 2399 402 2601 468; x_wconf 70' lang='lat' dir='ltr'><strong><em>PONT.</em></strong></span> 
     </span>
    </p>
   </div>
   <div class='ocr_carea' id='block_1_3' title="bbox 3257 404 3396 461">
    <p class='ocr_par' dir='ltr' id='par_1_3' title="bbox 3257 404 3396 461">
     <span class='ocr_line' id='line_1_3' title="bbox 3257 404 3396 461; baseline 0 -2"><span class='ocrx_word' id='word_1_10' title='bbox 3257 404 3396 461; x_wconf 77' lang='lat' dir='ltr'><strong><em>H62</em></strong></span> 
     </span>
    </p>
   </div>
   <div class='ocr_carea' id='block_1_4' title="bbox 139 520 3396 604">
    <p class='ocr_par' dir='ltr' id='par_1_4' title="bbox 139 520 3396 604">
     <span class='ocr_line' id='line_1_4' title="bbox 139 520 3396 604; baseline -0.006 -10"><span class='ocrx_word' id='word_1_11' title='bbox 139 554 271 596; x_wconf 81' lang='lat' dir='ltr'><strong><em>aruo</em></strong></span> <span class='ocrx_word' id='word_1_12' title='bbox 333 535 494 604; x_wconf 83' lang='lat' dir='ltr'><strong><em>petita</em></strong></span> <span class='ocrx_word' id='word_1_13' title='bbox 552 532 750 603; x_wconf 86' lang='lat' dir='ltr'><strong><em>legibus</em></strong></span> <span class='ocrx_word' id='word_1_14' title='bbox 803 531 960 586; x_wconf 86' lang='lat' dir='ltr'><strong><em>detur</em></strong></span> <span class='ocrx_word' id='word_1_15' title='bbox 1011 530 1269 603; x_wconf 86' lang='lat' dir='ltr'><strong><em>[doletur]</em></strong></span> <span class='ocrx_word' id='word_1_16' title='bbox 1289 572 1305 597; x_wconf 95' lang='lat'><strong><em>,</em></strong></span> <span class='ocrx_word' id='word_1_17' title='bbox 1339 543 1386 585; x_wconf 90' lang='lat' dir='ltr'><strong><em>et</em></strong></span> <span class='ocrx_word' id='word_1_18' title='bbox 1420 529 1719 587; x_wconf 78' lang='lat' dir='ltr'><strong><em>solemniter</em></strong></span> <span class='ocrx_word' id='word_1_19' title='bbox 1746 532 1789 590; x_wconf 79' lang='grc' dir='ltr'>Α</span> <span class='ocrx_word' id='word_1_20' title='bbox 1820 541 1925 587; x_wconf 88' lang='lat' dir='ltr'><strong><em>eos,</em></strong></span> <span class='ocrx_word' id='word_1_21' title='bbox 1958 541 2131 580; x_wconf 86' lang='lat' dir='ltr'><strong><em>vocem</em></strong></span> <span class='ocrx_word' id='word_1_22' title='bbox 2159 525 2496 590; x_wconf 73' lang='lat' dir='ltr'><strong><em>obstruimus,</em></strong></span> <span class='ocrx_word' id='word_1_23' title='bbox 2524 522 2655 594; x_wconf 82' lang='lat' dir='ltr'><strong><em>quos</em></strong></span> <span class='ocrx_word' id='word_1_24' title='bbox 2689 538 2792 577; x_wconf 88' lang='lat' dir='ltr'><strong><em>non</em></strong></span> <span class='ocrx_word' id='word_1_25' title='bbox 2834 520 3100 587; x_wconf 81' lang='lat' dir='ltr'><strong><em>humanis,</em></strong></span> <span class='ocrx_word' id='word_1_26' title='bbox 3140 521 3230 576; x_wconf 88' lang='lat' dir='ltr'><strong><em>sed</em></strong></span> <span class='ocrx_word' id='word_1_27' title='bbox 3268 520 3396 577; x_wconf 79' lang='lat' dir='ltr'><strong><em>divi-</em></strong></span> 
     </span>
    </p>
   </div>
   <div class='ocr_carea' id='block_1_5' title="bbox 137 620 1713 695">
    <p class='ocr_par' dir='ltr' id='par_1_5' title="bbox 137 620 1713 695">
     <span class='ocr_line' id='line_1_5' title="bbox 137 620 1713 695; baseline -0.007 -13"><span class='ocrx_word' id='word_1_28' title='bbox 137 627 463 695; x_wconf 85' lang='lat' dir='ltr'><strong><em>accipiatur;</em></strong></span> <span class='ocrx_word' id='word_1_29' title='bbox 504 633 552 678; x_wconf 87' lang='lat' dir='ltr'><strong><em>et</em></strong></span> <span class='ocrx_word' id='word_1_30' title='bbox 606 622 766 677; x_wconf 82' lang='lat' dir='ltr'><strong><em>biduo</em></strong></span> <span class='ocrx_word' id='word_1_31' title='bbox 799 620 878 677; x_wconf 97' lang='lat' dir='ltr'><strong><em>vel</em></strong></span> <span class='ocrx_word' id='word_1_32' title='bbox 916 622 1093 676; x_wconf 78' lang='lat' dir='ltr'><strong><em>triduo</em></strong></span> <span class='ocrx_word' id='word_1_33' title='bbox 1133 620 1456 675; x_wconf 73' lang='lat' dir='ltr'><strong><em>orationibus</em></strong></span> <span class='ocrx_word' id='word_1_34' title='bbox 1495 628 1713 683; x_wconf 86' lang='lat' dir='ltr'><strong><em>vacent,</em></strong></span> 
     </span>
    </p>
   </div>
   <div class='ocr_carea' id='block_1_6' title="bbox 1819 610 3399 686">
    <p class='ocr_par' dir='ltr' id='par_1_6' title="bbox 1819 610 3399 686">
     <span class='ocr_line' id='line_1_6' title="bbox 1819 610 3399 686; baseline -0.002 -14"><span class='ocrx_word' id='word_1_35' title='bbox 1819 618 1899 672; x_wconf 88' lang='lat' dir='ltr'><strong><em>nis</em></strong></span> <span class='ocrx_word' id='word_1_36' title='bbox 1927 617 2126 671; x_wconf 76' lang='lat' dir='ltr'><strong><em>actibus</em></strong></span> <span class='ocrx_word' id='word_1_37' title='bbox 2160 618 2393 671; x_wconf 85' lang='lat' dir='ltr'><strong><em>mortuos</em></strong></span> <span class='ocrx_word' id='word_1_38' title='bbox 2423 616 2532 671; x_wconf 88' lang='lat' dir='ltr'><strong><em>esse</em></strong></span> <span class='ocrx_word' id='word_1_39' title='bbox 2559 616 2772 670; x_wconf 76' lang='lat' dir='ltr'><strong><em>scimus.</em></strong></span> <span class='ocrx_word' id='word_1_40' title='bbox 2808 614 2874 669; x_wconf 86' lang='lat' dir='ltr'><strong><em>Et</em></strong></span> <span class='ocrx_word' id='word_1_41' title='bbox 2900 610 3155 670; x_wconf 75' lang='lat' dir='ltr'><strong><em>&#39;inferius.</em></strong></span> <span class='ocrx_word' id='word_1_42' title='bbox 3189 615 3230 670; x_wconf 75' lang='lat'><strong><em>.4</em></strong></span> <span class='ocrx_word' id='word_1_43' title='bbox 3263 630 3399 686; x_wconf 48' lang='lat' dir='ltr'><strong><em>prcc‘</em></strong></span> 
     </span>
    </p>
   </div>
   <div class='ocr_carea' id='block_1_7' title="bbox 135 702 3400 783">
    <p class='ocr_par' dir='ltr' id='par_1_7' title="bbox 135 702 3400 783">
     <span class='ocr_line' id='line_1_7' title="bbox 135 702 3400 783; baseline -0.004 -12"><span class='ocrx_word' id='word_1_44' title='bbox 135 727 183 772; x_wconf 87' lang='lat' dir='ltr'><strong><em>et</em></strong></span> <span class='ocrx_word' id='word_1_45' title='bbox 208 709 507 771; x_wconf 80' lang='lat' dir='ltr'><strong><em>castitatem</em></strong></span> <span class='ocrx_word' id='word_1_46' title='bbox 548 715 896 769; x_wconf 90' lang='lat' dir='ltr'><strong><em>custodiant:</em></strong></span> <span class='ocrx_word' id='word_1_47' title='bbox 926 713 1082 769; x_wconf 77' lang='lat' dir='ltr'><strong><em>aliter</em></strong></span> <span class='ocrx_word' id='word_1_48' title='bbox 1101 728 1219 768; x_wconf 88' lang='lat' dir='ltr'><strong><em>vero</em></strong></span> <span class='ocrx_word' id='word_1_49' title='bbox 1246 722 1584 783; x_wconf 72' lang='lat' dir='ltr'><strong><em>prwsumpta,</em></strong></span> <span class='ocrx_word' id='word_1_50' title='bbox 1613 726 1716 764; x_wconf 85' lang='lat' dir='ltr'><strong><em>non</em></strong></span> <span class='ocrx_word' id='word_1_51' title='bbox 1816 707 2167 763; x_wconf 87' lang='lat' dir='ltr'><strong><em>decessoribus</em></strong></span> <span class='ocrx_word' id='word_1_52' title='bbox 2232 707 2423 761; x_wconf 75' lang='lat' dir='ltr'><strong><em>nostris</em></strong></span> <span class='ocrx_word' id='word_1_53' title='bbox 2487 705 2765 759; x_wconf 74' lang='lat' dir='ltr'><strong><em>inhibitum</em></strong></span> <span class='ocrx_word' id='word_1_54' title='bbox 2826 702 3109 775; x_wconf 68' lang='lat' dir='ltr'><strong><em>legimus,</em></strong></span> <span class='ocrx_word' id='word_1_55' title='bbox 3144 713 3200 757; x_wconf 88' lang='lat' dir='ltr'><strong><em>ut</em></strong></span> <span class='ocrx_word' id='word_1_56' title='bbox 3250 720 3400 758; x_wconf 86' lang='lat' dir='ltr'><strong><em>nemo</em></strong></span> 
     </span>
    </p>
   </div>
   <div class='ocr_carea' id='block_1_8' title="bbox 134 800 1719 878">
    <p class='ocr_par' dir='ltr' id='par_1_8' title="bbox 134 800 1719 878">
     <span class='ocr_line' id='line_1_8' title="bbox 134 800 1719 878; baseline -0.004 -17"><span class='ocrx_word' id='word_1_57' title='bbox 134 806 407 878; x_wconf 71' lang='lat' dir='ltr'><strong><em>coniugia,</em></strong></span> <span class='ocrx_word' id='word_1_58' title='bbox 436 806 527 860; x_wconf 86' lang='lat' dir='ltr'><strong><em>sed</em></strong></span> <span class='ocrx_word' id='word_1_59' title='bbox 567 815 657 859; x_wconf 83' lang='lat' dir='ltr'><strong><em>aut</em></strong></span> <span class='ocrx_word' id='word_1_60' title='bbox 704 805 991 869; x_wconf 86' lang='lat' dir='ltr'><strong><em>adulteria,</em></strong></span> <span class='ocrx_word' id='word_1_61' title='bbox 1017 803 1095 858; x_wconf 92' lang='lat' dir='ltr'><strong><em>vel</em></strong></span> <span class='ocrx_word' id='word_1_62' title='bbox 1121 802 1375 857; x_wconf 80' lang='lat' dir='ltr'><strong><em>concubia</em></strong></span> <span class='ocrx_word' id='word_1_63' title='bbox 1411 800 1719 873; x_wconf 87' lang='lat' dir='ltr'><strong><em>[contuber-</em></strong></span> 
     </span>
    </p>
   </div>
   <div class='ocr_carea' id='block_1_9' title="bbox 1819 792 3400 871">
    <p class='ocr_par' dir='ltr' id='par_1_9' title="bbox 1819 792 3400 871">
     <span class='ocr_line' id='line_1_9' title="bbox 1819 792 3400 871; baseline -0.001 -19"><span class='ocrx_word' id='word_1_64' title='bbox 1819 792 2141 871; x_wconf 84' lang='lat' dir='ltr'><strong><em>constringat</em></strong></span> <span class='ocrx_word' id='word_1_65' title='bbox 2181 798 2419 852; x_wconf 88' lang='lat' dir='ltr'><strong><em>doctores</em></strong></span> <span class='ocrx_word' id='word_1_66' title='bbox 2444 836 2461 863; x_wconf 93' lang='lat'><strong><em>,</em></strong></span> <span class='ocrx_word' id='word_1_67' title='bbox 2509 798 2671 867; x_wconf 81' lang='lat' dir='ltr'><strong><em>neque</em></strong></span> <span class='ocrx_word' id='word_1_68' title='bbox 2716 796 3105 850; x_wconf 76' lang='lat' dir='ltr'><strong><em>accusationem</em></strong></span> <span class='ocrx_word' id='word_1_69' title='bbox 3149 794 3400 850; x_wconf 83' lang='lat' dir='ltr'><strong><em>adversus</em></strong></span> 
     </span>
    </p>
   </div>
   <div class='ocr_carea' id='block_1_10' title="bbox 135 888 3402 969">
    <p class='ocr_par' dir='ltr' id='par_1_10' title="bbox 135 888 3402 969">
     <span class='ocr_line' id='line_1_10' title="bbox 135 888 3402 969; baseline -0.003 -18"><span class='ocrx_word' id='word_1_70' title='bbox 135 896 248 969; x_wconf 84' lang='lat' dir='ltr'><strong><em>nia]</em></strong></span> <span class='ocrx_word' id='word_1_71' title='bbox 285 906 380 951; x_wconf 84' lang='lat' dir='ltr'><strong><em>aut</em></strong></span> <span class='ocrx_word' id='word_1_72' title='bbox 404 907 611 965; x_wconf 88' lang='lat' dir='ltr'><strong><em>stupra,</em></strong></span> <span class='ocrx_word' id='word_1_73' title='bbox 641 892 717 949; x_wconf 87' lang='lat' dir='ltr'><strong><em>vel</em></strong></span> <span class='ocrx_word' id='word_1_74' title='bbox 745 894 1117 964; x_wconf 77' lang='lat' dir='ltr'><strong><em>fornicationes</em></strong></span> <span class='ocrx_word' id='word_1_75' title='bbox 1146 895 1341 961; x_wconf 88' lang='lat' dir='ltr'><strong><em>potius,</em></strong></span> <span class='ocrx_word' id='word_1_76' title='bbox 1390 909 1546 963; x_wconf 88' lang='lat' dir='ltr'><strong><em>quam</em></strong></span> <span class='ocrx_word' id='word_1_77' title='bbox 1593 892 1721 962; x_wconf 76' lang='lat' dir='ltr'><strong><em>legi~</em></strong></span> <span class='ocrx_word' id='word_1_78' title='bbox 1818 910 1904 949; x_wconf 87' lang='lat' dir='ltr'><strong><em>eos</em></strong></span> <span class='ocrx_word' id='word_1_79' title='bbox 1942 894 2212 963; x_wconf 76' lang='lat' dir='ltr'><strong><em>suscipiat.</em></strong></span> <span class='ocrx_word' id='word_1_80' title='bbox 2253 892 2383 947; x_wconf 85' lang='lat' dir='ltr'><strong><em>Item</em></strong></span> <span class='ocrx_word' id='word_1_81' title='bbox 2413 891 2572 962; x_wconf 86' lang='lat' dir='ltr'><strong><em>paulo</em></strong></span> <span class='ocrx_word' id='word_1_82' title='bbox 2599 890 2826 946; x_wconf 76' lang='lat' dir='ltr'><strong><em>inferius</em></strong></span> <span class='ocrx_word' id='word_1_83' title='bbox 2855 907 2869 943; x_wconf 88' lang='lat'><strong>:</strong></span> <span class='ocrx_word' id='word_1_84' title='bbox 2900 889 3197 945; x_wconf 89' lang='lat' dir='ltr'><strong><em>Statuentes</em></strong></span> <span class='ocrx_word' id='word_1_85' title='bbox 3225 888 3402 945; x_wconf 81' lang='lat' dir='ltr'><strong><em>decer-</em></strong></span> 
     </span>
    </p>
   </div>
   <div class='ocr_carea' id='block_1_11' title="bbox 133 979 1720 1057">
    <p class='ocr_par' dir='ltr' id='par_1_11' title="bbox 133 979 1720 1057">
     <span class='ocr_line' id='line_1_11' title="bbox 133 979 1720 1057; baseline -0.004 -18"><span class='ocrx_word' id='word_1_86' title='bbox 133 986 263 1041; x_wconf 79' lang='lat' dir='ltr'><strong><em>lima</em></strong></span> <span class='ocrx_word' id='word_1_87' title='bbox 293 985 537 1055; x_wconf 82' lang='lat' dir='ltr'><strong><em>conjugia</em></strong></span> <span class='ocrx_word' id='word_1_88' title='bbox 566 1000 676 1057; x_wconf 86' lang='lat' dir='ltr'><strong><em>esse</em></strong></span> <span class='ocrx_word' id='word_1_89' title='bbox 705 1000 808 1038; x_wconf 89' lang='lat' dir='ltr'><strong><em>non</em></strong></span> <span class='ocrx_word' id='word_1_90' title='bbox 837 982 1089 1048; x_wconf 89' lang='lat' dir='ltr'><strong><em>dubitate,</em></strong></span> <span class='ocrx_word' id='word_1_91' title='bbox 1120 983 1219 1037; x_wconf 84' lang='lat' dir='ltr'><strong><em>nisi</em></strong></span> <span class='ocrx_word' id='word_1_92' title='bbox 1246 981 1482 1036; x_wconf 87' lang='lat' dir='ltr'><strong><em>voluntas</em></strong></span> <span class='ocrx_word' id='word_1_93' title='bbox 1509 979 1720 1051; x_wconf 87' lang='lat' dir='ltr'><strong><em>propria</em></strong></span> 
     </span>
    </p>
   </div>
   <div class='ocr_carea' id='block_1_12' title="bbox 133 1056 1723 1147">
    <p class='ocr_par' dir='ltr' id='par_1_12' title="bbox 133 1056 1723 1147">
     <span class='ocr_line' id='line_1_12' title="bbox 133 1056 1723 1147; baseline -0.004 -16"><span class='ocrx_word' id='word_1_94' title='bbox 133 1056 526 1147; x_wconf 57' lang='lat' dir='ltr'><strong><em>sufragaverit,</em></strong></span> <span class='ocrx_word' id='word_1_95' title='bbox 557 1085 605 1128; x_wconf 86' lang='lat' dir='ltr'><strong><em>et</em></strong></span> <span class='ocrx_word' id='word_1_96' title='bbox 643 1083 768 1129; x_wconf 84' lang='lat' dir='ltr'><strong><em>nota</em></strong></span> <span class='ocrx_word' id='word_1_97' title='bbox 794 1066 1112 1128; x_wconf 80' lang='lat' dir='ltr'><strong><em>succurrerit</em></strong></span> <span class='ocrx_word' id='word_1_98' title='bbox 1144 1071 1377 1143; x_wconf 83' lang='lat' dir='ltr'><strong><em>legitima</em></strong></span> <span class='ocrx_word' id='word_1_99' title='bbox 1411 1070 1559 1143; x_wconf 88' lang='lat' dir='ltr'><strong><em>[vota</em></strong></span> <span class='ocrx_word' id='word_1_100' title='bbox 1593 1080 1723 1129; x_wconf 86' lang='lat' dir='ltr'><strong><em>suc-‘</em></strong></span> 
     </span>
    </p>
   </div>
   <div class='ocr_carea' id='block_1_13' title="bbox 135 1153 463 1234">
    <p class='ocr_par' dir='ltr' id='par_1_13' title="bbox 135 1153 463 1234">
     <span class='ocr_line' id='line_1_13' title="bbox 135 1153 463 1234; baseline 0 -18"><span class='ocrx_word' id='word_1_101' title='bbox 135 1153 463 1234; x_wconf 60' lang='lat' dir='ltr'><strong><em>euri-crint]</em></strong></span> 
     </span>
    </p>
   </div>
   <div class='ocr_carea' id='block_1_14' title="bbox 148 1247 1726 1329">
    <p class='ocr_par' dir='ltr' id='par_1_14' title="bbox 148 1247 1726 1329">
     <span class='ocr_line' id='line_1_14' title="bbox 148 1247 1726 1329; baseline 0 -23"><span class='ocrx_word' id='word_1_102' title='bbox 148 1326 153 1329; x_wconf 20' lang='grc'><strong><em>1</em></strong></span> <span class='ocrx_word' id='word_1_103' title='bbox 207 1252 309 1308; x_wconf 89' lang='lat' dir='ltr'><strong><em>llic</em></strong></span> <span class='ocrx_word' id='word_1_104' title='bbox 342 1252 484 1308; x_wconf 84' lang='lat' dir='ltr'><strong><em>idem</em></strong></span> <span class='ocrx_word' id='word_1_105' title='bbox 517 1247 703 1317; x_wconf 78' lang='lat' dir='ltr'><strong><em>inalia</em></strong></span> <span class='ocrx_word' id='word_1_106' title='bbox 725 1251 975 1323; x_wconf 90' lang='lat' dir='ltr'><strong><em>epistola,</em></strong></span> <span class='ocrx_word' id='word_1_107' title='bbox 1001 1268 1164 1323; x_wconf 87' lang='lat' dir='ltr'><strong><em>quam</em></strong></span> <span class='ocrx_word' id='word_1_108' title='bbox 1187 1251 1437 1308; x_wconf 78' lang='lat' dir='ltr'><strong><em>ontuibus</em></strong></span> <span class='ocrx_word' id='word_1_109' title='bbox 1456 1250 1726 1322; x_wconf 85' lang='lat' dir='ltr'><strong><em>episcopis</em></strong></span> 
     </span>
    </p>
   </div>
   <div class='ocr_carea' id='block_1_15' title="bbox 132 1340 1722 1417">
    <p class='ocr_par' dir='ltr' id='par_1_15' title="bbox 132 1340 1722 1417">
     <span class='ocr_line' id='line_1_15' title="bbox 132 1340 1722 1417; baseline -0.002 -18"><span class='ocrx_word' id='word_1_110' title='bbox 132 1360 232 1417; x_wconf 86' lang='lat' dir='ltr'><strong><em>per</em></strong></span> <span class='ocrx_word' id='word_1_111' title='bbox 257 1344 554 1416; x_wconf 64' lang='lat' dir='ltr'><strong><em>Egyptum</em></strong></span> <span class='ocrx_word' id='word_1_112' title='bbox 585 1343 923 1399; x_wconf 88' lang='lat' dir='ltr'><strong><em>morantibus</em></strong></span> <span class='ocrx_word' id='word_1_113' title='bbox 948 1343 1166 1413; x_wconf 79' lang='lat' dir='ltr'><strong><em>scripsit</em></strong></span> <span class='ocrx_word' id='word_1_114' title='bbox 1201 1342 1373 1414; x_wconf 83' lang='lat' dir='ltr'><strong><em>(epist.</em></strong></span> <span class='ocrx_word' id='word_1_115' title='bbox 1399 1341 1483 1413; x_wconf 94' lang='lat'><strong><em>2),</em></strong></span> <span class='ocrx_word' id='word_1_116' title='bbox 1511 1340 1579 1397; x_wconf 91' lang='lat' dir='ltr'><strong><em>de</em></strong></span> <span class='ocrx_word' id='word_1_117' title='bbox 1611 1340 1722 1411; x_wconf 86' lang='lat' dir='ltr'><strong><em>epi-</em></strong></span> 
     </span>
    </p>
   </div>
   <div class='ocr_carea' id='block_1_16' title="bbox 134 1432 1728 1510">
    <p class='ocr_par' dir='ltr' id='par_1_16' title="bbox 134 1432 1728 1510">
     <span class='ocr_line' id='line_1_16' title="bbox 134 1432 1728 1510; baseline -0.003 -19"><span class='ocrx_word' id='word_1_118' title='bbox 134 1452 303 1508; x_wconf 88' lang='lat' dir='ltr'><strong><em>scopo</em></strong></span> <span class='ocrx_word' id='word_1_119' title='bbox 330 1444 388 1492; x_wconf 86' lang='lat' dir='ltr'><strong><em>et</em></strong></span> <span class='ocrx_word' id='word_1_120' title='bbox 420 1434 652 1492; x_wconf 83' lang='lat' dir='ltr'><strong><em>ecclesia</em></strong></span> <span class='ocrx_word' id='word_1_121' title='bbox 674 1435 862 1491; x_wconf 89' lang='lat' dir='ltr'><strong><em>dicens</em></strong></span> <span class='ocrx_word' id='word_1_122' title='bbox 890 1452 905 1489; x_wconf 87' lang='lat'><strong>:</strong></span> <span class='ocrx_word' id='word_1_123' title='bbox 938 1432 1178 1492; x_wconf 84' lang='lat' dir='ltr'><strong><em>Ecclesia</em></strong></span> <span class='ocrx_word' id='word_1_124' title='bbox 1203 1434 1453 1510; x_wconf 72' lang='lat' dir='ltr'><strong><em>jungitur</em></strong></span> <span class='ocrx_word' id='word_1_125' title='bbox 1476 1434 1728 1505; x_wconf 84' lang='lat' dir='ltr'><strong><em>episeopo</em></strong></span> 
     </span>
    </p>
   </div>
   <div class='ocr_carea' id='block_1_17' title="bbox 134 1524 1729 1603">
    <p class='ocr_par' dir='ltr' id='par_1_17' title="bbox 134 1524 1729 1603">
     <span class='ocr_line' id='line_1_17' title="bbox 134 1524 1729 1603; baseline -0.003 -20"><span class='ocrx_word' id='word_1_126' title='bbox 134 1524 536 1603; x_wconf 77' lang='lat' dir='ltr'><strong><em>spiritualiter,</em></strong></span> <span class='ocrx_word' id='word_1_127' title='bbox 592 1526 738 1583; x_wconf 88' lang='lat' dir='ltr'><strong><em>velut</em></strong></span> <span class='ocrx_word' id='word_1_128' title='bbox 790 1542 986 1598; x_wconf 88' lang='lat' dir='ltr'><strong><em>sponsa</em></strong></span> <span class='ocrx_word' id='word_1_129' title='bbox 1040 1526 1334 1582; x_wconf 76' lang='lat' dir='ltr'><strong><em>carnaliter</em></strong></span> <span class='ocrx_word' id='word_1_130' title='bbox 1376 1540 1598 1597; x_wconf 88' lang='lat' dir='ltr'><strong><em>sponso.</em></strong></span> <span class='ocrx_word' id='word_1_131' title='bbox 1661 1524 1729 1579; x_wconf 82' lang='lat' dir='ltr'><strong><em>Et</em></strong></span> 
     </span>
    </p>
   </div>
   <div class='ocr_carea' id='block_1_18' title="bbox 134 1615 1729 1690">
    <p class='ocr_par' dir='ltr' id='par_1_18' title="bbox 134 1615 1729 1690">
     <span class='ocr_line' id='line_1_18' title="bbox 134 1615 1729 1690; baseline -0.003 -14"><span class='ocrx_word' id='word_1_132' title='bbox 134 1621 282 1677; x_wconf 80' lang='lat' dir='ltr'><strong><em>sicut.</em></strong></span> <span class='ocrx_word' id='word_1_133' title='bbox 318 1619 405 1674; x_wconf 90' lang='lat' dir='ltr'><strong><em>vir</em></strong></span> <span class='ocrx_word' id='word_1_134' title='bbox 452 1634 558 1674; x_wconf 88' lang='lat' dir='ltr'><strong><em>non</em></strong></span> <span class='ocrx_word' id='word_1_135' title='bbox 608 1618 766 1674; x_wconf 90' lang='lat' dir='ltr'><strong><em>debet</em></strong></span> <span class='ocrx_word' id='word_1_136' title='bbox 810 1618 1085 1690; x_wconf 76' lang='lat' dir='ltr'><strong><em>negligere</em></strong></span> <span class='ocrx_word' id='word_1_137' title='bbox 1126 1632 1350 1673; x_wconf 80' lang='lat' dir='ltr'><strong><em>uxorem</em></strong></span> <span class='ocrx_word' id='word_1_138' title='bbox 1402 1632 1586 1683; x_wconf 88' lang='lat' dir='ltr'><strong><em>suam,</em></strong></span> <span class='ocrx_word' id='word_1_139' title='bbox 1633 1615 1729 1672; x_wconf 89' lang='lat' dir='ltr'><strong><em>sed</em></strong></span> 
     </span>
    </p>
   </div>
   <div class='ocr_carea' id='block_1_19' title="bbox 132 1709 1725 1782">
    <p class='ocr_par' dir='ltr' id='par_1_19' title="bbox 132 1709 1725 1782">
     <span class='ocr_line' id='line_1_19' title="bbox 132 1709 1725 1782; baseline -0.003 -15"><span class='ocrx_word' id='word_1_140' title='bbox 132 1711 365 1782; x_wconf 81' lang='lat' dir='ltr'><strong><em>diligere</em></strong></span> <span class='ocrx_word' id='word_1_141' title='bbox 405 1717 463 1765; x_wconf 89' lang='lat' dir='ltr'><strong><em>et</em></strong></span> <span class='ocrx_word' id='word_1_142' title='bbox 498 1718 649 1765; x_wconf 90' lang='lat' dir='ltr'><strong><em>caste</em></strong></span> <span class='ocrx_word' id='word_1_143' title='bbox 687 1710 994 1775; x_wconf 82' lang='lat' dir='ltr'><strong><em>custodire,</em></strong></span> <span class='ocrx_word' id='word_1_144' title='bbox 1040 1720 1097 1766; x_wconf 88' lang='lat' dir='ltr'><strong><em>et</em></strong></span> <span class='ocrx_word' id='word_1_145' title='bbox 1147 1709 1445 1779; x_wconf 73' lang='lat' dir='ltr'><strong><em>prudenter</em></strong></span> <span class='ocrx_word' id='word_1_146' title='bbox 1491 1722 1725 1781; x_wconf 83' lang='lat' dir='ltr'><strong><em>regere:</em></strong></span> 
     </span>
    </p>
   </div>
   <div class='ocr_carea' id='block_1_20' title="bbox 134 1799 1726 1873">
    <p class='ocr_par' dir='ltr' id='par_1_20' title="bbox 134 1799 1726 1873">
     <span class='ocr_line' id='line_1_20' title="bbox 134 1799 1726 1873; baseline -0.002 -16"><span class='ocrx_word' id='word_1_147' title='bbox 134 1803 211 1857; x_wconf 89' lang='lat' dir='ltr'><strong><em>ita</em></strong></span> <span class='ocrx_word' id='word_1_148' title='bbox 245 1815 301 1858; x_wconf 88' lang='lat' dir='ltr'><strong><em>et</em></strong></span> <span class='ocrx_word' id='word_1_149' title='bbox 340 1801 626 1873; x_wconf 81' lang='lat' dir='ltr'><strong><em>episcopus</em></strong></span> <span class='ocrx_word' id='word_1_150' title='bbox 669 1799 829 1857; x_wconf 84' lang='lat' dir='ltr'><strong><em>debet</em></strong></span> <span class='ocrx_word' id='word_1_151' title='bbox 871 1802 1156 1857; x_wconf 75' lang='lat' dir='ltr'><strong><em>ecclesiam</em></strong></span> <span class='ocrx_word' id='word_1_152' title='bbox 1200 1815 1378 1867; x_wconf 86' lang='lat' dir='ltr'><strong><em>suam,</em></strong></span> <span class='ocrx_word' id='word_1_153' title='bbox 1418 1809 1473 1856; x_wconf 91' lang='lat' dir='ltr'><strong><em>et</em></strong></span> <span class='ocrx_word' id='word_1_154' title='bbox 1500 1800 1726 1856; x_wconf 80' lang='lat' dir='ltr'><strong><em>ecclesia</em></strong></span> 
     </span>
    </p>
   </div>
   <div class='ocr_carea' id='block_1_21' title="bbox 1824 976 3403 1055">
    <p class='ocr_par' dir='ltr' id='par_1_21' title="bbox 1824 976 3403 1055">
     <span class='ocr_line' id='line_1_21' title="bbox 1824 976 3403 1055; baseline -0.003 -17"><span class='ocrx_word' id='word_1_155' title='bbox 1824 986 2015 1049; x_wconf 90' lang='lat' dir='ltr'><strong><em>nimus,</em></strong></span> <span class='ocrx_word' id='word_1_156' title='bbox 2048 1001 2247 1048; x_wconf 88' lang='lat' dir='ltr'><strong><em>omnes,</em></strong></span> <span class='ocrx_word' id='word_1_157' title='bbox 2272 980 2364 1055; x_wconf 87' lang='lat' dir='ltr'><strong><em>qui</em></strong></span> <span class='ocrx_word' id='word_1_158' title='bbox 2401 993 2604 1038; x_wconf 88' lang='lat' dir='ltr'><strong><em>sanctos</em></strong></span> <span class='ocrx_word' id='word_1_159' title='bbox 2647 982 2830 1037; x_wconf 86' lang='lat' dir='ltr'><strong><em>Patres</em></strong></span> <span class='ocrx_word' id='word_1_160' title='bbox 2865 976 3276 1052; x_wconf 65' lang='lat' dir='ltr'><strong><em>persequuntur,</em></strong></span> <span class='ocrx_word' id='word_1_161' title='bbox 3310 976 3403 1035; x_wconf 83' lang='lat' dir='ltr'><strong><em>aut</em></strong></span> 
     </span>
    </p>
   </div>
   <div class='ocr_carea' id='block_1_22' title="bbox 1823 1068 3402 1143">
    <p class='ocr_par' dir='ltr' id='par_1_22' title="bbox 1823 1068 3402 1143">
     <span class='ocr_line' id='line_1_22' title="bbox 1823 1068 3402 1143; baseline -0.003 -13"><span class='ocrx_word' id='word_1_162' title='bbox 1823 1076 2061 1130; x_wconf 78' lang='lat' dir='ltr'><strong><em>amovere</em></strong></span> <span class='ocrx_word' id='word_1_163' title='bbox 2105 1075 2184 1130; x_wconf 87' lang='lat' dir='ltr'><strong><em>vel</em></strong></span> <span class='ocrx_word' id='word_1_164' title='bbox 2228 1075 2521 1129; x_wconf 89' lang='lat' dir='ltr'><strong><em>dilacerare</em></strong></span> <span class='ocrx_word' id='word_1_165' title='bbox 2569 1075 2831 1139; x_wconf 77' lang='lat' dir='ltr'><strong><em>nituntur,</em></strong></span> <span class='ocrx_word' id='word_1_166' title='bbox 2876 1073 3151 1143; x_wconf 76' lang='lat' dir='ltr'><strong><em>manifeste</em></strong></span> <span class='ocrx_word' id='word_1_167' title='bbox 3176 1068 3402 1143; x_wconf 80' lang='lat' dir='ltr'><strong><em>infames</em></strong></span> 
     </span>
    </p>
   </div>
   <div class='ocr_carea' id='block_1_23' title="bbox 1824 1156 3408 1234">
    <p class='ocr_par' dir='ltr' id='par_1_23' title="bbox 1824 1156 3408 1234">
     <span class='ocr_line' id='line_1_23' title="bbox 1824 1156 3408 1234; baseline -0.003 -14"><span class='ocrx_word' id='word_1_168' title='bbox 1824 1180 1954 1231; x_wconf 84' lang='lat' dir='ltr'><strong><em>esse,</em></strong></span> <span class='ocrx_word' id='word_1_169' title='bbox 1986 1175 2032 1219; x_wconf 89' lang='lat' dir='ltr'><strong><em>et</em></strong></span> <span class='ocrx_word' id='word_1_170' title='bbox 2066 1164 2266 1220; x_wconf 84' lang='lat' dir='ltr'><strong><em>alienos</em></strong></span> <span class='ocrx_word' id='word_1_171' title='bbox 2293 1182 2324 1219; x_wconf 87' lang='lat' dir='ltr'><strong><em>a</em></strong></span> <span class='ocrx_word' id='word_1_172' title='bbox 2351 1164 2606 1219; x_wconf 77' lang='lat' dir='ltr'><strong><em>limitibus</em></strong></span> <span class='ocrx_word' id='word_1_173' title='bbox 2633 1163 2866 1219; x_wconf 70' lang='lat' dir='ltr'><strong><em>ecclesia:</em></strong></span> <span class='ocrx_word' id='word_1_174' title='bbox 2895 1156 3057 1234; x_wconf 83' lang='lat' dir='ltr'><strong><em>usque</em></strong></span> <span class='ocrx_word' id='word_1_175' title='bbox 3080 1164 3155 1217; x_wconf 90' lang='lat' dir='ltr'><strong><em>ad</em></strong></span> <span class='ocrx_word' id='word_1_176' title='bbox 3189 1162 3408 1231; x_wconf 79' lang='lat' dir='ltr'><strong><em>satisfa-</em></strong></span> 
     </span>
    </p>
   </div>
   <div class='ocr_carea' id='block_1_24' title="bbox 1826 1254 3404 1328">
    <p class='ocr_par' dir='ltr' id='par_1_24' title="bbox 1826 1254 3404 1328">
     <span class='ocr_line' id='line_1_24' title="bbox 1826 1254 3404 1328; baseline -0.003 -16"><span class='ocrx_word' id='word_1_177' title='bbox 1826 1259 2048 1313; x_wconf 86' lang='lat' dir='ltr'><strong><em>ctionem</em></strong></span> <span class='ocrx_word' id='word_1_178' title='bbox 2077 1259 2216 1328; x_wconf 83' lang='lat' dir='ltr'><strong><em>ﬁeri.</em></strong></span> <span class='ocrx_word' id='word_1_179' title='bbox 2263 1259 2392 1313; x_wconf 88' lang='lat' dir='ltr'><strong><em>Item</em></strong></span> <span class='ocrx_word' id='word_1_180' title='bbox 2433 1259 2487 1313; x_wconf 90' lang='lat' dir='ltr'><strong><em>in</em></strong></span> <span class='ocrx_word' id='word_1_181' title='bbox 2535 1258 2723 1312; x_wconf 90' lang='lat' dir='ltr'><strong><em>eadem</em></strong></span> <span class='ocrx_word' id='word_1_182' title='bbox 2755 1256 2982 1312; x_wconf 83' lang='lat' dir='ltr'><strong><em>inferius</em></strong></span> <span class='ocrx_word' id='word_1_183' title='bbox 3012 1255 3143 1311; x_wconf 89' lang='lat' dir='ltr'><strong><em>dicit</em></strong></span> <span class='ocrx_word' id='word_1_184' title='bbox 3187 1254 3299 1326; x_wconf 79' lang='lat' dir='ltr'><strong><em>(l5,</em></strong></span> <span class='ocrx_word' id='word_1_185' title='bbox 3346 1269 3404 1323; x_wconf 91' lang='lat' dir='ltr'><strong><em>q.</em></strong></span> 
     </span>
    </p>
   </div>
   <div class='ocr_carea' id='block_1_25' title="bbox 1826 1340 3409 1420">
    <p class='ocr_par' dir='ltr' id='par_1_25' title="bbox 1826 1340 3409 1420">
     <span class='ocr_line' id='line_1_25' title="bbox 1826 1340 3409 1420; baseline -0.003 -19"><span class='ocrx_word' id='word_1_186' title='bbox 1826 1345 1879 1412; x_wconf 89' lang='grc'><strong><em>6,</em></strong></span> <span class='ocrx_word' id='word_1_187' title='bbox 1902 1363 1952 1402; x_wconf 90' lang='lat' dir='ltr'><strong><em>c.</em></strong></span> <span class='ocrx_word' id='word_1_188' title='bbox 1980 1346 2041 1404; x_wconf 89' lang='lat' dir='ltr'><strong><em>Si</em></strong></span> <span class='ocrx_word' id='word_1_189' title='bbox 2065 1347 2394 1420; x_wconf 83' lang='lat' dir='ltr'><strong><em>quandoque)</em></strong></span> <span class='ocrx_word' id='word_1_190' title='bbox 2426 1364 2439 1401; x_wconf 91' lang='lat'><strong>:</strong></span> <span class='ocrx_word' id='word_1_191' title='bbox 2474 1345 2748 1411; x_wconf 82' lang='lat' dir='ltr'><strong><em>Similiter,</em></strong></span> <span class='ocrx_word' id='word_1_192' title='bbox 2778 1347 2824 1401; x_wconf 88' lang='lat' dir='ltr'><strong><em>si</em></strong></span> <span class='ocrx_word' id='word_1_193' title='bbox 2848 1345 3152 1416; x_wconf 81' lang='lat' dir='ltr'><strong><em>hujusmodi</em></strong></span> <span class='ocrx_word' id='word_1_194' title='bbox 3170 1340 3409 1416; x_wconf 83' lang='lat' dir='ltr'><strong><em>personis</em></strong></span> 
     </span>
    </p>
   </div>
   <div class='ocr_carea' id='block_1_26' title="bbox 1827 1432 3408 1507">
    <p class='ocr_par' dir='ltr' id='par_1_26' title="bbox 1827 1432 3408 1507">
     <span class='ocr_line' id='line_1_26' title="bbox 1827 1432 3408 1507; baseline -0.003 -18"><span class='ocrx_word' id='word_1_195' title='bbox 1827 1436 2067 1506; x_wconf 74' lang='lat' dir='ltr'><strong><em>quu&#39;dam</em></strong></span> <span class='ocrx_word' id='word_1_196' title='bbox 2113 1438 2388 1507; x_wconf 81' lang='lat' dir='ltr'><strong><em>scriptura:</em></strong></span> <span class='ocrx_word' id='word_1_197' title='bbox 2437 1443 2644 1507; x_wconf 89' lang='lat' dir='ltr'><strong><em>quoquo</em></strong></span> <span class='ocrx_word' id='word_1_198' title='bbox 2689 1436 2845 1490; x_wconf 88' lang='lat' dir='ltr'><strong><em>modo</em></strong></span> <span class='ocrx_word' id='word_1_199' title='bbox 2898 1451 2993 1506; x_wconf 88' lang='lat' dir='ltr'><strong><em>per</em></strong></span> <span class='ocrx_word' id='word_1_200' title='bbox 3040 1432 3264 1498; x_wconf 83' lang='lat' dir='ltr'><strong><em>metum,</em></strong></span> <span class='ocrx_word' id='word_1_201' title='bbox 3315 1444 3408 1486; x_wconf 88' lang='lat' dir='ltr'><strong><em>aut</em></strong></span> 
     </span>
    </p>
   </div>
   <div class='ocr_carea' id='block_1_27' title="bbox 1830 1522 3409 1596">
    <p class='ocr_par' dir='ltr' id='par_1_27' title="bbox 1830 1522 3409 1596">
     <span class='ocr_line' id='line_1_27' title="bbox 1830 1522 3409 1596; baseline 0.001 -18"><span class='ocrx_word' id='word_1_202' title='bbox 1830 1525 2087 1594; x_wconf 77' lang='lat' dir='ltr'><strong><em>fraudem,</em></strong></span> <span class='ocrx_word' id='word_1_203' title='bbox 2117 1536 2212 1580; x_wconf 89' lang='lat' dir='ltr'><strong><em>aut</em></strong></span> <span class='ocrx_word' id='word_1_204' title='bbox 2240 1543 2332 1596; x_wconf 85' lang='lat' dir='ltr'><strong><em>per</em></strong></span> <span class='ocrx_word' id='word_1_205' title='bbox 2357 1528 2458 1581; x_wconf 84' lang='lat' dir='ltr'><strong><em>vim</em></strong></span> <span class='ocrx_word' id='word_1_206' title='bbox 2494 1536 2713 1581; x_wconf 70' lang='lat' dir='ltr'><strong><em>extorta:</em></strong></span> <span class='ocrx_word' id='word_1_207' title='bbox 2748 1526 2963 1596; x_wconf 79' lang='lat' dir='ltr'><strong><em>fuerint,</em></strong></span> <span class='ocrx_word' id='word_1_208' title='bbox 2993 1524 3068 1580; x_wconf 85' lang='lat' dir='ltr'><strong><em>vel</em></strong></span> <span class='ocrx_word' id='word_1_209' title='bbox 3098 1534 3157 1579; x_wconf 91' lang='lat' dir='ltr'><strong><em>ut</em></strong></span> <span class='ocrx_word' id='word_1_210' title='bbox 3199 1539 3253 1578; x_wconf 87' lang='lat' dir='ltr'><strong><em>se</em></strong></span> <span class='ocrx_word' id='word_1_211' title='bbox 3282 1522 3409 1579; x_wconf 82' lang='lat' dir='ltr'><strong><em>libe-</em></strong></span> 
     </span>
    </p>
   </div>
   <div class='ocr_carea' id='block_1_28' title="bbox 1833 1607 3411 1687">
    <p class='ocr_par' dir='ltr' id='par_1_28' title="bbox 1833 1607 3411 1687">
     <span class='ocr_line' id='line_1_28' title="bbox 1833 1607 3411 1687; baseline 0 -20"><span class='ocrx_word' id='word_1_212' title='bbox 1833 1631 1949 1670; x_wconf 86' lang='lat' dir='ltr'><strong><em>rare</em></strong></span> <span class='ocrx_word' id='word_1_213' title='bbox 1973 1615 2172 1685; x_wconf 85' lang='lat' dir='ltr'><strong><em>possint</em></strong></span> <span class='ocrx_word' id='word_1_214' title='bbox 2205 1632 2510 1687; x_wconf 81' lang='lat' dir='ltr'><strong><em>quacunque</em></strong></span> <span class='ocrx_word' id='word_1_215' title='bbox 2539 1616 2604 1670; x_wconf 92' lang='lat' dir='ltr'><strong><em>ab</em></strong></span> <span class='ocrx_word' id='word_1_216' title='bbox 2623 1614 3029 1686; x_wconf 62' lang='lat' dir='ltr'><strong><em>eisfconscriptce</em></strong></span> <span class='ocrx_word' id='word_1_217' title='bbox 3052 1615 3129 1671; x_wconf 91' lang='lat' dir='ltr'><strong><em>vel</em></strong></span> <span class='ocrx_word' id='word_1_218' title='bbox 3154 1607 3411 1669; x_wconf 74' lang='lat' dir='ltr'><strong><em>laborattu</em></strong></span> 
     </span>
    </p>
   </div>
   <div class='ocr_carea' id='block_1_29' title="bbox 1832 1702 3413 1778">
    <p class='ocr_par' dir='ltr' id='par_1_29' title="bbox 1832 1702 3413 1778">
     <span class='ocr_line' id='line_1_29' title="bbox 1832 1702 3413 1778; baseline 0.001 -20"><span class='ocrx_word' id='word_1_219' title='bbox 1832 1702 2148 1778; x_wconf 58' lang='lat' dir='ltr'><strong><em>[roboratus]</em></strong></span> <span class='ocrx_word' id='word_1_220' title='bbox 2192 1706 2385 1775; x_wconf 77' lang='lat' dir='ltr'><strong><em>fuerim</em></strong></span> <span class='ocrx_word' id='word_1_221' title='bbox 2426 1702 2653 1777; x_wconf 77' lang='lat' dir='ltr'><strong><em>ingenio,</em></strong></span> <span class='ocrx_word' id='word_1_222' title='bbox 2687 1706 2755 1759; x_wconf 91' lang='lat' dir='ltr'><strong><em>ad</em></strong></span> <span class='ocrx_word' id='word_1_223' title='bbox 2786 1706 2987 1761; x_wconf 81' lang='lat' dir='ltr'><strong><em>nullum</em></strong></span> <span class='ocrx_word' id='word_1_224' title='bbox 3035 1708 3109 1760; x_wconf 87' lang='lat' dir='ltr'><strong><em>eis</em></strong></span> <span class='ocrx_word' id='word_1_225' title='bbox 3152 1706 3413 1778; x_wconf 75' lang='lat' dir='ltr'><strong><em>prtejudi-</em></strong></span> 
     </span>
    </p>
   </div>
   <div class='ocr_carea' id='block_1_30' title="bbox 1833 1794 3413 1868">
    <p class='ocr_par' dir='ltr' id='par_1_30' title="bbox 1833 1794 3413 1868">
     <span class='ocr_line' id='line_1_30' title="bbox 1833 1794 3413 1868; baseline -0.003 -15"><span class='ocrx_word' id='word_1_226' title='bbox 1833 1798 1970 1853; x_wconf 81' lang='lat' dir='ltr'><strong><em>ciunt</em></strong></span> <span class='ocrx_word' id='word_1_227' title='bbox 2020 1808 2111 1852; x_wconf 92' lang='lat' dir='ltr'><strong><em>aut</em></strong></span> <span class='ocrx_word' id='word_1_228' title='bbox 2148 1809 2515 1854; x_wconf 86' lang='lat' dir='ltr'><strong><em>nocumentum</em></strong></span> <span class='ocrx_word' id='word_1_229' title='bbox 2564 1794 2837 1868; x_wconf 87' lang='lat' dir='ltr'><strong><em>provenire</em></strong></span> <span class='ocrx_word' id='word_1_230' title='bbox 2889 1814 3156 1853; x_wconf 77' lang='lat' dir='ltr'><strong><em>censemus</em></strong></span> <span class='ocrx_word' id='word_1_231' title='bbox 3200 1815 3219 1852; x_wconf 89' lang='lat'><strong><em>:</em></strong></span> <span class='ocrx_word' id='word_1_232' title='bbox 3251 1815 3413 1867; x_wconf 82' lang='lat' dir='ltr'><strong><em>neque</em></strong></span> 
     </span>
    </p>
   </div>
   <div class='ocr_carea' id='block_1_31' title="bbox 133 1877 3413 1957">
    <p class='ocr_par' dir='ltr' id='par_1_31' title="bbox 133 1877 3413 1957">
     <span class='ocr_line' id='line_1_31' title="bbox 133 1877 3413 1957; baseline 0.001 -11"><span class='ocrx_word' id='word_1_233' title='bbox 133 1893 191 1947; x_wconf 88' lang='lat' dir='ltr'><strong><em>in</em></strong></span> <span class='ocrx_word' id='word_1_234' title='bbox 225 1893 485 1947; x_wconf 85' lang='lat' dir='ltr'><strong><em>omnibus</em></strong></span> <span class='ocrx_word' id='word_1_235' title='bbox 512 1890 754 1956; x_wconf 85' lang='lat' dir='ltr'><strong><em>obedire,</em></strong></span> <span class='ocrx_word' id='word_1_236' title='bbox 788 1892 928 1947; x_wconf 84' lang='lat' dir='ltr'><strong><em>sicut</em></strong></span> <span class='ocrx_word' id='word_1_237' title='bbox 965 1906 1103 1946; x_wconf 76' lang='lat' dir='ltr'><strong><em>uxor</em></strong></span> <span class='ocrx_word' id='word_1_238' title='bbox 1130 1891 1250 1945; x_wconf 87' lang='lat' dir='ltr'><strong><em>viro</em></strong></span> <span class='ocrx_word' id='word_1_239' title='bbox 1293 1906 1393 1946; x_wconf 90' lang='lat' dir='ltr'><strong><em>suo</em></strong></span> <span class='ocrx_word' id='word_1_240' title='bbox 1435 1891 1614 1947; x_wconf 86' lang='lat' dir='ltr'><strong><em>debet.</em></strong></span> <span class='ocrx_word' id='word_1_241' title='bbox 1661 1890 1729 1945; x_wconf 83' lang='lat' dir='ltr'><strong><em>Et</em></strong></span> <span class='ocrx_word' id='word_1_242' title='bbox 1764 1877 1805 1936; x_wconf 79' lang='grc' dir='ltr'><strong>Β</strong></span> <span class='ocrx_word' id='word_1_243' title='bbox 1833 1884 1997 1940; x_wconf 81' lang='lat' dir='ltr'><strong><em>ullam</em></strong></span> <span class='ocrx_word' id='word_1_244' title='bbox 2035 1888 2109 1940; x_wconf 78' lang='lat' dir='ltr'><strong><em>eis</em></strong></span> <span class='ocrx_word' id='word_1_245' title='bbox 2152 1887 2448 1957; x_wconf 78' lang='lat' dir='ltr'><strong><em>infamiam.</em></strong></span> <span class='ocrx_word' id='word_1_246' title='bbox 2481 1897 2571 1942; x_wconf 78' lang='lat' dir='ltr'><strong><em>aut</em></strong></span> <span class='ocrx_word' id='word_1_247' title='bbox 2604 1886 2945 1951; x_wconf 76' lang='lat' dir='ltr'><strong><em>calumniam.</em></strong></span> <span class='ocrx_word' id='word_1_248' title='bbox 2966 1883 3069 1941; x_wconf 71' lang='lat' dir='ltr'><strong><em>an!</em></strong></span> <span class='ocrx_word' id='word_1_249' title='bbox 3119 1905 3151 1942; x_wconf 88' lang='lat' dir='ltr'><strong><em>a</em></strong></span> <span class='ocrx_word' id='word_1_250' title='bbox 3192 1889 3302 1943; x_wconf 67' lang='lat' dir='ltr'><strong><em>suis</em></strong></span> <span class='ocrx_word' id='word_1_251' title='bbox 3332 1905 3413 1944; x_wconf 79' lang='lat' dir='ltr'><strong><em>se-</em></strong></span> 
     </span>
    </p>
   </div>
   <div class='ocr_carea' id='block_1_32' title="bbox 130 1979 1732 2045">
    <p class='ocr_par' dir='ltr' id='par_1_32' title="bbox 130 1979 1732 2045">
     <span class='ocr_line' id='line_1_32' title="bbox 130 1979 1732 2045; baseline -0.001 -9"><span class='ocrx_word' id='word_1_252' title='bbox 130 1982 286 2036; x_wconf 86' lang='lat' dir='ltr'><strong><em>sicut</em></strong></span> <span class='ocrx_word' id='word_1_253' title='bbox 326 1982 446 2035; x_wconf 86' lang='lat' dir='ltr'><strong><em>viro</em></strong></span> <span class='ocrx_word' id='word_1_254' title='bbox 475 1995 581 2035; x_wconf 85' lang='lat' dir='ltr'><strong><em>non</em></strong></span> <span class='ocrx_word' id='word_1_255' title='bbox 613 1979 742 2035; x_wconf 86' lang='lat' dir='ltr'><strong><em>licet</em></strong></span> <span class='ocrx_word' id='word_1_256' title='bbox 787 1979 1061 2035; x_wconf 84' lang='lat' dir='ltr'><strong><em>dimittere</em></strong></span> <span class='ocrx_word' id='word_1_257' title='bbox 1090 1994 1312 2034; x_wconf 81' lang='lat' dir='ltr'><strong><em>uxorem</em></strong></span> <span class='ocrx_word' id='word_1_258' title='bbox 1348 1994 1527 2045; x_wconf 85' lang='lat' dir='ltr'><strong><em>suam,</em></strong></span> <span class='ocrx_word' id='word_1_259' title='bbox 1561 1980 1634 2034; x_wconf 89' lang='lat' dir='ltr'><strong><em>ita</em></strong></span> <span class='ocrx_word' id='word_1_260' title='bbox 1678 1988 1732 2034; x_wconf 91' lang='lat' dir='ltr'><strong><em>et</em></strong></span> 
     </span>
    </p>
   </div>
   <div class='ocr_carea' id='block_1_33' title="bbox 130 2056 1734 2142">
    <p class='ocr_par' dir='ltr' id='par_1_33' title="bbox 130 2056 1734 2142">
     <span class='ocr_line' id='line_1_33' title="bbox 130 2056 1734 2142; baseline -0.001 -16"><span class='ocrx_word' id='word_1_261' title='bbox 130 2068 400 2142; x_wconf 59' lang='grc' dir='ltr'><strong><em>(ἐρίδαινο</em></strong></span> <span class='ocrx_word' id='word_1_262' title='bbox 428 2078 535 2128; x_wconf 79' lang='lat' dir='ltr'><strong><em>nan</em></strong></span> <span class='ocrx_word' id='word_1_263' title='bbox 566 2056 694 2127; x_wconf 85' lang='lat' dir='ltr'><strong><em>licet</em></strong></span> <span class='ocrx_word' id='word_1_264' title='bbox 720 2060 993 2127; x_wconf 86' lang='lat' dir='ltr'><strong><em>dimittere</em></strong></span> <span class='ocrx_word' id='word_1_265' title='bbox 1013 2057 1296 2127; x_wconf 80' lang='lat' dir='ltr'><strong><em>ecclesiam</em></strong></span> <span class='ocrx_word' id='word_1_266' title='bbox 1327 2086 1503 2137; x_wconf 88' lang='lat' dir='ltr'><strong><em>suam,</em></strong></span> <span class='ocrx_word' id='word_1_267' title='bbox 1530 2072 1734 2140; x_wconf 77' lang='lat' dir='ltr'><strong><em>absque</em></strong></span> 
     </span>
    </p>
   </div>
   <div class='ocr_carea' id='block_1_34' title="bbox 134 2163 1733 2235">
    <p class='ocr_par' dir='ltr' id='par_1_34' title="bbox 134 2163 1733 2235">
     <span class='ocr_line' id='line_1_34' title="bbox 134 2163 1733 2235; baseline 0.001 -18"><span class='ocrx_word' id='word_1_268' title='bbox 134 2163 446 2218; x_wconf 76' lang='lat' dir='ltr'><strong><em>inevitabili</em></strong></span> <span class='ocrx_word' id='word_1_269' title='bbox 486 2164 833 2229; x_wconf 78' lang='lat' dir='ltr'><strong><em>necessitate,</em></strong></span> <span class='ocrx_word' id='word_1_270' title='bbox 883 2173 977 2220; x_wconf 87' lang='lat' dir='ltr'><strong><em>aut</em></strong></span> <span class='ocrx_word' id='word_1_271' title='bbox 1013 2165 1311 2235; x_wconf 87' lang='lat' dir='ltr'><strong><em>apostolica</em></strong></span> <span class='ocrx_word' id='word_1_272' title='bbox 1360 2164 1447 2219; x_wconf 85' lang='lat' dir='ltr'><strong><em>vel</em></strong></span> <span class='ocrx_word' id='word_1_273' title='bbox 1499 2164 1733 2235; x_wconf 79' lang='lat' dir='ltr'><strong><em>regulari</em></strong></span> 
     </span>
    </p>
   </div>
   <div class='ocr_carea' id='block_1_35' title="bbox 132 2255 1730 2328">
    <p class='ocr_par' dir='ltr' id='par_1_35' title="bbox 132 2255 1730 2328">
     <span class='ocr_line' id='line_1_35' title="bbox 132 2255 1730 2328; baseline 0.001 -20"><span class='ocrx_word' id='word_1_274' title='bbox 132 2255 490 2322; x_wconf 87' lang='lat' dir='ltr'><strong><em>mutatione,</em></strong></span> <span class='ocrx_word' id='word_1_275' title='bbox 534 2263 593 2310; x_wconf 91' lang='lat' dir='ltr'><strong><em>ut</em></strong></span> <span class='ocrx_word' id='word_1_276' title='bbox 625 2255 781 2312; x_wconf 88' lang='lat' dir='ltr'><strong><em>alteri</em></strong></span> <span class='ocrx_word' id='word_1_277' title='bbox 823 2271 883 2311; x_wconf 90' lang='lat' dir='ltr'><strong><em>se</em></strong></span> <span class='ocrx_word' id='word_1_278' title='bbox 926 2256 1164 2312; x_wconf 85' lang='lat' dir='ltr'><strong><em>ambitus</em></strong></span> <span class='ocrx_word' id='word_1_279' title='bbox 1202 2270 1371 2312; x_wconf 85' lang='lat' dir='ltr'><strong><em>causa</em></strong></span> <span class='ocrx_word' id='word_1_280' title='bbox 1417 2256 1730 2328; x_wconf 75' lang='lat' dir='ltr'><strong><em>coniungat.</em></strong></span> 
     </span>
    </p>
   </div>
   <div class='ocr_carea' id='block_1_36' title="bbox 133 2345 1738 2415">
    <p class='ocr_par' dir='ltr' id='par_1_36' title="bbox 133 2345 1738 2415">
     <span class='ocr_line' id='line_1_36' title="bbox 133 2345 1738 2415; baseline 0.001 -14"><span class='ocrx_word' id='word_1_281' title='bbox 133 2345 205 2401; x_wconf 84' lang='lat' dir='ltr'><strong><em>Et</em></strong></span> <span class='ocrx_word' id='word_1_282' title='bbox 247 2346 391 2403; x_wconf 86' lang='lat' dir='ltr'><strong><em>sicut</em></strong></span> <span class='ocrx_word' id='word_1_283' title='bbox 429 2347 586 2402; x_wconf 71' lang='lat' dir='ltr'><strong><em>uxori</em></strong></span> <span class='ocrx_word' id='word_1_284' title='bbox 634 2363 741 2402; x_wconf 91' lang='lat' dir='ltr'><strong><em>non</em></strong></span> <span class='ocrx_word' id='word_1_285' title='bbox 787 2345 915 2403; x_wconf 89' lang='lat' dir='ltr'><strong><em>licet</em></strong></span> <span class='ocrx_word' id='word_1_286' title='bbox 957 2348 1232 2403; x_wconf 88' lang='lat' dir='ltr'><strong><em>dimittere</em></strong></span> <span class='ocrx_word' id='word_1_287' title='bbox 1261 2348 1461 2415; x_wconf 88' lang='lat' dir='ltr'><strong><em>virum,</em></strong></span> <span class='ocrx_word' id='word_1_288' title='bbox 1502 2348 1632 2404; x_wconf 88' lang='lat' dir='ltr'><strong><em>licet</em></strong></span> <span class='ocrx_word' id='word_1_289' title='bbox 1666 2350 1738 2404; x_wconf 86' lang='lat' dir='ltr'><strong><em>sit</em></strong></span> 
     </span>
    </p>
   </div>
   <div class='ocr_carea' id='block_1_37' title="bbox 132 2432 1732 2511">
    <p class='ocr_par' dir='ltr' id='par_1_37' title="bbox 132 2432 1732 2511">
     <span class='ocr_line' id='line_1_37' title="bbox 132 2432 1732 2511; baseline 0.002 -19"><span class='ocrx_word' id='word_1_290' title='bbox 132 2432 451 2493; x_wconf 75' lang='lat' dir='ltr'><strong><em>fornicatus</em></strong></span> <span class='ocrx_word' id='word_1_291' title='bbox 483 2438 533 2510; x_wconf 90' lang='lat' dir='ltr'><strong><em>(I</em></strong></span> <span class='ocrx_word' id='word_1_292' title='bbox 559 2438 681 2494; x_wconf 86' lang='lat' dir='ltr'><strong><em>Cor.</em></strong></span> <span class='ocrx_word' id='word_1_293' title='bbox 713 2441 835 2511; x_wconf 83' lang='lat' dir='ltr'><strong><em>vn),</em></strong></span> <span class='ocrx_word' id='word_1_294' title='bbox 864 2448 923 2494; x_wconf 93' lang='lat' dir='ltr'><strong><em>ut</em></strong></span> <span class='ocrx_word' id='word_1_295' title='bbox 948 2440 1178 2496; x_wconf 87' lang='lat' dir='ltr'><strong><em>alterum</em></strong></span> <span class='ocrx_word' id='word_1_296' title='bbox 1204 2455 1270 2497; x_wconf 84' lang='lat' dir='ltr'><strong><em>eo</em></strong></span> <span class='ocrx_word' id='word_1_297' title='bbox 1290 2441 1506 2497; x_wconf 84' lang='lat' dir='ltr'><strong><em>vivente</em></strong></span> <span class='ocrx_word' id='word_1_298' title='bbox 1534 2441 1692 2497; x_wconf 86' lang='lat' dir='ltr'><strong><em>ducat</em></strong></span> <span class='ocrx_word' id='word_1_299' title='bbox 1718 2459 1732 2495; x_wconf 87' lang='lat'><strong>:</strong></span> 
     </span>
    </p>
   </div>
   <div class='ocr_carea' id='block_1_38' title="bbox 129 2520 1737 2603">
    <p class='ocr_par' dir='ltr' id='par_1_38' title="bbox 129 2520 1737 2603">
     <span class='ocr_line' id='line_1_38' title="bbox 129 2520 1737 2603; baseline 0.001 -19"><span class='ocrx_word' id='word_1_300' title='bbox 129 2530 214 2584; x_wconf 90' lang='lat' dir='ltr'><strong><em>ita</em></strong></span> <span class='ocrx_word' id='word_1_301' title='bbox 262 2520 494 2585; x_wconf 85' lang='lat' dir='ltr'><strong><em>ecclesia</em></strong></span> <span class='ocrx_word' id='word_1_302' title='bbox 531 2531 743 2588; x_wconf 80' lang='lat' dir='ltr'><strong><em>vivente</em></strong></span> <span class='ocrx_word' id='word_1_303' title='bbox 767 2532 1022 2603; x_wconf 86' lang='lat' dir='ltr'><strong><em>episcopo</em></strong></span> <span class='ocrx_word' id='word_1_304' title='bbox 1052 2547 1150 2588; x_wconf 91' lang='lat' dir='ltr'><strong><em>suo</em></strong></span> <span class='ocrx_word' id='word_1_305' title='bbox 1198 2547 1304 2588; x_wconf 91' lang='lat' dir='ltr'><strong><em>non</em></strong></span> <span class='ocrx_word' id='word_1_306' title='bbox 1345 2541 1523 2603; x_wconf 88' lang='lat' dir='ltr'><strong><em>potest</em></strong></span> <span class='ocrx_word' id='word_1_307' title='bbox 1569 2532 1737 2587; x_wconf 90' lang='lat' dir='ltr'><strong><em>alium</em></strong></span> 
     </span>
    </p>
   </div>
   <div class='ocr_carea' id='block_1_39' title="bbox 129 2612 1738 2695">
    <p class='ocr_par' dir='ltr' id='par_1_39' title="bbox 129 2612 1738 2695">
     <span class='ocr_line' id='line_1_39' title="bbox 129 2612 1738 2695; baseline 0.001 -19"><span class='ocrx_word' id='word_1_308' title='bbox 129 2622 540 2691; x_wconf 80' lang='lat' dir='ltr'><strong><em>superdueere.</em></strong></span> <span class='ocrx_word' id='word_1_309' title='bbox 571 2623 644 2678; x_wconf 88' lang='lat' dir='ltr'><strong><em>De</em></strong></span> <span class='ocrx_word' id='word_1_310' title='bbox 670 2623 940 2695; x_wconf 84' lang='lat' dir='ltr'><strong><em>episcopis</em></strong></span> <span class='ocrx_word' id='word_1_311' title='bbox 964 2612 1421 2689; x_wconf 24' lang='lat' dir='ltr'><strong><em>vero‘infamatis,</em></strong></span> <span class='ocrx_word' id='word_1_312' title='bbox 1455 2633 1511 2680; x_wconf 92' lang='lat' dir='ltr'><strong><em>et</em></strong></span> <span class='ocrx_word' id='word_1_313' title='bbox 1538 2639 1569 2678; x_wconf 89' lang='lat' dir='ltr'><strong><em>a</em></strong></span> <span class='ocrx_word' id='word_1_314' title='bbox 1596 2622 1738 2679; x_wconf 88' lang='lat' dir='ltr'><strong><em>sedi-</em></strong></span> 
     </span>
    </p>
   </div>
   <div class='ocr_carea' id='block_1_40' title="bbox 130 2696 1738 2785">
    <p class='ocr_par' dir='ltr' id='par_1_40' title="bbox 130 2696 1738 2785">
     <span class='ocr_line' id='line_1_40' title="bbox 130 2696 1738 2785; baseline 0.002 -21"><span class='ocrx_word' id='word_1_315' title='bbox 130 2706 256 2765; x_wconf 86' lang='lat' dir='ltr'><strong><em>bus</em></strong></span> <span class='ocrx_word' id='word_1_316' title='bbox 283 2696 475 2781; x_wconf 85' lang='lat' dir='ltr'><strong><em>pulsis,</em></strong></span> <span class='ocrx_word' id='word_1_317' title='bbox 507 2713 561 2766; x_wconf 91' lang='lat' dir='ltr'><strong><em>in</em></strong></span> <span class='ocrx_word' id='word_1_318' title='bbox 592 2713 780 2769; x_wconf 88' lang='lat' dir='ltr'><strong><em>eadem</em></strong></span> <span class='ocrx_word' id='word_1_319' title='bbox 810 2714 1086 2785; x_wconf 65' lang='lat' dir='ltr'><strong><em>praecepit,</em></strong></span> <span class='ocrx_word' id='word_1_320' title='bbox 1117 2723 1173 2769; x_wconf 90' lang='lat' dir='ltr'><strong><em>ut</em></strong></span> <span class='ocrx_word' id='word_1_321' title='bbox 1200 2723 1544 2781; x_wconf 83' lang='lat' dir='ltr'><strong><em>revocentur,</em></strong></span> <span class='ocrx_word' id='word_1_322' title='bbox 1575 2725 1630 2770; x_wconf 92' lang='lat' dir='ltr'><strong><em>et</em></strong></span> <span class='ocrx_word' id='word_1_323' title='bbox 1656 2714 1738 2768; x_wconf 87' lang='lat' dir='ltr'><strong><em>in-</em></strong></span> 
     </span>
    </p>
   </div>
   <div class='ocr_carea' id='block_1_41' title="bbox 129 2794 1737 2873">
    <p class='ocr_par' dir='ltr' id='par_1_41' title="bbox 129 2794 1737 2873">
     <span class='ocr_line' id='line_1_41' title="bbox 129 2794 1737 2873; baseline 0.004 -22"><span class='ocrx_word' id='word_1_324' title='bbox 129 2794 445 2862; x_wconf 77' lang='lat' dir='ltr'><strong><em>tegerrime</em></strong></span> <span class='ocrx_word' id='word_1_325' title='bbox 465 2801 841 2869; x_wconf 67' lang='lat' dir='ltr'><strong><em>restituantur,</em></strong></span> <span class='ocrx_word' id='word_1_326' title='bbox 873 2811 928 2857; x_wconf 88' lang='lat' dir='ltr'><strong><em>et</em></strong></span> <span class='ocrx_word' id='word_1_327' title='bbox 946 2804 1282 2873; x_wconf 88' lang='lat' dir='ltr'><strong><em>superducti,</em></strong></span> <span class='ocrx_word' id='word_1_328' title='bbox 1312 2803 1459 2858; x_wconf 89' lang='lat' dir='ltr'><strong><em>velut</em></strong></span> <span class='ocrx_word' id='word_1_329' title='bbox 1483 2802 1737 2870; x_wconf 85' lang='lat' dir='ltr'><strong><em>adulteri,</em></strong></span> 
     </span>
    </p>
   </div>
   <div class='ocr_carea' id='block_1_42' title="bbox 126 2886 1738 2964">
    <p class='ocr_par' dir='ltr' id='par_1_42' title="bbox 126 2886 1738 2964">
     <span class='ocr_line' id='line_1_42' title="bbox 126 2886 1738 2964; baseline 0.004 -21"><span class='ocrx_word' id='word_1_330' title='bbox 126 2886 461 2959; x_wconf 80' lang='lat' dir='ltr'><strong><em>ejiciantnr.</em></strong></span> <span class='ocrx_word' id='word_1_331' title='bbox 508 2891 606 2947; x_wconf 88' lang='lat' dir='ltr'><strong><em>His</em></strong></span> <span class='ocrx_word' id='word_1_332' title='bbox 641 2892 898 2963; x_wconf 87' lang='lat' dir='ltr'><strong><em>peractis,</em></strong></span> <span class='ocrx_word' id='word_1_333' title='bbox 930 2893 975 2948; x_wconf 87' lang='lat' dir='ltr'><strong><em>si</em></strong></span> <span class='ocrx_word' id='word_1_334' title='bbox 1006 2893 1128 2963; x_wconf 88' lang='lat' dir='ltr'><strong><em>quis</em></strong></span> <span class='ocrx_word' id='word_1_335' title='bbox 1164 2894 1429 2950; x_wconf 87' lang='lat' dir='ltr'><strong><em>adversus</em></strong></span> <span class='ocrx_word' id='word_1_336' title='bbox 1472 2908 1567 2949; x_wconf 88' lang='lat' dir='ltr'><strong><em>eos</em></strong></span> <span class='ocrx_word' id='word_1_337' title='bbox 1610 2907 1738 2964; x_wconf 80' lang='lat' dir='ltr'><strong><em>qne-</em></strong></span> 
     </span>
    </p>
   </div>
   <div class='ocr_carea' id='block_1_43' title="bbox 129 2982 1739 3055">
    <p class='ocr_par' dir='ltr' id='par_1_43' title="bbox 129 2982 1739 3055">
     <span class='ocr_line' id='line_1_43' title="bbox 129 2982 1739 3055; baseline 0.004 -20"><span class='ocrx_word' id='word_1_338' title='bbox 129 2982 321 3037; x_wconf 84' lang='lat' dir='ltr'><strong><em>relam</em></strong></span> <span class='ocrx_word' id='word_1_339' title='bbox 375 2983 645 3049; x_wconf 83' lang='lat' dir='ltr'><strong><em>habuerit,</em></strong></span> <span class='ocrx_word' id='word_1_340' title='bbox 694 2984 1074 3055; x_wconf 88' lang='lat' dir='ltr'><strong><em>inquirendum</em></strong></span> <span class='ocrx_word' id='word_1_341' title='bbox 1118 2986 1264 3051; x_wconf 89' lang='lat' dir='ltr'><strong><em>erit,</em></strong></span> <span class='ocrx_word' id='word_1_342' title='bbox 1310 2995 1366 3041; x_wconf 90' lang='lat' dir='ltr'><strong><em>et</em></strong></span> <span class='ocrx_word' id='word_1_343' title='bbox 1415 2982 1739 3041; x_wconf 75' lang='lat' dir='ltr'><strong><em>auctoiitate</em></strong></span> 
     </span>
    </p>
   </div>
   <div class='ocr_carea' id='block_1_44' title="bbox 128 3072 1737 3147">
    <p class='ocr_par' dir='ltr' id='par_1_44' title="bbox 128 3072 1737 3147">
     <span class='ocr_line' id='line_1_44' title="bbox 128 3072 1737 3147; baseline 0.002 -21"><span class='ocrx_word' id='word_1_344' title='bbox 128 3072 415 3128; x_wconf 64' lang='lat' dir='ltr'><strong><em>“uitiante</em></strong></span> <span class='ocrx_word' id='word_1_345' title='bbox 474 3073 620 3129; x_wconf 90' lang='lat' dir='ltr'><strong><em>sedis</em></strong></span> <span class='ocrx_word' id='word_1_346' title='bbox 679 3075 1100 3131; x_wconf 87' lang='lat' dir='ltr'><strong><em>terminandum.</em></strong></span> <span class='ocrx_word' id='word_1_347' title='bbox 1162 3075 1265 3144; x_wconf 85' lang='lat' dir='ltr'><strong><em>Qui</em></strong></span> <span class='ocrx_word' id='word_1_348' title='bbox 1313 3091 1420 3132; x_wconf 87' lang='lat' dir='ltr'><strong><em>non</em></strong></span> <span class='ocrx_word' id='word_1_349' title='bbox 1466 3093 1496 3131; x_wconf 89' lang='lat' dir='ltr'><strong><em>a</em></strong></span> <span class='ocrx_word' id='word_1_350' title='bbox 1539 3076 1694 3147; x_wconf 84' lang='lat' dir='ltr'><strong><em>plebe</em></strong></span> <span class='ocrx_word' id='word_1_351' title='bbox 1722 3116 1737 3141; x_wconf 90' lang='lat'><strong><em>,</em></strong></span> 
     </span>
    </p>
   </div>
   <div class='ocr_carea' id='block_1_45' title="bbox 127 3162 1735 3236">
    <p class='ocr_par' dir='ltr' id='par_1_45' title="bbox 127 3162 1735 3236">
     <span class='ocr_line' id='line_1_45' title="bbox 127 3162 1735 3236; baseline 0.002 -20"><span class='ocrx_word' id='word_1_352' title='bbox 127 3171 245 3217; x_wconf 86' lang='lat' dir='ltr'><strong><em>aut</em></strong></span> <span class='ocrx_word' id='word_1_353' title='bbox 311 3178 345 3217; x_wconf 89' lang='lat' dir='ltr'><strong><em>a</em></strong></span> <span class='ocrx_word' id='word_1_354' title='bbox 390 3162 700 3236; x_wconf 79' lang='lat' dir='ltr'><strong><em>vulgaribus</em></strong></span> <span class='ocrx_word' id='word_1_355' title='bbox 754 3165 1062 3222; x_wconf 87' lang='lat' dir='ltr'><strong><em>hominibus</em></strong></span> <span class='ocrx_word' id='word_1_356' title='bbox 1110 3176 1242 3222; x_wconf 90' lang='lat' dir='ltr'><strong><em>sunt</em></strong></span> <span class='ocrx_word' id='word_1_357' title='bbox 1303 3166 1606 3235; x_wconf 79' lang='lat' dir='ltr'><strong><em>arguendi,</em></strong></span> <span class='ocrx_word' id='word_1_358' title='bbox 1652 3167 1735 3221; x_wconf 65' lang='lat' dir='ltr'><strong><em>vel</em></strong></span> 
     </span>
    </p>
   </div>
   <div class='ocr_carea' id='block_1_46' title="bbox 1832 1970 3416 2049">
    <p class='ocr_par' dir='ltr' id='par_1_46' title="bbox 1832 1970 3416 2049">
     <span class='ocr_line' id='line_1_46' title="bbox 1832 1970 3416 2049; baseline 0.002 -19"><span class='ocrx_word' id='word_1_359' title='bbox 1832 1978 2235 2047; x_wconf 84' lang='lat' dir='ltr'><strong><em>questratioucnt</em></strong></span> <span class='ocrx_word' id='word_1_360' title='bbox 2296 1979 2467 2041; x_wconf 87' lang='lat' dir='ltr'><strong><em>bonis,</em></strong></span> <span class='ocrx_word' id='word_1_361' title='bbox 2522 1995 2752 2049; x_wconf 82' lang='lat' dir='ltr'><strong><em>unquam</em></strong></span> <span class='ocrx_word' id='word_1_362' title='bbox 2805 1988 3020 2034; x_wconf 83' lang='lat' dir='ltr'><strong><em>auctore</em></strong></span> <span class='ocrx_word' id='word_1_363' title='bbox 3066 1970 3316 2045; x_wconf 86' lang='lat' dir='ltr'><strong><em>Domino,</em></strong></span> <span class='ocrx_word' id='word_1_364' title='bbox 3364 1989 3416 2033; x_wconf 87' lang='lat' dir='ltr'><strong><em>et</em></strong></span> 
     </span>
    </p>
   </div>
   <div class='ocr_carea' id='block_1_47' title="bbox 1833 2067 3418 2141">
    <p class='ocr_par' dir='ltr' id='par_1_47' title="bbox 1833 2067 3418 2141">
     <span class='ocr_line' id='line_1_47' title="bbox 1833 2067 3418 2141; baseline 0 -18"><span class='ocrx_word' id='word_1_365' title='bbox 1833 2069 1946 2123; x_wconf 83' lang='lat' dir='ltr'><strong><em>suis</em></strong></span> <span class='ocrx_word' id='word_1_366' title='bbox 1974 2067 2242 2136; x_wconf 79' lang='lat' dir='ltr'><strong><em>apostolis,</em></strong></span> <span class='ocrx_word' id='word_1_367' title='bbox 2276 2084 2556 2140; x_wconf 87' lang='lat' dir='ltr'><strong><em>eorumque</em></strong></span> <span class='ocrx_word' id='word_1_368' title='bbox 2585 2070 2990 2136; x_wconf 86' lang='lat' dir='ltr'><strong><em>successoribus,</em></strong></span> <span class='ocrx_word' id='word_1_369' title='bbox 3018 2071 3274 2125; x_wconf 86' lang='lat' dir='ltr'><strong><em>sustinere</em></strong></span> <span class='ocrx_word' id='word_1_370' title='bbox 3299 2086 3418 2141; x_wconf 85' lang='lat' dir='ltr'><strong><em>per-</em></strong></span> 
     </span>
    </p>
   </div>
   <div class='ocr_carea' id='block_1_48' title="bbox 1835 2163 3413 2236">
    <p class='ocr_par' dir='ltr' id='par_1_48' title="bbox 1835 2163 3413 2236">
     <span class='ocr_line' id='line_1_48' title="bbox 1835 2163 3413 2236; baseline 0.003 -21"><span class='ocrx_word' id='word_1_371' title='bbox 1835 2163 2124 2228; x_wconf 86' lang='lat' dir='ltr'><strong><em>mittimus,</em></strong></span> <span class='ocrx_word' id='word_1_372' title='bbox 2181 2165 2305 2233; x_wconf 88' lang='lat' dir='ltr'><strong><em>quia</em></strong></span> <span class='ocrx_word' id='word_1_373' title='bbox 2341 2164 2598 2235; x_wconf 80' lang='lat' dir='ltr'><strong><em>confessio</em></strong></span> <span class='ocrx_word' id='word_1_374' title='bbox 2644 2165 2699 2219; x_wconf 88' lang='lat' dir='ltr'><strong><em>in</em></strong></span> <span class='ocrx_word' id='word_1_375' title='bbox 2737 2166 2930 2220; x_wconf 88' lang='lat' dir='ltr'><strong><em>talibus</em></strong></span> <span class='ocrx_word' id='word_1_376' title='bbox 2970 2183 3072 2220; x_wconf 89' lang='lat' dir='ltr'><strong><em>non</em></strong></span> <span class='ocrx_word' id='word_1_377' title='bbox 3123 2166 3413 2236; x_wconf 86' lang='lat' dir='ltr'><strong><em>compulsa,</em></strong></span> 
     </span>
    </p>
   </div>
   <div class='ocr_carea' id='block_1_49' title="bbox 1836 2253 3420 2324">
    <p class='ocr_par' dir='ltr' id='par_1_49' title="bbox 1836 2253 3420 2324">
     <span class='ocr_line' id='line_1_49' title="bbox 1836 2253 3420 2324; baseline 0.003 -16"><span class='ocrx_word' id='word_1_378' title='bbox 1836 2253 1927 2308; x_wconf 86' lang='lat' dir='ltr'><strong><em>sed</em></strong></span> <span class='ocrx_word' id='word_1_379' title='bbox 1963 2264 2250 2324; x_wconf 80' lang='lat' dir='ltr'><strong><em>spontaneo</em></strong></span> <span class='ocrx_word' id='word_1_380' title='bbox 2297 2255 2415 2323; x_wconf 72' lang='lat' dir='ltr'><strong><em>fieri</em></strong></span> <span class='ocrx_word' id='word_1_381' title='bbox 2467 2256 2632 2310; x_wconf 67' lang='lat' dir='ltr'><strong><em>debet.</em></strong></span> <span class='ocrx_word' id='word_1_382' title='bbox 2696 2257 2995 2313; x_wconf 86' lang='lat' dir='ltr'><strong><em>Pessimum</em></strong></span> <span class='ocrx_word' id='word_1_383' title='bbox 3044 2266 3128 2313; x_wconf 80' lang='lat' dir='ltr'><strong><em>est</em></strong></span> <span class='ocrx_word' id='word_1_384' title='bbox 3173 2257 3315 2311; x_wconf 89' lang='lat' dir='ltr'><strong><em>enim</em></strong></span> <span class='ocrx_word' id='word_1_385' title='bbox 3353 2260 3420 2313; x_wconf 87' lang='lat' dir='ltr'><strong><em>de</em></strong></span> 
     </span>
    </p>
   </div>
   <div class='ocr_carea' id='block_1_50' title="bbox 1837 2339 3421 2420">
    <p class='ocr_par' dir='ltr' id='par_1_50' title="bbox 1837 2339 3421 2420">
     <span class='ocr_line' id='line_1_50' title="bbox 1837 2339 3421 2420; baseline 0.002 -20"><span class='ocrx_word' id='word_1_386' title='bbox 1837 2347 2149 2417; x_wconf 83' lang='lat' dir='ltr'><strong><em>suspicione</em></strong></span> <span class='ocrx_word' id='word_1_387' title='bbox 2180 2357 2270 2401; x_wconf 87' lang='lat' dir='ltr'><strong><em>aut</em></strong></span> <span class='ocrx_word' id='word_1_388' title='bbox 2303 2339 2491 2402; x_wconf 85' lang='lat' dir='ltr'><strong><em>exorta</em></strong></span> <span class='ocrx_word' id='word_1_389' title='bbox 2522 2349 2863 2406; x_wconf 81' lang='lat' dir='ltr'><strong><em>confessione</em></strong></span> <span class='ocrx_word' id='word_1_390' title='bbox 2910 2365 3236 2420; x_wconf 86' lang='lat' dir='ltr'><strong><em>quemquam</em></strong></span> <span class='ocrx_word' id='word_1_391' title='bbox 3276 2348 3421 2419; x_wconf 82' lang='lat' dir='ltr'><strong><em>judi-</em></strong></span> 
     </span>
    </p>
   </div>
   <div class='ocr_carea' id='block_1_51' title="bbox 1835 2426 3420 2508">
    <p class='ocr_par' dir='ltr' id='par_1_51' title="bbox 1835 2426 3420 2508">
     <span class='ocr_line' id='line_1_51' title="bbox 1835 2426 3420 2508; baseline 0.003 -18"><span class='ocrx_word' id='word_1_392' title='bbox 1835 2449 1982 2490; x_wconf 81' lang='lat' dir='ltr'><strong><em>care.</em></strong></span> <span class='ocrx_word' id='word_1_393' title='bbox 2027 2434 2289 2507; x_wconf 72' lang='lat' dir='ltr'><strong><em>Prmcepit</em></strong></span> <span class='ocrx_word' id='word_1_394' title='bbox 2319 2444 2374 2490; x_wconf 87' lang='lat' dir='ltr'><strong><em>ct</em></strong></span> <span class='ocrx_word' id='word_1_395' title='bbox 2416 2437 2465 2490; x_wconf 91' lang='lat' dir='ltr'><strong><em>in</em></strong></span> <span class='ocrx_word' id='word_1_396' title='bbox 2493 2438 2681 2492; x_wconf 87' lang='lat' dir='ltr'><strong><em>eadem</em></strong></span> <span class='ocrx_word' id='word_1_397' title='bbox 2711 2439 2797 2508; x_wconf 85' lang='lat' dir='ltr'><strong><em>(de</em></strong></span> <span class='ocrx_word' id='word_1_398' title='bbox 2828 2439 2985 2494; x_wconf 89' lang='lat' dir='ltr'><strong><em>Cons.</em></strong></span> <span class='ocrx_word' id='word_1_399' title='bbox 3020 2440 3145 2495; x_wconf 78' lang='lat' dir='ltr'><strong><em>dist.</em></strong></span> <span class='ocrx_word' id='word_1_400' title='bbox 3179 2426 3232 2502; x_wconf 73' lang='lat'><strong><em>2,</em></strong></span> <span class='ocrx_word' id='word_1_401' title='bbox 3264 2455 3314 2495; x_wconf 92' lang='lat' dir='ltr'><strong><em>c.</em></strong></span> <span class='ocrx_word' id='word_1_402' title='bbox 3352 2439 3420 2495; x_wconf 88' lang='lat' dir='ltr'><strong><em>In</em></strong></span> 
     </span>
    </p>
   </div>
   <div class='ocr_carea' id='block_1_52' title="bbox 1836 2526 3421 2601">
    <p class='ocr_par' dir='ltr' id='par_1_52' title="bbox 1836 2526 3421 2601">
     <span class='ocr_line' id='line_1_52' title="bbox 1836 2526 3421 2601; baseline 0.005 -20"><span class='ocrx_word' id='word_1_403' title='bbox 1836 2526 2304 2593; x_wconf 78' lang='lat' dir='ltr'><strong><em>sacramentorum,</em></strong></span> <span class='ocrx_word' id='word_1_404' title='bbox 2332 2537 2387 2582; x_wconf 88' lang='lat' dir='ltr'><strong><em>et</em></strong></span> <span class='ocrx_word' id='word_1_405' title='bbox 2433 2544 2482 2584; x_wconf 90' lang='lat' dir='ltr'><strong><em>c.</em></strong></span> <span class='ocrx_word' id='word_1_406' title='bbox 2535 2530 2784 2601; x_wconf 77' lang='lat' dir='ltr'><strong><em>Aquam),</em></strong></span> <span class='ocrx_word' id='word_1_407' title='bbox 2818 2541 2877 2587; x_wconf 90' lang='lat' dir='ltr'><strong><em>ut</em></strong></span> <span class='ocrx_word' id='word_1_408' title='bbox 2924 2533 2977 2587; x_wconf 90' lang='lat' dir='ltr'><strong><em>in</em></strong></span> <span class='ocrx_word' id='word_1_409' title='bbox 3010 2534 3421 2590; x_wconf 85' lang='lat' dir='ltr'><strong><em>consecratione</em></strong></span> 
     </span>
    </p>
   </div>
   <div class='ocr_carea' id='block_1_53' title="bbox 1839 2614 3423 2697">
    <p class='ocr_par' dir='ltr' id='par_1_53' title="bbox 1839 2614 3423 2697">
     <span class='ocr_line' id='line_1_53' title="bbox 1839 2614 3423 2697; baseline 0.004 -23"><span class='ocrx_word' id='word_1_410' title='bbox 1839 2620 2086 2690; x_wconf 89' lang='lat' dir='ltr'><strong><em>corporis</em></strong></span> <span class='ocrx_word' id='word_1_411' title='bbox 2131 2628 2185 2675; x_wconf 87' lang='lat' dir='ltr'><strong><em>et</em></strong></span> <span class='ocrx_word' id='word_1_412' title='bbox 2227 2614 2509 2690; x_wconf 75' lang='lat' dir='ltr'><strong><em>sanguinis</em></strong></span> <span class='ocrx_word' id='word_1_413' title='bbox 2544 2622 2755 2678; x_wconf 90' lang='lat' dir='ltr'><strong><em>Domini</em></strong></span> <span class='ocrx_word' id='word_1_414' title='bbox 2782 2624 2902 2695; x_wconf 84' lang='lat' dir='ltr'><strong><em>ejus</em></strong></span> <span class='ocrx_word' id='word_1_415' title='bbox 2944 2625 3125 2697; x_wconf 86' lang='lat' dir='ltr'><strong><em>passio</em></strong></span> <span class='ocrx_word' id='word_1_416' title='bbox 3156 2626 3227 2680; x_wconf 84' lang='lat' dir='ltr'><strong><em>sit</em></strong></span> <span class='ocrx_word' id='word_1_417' title='bbox 3277 2643 3423 2682; x_wconf 82' lang='lat' dir='ltr'><strong><em>com-</em></strong></span> 
     </span>
    </p>
   </div>
   <div class='ocr_carea' id='block_1_54' title="bbox 1841 2706 3420 2783">
    <p class='ocr_par' dir='ltr' id='par_1_54' title="bbox 1841 2706 3420 2783">
     <span class='ocr_line' id='line_1_54' title="bbox 1841 2706 3420 2783; baseline 0.005 -20"><span class='ocrx_word' id='word_1_418' title='bbox 1841 2711 2220 2776; x_wconf 86' lang='lat' dir='ltr'><strong><em>memoranda;</em></strong></span> <span class='ocrx_word' id='word_1_419' title='bbox 2249 2720 2306 2766; x_wconf 93' lang='lat' dir='ltr'><strong><em>et</em></strong></span> <span class='ocrx_word' id='word_1_420' title='bbox 2335 2720 2394 2766; x_wconf 91' lang='lat' dir='ltr'><strong><em>ut</em></strong></span> <span class='ocrx_word' id='word_1_421' title='bbox 2430 2726 2569 2783; x_wconf 86' lang='lat' dir='ltr'><strong><em>aqua</em></strong></span> <span class='ocrx_word' id='word_1_422' title='bbox 2597 2706 2718 2768; x_wconf 84' lang='lat' dir='ltr'><strong><em>cum</em></strong></span> <span class='ocrx_word' id='word_1_423' title='bbox 2749 2714 2862 2771; x_wconf 91' lang='lat' dir='ltr'><strong><em>sale</em></strong></span> <span class='ocrx_word' id='word_1_424' title='bbox 2890 2715 3261 2781; x_wconf 79' lang='lat' dir='ltr'><strong><em>benedicatur,</em></strong></span> <span class='ocrx_word' id='word_1_425' title='bbox 3287 2728 3340 2771; x_wconf 91' lang='lat' dir='ltr'><strong><em>et</em></strong></span> <span class='ocrx_word' id='word_1_426' title='bbox 3367 2718 3420 2771; x_wconf 88' lang='lat' dir='ltr'><strong><em>in</em></strong></span> 
     </span>
    </p>
   </div>
   <div class='ocr_carea' id='block_1_55' title="bbox 1838 2790 3423 2874">
    <p class='ocr_par' dir='ltr' id='par_1_55' title="bbox 1838 2790 3423 2874">
     <span class='ocr_line' id='line_1_55' title="bbox 1838 2790 3423 2874; baseline 0.006 -20"><span class='ocrx_word' id='word_1_427' title='bbox 1838 2799 2087 2856; x_wconf 82' lang='lat' dir='ltr'><strong><em>domibus</em></strong></span> <span class='ocrx_word' id='word_1_428' title='bbox 2114 2802 2352 2857; x_wconf 89' lang='lat' dir='ltr'><strong><em>lidelium</em></strong></span> <span class='ocrx_word' id='word_1_429' title='bbox 2384 2813 2725 2874; x_wconf 79' lang='lat' dir='ltr'><strong><em>aspergatur,</em></strong></span> <span class='ocrx_word' id='word_1_430' title='bbox 2758 2794 2813 2861; x_wconf 80' lang='lat' dir='ltr'><strong><em>et</em></strong></span> <span class='ocrx_word' id='word_1_431' title='bbox 2854 2805 3012 2862; x_wconf 81' lang='lat' dir='ltr'><strong><em>ﬁdem</em></strong></span> <span class='ocrx_word' id='word_1_432' title='bbox 3060 2790 3260 2863; x_wconf 59' lang='lat' dir='ltr'><strong><em>sanctie</em></strong></span> <span class='ocrx_word' id='word_1_433' title='bbox 3302 2807 3423 2863; x_wconf 79' lang='lat' dir='ltr'><strong><em>Tri-</em></strong></span> 
     </span>
    </p>
   </div>
   <div class='ocr_carea' id='block_1_56' title="bbox 1843 2884 3424 2969">
    <p class='ocr_par' dir='ltr' id='par_1_56' title="bbox 1843 2884 3424 2969">
     <span class='ocr_line' id='line_1_56' title="bbox 1843 2884 3424 2969; baseline 0.005 -25"><span class='ocrx_word' id='word_1_434' title='bbox 1843 2890 2050 2956; x_wconf 87' lang='lat' dir='ltr'><strong><em>nitatis,</em></strong></span> <span class='ocrx_word' id='word_1_435' title='bbox 2079 2892 2221 2947; x_wconf 90' lang='lat' dir='ltr'><strong><em>sicut</em></strong></span> <span class='ocrx_word' id='word_1_436' title='bbox 2269 2908 2297 2946; x_wconf 92' lang='lat' dir='ltr'><strong><em>a</em></strong></span> <span class='ocrx_word' id='word_1_437' title='bbox 2347 2893 2598 2950; x_wconf 87' lang='lat' dir='ltr'><strong><em>Patribus</em></strong></span> <span class='ocrx_word' id='word_1_438' title='bbox 2641 2908 2947 2967; x_wconf 87' lang='lat' dir='ltr'><strong><em>acceperat,</em></strong></span> <span class='ocrx_word' id='word_1_439' title='bbox 2991 2897 3063 2952; x_wconf 85' lang='lat' dir='ltr'><strong><em>ita</em></strong></span> <span class='ocrx_word' id='word_1_440' title='bbox 3094 2884 3296 2969; x_wconf 86' lang='lat' dir='ltr'><strong><em>scripto</em></strong></span> <span class='ocrx_word' id='word_1_441' title='bbox 3327 2915 3424 2954; x_wconf 85' lang='lat' dir='ltr'><strong><em>suo</em></strong></span> 
     </span>
    </p>
   </div>
   <div class='ocr_carea' id='block_1_57' title="bbox 1841 2982 3426 3061">
    <p class='ocr_par' dir='ltr' id='par_1_57' title="bbox 1841 2982 3426 3061">
     <span class='ocr_line' id='line_1_57' title="bbox 1841 2982 3426 3061; baseline 0.007 -26"><span class='ocrx_word' id='word_1_442' title='bbox 1841 2996 1941 3037; x_wconf 88' lang='lat' dir='ltr'><strong><em>nos</em></strong></span> <span class='ocrx_word' id='word_1_443' title='bbox 1967 2982 2197 3037; x_wconf 88' lang='lat' dir='ltr'><strong><em>edocuit.</em></strong></span> <span class='ocrx_word' id='word_1_444' title='bbox 2236 2983 2333 3038; x_wconf 86' lang='lat' dir='ltr'><strong><em>llic</em></strong></span> <span class='ocrx_word' id='word_1_445' title='bbox 2357 2984 2632 3040; x_wconf 76' lang='lat' dir='ltr'><strong><em>ordinavit</em></strong></span> <span class='ocrx_word' id='word_1_446' title='bbox 2675 2987 2954 3059; x_wconf 86' lang='lat' dir='ltr'><strong><em>episcopos</em></strong></span> <span class='ocrx_word' id='word_1_447' title='bbox 2985 2988 3242 3060; x_wconf 75' lang='lat' dir='ltr'><strong><em>quinque,</em></strong></span> <span class='ocrx_word' id='word_1_448' title='bbox 3274 2993 3426 3061; x_wconf 82' lang='lat' dir='ltr'><strong><em>prcs-</em></strong></span> 
     </span>
    </p>
   </div>
   <div class='ocr_carea' id='block_1_58' title="bbox 1841 3064 3045 3142">
    <p class='ocr_par' dir='ltr' id='par_1_58' title="bbox 1841 3064 3045 3142">
     <span class='ocr_line' id='line_1_58' title="bbox 1841 3064 3045 3142; baseline 0.006 -16"><span class='ocrx_word' id='word_1_449' title='bbox 1841 3073 2057 3142; x_wconf 85' lang='lat' dir='ltr'><strong><em>byteros</em></strong></span> <span class='ocrx_word' id='word_1_450' title='bbox 2084 3088 2202 3140; x_wconf 78' lang='lat' dir='ltr'><strong><em>sex,</em></strong></span> <span class='ocrx_word' id='word_1_451' title='bbox 2234 3076 2491 3131; x_wconf 77' lang='lat' dir='ltr'><strong><em>diaconos</em></strong></span> <span class='ocrx_word' id='word_1_452' title='bbox 2526 3078 2681 3131; x_wconf 71' lang='lat' dir='ltr'><strong><em>duos.</em></strong></span> <span class='ocrx_word' id='word_1_453' title='bbox 2998 3066 3001 3069; x_wconf 54' lang='grc'><em>’</em></span> <span class='ocrx_word' id='word_1_454' title='bbox 3042 3064 3045 3069; x_wconf 59' lang='grc'><em>’</em></span> 
     </span>
    </p>
   </div>
   <div class='ocr_carea' id='block_1_59' title="bbox 2308 3168 2969 3229">
    <p class='ocr_par' dir='ltr' id='par_1_59' title="bbox 2308 3168 2969 3229">
     <span class='ocr_line' id='line_1_59' title="bbox 2308 3168 2969 3229; baseline 0.012 -7"><span class='ocrx_word' id='word_1_455' title='bbox 2308 3168 2439 3223; x_wconf 73' lang='lat' dir='ltr'><strong><em>VIII.</em></strong></span> <span class='ocrx_word' id='word_1_456' title='bbox 2479 3200 2549 3210; x_wconf 87' lang='lat'><strong>-</strong></span> <span class='ocrx_word' id='word_1_457' title='bbox 2587 3170 2644 3225; x_wconf 87' lang='lat' dir='ltr'><strong><em>S.</em></strong></span> <span class='ocrx_word' id='word_1_458' title='bbox 2699 3171 2969 3229; x_wconf 82' lang='lat' dir='ltr'><strong><em>b&#39;lXTUS.</em></strong></span> 
     </span>
    </p>
   </div>
   <div class='ocr_carea' id='block_1_60' title="bbox 126 3227 1812 3328">
    <p class='ocr_par' dir='ltr' id='par_1_60' title="bbox 126 3227 1812 3328">
     <span class='ocr_line' id='line_1_60' title="bbox 126 3227 1812 3328; baseline 0.003 -21"><span class='ocrx_word' id='word_1_459' title='bbox 126 3227 642 3321; x_wconf 44' lang='lat' dir='ltr'><strong><em>aceusandi,vlicet</em></strong></span> <span class='ocrx_word' id='word_1_460' title='bbox 683 3256 795 3310; x_wconf 88' lang='lat' dir='ltr'><strong><em>sint</em></strong></span> <span class='ocrx_word' id='word_1_461' title='bbox 835 3255 1170 3312; x_wconf 88' lang='lat' dir='ltr'><strong><em>inordinati:</em></strong></span> <span class='ocrx_word' id='word_1_462' title='bbox 1217 3258 1343 3328; x_wconf 89' lang='lat' dir='ltr'><strong><em>quia</em></strong></span> <span class='ocrx_word' id='word_1_463' title='bbox 1387 3273 1485 3328; x_wconf 88' lang='lat' dir='ltr'><strong><em>pro</em></strong></span> <span class='ocrx_word' id='word_1_464' title='bbox 1530 3258 1740 3314; x_wconf 88' lang='lat' dir='ltr'><strong><em>meritis</em></strong></span> <span class='ocrx_word' id='word_1_465' title='bbox 1766 3227 1812 3290; x_wconf 59' lang='grc' dir='ltr'><strong><em>(ἶ</em></strong></span> 
     </span>
    </p>
   </div>
   <div class='ocr_carea' id='block_1_61' title="bbox 121 3338 1744 3414">
    <p class='ocr_par' dir='ltr' id='par_1_61' title="bbox 121 3338 1744 3414">
     <span class='ocr_line' id='line_1_61' title="bbox 121 3338 1744 3414; baseline 0.003 -15"><span class='ocrx_word' id='word_1_466' title='bbox 121 3343 498 3399; x_wconf 77' lang='lat' dir='ltr'><strong><em>subditorum</em></strong></span> <span class='ocrx_word' id='word_1_467' title='bbox 546 3338 850 3414; x_wconf 86' lang='lat' dir='ltr'><strong><em>disponitur</em></strong></span> <span class='ocrx_word' id='word_1_468' title='bbox 894 3362 926 3402; x_wconf 88' lang='lat' dir='ltr'><strong><em>a</em></strong></span> <span class='ocrx_word' id='word_1_469' title='bbox 961 3347 1069 3403; x_wconf 91' lang='lat' dir='ltr'><strong><em>Deo</em></strong></span> <span class='ocrx_word' id='word_1_470' title='bbox 1114 3348 1222 3402; x_wconf 89' lang='lat' dir='ltr'><strong><em>vita</em></strong></span> <span class='ocrx_word' id='word_1_471' title='bbox 1265 3348 1571 3404; x_wconf 89' lang='lat' dir='ltr'><strong><em>doctorum.</em></strong></span> <span class='ocrx_word' id='word_1_472' title='bbox 1610 3347 1744 3404; x_wconf 86' lang='lat' dir='ltr'><strong><em>Item</em></strong></span> 
     </span>
    </p>
   </div>
   <div class='ocr_carea' id='block_1_62' title="bbox 125 3432 1747 3513">
    <p class='ocr_par' dir='ltr' id='par_1_62' title="bbox 125 3432 1747 3513">
     <span class='ocr_line' id='line_1_62' title="bbox 125 3432 1747 3513; baseline 0.004 -24"><span class='ocrx_word' id='word_1_473' title='bbox 125 3432 434 3490; x_wconf 75' lang='lat' dir='ltr'><strong><em>inferius:</em></strong></span> <span class='ocrx_word' id='word_1_474' title='bbox 473 3432 532 3490; x_wconf 90' lang='lat' dir='ltr'><strong><em>Si</em></strong></span> <span class='ocrx_word' id='word_1_475' title='bbox 567 3436 658 3506; x_wconf 85' lang='lat' dir='ltr'><strong><em>qui</em></strong></span> <span class='ocrx_word' id='word_1_476' title='bbox 711 3447 831 3491; x_wconf 87' lang='lat' dir='ltr'><strong><em>sunt</em></strong></span> <span class='ocrx_word' id='word_1_477' title='bbox 855 3438 1225 3509; x_wconf 83' lang='lat' dir='ltr'><strong><em>vituperatores</em></strong></span> <span class='ocrx_word' id='word_1_478' title='bbox 1277 3439 1355 3513; x_wconf 89' lang='lat'><strong><em>(2,</em></strong></span> <span class='ocrx_word' id='word_1_479' title='bbox 1404 3456 1461 3512; x_wconf 89' lang='lat' dir='ltr'><strong><em>q.</em></strong></span> <span class='ocrx_word' id='word_1_480' title='bbox 1508 3441 1563 3507; x_wconf 87' lang='lat'><strong><em>7,</em></strong></span> <span class='ocrx_word' id='word_1_481' title='bbox 1591 3456 1644 3497; x_wconf 87' lang='lat' dir='ltr'><strong><em>e.</em></strong></span> <span class='ocrx_word' id='word_1_482' title='bbox 1686 3440 1747 3496; x_wconf 86' lang='lat' dir='ltr'><strong><em>Si</em></strong></span> 
     </span>
    </p>
   </div>
   <div class='ocr_carea' id='block_1_63' title="bbox 117 3526 1748 3602">
    <p class='ocr_par' dir='ltr' id='par_1_63' title="bbox 117 3526 1748 3602">
     <span class='ocr_line' id='line_1_63' title="bbox 117 3526 1748 3602; baseline 0.004 -22"><span class='ocrx_word' id='word_1_483' title='bbox 117 3526 290 3599; x_wconf 83' lang='lat' dir='ltr'><strong><em>qui),</em></strong></span> <span class='ocrx_word' id='word_1_484' title='bbox 310 3534 405 3580; x_wconf 84' lang='lat' dir='ltr'><strong><em>aut</em></strong></span> <span class='ocrx_word' id='word_1_485' title='bbox 431 3537 763 3582; x_wconf 85' lang='lat' dir='ltr'><strong><em>accusatores</em></strong></span> <span class='ocrx_word' id='word_1_486' title='bbox 792 3529 1176 3599; x_wconf 82' lang='lat' dir='ltr'><strong><em>episcoporum,</em></strong></span> <span class='ocrx_word' id='word_1_487' title='bbox 1209 3530 1285 3585; x_wconf 80' lang='lat' dir='ltr'><strong><em>vel</em></strong></span> <span class='ocrx_word' id='word_1_488' title='bbox 1314 3530 1633 3602; x_wconf 85' lang='lat' dir='ltr'><strong><em>reliquorum</em></strong></span> <span class='ocrx_word' id='word_1_489' title='bbox 1661 3548 1748 3586; x_wconf 80' lang='lat' dir='ltr'><strong><em>su-</em></strong></span> 
     </span>
    </p>
   </div>
   <div class='ocr_carea' id='block_1_64' title="bbox 119 3614 1749 3689">
    <p class='ocr_par' dir='ltr' id='par_1_64' title="bbox 119 3614 1749 3689">
     <span class='ocr_line' id='line_1_64' title="bbox 119 3614 1749 3689; baseline 0.003 -19"><span class='ocrx_word' id='word_1_490' title='bbox 119 3614 454 3683; x_wconf 77' lang='lat' dir='ltr'><strong><em>cerdotum,</em></strong></span> <span class='ocrx_word' id='word_1_491' title='bbox 499 3632 603 3670; x_wconf 88' lang='lat' dir='ltr'><strong><em>non</em></strong></span> <span class='ocrx_word' id='word_1_492' title='bbox 634 3627 833 3687; x_wconf 86' lang='lat' dir='ltr'><strong><em>oportet</em></strong></span> <span class='ocrx_word' id='word_1_493' title='bbox 879 3634 967 3674; x_wconf 87' lang='lat' dir='ltr'><strong><em>eos</em></strong></span> <span class='ocrx_word' id='word_1_494' title='bbox 1002 3636 1033 3672; x_wconf 91' lang='lat' dir='ltr'><strong><em>a</em></strong></span> <span class='ocrx_word' id='word_1_495' title='bbox 1073 3619 1344 3689; x_wconf 72' lang='lat' dir='ltr'><strong><em>iudicibus</em></strong></span> <span class='ocrx_word' id='word_1_496' title='bbox 1392 3620 1623 3676; x_wconf 71' lang='lat' dir='ltr'><strong><em>ecclesia:</em></strong></span> <span class='ocrx_word' id='word_1_497' title='bbox 1653 3639 1749 3675; x_wconf 84' lang='lat' dir='ltr'><strong><em>au—</em></strong></span> 
     </span>
    </p>
   </div>
   <div class='ocr_carea' id='block_1_65' title="bbox 117 3709 1746 3782">
    <p class='ocr_par' dir='ltr' id='par_1_65' title="bbox 117 3709 1746 3782">
     <span class='ocr_line' id='line_1_65' title="bbox 117 3709 1746 3782; baseline 0.002 -20"><span class='ocrx_word' id='word_1_498' title='bbox 117 3709 289 3771; x_wconf 75' lang='lat' dir='ltr'><strong><em>diri,</em></strong></span> <span class='ocrx_word' id='word_1_499' title='bbox 323 3717 608 3780; x_wconf 81' lang='lat' dir='ltr'><strong><em>antequam</em></strong></span> <span class='ocrx_word' id='word_1_500' title='bbox 640 3726 819 3770; x_wconf 82' lang='lat' dir='ltr'><strong><em>eorum</em></strong></span> <span class='ocrx_word' id='word_1_501' title='bbox 846 3710 1161 3764; x_wconf 75' lang='lat' dir='ltr'><strong><em>discutiatur</em></strong></span> <span class='ocrx_word' id='word_1_502' title='bbox 1189 3712 1555 3766; x_wconf 68' lang='lat' dir='ltr'><strong><em>aestimationis</em></strong></span> <span class='ocrx_word' id='word_1_503' title='bbox 1580 3714 1746 3782; x_wconf 89' lang='lat' dir='ltr'><strong><em>suspi-</em></strong></span> 
     </span>
    </p>
   </div>
   <div class='ocr_carea' id='block_1_66' title="bbox 116 3791 1749 3873">
    <p class='ocr_par' dir='ltr' id='par_1_66' title="bbox 116 3791 1749 3873">
     <span class='ocr_line' id='line_1_66' title="bbox 116 3791 1749 3873; baseline 0.001 -19"><span class='ocrx_word' id='word_1_504' title='bbox 116 3801 226 3854; x_wconf 83' lang='lat' dir='ltr'><strong><em>cio</em></strong></span> <span class='ocrx_word' id='word_1_505' title='bbox 275 3798 356 3853; x_wconf 86' lang='lat' dir='ltr'><strong><em>vel</em></strong></span> <span class='ocrx_word' id='word_1_506' title='bbox 388 3798 600 3869; x_wconf 84' lang='lat' dir='ltr'><strong><em>opinio,</em></strong></span> <span class='ocrx_word' id='word_1_507' title='bbox 640 3816 745 3870; x_wconf 87' lang='lat' dir='ltr'><strong><em>qua</em></strong></span> <span class='ocrx_word' id='word_1_508' title='bbox 789 3791 1094 3867; x_wconf 87' lang='lat' dir='ltr'><strong><em>intentione,</em></strong></span> <span class='ocrx_word' id='word_1_509' title='bbox 1135 3818 1240 3873; x_wconf 90' lang='lat' dir='ltr'><strong><em>qua</em></strong></span> <span class='ocrx_word' id='word_1_510' title='bbox 1282 3802 1406 3871; x_wconf 80' lang='lat' dir='ltr'><strong><em>ﬁde,</em></strong></span> <span class='ocrx_word' id='word_1_511' title='bbox 1445 3819 1550 3873; x_wconf 90' lang='lat' dir='ltr'><strong><em>qua</em></strong></span> <span class='ocrx_word' id='word_1_512' title='bbox 1591 3813 1749 3857; x_wconf 85' lang='lat' dir='ltr'><strong><em>teme-</em></strong></span> 
     </span>
    </p>
   </div>
   <div class='ocr_carea' id='block_1_67' title="bbox 114 3892 1749 3965">
    <p class='ocr_par' dir='ltr' id='par_1_67' title="bbox 114 3892 1749 3965">
     <span class='ocr_line' id='line_1_67' title="bbox 114 3892 1749 3965; baseline 0.003 -22"><span class='ocrx_word' id='word_1_513' title='bbox 114 3892 338 3955; x_wconf 81' lang='lat' dir='ltr'><strong><em>ritate,</em></strong></span> <span class='ocrx_word' id='word_1_514' title='bbox 366 3907 473 3961; x_wconf 88' lang='lat' dir='ltr'><strong><em>qua</em></strong></span> <span class='ocrx_word' id='word_1_515' title='bbox 501 3892 629 3957; x_wconf 86' lang='lat' dir='ltr'><strong><em>vita,</em></strong></span> <span class='ocrx_word' id='word_1_516' title='bbox 658 3907 764 3962; x_wconf 89' lang='lat' dir='ltr'><strong><em>qua</em></strong></span> <span class='ocrx_word' id='word_1_517' title='bbox 795 3892 1133 3959; x_wconf 86' lang='lat' dir='ltr'><strong><em>conscientia,</em></strong></span> <span class='ocrx_word' id='word_1_518' title='bbox 1164 3910 1325 3965; x_wconf 81' lang='lat' dir='ltr'><strong><em>quove</em></strong></span> <span class='ocrx_word' id='word_1_519' title='bbox 1352 3895 1562 3960; x_wconf 90' lang='lat' dir='ltr'><strong><em>merito,</em></strong></span> <span class='ocrx_word' id='word_1_520' title='bbox 1586 3895 1632 3949; x_wconf 92' lang='lat' dir='ltr'><strong><em>si</em></strong></span> <span class='ocrx_word' id='word_1_521' title='bbox 1655 3912 1749 3964; x_wconf 86' lang='lat' dir='ltr'><strong><em>pro</em></strong></span> 
     </span>
    </p>
   </div>
   <div class='ocr_carea' id='block_1_68' title="bbox 116 3981 1749 4054">
    <p class='ocr_par' dir='ltr' id='par_1_68' title="bbox 116 3981 1749 4054">
     <span class='ocr_line' id='line_1_68' title="bbox 116 3981 1749 4054; baseline 0.002 -18"><span class='ocrx_word' id='word_1_522' title='bbox 116 3981 293 4047; x_wconf 80' lang='lat' dir='ltr'><strong><em>Dea,</em></strong></span> <span class='ocrx_word' id='word_1_523' title='bbox 325 3990 420 4035; x_wconf 90' lang='lat' dir='ltr'><strong><em>aut</em></strong></span> <span class='ocrx_word' id='word_1_524' title='bbox 457 3989 553 4051; x_wconf 86' lang='lat' dir='ltr'><strong><em>pro</em></strong></span> <span class='ocrx_word' id='word_1_525' title='bbox 591 3998 726 4036; x_wconf 82' lang='lat' dir='ltr'><strong><em>vana</em></strong></span> <span class='ocrx_word' id='word_1_526' title='bbox 756 3981 947 4054; x_wconf 84' lang='lat' dir='ltr'><strong><em>gloria,</em></strong></span> <span class='ocrx_word' id='word_1_527' title='bbox 989 3993 1080 4038; x_wconf 88' lang='lat' dir='ltr'><strong><em>aut</em></strong></span> <span class='ocrx_word' id='word_1_528' title='bbox 1121 3985 1434 4052; x_wconf 87' lang='lat' dir='ltr'><strong><em>inimicitiis,</em></strong></span> <span class='ocrx_word' id='word_1_529' title='bbox 1478 3985 1558 4040; x_wconf 86' lang='lat' dir='ltr'><strong><em>vel</em></strong></span> <span class='ocrx_word' id='word_1_530' title='bbox 1605 3986 1749 4050; x_wconf 89' lang='lat' dir='ltr'><strong><em>odio,</em></strong></span> 
     </span>
    </p>
   </div>
   <div class='ocr_carea' id='block_1_69' title="bbox 107 4074 1752 4147">
    <p class='ocr_par' dir='ltr' id='par_1_69' title="bbox 107 4074 1752 4147">
     <span class='ocr_line' id='line_1_69' title="bbox 107 4074 1752 4147; baseline 0.002 -19"><span class='ocrx_word' id='word_1_531' title='bbox 107 4082 240 4128; x_wconf 74' lang='lat' dir='ltr'><strong><em>aeu</em></strong></span> <span class='ocrx_word' id='word_1_532' title='bbox 285 4074 576 4143; x_wconf 84' lang='lat' dir='ltr'><strong><em>cupiditate</em></strong></span> <span class='ocrx_word' id='word_1_533' title='bbox 604 4075 705 4128; x_wconf 88' lang='lat' dir='ltr'><strong><em>ista</em></strong></span> <span class='ocrx_word' id='word_1_534' title='bbox 728 4078 1181 4147; x_wconf 67' lang='lat' dir='ltr'><strong><em>praesumpserint,</em></strong></span> <span class='ocrx_word' id='word_1_535' title='bbox 1209 4094 1386 4132; x_wconf 87' lang='lat' dir='ltr'><strong><em>necne.</em></strong></span> <span class='ocrx_word' id='word_1_536' title='bbox 1420 4076 1551 4133; x_wconf 71' lang='lat' dir='ltr'><strong><em>Hinc</em></strong></span> <span class='ocrx_word' id='word_1_537' title='bbox 1574 4078 1752 4132; x_wconf 87' lang='lat' dir='ltr'><strong><em>omnia</em></strong></span> 
     </span>
    </p>
   </div>
   <div class='ocr_carea' id='block_1_70' title="bbox 105 4169 1752 4243">
    <p class='ocr_par' dir='ltr' id='par_1_70' title="bbox 105 4169 1752 4243">
     <span class='ocr_line' id='line_1_70' title="bbox 105 4169 1752 4243; baseline 0.004 -19"><span class='ocrx_word' id='word_1_538' title='bbox 105 4177 286 4224; x_wconf 67' lang='lat' dir='ltr'><strong><em>sunt</em></strong></span> <span class='ocrx_word' id='word_1_539' title='bbox 326 4169 712 4238; x_wconf 86' lang='lat' dir='ltr'><strong><em>perscrutanda</em></strong></span> <span class='ocrx_word' id='word_1_540' title='bbox 758 4179 807 4243; x_wconf 83' lang='lat' dir='ltr'><strong><em>et</em></strong></span> <span class='ocrx_word' id='word_1_541' title='bbox 858 4171 1135 4243; x_wconf 84' lang='lat' dir='ltr'><strong><em>diligenter</em></strong></span> <span class='ocrx_word' id='word_1_542' title='bbox 1177 4175 1566 4242; x_wconf 85' lang='lat' dir='ltr'><strong><em>pertractanda.</em></strong></span> <span class='ocrx_word' id='word_1_543' title='bbox 1613 4176 1752 4231; x_wconf 89' lang='lat' dir='ltr'><strong><em>Deus</em></strong></span> 
     </span>
    </p>
   </div>
   <div class='ocr_carea' id='block_1_71' title="bbox 106 4259 1755 4336">
    <p class='ocr_par' dir='ltr' id='par_1_71' title="bbox 106 4259 1755 4336">
     <span class='ocr_line' id='line_1_71' title="bbox 106 4259 1755 4336; baseline 0.005 -22"><span class='ocrx_word' id='word_1_544' title='bbox 106 4259 337 4323; x_wconf 78' lang='lat' dir='ltr'><strong><em>enim,</em></strong></span> <span class='ocrx_word' id='word_1_545' title='bbox 365 4267 426 4314; x_wconf 91' lang='lat' dir='ltr'><strong><em>ut</em></strong></span> <span class='ocrx_word' id='word_1_546' title='bbox 457 4275 556 4319; x_wconf 88' lang='lat' dir='ltr'><strong><em>nos</em></strong></span> <span class='ocrx_word' id='word_1_547' title='bbox 578 4276 608 4314; x_wconf 88' lang='lat' dir='ltr'><strong><em>a</em></strong></span> <span class='ocrx_word' id='word_1_548' title='bbox 628 4262 1270 4332; x_wconf 66' lang='lat' dir='ltr'><strong><em>praeeipitataesententia:</em></strong></span> <span class='ocrx_word' id='word_1_549' title='bbox 1290 4266 1591 4336; x_wconf 85' lang='lat' dir='ltr'><strong><em>prolatione</em></strong></span> <span class='ocrx_word' id='word_1_550' title='bbox 1608 4282 1755 4324; x_wconf 88' lang='lat' dir='ltr'><strong><em>com-</em></strong></span> 
     </span>
    </p>
   </div>
   <div class='ocr_carea' id='block_1_72' title="bbox 105 4351 1755 4428">
    <p class='ocr_par' dir='ltr' id='par_1_72' title="bbox 105 4351 1755 4428">
     <span class='ocr_line' id='line_1_72' title="bbox 105 4351 1755 4428; baseline 0.009 -26"><span class='ocrx_word' id='word_1_551' title='bbox 105 4358 454 4421; x_wconf 80' lang='lat' dir='ltr'><strong><em>pesceret,</em></strong></span> <span class='ocrx_word' id='word_1_552' title='bbox 496 4365 622 4404; x_wconf 90' lang='lat' dir='ltr'><strong><em>cum</em></strong></span> <span class='ocrx_word' id='word_1_553' title='bbox 664 4351 845 4406; x_wconf 86' lang='lat' dir='ltr'><strong><em>omnia</em></strong></span> <span class='ocrx_word' id='word_1_554' title='bbox 890 4354 1031 4409; x_wconf 84' lang='lat' dir='ltr'><strong><em>nuda</em></strong></span> <span class='ocrx_word' id='word_1_555' title='bbox 1078 4356 1190 4411; x_wconf 86' lang='lat' dir='ltr'><strong><em>sint</em></strong></span> <span class='ocrx_word' id='word_1_556' title='bbox 1234 4365 1291 4412; x_wconf 91' lang='lat' dir='ltr'><strong><em>et</em></strong></span> <span class='ocrx_word' id='word_1_557' title='bbox 1346 4368 1535 4428; x_wconf 88' lang='lat' dir='ltr'><strong><em>aperta</em></strong></span> <span class='ocrx_word' id='word_1_558' title='bbox 1584 4359 1755 4417; x_wconf 85' lang='lat' dir='ltr'><strong><em>oculis</em></strong></span> 
     </span>
    </p>
   </div>
   <div class='ocr_carea' id='block_1_73' title="bbox 102 4433 1754 4512">
    <p class='ocr_par' dir='ltr' id='par_1_73' title="bbox 102 4433 1754 4512">
     <span class='ocr_line' id='line_1_73' title="bbox 102 4433 1754 4512; baseline 0.007 -19"><span class='ocrx_word' id='word_1_559' title='bbox 102 4441 275 4511; x_wconf 65' lang='lat' dir='ltr'><strong><em>«jus</em></strong></span> <span class='ocrx_word' id='word_1_560' title='bbox 312 4437 502 4510; x_wconf 85' lang='lat' dir='ltr'><strong><em>(Hebr.</em></strong></span> <span class='ocrx_word' id='word_1_561' title='bbox 534 4440 643 4512; x_wconf 82' lang='lat' dir='ltr'><strong><em>tv);</em></strong></span> <span class='ocrx_word' id='word_1_562' title='bbox 678 4442 818 4497; x_wconf 87' lang='lat' dir='ltr'><strong><em>mala</em></strong></span> <span class='ocrx_word' id='word_1_563' title='bbox 849 4450 1027 4499; x_wconf 84' lang='lat' dir='ltr'><strong><em>tamen</em></strong></span> <span class='ocrx_word' id='word_1_564' title='bbox 1063 4444 1314 4502; x_wconf 75' lang='lat' dir='ltr'><strong><em>Sodomae</em></strong></span> <span class='ocrx_word' id='word_1_565' title='bbox 1358 4448 1531 4504; x_wconf 92' lang='lat' dir='ltr'><strong><em>noluit</em></strong></span> <span class='ocrx_word' id='word_1_566' title='bbox 1556 4433 1754 4505; x_wconf 80' lang='lat' dir='ltr'><strong><em>audita</em></strong></span> 
     </span>
    </p>
   </div>
   <div class='ocr_carea' id='block_1_74' title="bbox 94 4525 1755 4606">
    <p class='ocr_par' dir='ltr' id='par_1_74' title="bbox 94 4525 1755 4606">
     <span class='ocr_line' id='line_1_74' title="bbox 94 4525 1755 4606; baseline 0.008 -25"><span class='ocrx_word' id='word_1_567' title='bbox 94 4525 429 4598; x_wconf 81' lang='lat' dir='ltr'><strong><em>judicare,</em></strong></span> <span class='ocrx_word' id='word_1_568' title='bbox 457 4528 774 4599; x_wconf 85' lang='lat' dir='ltr'><strong><em>priusquam</em></strong></span> <span class='ocrx_word' id='word_1_569' title='bbox 803 4531 1087 4588; x_wconf 74' lang='lat' dir='ltr'><strong><em>manifeste</em></strong></span> <span class='ocrx_word' id='word_1_570' title='bbox 1120 4544 1438 4605; x_wconf 82' lang='lat' dir='ltr'><strong><em>agnosceret</em></strong></span> <span class='ocrx_word' id='word_1_571' title='bbox 1464 4551 1586 4606; x_wconf 68' lang='lat' dir='ltr'><strong><em>qum</em></strong></span> <span class='ocrx_word' id='word_1_572' title='bbox 1609 4537 1755 4593; x_wconf 88' lang='lat' dir='ltr'><strong><em>dice-</em></strong></span> 
     </span>
    </p>
   </div>
   <div class='ocr_carea' id='block_1_75' title="bbox 101 4617 1756 4693">
    <p class='ocr_par' dir='ltr' id='par_1_75' title="bbox 101 4617 1756 4693">
     <span class='ocr_line' id='line_1_75' title="bbox 101 4617 1756 4693; baseline 0.008 -20"><span class='ocrx_word' id='word_1_573' title='bbox 101 4622 368 4677; x_wconf 80' lang='lat' dir='ltr'><strong><em>bantur</em></strong></span> <span class='ocrx_word' id='word_1_574' title='bbox 401 4617 558 4690; x_wconf 85' lang='lat' dir='ltr'><strong><em>(Gen.</em></strong></span> <span class='ocrx_word' id='word_1_575' title='bbox 605 4622 780 4693; x_wconf 83' lang='lat' dir='ltr'><strong><em>xvm).</em></strong></span> <span class='ocrx_word' id='word_1_576' title='bbox 821 4621 922 4679; x_wconf 85' lang='lat' dir='ltr'><strong><em>Hie</em></strong></span> <span class='ocrx_word' id='word_1_577' title='bbox 951 4623 1115 4679; x_wconf 86' lang='lat' dir='ltr'><strong><em>etiam</em></strong></span> <span class='ocrx_word' id='word_1_578' title='bbox 1141 4624 1423 4683; x_wconf 88' lang='lat' dir='ltr'><strong><em>decretum</em></strong></span> <span class='ocrx_word' id='word_1_579' title='bbox 1458 4628 1650 4690; x_wconf 84' lang='lat' dir='ltr'><strong><em>statuit</em></strong></span> <span class='ocrx_word' id='word_1_580' title='bbox 1686 4629 1756 4686; x_wconf 88' lang='lat' dir='ltr'><strong><em>de</em></strong></span> 
     </span>
    </p>
   </div>
   <div class='ocr_carea' id='block_1_76' title="bbox 96 4706 1402 4787">
    <p class='ocr_par' dir='ltr' id='par_1_76' title="bbox 96 4706 1402 4787">
     <span class='ocr_line' id='line_1_76' title="bbox 96 4706 1402 4787; baseline 0.004 -20"><span class='ocrx_word' id='word_1_581' title='bbox 96 4724 261 4767; x_wconf 84' lang='lat' dir='ltr'><strong><em>non</em></strong></span> <span class='ocrx_word' id='word_1_582' title='bbox 307 4706 632 4778; x_wconf 86' lang='lat' dir='ltr'><strong><em>injuriandis</em></strong></span> <span class='ocrx_word' id='word_1_583' title='bbox 662 4718 756 4765; x_wconf 87' lang='lat' dir='ltr'><strong><em>aut</em></strong></span> <span class='ocrx_word' id='word_1_584' title='bbox 784 4710 1088 4769; x_wconf 85' lang='lat' dir='ltr'><strong><em>lacerandis</em></strong></span> <span class='ocrx_word' id='word_1_585' title='bbox 1112 4715 1402 4787; x_wconf 88' lang='lat' dir='ltr'><strong><em>episcopis.</em></strong></span> 
     </span>
    </p>
   </div>
   <div class='ocr_carea' id='block_1_77' title="bbox 586 4796 1347 4862">
    <p class='ocr_par' dir='ltr' id='par_1_77' title="bbox 586 4796 1347 4862">
     <span class='ocr_line' id='line_1_77' title="bbox 586 4796 1347 4862; baseline 0.012 -9"><span class='ocrx_word' id='word_1_586' title='bbox 586 4796 696 4854; x_wconf 81' lang='lat' dir='ltr'><strong><em>VII.</em></strong></span> <span class='ocrx_word' id='word_1_587' title='bbox 721 4829 793 4840; x_wconf 89' lang='lat'><strong><em>—</em></strong></span> <span class='ocrx_word' id='word_1_588' title='bbox 821 4800 880 4855; x_wconf 89' lang='lat' dir='ltr'><strong><em>S.</em></strong></span> <span class='ocrx_word' id='word_1_589' title='bbox 906 4801 1347 4862; x_wconf 77' lang='lat' dir='ltr'><strong><em>ALEXANDEB.</em></strong></span> 
     </span>
    </p>
   </div>
   <div class='ocr_carea' id='block_1_78' title="bbox 527 4892 1264 4968">
    <p class='ocr_par' dir='ltr' id='par_1_78' title="bbox 527 4892 1264 4968">
     <span class='ocr_line' id='line_1_78' title="bbox 527 4892 1264 4968; baseline 0.015 -26"><span class='ocrx_word' id='word_1_590' title='bbox 527 4957 531 4961; x_wconf 89' lang='lat'><strong>_</strong></span> <span class='ocrx_word' id='word_1_591' title='bbox 585 4900 597 4911; x_wconf 89' lang='lat'><strong>’</strong></span> <span class='ocrx_word' id='word_1_592' title='bbox 673 4892 848 4961; x_wconf 83' lang='lat' dir='ltr'><strong><em>(Anno</em></strong></span> <span class='ocrx_word' id='word_1_593' title='bbox 889 4893 1085 4950; x_wconf 78' lang='lat' dir='ltr'><strong><em>Christi</em></strong></span> <span class='ocrx_word' id='word_1_594' title='bbox 1116 4898 1264 4968; x_wconf 73' lang='lat'><strong><em>122.)</em></strong></span> 
     </span>
    </p>
   </div>
   <div class='ocr_carea' id='block_1_79' title="bbox 198 4977 1755 5062">
    <p class='ocr_par' dir='ltr' id='par_1_79' title="bbox 198 4977 1755 5062">
     <span class='ocr_line' id='line_1_79' title="bbox 198 4977 1755 5062; baseline 0.013 -32"><span class='ocrx_word' id='word_1_595' title='bbox 198 4977 575 5045; x_wconf 78' lang='lat' dir='ltr'><strong><em>Alexander,</em></strong></span> <span class='ocrx_word' id='word_1_596' title='bbox 598 4981 817 5036; x_wconf 89' lang='lat' dir='ltr'><strong><em>natione</em></strong></span> <span class='ocrx_word' id='word_1_597' title='bbox 840 4983 1138 5053; x_wconf 79' lang='lat' dir='ltr'><strong><em>Romanus,</em></strong></span> <span class='ocrx_word' id='word_1_598' title='bbox 1160 5005 1224 5044; x_wconf 77' lang='lat' dir='ltr'><strong><em>ex</em></strong></span> <span class='ocrx_word' id='word_1_599' title='bbox 1250 5001 1402 5060; x_wconf 89' lang='lat' dir='ltr'><strong><em>patre</em></strong></span> <span class='ocrx_word' id='word_1_600' title='bbox 1428 4991 1755 5062; x_wconf 77' lang='lat' dir='ltr'><strong><em>Alexandro,</em></strong></span> 
     </span>
    </p>
   </div>
   <div class='ocr_carea' id='block_1_80' title="bbox 91 5071 1758 5153">
    <p class='ocr_par' dir='ltr' id='par_1_80' title="bbox 91 5071 1758 5153">
     <span class='ocr_line' id='line_1_80' title="bbox 91 5071 1758 5153; baseline 0.014 -30"><span class='ocrx_word' id='word_1_601' title='bbox 91 5079 196 5134; x_wconf 78' lang='lat' dir='ltr'><strong><em>de</em></strong></span> <span class='ocrx_word' id='word_1_602' title='bbox 254 5071 501 5141; x_wconf 83' lang='lat' dir='ltr'><strong><em>regione</em></strong></span> <span class='ocrx_word' id='word_1_603' title='bbox 529 5080 695 5143; x_wconf 87' lang='lat' dir='ltr'><strong><em>caput</em></strong></span> <span class='ocrx_word' id='word_1_604' title='bbox 720 5073 906 5140; x_wconf 84' lang='lat' dir='ltr'><strong><em>Tauri,</em></strong></span> <span class='ocrx_word' id='word_1_605' title='bbox 930 5076 1070 5130; x_wconf 84' lang='lat' dir='ltr'><strong><em>sedit</em></strong></span> <span class='ocrx_word' id='word_1_606' title='bbox 1109 5095 1280 5136; x_wconf 89' lang='lat' dir='ltr'><strong><em>annos</em></strong></span> <span class='ocrx_word' id='word_1_607' title='bbox 1306 5083 1514 5153; x_wconf 90' lang='lat' dir='ltr'><strong><em>decem,</em></strong></span> <span class='ocrx_word' id='word_1_608' title='bbox 1541 5099 1758 5144; x_wconf 84' lang='lat' dir='ltr'><strong><em>menses</em></strong></span> 
     </span>
    </p>
   </div>
   <div class='ocr_carea' id='block_1_81' title="bbox 87 5162 1758 5247">
    <p class='ocr_par' dir='ltr' id='par_1_81' title="bbox 87 5162 1758 5247">
     <span class='ocr_line' id='line_1_81' title="bbox 87 5162 1758 5247; baseline 0.011 -32"><span class='ocrx_word' id='word_1_609' title='bbox 87 5171 407 5237; x_wconf 71' lang='lat' dir='ltr'><strong><em>septem,</em></strong></span> <span class='ocrx_word' id='word_1_610' title='bbox 435 5162 549 5217; x_wconf 91' lang='lat' dir='ltr'><strong><em>dies</em></strong></span> <span class='ocrx_word' id='word_1_611' title='bbox 578 5164 736 5219; x_wconf 91' lang='lat' dir='ltr'><strong><em>duos.</em></strong></span> <span class='ocrx_word' id='word_1_612' title='bbox 774 5163 899 5219; x_wconf 85' lang='lat' dir='ltr'><strong><em>Fuit</em></strong></span> <span class='ocrx_word' id='word_1_613' title='bbox 938 5175 1120 5222; x_wconf 89' lang='lat' dir='ltr'><strong><em>autem</em></strong></span> <span class='ocrx_word' id='word_1_614' title='bbox 1164 5174 1491 5243; x_wconf 89' lang='lat' dir='ltr'><strong><em>temporibus</em></strong></span> <span class='ocrx_word' id='word_1_615' title='bbox 1539 5176 1758 5247; x_wconf 88' lang='lat' dir='ltr'><strong><em>Trajani</em></strong></span> 
     </span>
    </p>
   </div>
   <div class='ocr_carea' id='block_1_82' title="bbox 88 5251 1757 5345">
    <p class='ocr_par' dir='ltr' id='par_1_82' title="bbox 88 5251 1757 5345">
     <span class='ocr_line' id='line_1_82' title="bbox 88 5251 1757 5345; baseline 0.013 -43"><span class='ocrx_word' id='word_1_616' title='bbox 88 5265 352 5324; x_wconf 73' lang='lat' dir='ltr'><strong><em>usque</em></strong></span> <span class='ocrx_word' id='word_1_617' title='bbox 395 5251 461 5304; x_wconf 88' lang='lat' dir='ltr'><strong><em>ad</em></strong></span> <span class='ocrx_word' id='word_1_618' title='bbox 508 5251 791 5308; x_wconf 85' lang='lat' dir='ltr'><strong><em>llelianum</em></strong></span> <span class='ocrx_word' id='word_1_619' title='bbox 821 5264 878 5310; x_wconf 88' lang='lat' dir='ltr'><strong><em>et</em></strong></span> <span class='ocrx_word' id='word_1_620' title='bbox 920 5256 1192 5316; x_wconf 87' lang='lat' dir='ltr'><strong><em>Veterem.</em></strong></span> <span class='ocrx_word' id='word_1_621' title='bbox 1237 5262 1335 5320; x_wconf 87' lang='lat' dir='ltr'><strong><em>Hic</em></strong></span> <span class='ocrx_word' id='word_1_622' title='bbox 1372 5272 1638 5345; x_wconf 86' lang='lat' dir='ltr'><strong><em>martyrio</em></strong></span> <span class='ocrx_word' id='word_1_623' title='bbox 1662 5285 1757 5326; x_wconf 91' lang='lat' dir='ltr'><strong><em>co-</em></strong></span> 
     </span>
    </p>
   </div>
   <div class='ocr_carea' id='block_1_83' title="bbox 84 5341 1758 5422">
    <p class='ocr_par' dir='ltr' id='par_1_83' title="bbox 84 5341 1758 5422">
     <span class='ocr_line' id='line_1_83' title="bbox 84 5341 1758 5422; baseline 0.014 -32"><span class='ocrx_word' id='word_1_624' title='bbox 84 5360 292 5406; x_wconf 70' lang='grc' dir='ltr'>ι-οιιυ</span> <span class='ocrx_word' id='word_1_625' title='bbox 311 5347 404 5392; x_wconf 85' lang='lat' dir='ltr'><strong><em>tur</em></strong></span> <span class='ocrx_word' id='word_1_626' title='bbox 427 5355 454 5392; x_wconf 91' lang='lat' dir='ltr'><strong><em>v</em></strong></span> <span class='ocrx_word' id='word_1_627' title='bbox 480 5341 656 5400; x_wconf 84' lang='lat' dir='ltr'><strong><em>Nonas</em></strong></span> <span class='ocrx_word' id='word_1_628' title='bbox 688 5342 830 5399; x_wconf 79' lang='lat' dir='ltr'><strong><em>Maii.</em></strong></span> <span class='ocrx_word' id='word_1_629' title='bbox 882 5344 982 5400; x_wconf 87' lang='lat' dir='ltr'><strong><em>llic</em></strong></span> <span class='ocrx_word' id='word_1_630' title='bbox 1011 5352 1271 5422; x_wconf 78' lang='lat' dir='ltr'><strong><em>pnncepit</em></strong></span> <span class='ocrx_word' id='word_1_631' title='bbox 1294 5354 1360 5412; x_wconf 86' lang='lat' dir='ltr'><strong><em>de</em></strong></span> <span class='ocrx_word' id='word_1_632' title='bbox 1385 5341 1758 5419; x_wconf 66' lang='lat' dir='ltr'><strong><em>sacci-dotibus</em></strong></span> 
     </span>
    </p>
   </div>
   <div class='ocr_carea' id='block_1_84' title="bbox 78 5433 2962 5529">
    <p class='ocr_par' dir='ltr' id='par_1_84' title="bbox 78 5433 2962 5529">
     <span class='ocr_line' id='line_1_84' title="bbox 78 5433 2962 5529; baseline 0.008 -34"><span class='ocrx_word' id='word_1_633' title='bbox 78 5450 253 5497; x_wconf 79' lang='lat' dir='ltr'><strong><em>nan</em></strong></span> <span class='ocrx_word' id='word_1_634' title='bbox 310 5433 590 5529; x_wconf 46' lang='lat' dir='ltr'><strong><em>f’exattdis,</em></strong></span> <span class='ocrx_word' id='word_1_635' title='bbox 642 5444 740 5487; x_wconf 90' lang='lat' dir='ltr'><strong><em>ant</em></strong></span> <span class='ocrx_word' id='word_1_636' title='bbox 771 5434 1105 5529; x_wconf 35' lang='lat' dir='ltr'><strong><em>scriptishab</em></strong></span> <span class='ocrx_word' id='word_1_637' title='bbox 1142 5441 1223 5496; x_wconf 89' lang='lat' dir='ltr'><strong><em>eis</em></strong></span> <span class='ocrx_word' id='word_1_638' title='bbox 1255 5443 1305 5498; x_wconf 89' lang='lat' dir='ltr'><strong><em>vi</em></strong></span> <span class='ocrx_word' id='word_1_639' title='bbox 1347 5455 1441 5501; x_wconf 88' lang='lat' dir='ltr'><strong><em>aut</em></strong></span> <span class='ocrx_word' id='word_1_640' title='bbox 1469 5463 1620 5508; x_wconf 88' lang='lat' dir='ltr'><strong><em>metu</em></strong></span> <span class='ocrx_word' id='word_1_641' title='bbox 1666 5455 1760 5504; x_wconf 87' lang='lat' dir='ltr'><strong><em>aut</em></strong></span> <span class='ocrx_word' id='word_1_642' title='bbox 2391 5458 2566 5526; x_wconf 79' lang='lat' dir='ltr'><strong><em>(.tnno</em></strong></span> <span class='ocrx_word' id='word_1_643' title='bbox 2589 5458 2785 5514; x_wconf 82' lang='lat' dir='ltr'><strong><em>Christi</em></strong></span> <span class='ocrx_word' id='word_1_644' title='bbox 2818 5463 2962 5529; x_wconf 64' lang='grc' dir='ltr'><strong><em>ΜΞ.)</em></strong></span> 
     </span>
    </p>
   </div>
   <div class='ocr_carea' id='block_1_85' title="bbox 78 5519 2995 5618">
    <p class='ocr_par' dir='ltr' id='par_1_85' title="bbox 78 5519 2995 5618">
     <span class='ocr_line' id='line_1_85' title="bbox 78 5519 2995 5618; baseline 0.004 -32"><span class='ocrx_word' id='word_1_645' title='bbox 78 5519 371 5588; x_wconf 78' lang='lat' dir='ltr'><strong><em>fraude</em></strong></span> <span class='ocrx_word' id='word_1_646' title='bbox 407 5520 575 5618; x_wconf 82' lang='lat' dir='ltr'><strong><em>aliqua</em></strong></span> <span class='ocrx_word' id='word_1_647' title='bbox 618 5540 734 5580; x_wconf 90' lang='lat' dir='ltr'><strong><em>non</em></strong></span> <span class='ocrx_word' id='word_1_648' title='bbox 772 5526 1073 5618; x_wconf 62' lang='lat' dir='ltr'><strong><em>exigendis.</em></strong></span> <span class='ocrx_word' id='word_1_649' title='bbox 1105 5530 1179 5587; x_wconf 88' lang='lat' dir='ltr'><strong><em>ita</em></strong></span> <span class='ocrx_word' id='word_1_650' title='bbox 1209 5534 1396 5594; x_wconf 88' lang='lat' dir='ltr'><strong><em>dicens</em></strong></span> <span class='ocrx_word' id='word_1_651' title='bbox 1423 5539 1478 5595; x_wconf 92' lang='lat' dir='ltr'><strong><em>in</em></strong></span> <span class='ocrx_word' id='word_1_652' title='bbox 1510 5539 1758 5614; x_wconf 85' lang='lat' dir='ltr'><strong><em>epistola,</em></strong></span> <span class='ocrx_word' id='word_1_653' title='bbox 1943 5542 2330 5618; x_wconf 83' lang='lat' dir='ltr'><strong><em>Telesphorus,</em></strong></span> <span class='ocrx_word' id='word_1_654' title='bbox 2389 5519 2611 5609; x_wconf 80' lang='lat' dir='ltr'><strong><em>natione</em></strong></span> <span class='ocrx_word' id='word_1_655' title='bbox 2659 5550 2882 5605; x_wconf 63' lang='lat' dir='ltr'><strong><em>Gl‘mmle</em></strong></span> <span class='ocrx_word' id='word_1_656' title='bbox 2948 5519 2995 5588; x_wconf 54' lang='grc' dir='ltr'><strong>Ἀ</strong></span> 
     </span>
    </p>
   </div>
   <div class='ocr_carea' id='block_1_86' title="bbox 77 5615 2491 5720">
    <p class='ocr_par' dir='ltr' id='par_1_86' title="bbox 77 5615 2491 5714">
     <span class='ocr_line' id='line_1_86' title="bbox 77 5615 2491 5714; baseline 0.008 -52"><span class='ocrx_word' id='word_1_657' title='bbox 77 5627 345 5714; x_wconf 44' lang='lat' dir='ltr'><strong><em>quia&quot;)</em></strong></span> <span class='ocrx_word' id='word_1_658' title='bbox 393 5615 637 5712; x_wconf 80' lang='lat' dir='ltr'><strong><em>omnibus</em></strong></span> <span class='ocrx_word' id='word_1_659' title='bbox 692 5616 1005 5671; x_wconf 82' lang='lat' dir='ltr'><strong><em>orthodoxis</em></strong></span> <span class='ocrx_word' id='word_1_660' title='bbox 1050 5623 1325 5695; x_wconf 71' lang='lat' dir='ltr'><strong><em>episcopis</em></strong></span> <span class='ocrx_word' id='word_1_661' title='bbox 1371 5644 1466 5700; x_wconf 65' lang='lat' dir='ltr'><strong><em>per</em></strong></span> <span class='ocrx_word' id='word_1_662' title='bbox 1517 5635 1760 5691; x_wconf 66' lang='lat' dir='ltr'><strong><em>diversas</em></strong></span> <span class='ocrx_word' id='word_1_663' title='bbox 1865 5637 2011 5694; x_wconf 60' lang='lat' dir='ltr'><strong><em>sedi;</em></strong></span> <span class='ocrx_word' id='word_1_664' title='bbox 2032 5615 2208 5700; x_wconf 40' lang='lat' dir='ltr'><strong><em>aII—nos</em></strong></span> <span class='ocrx_word' id='word_1_665' title='bbox 2232 5632 2491 5698; x_wconf 54' lang='lat' dir='ltr'><strong><em>undp&#39;ntm</em></strong></span> 
     </span>
    </p>
   </div>
   <div class='ocr_carea' id='block_1_87' title="bbox 2345 3264 2929 3339">
    <p class='ocr_par' dir='ltr' id='par_1_87' title="bbox 2345 3264 2929 3339">
     <span class='ocr_line' id='line_1_87' title="bbox 2345 3264 2929 3339; baseline 0.014 -22"><span class='ocrx_word' id='word_1_666' title='bbox 2345 3264 2449 3337; x_wconf 78' lang='lat' dir='ltr'><strong><em>(Au</em></strong></span> <span class='ocrx_word' id='word_1_667' title='bbox 2491 3284 2518 3320; x_wconf 93' lang='grc' dir='ltr'><strong><em>ο</em></strong></span> <span class='ocrx_word' id='word_1_668' title='bbox 2557 3265 2751 3322; x_wconf 85' lang='lat' dir='ltr'><strong><em>Christi</em></strong></span> <span class='ocrx_word' id='word_1_669' title='bbox 2782 3268 2929 3339; x_wconf 76' lang='lat' dir='ltr'><strong><em>I32.)</em></strong></span> 
     </span>
    </p>
   </div>
   <div class='ocr_carea' id='block_1_88' title="bbox 1915 3353 3429 3432">
    <p class='ocr_par' dir='ltr' id='par_1_88' title="bbox 1915 3353 3429 3432">
     <span class='ocr_line' id='line_1_88' title="bbox 1915 3353 3429 3432; baseline 0.009 -22"><span class='ocrx_word' id='word_1_670' title='bbox 1915 3353 2122 3419; x_wconf 77' lang='lat' dir='ltr'><strong><em>Sixtus,</em></strong></span> <span class='ocrx_word' id='word_1_671' title='bbox 2165 3356 2382 3412; x_wconf 84' lang='lat' dir='ltr'><strong><em>natione</em></strong></span> <span class='ocrx_word' id='word_1_672' title='bbox 2428 3358 2721 3425; x_wconf 79' lang='lat' dir='ltr'><strong><em>Romanus,</em></strong></span> <span class='ocrx_word' id='word_1_673' title='bbox 2772 3376 2839 3415; x_wconf 77' lang='lat' dir='ltr'><strong><em>ex</em></strong></span> <span class='ocrx_word' id='word_1_674' title='bbox 2887 3373 3042 3431; x_wconf 86' lang='lat' dir='ltr'><strong><em>patre</em></strong></span> <span class='ocrx_word' id='word_1_675' title='bbox 3089 3362 3429 3432; x_wconf 82' lang='lat' dir='ltr'><strong><em>Pastore,de</em></strong></span> 
     </span>
    </p>
   </div>
   <div class='ocr_carea' id='block_1_89' title="bbox 1848 3445 3426 3526">
    <p class='ocr_par' dir='ltr' id='par_1_89' title="bbox 1848 3445 3426 3526">
     <span class='ocr_line' id='line_1_89' title="bbox 1848 3445 3426 3526; baseline 0.011 -28"><span class='ocrx_word' id='word_1_676' title='bbox 1848 3445 2066 3515; x_wconf 80' lang='lat' dir='ltr'><strong><em>regione</em></strong></span> <span class='ocrx_word' id='word_1_677' title='bbox 2091 3446 2187 3501; x_wconf 81' lang='lat' dir='ltr'><strong><em>Via</em></strong></span> <span class='ocrx_word' id='word_1_678' title='bbox 2225 3446 2354 3512; x_wconf 81' lang='lat' dir='ltr'><strong><em>lata,</em></strong></span> <span class='ocrx_word' id='word_1_679' title='bbox 2398 3449 2539 3504; x_wconf 86' lang='lat' dir='ltr'><strong><em>sedit</em></strong></span> <span class='ocrx_word' id='word_1_680' title='bbox 2573 3467 2742 3506; x_wconf 82' lang='lat' dir='ltr'><strong><em>annos</em></strong></span> <span class='ocrx_word' id='word_1_681' title='bbox 2778 3453 2983 3520; x_wconf 86' lang='lat' dir='ltr'><strong><em>decem,</em></strong></span> <span class='ocrx_word' id='word_1_682' title='bbox 3032 3471 3244 3513; x_wconf 86' lang='lat' dir='ltr'><strong><em>menses</em></strong></span> <span class='ocrx_word' id='word_1_683' title='bbox 3272 3459 3426 3526; x_wconf 90' lang='lat' dir='ltr'><strong><em>duos,</em></strong></span> 
     </span>
    </p>
   </div>
   <div class='ocr_carea' id='block_1_90' title="bbox 1847 3528 3431 3625">
    <p class='ocr_par' dir='ltr' id='par_1_90' title="bbox 1847 3528 3431 3625">
     <span class='ocr_line' id='line_1_90' title="bbox 1847 3528 3431 3625; baseline 0.011 -34"><span class='ocrx_word' id='word_1_684' title='bbox 1847 3538 1989 3592; x_wconf 87' lang='lat' dir='ltr'><strong><em>diem</em></strong></span> <span class='ocrx_word' id='word_1_685' title='bbox 2020 3554 2204 3593; x_wconf 88' lang='lat' dir='ltr'><strong><em>unum.</em></strong></span> <span class='ocrx_word' id='word_1_686' title='bbox 2236 3528 2359 3595; x_wconf 79' lang='lat' dir='ltr'><strong><em>Fuit</em></strong></span> <span class='ocrx_word' id='word_1_687' title='bbox 2382 3551 2562 3597; x_wconf 85' lang='lat' dir='ltr'><strong><em>autem</em></strong></span> <span class='ocrx_word' id='word_1_688' title='bbox 2612 3546 2943 3615; x_wconf 83' lang='lat' dir='ltr'><strong><em>temporibus</em></strong></span> <span class='ocrx_word' id='word_1_689' title='bbox 2969 3548 3227 3617; x_wconf 81' lang='lat' dir='ltr'><strong><em>Adriani,</em></strong></span> <span class='ocrx_word' id='word_1_690' title='bbox 3257 3568 3431 3625; x_wconf 85' lang='lat' dir='ltr'><strong><em>usque</em></strong></span> 
     </span>
    </p>
   </div>
   <div class='ocr_carea' id='block_1_91' title="bbox 1848 3627 3430 3715">
    <p class='ocr_par' dir='ltr' id='par_1_91' title="bbox 1848 3627 3430 3715">
     <span class='ocr_line' id='line_1_91' title="bbox 1848 3627 3430 3715; baseline 0.012 -34"><span class='ocrx_word' id='word_1_691' title='bbox 1848 3629 1915 3683; x_wconf 86' lang='lat' dir='ltr'><strong><em>ad</em></strong></span> <span class='ocrx_word' id='word_1_692' title='bbox 1949 3627 2146 3684; x_wconf 79' lang='lat' dir='ltr'><strong><em>Verum</em></strong></span> <span class='ocrx_word' id='word_1_693' title='bbox 2195 3638 2251 3685; x_wconf 91' lang='lat' dir='ltr'><strong><em>et</em></strong></span> <span class='ocrx_word' id='word_1_694' title='bbox 2286 3631 2648 3688; x_wconf 85' lang='lat' dir='ltr'><strong><em>Anniculum:</em></strong></span> <span class='ocrx_word' id='word_1_695' title='bbox 2706 3638 2806 3693; x_wconf 82' lang='lat' dir='ltr'><strong><em>sub</em></strong></span> <span class='ocrx_word' id='word_1_696' title='bbox 2835 3639 3030 3707; x_wconf 87' lang='lat' dir='ltr'><strong><em>quibus</em></strong></span> <span class='ocrx_word' id='word_1_697' title='bbox 3082 3652 3136 3696; x_wconf 92' lang='lat' dir='ltr'><strong><em>et</em></strong></span> <span class='ocrx_word' id='word_1_698' title='bbox 3168 3645 3430 3715; x_wconf 81' lang='lat' dir='ltr'><strong><em>martyrio</em></strong></span> 
     </span>
    </p>
   </div>
   <div class='ocr_carea' id='block_1_92' title="bbox 1849 3721 3433 3796">
    <p class='ocr_par' dir='ltr' id='par_1_92' title="bbox 1849 3721 3433 3796">
     <span class='ocr_line' id='line_1_92' title="bbox 1849 3721 3433 3796; baseline 0.013 -24"><span class='ocrx_word' id='word_1_699' title='bbox 1849 3729 2140 3775; x_wconf 88' lang='lat' dir='ltr'><strong><em>coronatur</em></strong></span> <span class='ocrx_word' id='word_1_700' title='bbox 2198 3736 2259 3777; x_wconf 89' lang='lat' dir='ltr'><strong><em>nt</em></strong></span> <span class='ocrx_word' id='word_1_701' title='bbox 2325 3721 2462 3778; x_wconf 76' lang='lat' dir='ltr'><strong><em>Non.</em></strong></span> <span class='ocrx_word' id='word_1_702' title='bbox 2516 3724 2735 3796; x_wconf 83' lang='lat' dir='ltr'><strong><em>Aprilis.</em></strong></span> <span class='ocrx_word' id='word_1_703' title='bbox 2788 3726 2888 3786; x_wconf 87' lang='lat' dir='ltr'><strong><em>llic</em></strong></span> <span class='ocrx_word' id='word_1_704' title='bbox 2941 3730 2995 3786; x_wconf 90' lang='lat' dir='ltr'><strong><em>in</em></strong></span> <span class='ocrx_word' id='word_1_705' title='bbox 3048 3733 3281 3791; x_wconf 89' lang='lat' dir='ltr'><strong><em>decretis</em></strong></span> <span class='ocrx_word' id='word_1_706' title='bbox 3320 3738 3433 3792; x_wconf 84' lang='lat' dir='ltr'><strong><em>suis</em></strong></span> 
     </span>
    </p>
   </div>
   <div class='ocr_carea' id='block_1_93' title="bbox 1850 3804 3435 3898">
    <p class='ocr_par' dir='ltr' id='par_1_93' title="bbox 1850 3804 3435 3898">
     <span class='ocr_line' id='line_1_93' title="bbox 1850 3804 3435 3898; baseline 0.015 -36"><span class='ocrx_word' id='word_1_707' title='bbox 1850 3811 2119 3865; x_wconf 89' lang='lat' dir='ltr'><strong><em>monendo</em></strong></span> <span class='ocrx_word' id='word_1_708' title='bbox 2177 3813 2431 3885; x_wconf 67' lang='lat' dir='ltr'><strong><em>praecepit</em></strong></span> <span class='ocrx_word' id='word_1_709' title='bbox 2484 3816 2642 3872; x_wconf 83' lang='lat' dir='ltr'><strong><em>[idem</em></strong></span> <span class='ocrx_word' id='word_1_710' title='bbox 2698 3804 2919 3889; x_wconf 87' lang='lat' dir='ltr'><strong><em>rectam,</em></strong></span> <span class='ocrx_word' id='word_1_711' title='bbox 2971 3832 3028 3879; x_wconf 90' lang='lat' dir='ltr'><strong><em>et</em></strong></span> <span class='ocrx_word' id='word_1_712' title='bbox 3075 3825 3143 3880; x_wconf 86' lang='lat' dir='ltr'><strong><em>ab</em></strong></span> <span class='ocrx_word' id='word_1_713' title='bbox 3178 3830 3435 3898; x_wconf 85' lang='lat' dir='ltr'><strong><em>apostolis</em></strong></span> 
     </span>
    </p>
   </div>
   <div class='ocr_carea' id='block_1_94' title="bbox 1851 3901 3434 3990">
    <p class='ocr_par' dir='ltr' id='par_1_94' title="bbox 1851 3901 3434 3990">
     <span class='ocr_line' id='line_1_94' title="bbox 1851 3901 3434 3990; baseline 0.015 -35"><span class='ocrx_word' id='word_1_714' title='bbox 1851 3901 2104 3956; x_wconf 85' lang='lat' dir='ltr'><strong><em>traditam</em></strong></span> <span class='ocrx_word' id='word_1_715' title='bbox 2158 3904 2449 3987; x_wconf 74' lang='lat' dir='ltr'><strong><em>inconcuse</em></strong></span> <span class='ocrx_word' id='word_1_716' title='bbox 2490 3909 2843 3981; x_wconf 85' lang='lat' dir='ltr'><strong><em>servandam,</em></strong></span> <span class='ocrx_word' id='word_1_717' title='bbox 2900 3916 3004 3984; x_wconf 83' lang='lat' dir='ltr'><strong><em>qua</em></strong></span> <span class='ocrx_word' id='word_1_718' title='bbox 3063 3925 3117 3972; x_wconf 88' lang='lat' dir='ltr'><strong><em>et</em></strong></span> <span class='ocrx_word' id='word_1_719' title='bbox 3166 3920 3279 3990; x_wconf 88' lang='lat' dir='ltr'><strong><em>ipse</em></strong></span> <span class='ocrx_word' id='word_1_720' title='bbox 3333 3937 3434 3978; x_wconf 88' lang='lat' dir='ltr'><strong><em>nos</em></strong></span> 
     </span>
    </p>
   </div>
   <div class='ocr_carea' id='block_1_95' title="bbox 1851 3993 3432 4086">
    <p class='ocr_par' dir='ltr' id='par_1_95' title="bbox 1851 3993 3432 4086">
     <span class='ocr_line' id='line_1_95' title="bbox 1851 3993 3432 4086; baseline 0.014 -39"><span class='ocrx_word' id='word_1_721' title='bbox 1851 3993 2138 4048; x_wconf 86' lang='lat' dir='ltr'><strong><em>scribendo</em></strong></span> <span class='ocrx_word' id='word_1_722' title='bbox 2180 3993 2434 4052; x_wconf 82' lang='lat' dir='ltr'><strong><em>instruxit</em></strong></span> <span class='ocrx_word' id='word_1_723' title='bbox 2480 3998 2649 4069; x_wconf 83' lang='lat' dir='ltr'><strong><em>(epist.</em></strong></span> <span class='ocrx_word' id='word_1_724' title='bbox 2689 4002 2741 4069; x_wconf 83' lang='grc'><strong>1,</strong></span> <span class='ocrx_word' id='word_1_725' title='bbox 2798 4005 2867 4058; x_wconf 87' lang='lat' dir='ltr'><strong><em>ad</em></strong></span> <span class='ocrx_word' id='word_1_726' title='bbox 2909 4023 3086 4062; x_wconf 88' lang='lat' dir='ltr'><strong><em>omnes</em></strong></span> <span class='ocrx_word' id='word_1_727' title='bbox 3125 4013 3432 4086; x_wconf 83' lang='lat' dir='ltr'><strong><em>episcopos).</em></strong></span> 
     </span>
    </p>
   </div>
   <div class='ocr_carea' id='block_1_96' title="bbox 1851 4085 3437 4170">
    <p class='ocr_par' dir='ltr' id='par_1_96' title="bbox 1851 4085 3437 4170">
     <span class='ocr_line' id='line_1_96' title="bbox 1851 4085 3437 4170; baseline 0.012 -29"><span class='ocrx_word' id='word_1_728' title='bbox 1851 4085 2116 4157; x_wconf 62' lang='lat' dir='ltr'><strong><em>Praecepit</em></strong></span> <span class='ocrx_word' id='word_1_729' title='bbox 2160 4087 2322 4144; x_wconf 88' lang='lat' dir='ltr'><strong><em>etiam</em></strong></span> <span class='ocrx_word' id='word_1_730' title='bbox 2360 4091 2530 4162; x_wconf 81' lang='lat' dir='ltr'><strong><em>(epist.</em></strong></span> <span class='ocrx_word' id='word_1_731' title='bbox 2558 4093 2593 4148; x_wconf 87' lang='lat'><strong><em>2</em></strong></span> <span class='ocrx_word' id='word_1_732' title='bbox 2625 4095 2694 4148; x_wconf 92' lang='lat' dir='ltr'><strong><em>ad</em></strong></span> <span class='ocrx_word' id='word_1_733' title='bbox 2724 4113 2898 4151; x_wconf 87' lang='lat' dir='ltr'><strong><em>omnes</em></strong></span> <span class='ocrx_word' id='word_1_734' title='bbox 2927 4100 3213 4170; x_wconf 82' lang='lat' dir='ltr'><strong><em>episcopos.</em></strong></span> <span class='ocrx_word' id='word_1_735' title='bbox 3248 4133 3315 4143; x_wconf 89' lang='lat'>—</span> <span class='ocrx_word' id='word_1_736' title='bbox 3360 4085 3437 4160; x_wconf 84' lang='lat' dir='ltr'><strong><em>De</em></strong></span> 
     </span>
    </p>
   </div>
   <div class='ocr_carea' id='block_1_97' title="bbox 1852 4176 3435 4265">
    <p class='ocr_par' dir='ltr' id='par_1_97' title="bbox 1852 4176 3435 4265">
     <span class='ocr_line' id='line_1_97' title="bbox 1852 4176 3435 4265; baseline 0.011 -31"><span class='ocrx_word' id='word_1_737' title='bbox 1852 4176 2018 4234; x_wconf 88' lang='lat' dir='ltr'><strong><em>Cous.</em></strong></span> <span class='ocrx_word' id='word_1_738' title='bbox 2054 4180 2180 4234; x_wconf 86' lang='lat' dir='ltr'><strong><em>dist.</em></strong></span> <span class='ocrx_word' id='word_1_739' title='bbox 2228 4181 2313 4247; x_wconf 84' lang='grc'><strong><em>15,</em></strong></span> <span class='ocrx_word' id='word_1_740' title='bbox 2350 4181 2417 4237; x_wconf 85' lang='grc' dir='ltr'><strong>1η</strong></span> <span class='ocrx_word' id='word_1_741' title='bbox 2458 4196 2661 4239; x_wconf 85' lang='lat' dir='ltr'><strong><em>sancta.</em></strong></span> <span class='ocrx_word' id='word_1_742' title='bbox 2694 4218 2763 4226; x_wconf 90' lang='lat'><strong><em>—-—</em></strong></span> <span class='ocrx_word' id='word_1_743' title='bbox 2786 4188 2841 4253; x_wconf 88' lang='lat'><strong><em>2,</em></strong></span> <span class='ocrx_word' id='word_1_744' title='bbox 2869 4205 2922 4258; x_wconf 76' lang='grc' dir='ltr'><strong><em>(ι.</em></strong></span> <span class='ocrx_word' id='word_1_745' title='bbox 2953 4190 3005 4254; x_wconf 86' lang='lat'><strong><em>6,</em></strong></span> <span class='ocrx_word' id='word_1_746' title='bbox 3039 4209 3087 4246; x_wconf 92' lang='lat' dir='ltr'><strong><em>c.</em></strong></span> <span class='ocrx_word' id='word_1_747' title='bbox 3124 4192 3185 4248; x_wconf 89' lang='lat' dir='ltr'><strong><em>Si</em></strong></span> <span class='ocrx_word' id='word_1_748' title='bbox 3211 4196 3327 4265; x_wconf 88' lang='lat' dir='ltr'><strong><em>quis</em></strong></span> <span class='ocrx_word' id='word_1_749' title='bbox 3350 4214 3435 4252; x_wconf 84' lang='lat' dir='ltr'><strong><em>ve-</em></strong></span> 
     </span>
    </p>
   </div>
   <div class='ocr_carea' id='block_1_98' title="bbox 1852 4269 3438 4353">
    <p class='ocr_par' dir='ltr' id='par_1_98' title="bbox 1852 4269 3438 4353">
     <span class='ocr_line' id='line_1_98' title="bbox 1852 4269 3438 4353; baseline 0.013 -31"><span class='ocrx_word' id='word_1_750' title='bbox 1852 4269 2040 4331; x_wconf 88' lang='lat' dir='ltr'><strong><em>strum)</em></strong></span> <span class='ocrx_word' id='word_1_751' title='bbox 2092 4279 2150 4325; x_wconf 92' lang='lat' dir='ltr'><strong><em>nt</em></strong></span> <span class='ocrx_word' id='word_1_752' title='bbox 2196 4287 2349 4327; x_wconf 87' lang='lat' dir='ltr'><strong><em>saera</em></strong></span> <span class='ocrx_word' id='word_1_753' title='bbox 2381 4288 2506 4328; x_wconf 86' lang='lat' dir='ltr'><strong><em>vasa</em></strong></span> <span class='ocrx_word' id='word_1_754' title='bbox 2538 4290 2644 4330; x_wconf 91' lang='lat' dir='ltr'><strong><em>non</em></strong></span> <span class='ocrx_word' id='word_1_755' title='bbox 2681 4287 3034 4348; x_wconf 85' lang='lat' dir='ltr'><strong><em>tangerentur</em></strong></span> <span class='ocrx_word' id='word_1_756' title='bbox 3080 4283 3182 4337; x_wconf 83' lang='lat' dir='ltr'><strong><em>nisi</em></strong></span> <span class='ocrx_word' id='word_1_757' title='bbox 3237 4287 3304 4341; x_wconf 85' lang='lat' dir='ltr'><strong><em>ab</em></strong></span> <span class='ocrx_word' id='word_1_758' title='bbox 3338 4287 3438 4353; x_wconf 87' lang='lat' dir='ltr'><strong><em>ho-</em></strong></span> 
     </span>
    </p>
   </div>
   <div class='ocr_carea' id='block_1_99' title="bbox 1857 4360 3437 4442">
    <p class='ocr_par' dir='ltr' id='par_1_99' title="bbox 1857 4360 3437 4442">
     <span class='ocr_line' id='line_1_99' title="bbox 1857 4360 3437 4442; baseline 0.013 -29"><span class='ocrx_word' id='word_1_759' title='bbox 1857 4361 2091 4415; x_wconf 89' lang='lat' dir='ltr'><strong><em>minibus</em></strong></span> <span class='ocrx_word' id='word_1_760' title='bbox 2119 4362 2185 4416; x_wconf 87' lang='lat' dir='ltr'><strong><em>ad</em></strong></span> <span class='ocrx_word' id='word_1_761' title='bbox 2208 4363 2308 4418; x_wconf 80' lang='lat' dir='ltr'><strong><em>hoc</em></strong></span> <span class='ocrx_word' id='word_1_762' title='bbox 2329 4360 2559 4418; x_wconf 77' lang='lat' dir='ltr'><strong><em>cilicium</em></strong></span> <span class='ocrx_word' id='word_1_763' title='bbox 2592 4365 2702 4421; x_wconf 91' lang='lat' dir='ltr'><strong><em>Deo</em></strong></span> <span class='ocrx_word' id='word_1_764' title='bbox 2731 4370 2977 4426; x_wconf 87' lang='lat' dir='ltr'><strong><em>sacratis.</em></strong></span> <span class='ocrx_word' id='word_1_765' title='bbox 3007 4372 3104 4429; x_wconf 89' lang='lat' dir='ltr'><strong><em>llic</em></strong></span> <span class='ocrx_word' id='word_1_766' title='bbox 3134 4378 3437 4442; x_wconf 88' lang='lat' dir='ltr'><strong><em>constituit,</em></strong></span> 
     </span>
    </p>
   </div>
   <div class='ocr_carea' id='block_1_100' title="bbox 1857 4452 3438 4538">
    <p class='ocr_par' dir='ltr' id='par_1_100' title="bbox 1857 4452 3438 4538">
     <span class='ocr_line' id='line_1_100' title="bbox 1857 4452 3438 4538; baseline 0.013 -34"><span class='ocrx_word' id='word_1_767' title='bbox 1857 4459 1915 4504; x_wconf 92' lang='lat' dir='ltr'><strong><em>ut</em></strong></span> <span class='ocrx_word' id='word_1_768' title='bbox 1937 4452 2165 4521; x_wconf 87' lang='lat' dir='ltr'><strong><em>quisque</em></strong></span> <span class='ocrx_word' id='word_1_769' title='bbox 2209 4454 2494 4525; x_wconf 86' lang='lat' dir='ltr'><strong><em>episcopus</em></strong></span> <span class='ocrx_word' id='word_1_770' title='bbox 2527 4457 2709 4529; x_wconf 86' lang='lat' dir='ltr'><strong><em>aliqua</em></strong></span> <span class='ocrx_word' id='word_1_771' title='bbox 2747 4460 3076 4521; x_wconf 87' lang='lat' dir='ltr'><strong><em>adversitate</em></strong></span> <span class='ocrx_word' id='word_1_772' title='bbox 3100 4457 3343 4538; x_wconf 84' lang='lat' dir='ltr'><strong><em>pulsatus</em></strong></span> <span class='ocrx_word' id='word_1_773' title='bbox 3371 4471 3438 4524; x_wconf 89' lang='lat' dir='ltr'><strong><em>li-</em></strong></span> 
     </span>
    </p>
   </div>
   <div class='ocr_carea' id='block_1_101' title="bbox 1858 4546 3442 4629">
    <p class='ocr_par' dir='ltr' id='par_1_101' title="bbox 1858 4546 3442 4629">
     <span class='ocr_line' id='line_1_101' title="bbox 1858 4546 3442 4629; baseline 0.011 -29"><span class='ocrx_word' id='word_1_774' title='bbox 1858 4553 2043 4628; x_wconf 86' lang='lat' dir='ltr'><strong><em>center</em></strong></span> <span class='ocrx_word' id='word_1_775' title='bbox 2066 4546 2301 4616; x_wconf 85' lang='lat' dir='ltr'><strong><em>appellet</em></strong></span> <span class='ocrx_word' id='word_1_776' title='bbox 2324 4547 2622 4605; x_wconf 83' lang='lat' dir='ltr'><strong><em>Romanam</em></strong></span> <span class='ocrx_word' id='word_1_777' title='bbox 2652 4559 2708 4607; x_wconf 93' lang='lat' dir='ltr'><strong><em>et</em></strong></span> <span class='ocrx_word' id='word_1_778' title='bbox 2746 4556 3101 4623; x_wconf 86' lang='lat' dir='ltr'><strong><em>apostolicam</em></strong></span> <span class='ocrx_word' id='word_1_779' title='bbox 3137 4561 3354 4629; x_wconf 80' lang='lat' dir='ltr'><strong><em>sedem;</em></strong></span> <span class='ocrx_word' id='word_1_780' title='bbox 3385 4574 3442 4618; x_wconf 91' lang='lat' dir='ltr'><strong><em>et</em></strong></span> 
     </span>
    </p>
   </div>
   <div class='ocr_carea' id='block_1_102' title="bbox 1860 4634 3442 4721">
    <p class='ocr_par' dir='ltr' id='par_1_102' title="bbox 1860 4634 3442 4721">
     <span class='ocr_line' id='line_1_102' title="bbox 1860 4634 3442 4721; baseline 0.011 -32"><span class='ocrx_word' id='word_1_781' title='bbox 1860 4635 1986 4690; x_wconf 91' lang='lat' dir='ltr'><strong><em>illuc</em></strong></span> <span class='ocrx_word' id='word_1_782' title='bbox 2016 4646 2258 4701; x_wconf 88' lang='lat' dir='ltr'><strong><em>vocatus,</em></strong></span> <span class='ocrx_word' id='word_1_783' title='bbox 2309 4634 2495 4693; x_wconf 84' lang='lat' dir='ltr'><strong><em>venire</em></strong></span> <span class='ocrx_word' id='word_1_784' title='bbox 2539 4654 2645 4695; x_wconf 93' lang='lat' dir='ltr'><strong><em>non</em></strong></span> <span class='ocrx_word' id='word_1_785' title='bbox 2675 4652 2903 4698; x_wconf 85' lang='lat' dir='ltr'><strong><em>renuat:</em></strong></span> <span class='ocrx_word' id='word_1_786' title='bbox 2936 4662 3038 4703; x_wconf 90' lang='lat' dir='ltr'><strong><em>nec</em></strong></span> <span class='ocrx_word' id='word_1_787' title='bbox 3086 4648 3211 4703; x_wconf 85' lang='lat' dir='ltr'><strong><em>inde</em></strong></span> <span class='ocrx_word' id='word_1_788' title='bbox 3239 4649 3442 4721; x_wconf 86' lang='lat' dir='ltr'><strong><em>absque</em></strong></span> 
     </span>
    </p>
   </div>
   <div class='ocr_carea' id='block_1_103' title="bbox 1867 4725 3444 4805">
    <p class='ocr_par' dir='ltr' id='par_1_103' title="bbox 1867 4725 3444 4805">
     <span class='ocr_line' id='line_1_103' title="bbox 1867 4725 3444 4805; baseline 0.011 -25"><span class='ocrx_word' id='word_1_789' title='bbox 1867 4725 2177 4796; x_wconf 86' lang='lat' dir='ltr'><strong><em>apostolicis</em></strong></span> <span class='ocrx_word' id='word_1_790' title='bbox 2198 4726 2391 4801; x_wconf 85' lang='lat' dir='ltr'><strong><em>litteris</em></strong></span> <span class='ocrx_word' id='word_1_791' title='bbox 2431 4727 2497 4782; x_wconf 89' lang='lat' dir='ltr'><strong><em>ad</em></strong></span> <span class='ocrx_word' id='word_1_792' title='bbox 2522 4730 2796 4803; x_wconf 86' lang='lat' dir='ltr'><strong><em>propriam</em></strong></span> <span class='ocrx_word' id='word_1_793' title='bbox 2826 4734 3049 4805; x_wconf 90' lang='lat' dir='ltr'><strong><em>redeat;</em></strong></span> <span class='ocrx_word' id='word_1_794' title='bbox 3084 4747 3141 4792; x_wconf 91' lang='lat' dir='ltr'><strong><em>ut</em></strong></span> <span class='ocrx_word' id='word_1_795' title='bbox 3166 4738 3328 4794; x_wconf 79' lang='lat' dir='ltr'><strong><em>vicini</em></strong></span> <span class='ocrx_word' id='word_1_796' title='bbox 3359 4742 3444 4799; x_wconf 86' lang='lat' dir='ltr'><strong><em>sui</em></strong></span> 
     </span>
    </p>
   </div>
   <div class='ocr_carea' id='block_1_104' title="bbox 1862 4817 3448 4901">
    <p class='ocr_par' dir='ltr' id='par_1_104' title="bbox 1862 4817 3448 4901">
     <span class='ocr_line' id='line_1_104' title="bbox 1862 4817 3448 4901; baseline 0.009 -31"><span class='ocrx_word' id='word_1_797' title='bbox 1862 4830 1930 4871; x_wconf 79' lang='lat' dir='ltr'><strong><em>ex</em></strong></span> <span class='ocrx_word' id='word_1_798' title='bbox 1962 4817 2064 4873; x_wconf 91' lang='lat' dir='ltr'><strong><em>hoc</em></strong></span> <span class='ocrx_word' id='word_1_799' title='bbox 2101 4817 2423 4889; x_wconf 87' lang='lat' dir='ltr'><strong><em>intelligant,</em></strong></span> <span class='ocrx_word' id='word_1_800' title='bbox 2487 4818 2720 4890; x_wconf 85' lang='lat' dir='ltr'><strong><em>qualiter</em></strong></span> <span class='ocrx_word' id='word_1_801' title='bbox 2772 4823 2843 4878; x_wconf 91' lang='lat' dir='ltr'><strong><em>ibi</em></strong></span> <span class='ocrx_word' id='word_1_802' title='bbox 2900 4841 3055 4883; x_wconf 88' lang='lat' dir='ltr'><strong><em>snam</em></strong></span> <span class='ocrx_word' id='word_1_803' title='bbox 3110 4826 3448 4901; x_wconf 83' lang='lat' dir='ltr'><strong><em>aliorumque</em></strong></span> 
     </span>
    </p>
   </div>
   <div class='ocr_carea' id='block_1_105' title="bbox 1864 4907 3451 4990">
    <p class='ocr_par' dir='ltr' id='par_1_105' title="bbox 1864 4907 3451 4990">
     <span class='ocr_line' id='line_1_105' title="bbox 1864 4907 3451 4990; baseline 0.01 -29"><span class='ocrx_word' id='word_1_804' title='bbox 1864 4921 2081 4961; x_wconf 87' lang='lat' dir='ltr'><strong><em>causam</em></strong></span> <span class='ocrx_word' id='word_1_805' title='bbox 2131 4907 2350 4963; x_wconf 80' lang='lat' dir='ltr'><strong><em>ﬁnierit.</em></strong></span> <span class='ocrx_word' id='word_1_806' title='bbox 2383 4907 2677 4966; x_wconf 88' lang='lat' dir='ltr'><strong><em>Constituit</em></strong></span> <span class='ocrx_word' id='word_1_807' title='bbox 2723 4912 2909 4981; x_wconf 88' lang='lat' dir='ltr'><strong><em>etiam,</em></strong></span> <span class='ocrx_word' id='word_1_808' title='bbox 2953 4927 3013 4971; x_wconf 92' lang='lat' dir='ltr'><strong><em>ut</em></strong></span> <span class='ocrx_word' id='word_1_809' title='bbox 3042 4931 3201 4973; x_wconf 87' lang='lat' dir='ltr'><strong><em>nemo</em></strong></span> <span class='ocrx_word' id='word_1_810' title='bbox 3243 4920 3451 4990; x_wconf 79' lang='lat' dir='ltr'><strong><em>episco-</em></strong></span> 
     </span>
    </p>
   </div>
   <div class='ocr_carea' id='block_1_106' title="bbox 1863 4996 3455 5086">
    <p class='ocr_par' dir='ltr' id='par_1_106' title="bbox 1863 4996 3455 5086">
     <span class='ocr_line' id='line_1_106' title="bbox 1863 4996 3455 5086; baseline 0.011 -34"><span class='ocrx_word' id='word_1_811' title='bbox 1863 5013 1990 5069; x_wconf 90' lang='lat' dir='ltr'><strong><em>pum</em></strong></span> <span class='ocrx_word' id='word_1_812' title='bbox 2017 4999 2131 5054; x_wconf 87' lang='lat' dir='ltr'><strong><em>suis</em></strong></span> <span class='ocrx_word' id='word_1_813' title='bbox 2164 5002 2324 5057; x_wconf 89' lang='lat' dir='ltr'><strong><em>rebus</em></strong></span> <span class='ocrx_word' id='word_1_814' title='bbox 2350 5004 2636 5076; x_wconf 78' lang='lat' dir='ltr'><strong><em>exspoliet,</em></strong></span> <span class='ocrx_word' id='word_1_815' title='bbox 2672 5012 2766 5058; x_wconf 90' lang='lat' dir='ltr'><strong><em>aut</em></strong></span> <span class='ocrx_word' id='word_1_816' title='bbox 2808 5021 2838 5059; x_wconf 92' lang='lat' dir='ltr'><strong><em>a</em></strong></span> <span class='ocrx_word' id='word_1_817' title='bbox 2865 5013 3083 5082; x_wconf 89' lang='lat' dir='ltr'><strong><em>propria</em></strong></span> <span class='ocrx_word' id='word_1_818' title='bbox 3112 5011 3240 5065; x_wconf 82' lang='lat' dir='ltr'><strong><em>sede</em></strong></span> <span class='ocrx_word' id='word_1_819' title='bbox 3266 4996 3455 5086; x_wconf 42' lang='lat' dir='ltr'><strong><em>caput;</em></strong></span> 
     </span>
    </p>
   </div>
   <div class='ocr_carea' id='block_1_107' title="bbox 1865 5090 3455 5172">
    <p class='ocr_par' dir='ltr' id='par_1_107' title="bbox 1865 5090 3455 5172">
     <span class='ocr_line' id='line_1_107' title="bbox 1865 5090 3455 5172; baseline 0.013 -31"><span class='ocrx_word' id='word_1_820' title='bbox 1865 5102 1986 5142; x_wconf 88' lang='lat' dir='ltr'><strong><em>sum</em></strong></span> <span class='ocrx_word' id='word_1_821' title='bbox 2037 5090 2545 5162; x_wconf 78' lang='lat' dir='ltr'><strong><em>excommunicare,</em></strong></span> <span class='ocrx_word' id='word_1_822' title='bbox 2612 5102 2704 5147; x_wconf 88' lang='lat' dir='ltr'><strong><em>aut</em></strong></span> <span class='ocrx_word' id='word_1_823' title='bbox 2773 5095 3072 5165; x_wconf 72' lang='lat' dir='ltr'><strong><em>diiudicare</em></strong></span> <span class='ocrx_word' id='word_1_824' title='bbox 3141 5117 3455 5172; x_wconf 63' lang='lat' dir='ltr'><strong><em>priesumat.</em></strong></span> 
     </span>
    </p>
   </div>
   <div class='ocr_carea' id='block_1_108' title="bbox 1866 5175 3462 5267">
    <p class='ocr_par' dir='ltr' id='par_1_108' title="bbox 1866 5175 3462 5267">
     <span class='ocr_line' id='line_1_108' title="bbox 1866 5175 3462 5267; baseline 0.015 -36"><span class='ocrx_word' id='word_1_825' title='bbox 1866 5175 1967 5234; x_wconf 85' lang='lat' dir='ltr'><strong><em>Hic</em></strong></span> <span class='ocrx_word' id='word_1_826' title='bbox 2007 5180 2279 5240; x_wconf 78' lang='lat' dir='ltr'><strong><em>‘ordinavit</em></strong></span> <span class='ocrx_word' id='word_1_827' title='bbox 2306 5183 2594 5260; x_wconf 86' lang='lat' dir='ltr'><strong><em>episcopos</em></strong></span> <span class='ocrx_word' id='word_1_828' title='bbox 2622 5192 2875 5254; x_wconf 74' lang='lat' dir='ltr'><strong><em>quatuor.</em></strong></span> <span class='ocrx_word' id='word_1_829' title='bbox 2904 5194 3252 5267; x_wconf 75' lang='lat' dir='ltr'><strong><em>presbyteros</em></strong></span> <span class='ocrx_word' id='word_1_830' title='bbox 3293 5199 3462 5254; x_wconf 85' lang='lat' dir='ltr'><strong><em>unde-</em></strong></span> 
     </span>
    </p>
   </div>
   <div class='ocr_carea' id='block_1_109' title="bbox 1861 5269 2907 5337">
    <p class='ocr_par' dir='ltr' id='par_1_109' title="bbox 1861 5269 2907 5337">
     <span class='ocr_line' id='line_1_109' title="bbox 1861 5269 2907 5337; baseline 0.02 -15"><span class='ocrx_word' id='word_1_831' title='bbox 1861 5269 1994 5337; x_wconf 90' lang='lat' dir='ltr'><strong><em>cim,</em></strong></span> <span class='ocrx_word' id='word_1_832' title='bbox 2020 5272 2279 5332; x_wconf 80' lang='lat' dir='ltr'><strong><em>diaconos</em></strong></span> <span class='ocrx_word' id='word_1_833' title='bbox 2311 5284 2447 5333; x_wconf 89' lang='lat' dir='ltr'><strong><em>tres.</em></strong></span> <span class='ocrx_word' id='word_1_834' title='bbox 2674 5270 2679 5275; x_wconf 63' lang='grc'><strong>’</strong></span> <span class='ocrx_word' id='word_1_835' title='bbox 2903 5300 2907 5305; x_wconf 84' lang='lat'><strong><em>&#39;</em></strong></span> 
     </span>
    </p>
   </div>
   <div class='ocr_carea' id='block_1_110' title="bbox 2231 5367 3099 5434">
    <p class='ocr_par' dir='ltr' id='par_1_110' title="bbox 2231 5367 3099 5434">
     <span class='ocr_line' id='line_1_110' title="bbox 2231 5367 3099 5434; baseline 0.01 -11"><span class='ocrx_word' id='word_1_836' title='bbox 2231 5367 2317 5423; x_wconf 77' lang='lat' dir='ltr'><strong><em>IX.</em></strong></span> <span class='ocrx_word' id='word_1_837' title='bbox 2361 5397 2436 5408; x_wconf 90' lang='lat'><strong><em>——</em></strong></span> <span class='ocrx_word' id='word_1_838' title='bbox 2478 5371 2532 5426; x_wconf 85' lang='lat' dir='ltr'><strong><em>S.</em></strong></span> <span class='ocrx_word' id='word_1_839' title='bbox 2577 5367 3099 5434; x_wconf 69' lang='lat' dir='ltr'><strong><em>TELl‘ZSPllORUS.</em></strong></span> 
     </span>
    </p>
   </div>
  </div>
