3948 5718
507 362 645 418 H63

1207 339 1504 410 arrecto.
1549 352 1640 406 AD
1679 350 1852 406 sec.
1895 349 1987 406 Ix.
2027 379 2097 391 —
2132 348 2504 407 sucronss
2539 350 2704 406 ANNI
2741 339 3036 406 lNCERTl.
3278 339 3354 395 ':

3273 329 3408 350 ~-

3620 339 3745 400 1164

503 477 617 533 suis
647 475 818 545 (epist.
853 487 877 524 ι
911 487 977 522 αα
1007 483 1183 522 υηυιες
1211 463 1498 534 episcopos)
1513 461 1704 517 statuit
1731 457 1979 522 ﬁrmiter,
2019 463 2082 511 ut
2110 462 2156 520 Α
2185 457 2385 514 minico
2431 458 2500 513 ab
2537 459 2787 516 omnibus
2816 455 3138 515 Christianis
3177 470 3393 527 semper
3434 453 3745 512 celebretur.

505 580 695 624 omnes
721 560 903 618 clerici
933 559 986 613 in
1023 566 1224 612 sortem
1263 553 1472 608 Domini
1495 551 1668 608 vocati
1700 557 1906 620 septem
1945 547 2078 602 heb-

506 658 767 716 domadas
797 653 986 724 plenas
1007 661 1134 705 ante
1153 643 1359 703 Pascha
1391 661 1420 700 a
1443 658 1606 701 carne
1625 642 1910 714 jcjnnent:
1943 648 2080 695 etut

507 749 688 806 clerici
717 744 1027 801 nullatenus
1057 741 1223 795 laicos
1269 739 1322 793 in
1352 753 1448 792 sua
1477 735 1781 806 pulsatione
1809 725 1905 786 aut
1923 744 2071 785 accu-

507 841 717 896 satione
769 834 1032 906 recipiant
1087 831 1157 902 (c.
1209 828 1522 892 Statuimus,
1559 826 1685 881 dist.
1717 823 1806 894 4);
1858 822 1998 877 sicut
2025 828 2084 875 et

508 929 608 1000 ipsi
635 928 756 984 laici
777 927 931 996 juxta
959 921 1272 978 saecularem
1316 918 1489 989 legem
1526 915 1752 972 clericos
1782 913 1836 968 in
1860 913 1976 968 suis
1999 911 2069 965 in-

509 1019 892 1077 famationibus
940 1016 1182 1084 recipere
1225 1010 1432 1065 nolunt.
1483 1006 1774 1065 Constituit
1811 1006 2086 1072 etiam,ut

509 1111 564 1165 in
596 1119 785 1164 sancta
815 1113 974 1160 nocte
1001 1100 1310 1157 Nativitatis
1348 1097 1559 1154 Domini
1587 1095 1758 1152 nostri
1788 1093 2089 1150 Salvatoris

509 1203 674 1259 missa
701 1196 1118 1267 celebretur.(de
1147 1192 1329 1257 Cons,
1357 1191 1482 1249 dist.
1512 1190 1564 1254 1,
1589 1203 1638 1244 c.
1665 1187 1833 1244 Nocte
1857 1187 2082 1256 sancta),

511 1302 567 1350 et
587 1293 822 1364 hymnus
849 1286 1147 1358 angelicas,
1178 1284 1231 1340 id
1261 1293 1362 1348 est,
1393 1279 1574 1336 Gloria
1604 1281 1660 1334 in
1705 1278 1924 1334 excelsis
1954 1277 2087 1342 Deo,

511 1382 827 1441 solemniter
859 1381 1198 1436 decantetur.
1252 1373 1494 1444 Reliquis
1519 1380 1698 1427 autem
1734 1369 2089 1440 temporibus,

510 1483 640 1529 ante
663 1473 856 1528 horam
880 1468 986 1524 diei
1011 1466 1224 1522 tertiam
1247 1463 1467 1520 missam
1487 1460 1750 1518 celebrari
1779 1458 2089 1532 prohibuit;

507 1561 640 1632 quia
669 1566 725 1616 et
779 1573 843 1614 ea
897 1557 1030 1612 hora
1080 1553 1339 1610 Dominus
1391 1535 1702 1616 cruciﬁius,
1753 1559 1810 1604 et
1856 1548 2093 1620 Spiritus

513 1659 732 1708 sanctus
765 1661 928 1718 super
956 1642 1227 1715 apostolos
1271 1641 1613 1698 descendisse
1637 1639 1852 1708 legitur.
1886 1639 2095 1694 Praece-

513 1743 593 1814 pit
647 1741 812 1797 etiam
865 1750 1057 1794 omnes
1085 1734 1458 1791 accusationes
1491 1731 1568 1802 (5,
1605 1747 1660 1800 q.
1683 1731 1737 1794 5,
1772 1746 1823 1786 c.
1853 1733 2092 1799 Δίκη),

2181 550 2280 606 llic
2323 551 2596 606 ordinavit
2630 552 2910 624 episcopos
2953 547 3639 620 duodecim,presbytems
3667 565 3750 605 no-

2182 639 2505 706 vemdecim,
2531 640 2785 696 diaconos
2815 639 3004 712 viginti
3022 640 3178 696 duos.

2626 731 2740 788 XII.
2771 762 2841 774 —-
2876 731 2934 789 S.
2962 729 3326 788 ANICETUS.

2675 824 2866 896 (Anno
2902 821 3095 879 Christi
3123 821 3280 893 M8.)

2255 913 2532 980 Anicetus,
2563 914 2781 970 natione
2805 913 2995 986 Syrus,
3021 929 3086 969 ex
3122 922 3277 985 patre
3303 913 3537 980 Joanne,
3564 913 3633 969 de
3652 913 3763 970 vice

2189 1003 2393 1071 Umisa,
2423 1005 2562 1061 sedit
2606 1020 2777 1060 annos
2808 1019 3018 1071 novem,
3057 1019 3273 1060 menses
3315 1014 3449 1070 tres,
3493 1005 3614 1060 dies
3639 1015 3762 1058 tres.

2188 1096 2312 1152 Fuit
2340 1106 2520 1153 autem
2545 1098 2874 1169 temporibus
2904 1097 3087 1153 Severi
3118 1107 3173 1152 et
3195 1096 3382 1161 Marci,
3426 1111 3458 1151 a
3489 1096 3766 1151 consulatu

2189 1189 2450 1246 Gallicani
2490 1200 2545 1246 et
2574 1189 2806 1255 Veteris,
2837 1204 3006 1260 usque
3047 1189 3114 1244 ad
3160 1188 3495 1244 Praesentem
3525 1197 3583 1243 et
3623 1187 3767 1241 [inii-

2193 1297 2342 1336 num.
2377 1281 2474 1336 Hic
2506 1280 2710 1352 Martyr
2729 1281 2863 1337 obiit
2888 1295 2956 1335 xv
2997 1279 3116 1335 Kal.
3155 1279 3300 1334 Maii.
3336 1279 3436 1334 Ilic
3459 1293 3561 1334 sua
3591 1287 3772 1332 auctos

2193 1375 2354 1428 ritate
2383 1375 2640 1444 praecepit
2671 1375 2780 1445 (ep.
2809 1375 2878 1428 ad
2907 1372 3095 1429 Galliae
3124 1375 3283 1445 episc.
3313 1373 3404 1437 66,
3438 1374 3566 1428 dist.
3595 1389 3646 1427 c.
3685 1360 3775 1426 Ar-

2195 1465 2436 1533 chiepisc.
2465 1464 2506 1536 ),
2535 1473 2591 1519 et
2637 1465 2960 1520 auctoritate
3001 1463 3341 1519 decretorum
3373 1462 3622 1518 Anacleti
3653 1477 3774 1516 con-

2196 1553 2396 1619 ﬁrmat,
2430 1570 2499 1610 ne
2536 1554 2731 1624 aliquis
2764 1555 3050 1626 episcopus
3089 1554 3356 1610 ullatenus
3398 1553 3585 1608 minus
3617 1568 3773 1621 quam

2197 1661 2227 1700 a
2261 1647 2438 1702 tribus
2484 1646 2754 1716 episcopis
2794 1654 3162 1712 consecretur,
3219 1655 3273 1702 et
3326 1644 3778 1714 metropolitanus

2199 1735 2487 1806 episcopus
2507 1736 2575 1792 ab
2599 1735 2850 1790 omnibus
2878 1734 3230 1807 suﬁ‘raganeis
3267 1734 3416 1790 sedis
3468 1733 3778 1802 metropolis

515 1848 651 1904 quas
679 1830 862 1888 saeculi
905 1829 1050 1901 leges
1099 1842 1205 1882 non
1243 1826 1556 1889 admittunt,
1589 1822 1656 1878 ad
1685 1822 2088 1877 accusationem
2121 1813 2166 1869 B
2193 1825 2260 1880 ad
2314 1825 2486 1896 ipsam
2555 1825 2735 1881 sedem
2787 1825 3228 1881 convenientibus
3270 1833 3356 1880 εει
3406 1823 3688 1893 ειίεεηειυε
3733 1832 3782 1877 ει

516 1920 941 1980 ecclesiasticam
998 1932 1106 1974 non
1133 1915 1495 1973 admittendas
1522 1927 1662 1969 esse.
1693 1912 1793 1967 Ilic
1822 1910 2094 1966 ordinavit

517 2015 800 2085 episcopos
848 2012 1130 2076 tredecim,
1167 2009 1514 2080 presbyteros
1543 2006 1814 2070 undecim,
1841 2005 2097 2058 diaconos

518 2116 660 2159 octo.

995 2192 1056 2244 x.
1100 2221 1164 2230 -
1205 2189 1262 2245 s.
1306 2175 1628 2244 llYGINUS.

1015 2285 1188 2354 (Auno
1219 2280 1413 2336 Christi
1457 2280 1605 2349 15L)

592 2378 850 2450 Hyginus,
885 2375 1102 2430 natione
1141 2373 1380 2437 Graccus,
1407 2385 1473 2425 ex
1499 2367 1815 2440 philosopho
1843 2366 1909 2421 de
1935 2365 2100 2420 Athe-

523 2488 627 2535 nis,
678 2468 830 2538 cujus
880 2465 1249 2539 genealogiam
1304 2477 1411 2519 non
1473 2459 1679 2526 inveni,
1743 2458 1882 2514 sedit
1929 2472 2102 2513 annos

524 2570 775 2630 quatuor,
824 2573 1040 2615 menses
1063 2566 1194 2616 tres.
1226 2555 1342 2610 dies
1370 2562 1514 2608 octo.
1545 2551 1669 2606 Fuit
1693 2557 1872 2606 autem
1906 2558 2105 2617 tempo-

527 2657 676 2711 ribus
709 2654 897 2709 Severi
929 2651 1101 2724 [Veri]
1128 2660 1183 2705 et
1239 2648 1428 2709 Marci,
1467 2663 1496 2701 a
1529 2645 1810 2702 consulatu
1844 2644 2014 2714 Magni
2045 2651 2099 2698 et

525 2744 794 2800 Camerini
827 2755 995 2812 usque
1031 2741 1096 2795 ad
1134 2739 1366 2795 Orﬁtum
1400 2749 1453 2793 ct
1483 2737 1746 2801 Priscum,
1777 2736 1868 2806 qui
1894 2750 1955 2790 ιιι
1982 2734 2106 2788 ldus

527 2834 768 2889 Januarii
803 2832 1055 2902 migravit
1104 2832 1169 2883 ad
1204 2831 1510 2884 Dominum.
1539 2829 1635 2883 Hic
1659 2827 1962 2896 composuit
1989 2824 2104 2880 Cle-

528 2941 668 2989 rum,
696 2932 751 2978 et
798 2920 1075 2978 distribuit
1129 2920 1346 2988 gradus.
1399 2918 1496 2973 llic
1536 2917 1588 2971 in
1620 2915 1726 2971 ﬁde
1775 2915 1976 2970 Christi
2009 2928 2108 2969 nos

530 3014 786 3072 instruxit
812 3011 996 3068 multis
1021 3019 1077 3066 et
1121 3009 1293 3065 ﬁrmis
1327 3007 1666 3065 documentis
1699 3005 1892 3062 divina:
1921 3003 2110 3075 Scrip-
2197 3068 2199 3070 η

531 3115 687 3171 turea,
737 3102 1046 3166 ostendens,
1106 3116 1204 3155 nec
1239 3099 1454 3154 Patrem
1507 3095 1852 3168 prazcessisse
1911 3093 2106 3150 Filium

530 3206 589 3252 ut
617 3159 791 3266 major
840 3193 913 3249 sit
958 3189 1128 3255 Filio,
1179 3203 1279 3244 nec
1333 3159 1528 3242 Filium
1572 3194 1759 3255 postea
1811 3194 1995 3238 natum
2049 3159 2182 3237 utc

529 3289 732 3344 deitate
761 3283 940 3342 Patris
970 3282 1148 3338 minor
1167 3289 1311 3336 esset
1335 3279 1503 3350 (epist.
1530 3277 1555 3330 1
1583 3275 1652 3329 ad
1681 3291 1854 3329 omnes
1882 3273 2105 3343 ﬁdeles).

533 3379 632 3436 Hic
655 3380 819 3435 etiam
851 3373 1150 3438 constituit,
1167 3381 1226 3426 ut
1252 3370 1429 3426 nullus
1447 3365 1896 3437 metropolitanus
1909 3365 2112 3435 absque

533 3482 853 3528 cmterorum
887 3464 1300 3538 provincialium
1329 3459 1616 3533 praesentia
1657 3458 1961 3528 aliquorum
2017 3473 2112 3512 att-

533 3568 645 3620 iliat
670 3579 864 3620 causas
891 3561 1290 3630 episcoporum,
1312 3554 1437 3626 quia
1459 3553 1538 3609 sic
1570 3560 1704 3606 acta:
1729 3549 1898 3604 irrit-.c
1927 3558 2106 3603 erum.

533 3656 826 3714 Constituit
863 3654 1050 3714 etiam,
1096 3659 1154 3704 ut
1204 3645 1465 3716 Inajorum
1517 3653 1642 3699 natu
1703 3642 2114 3699 criminationes

535 3765 642 3805 non
679 3762 774 3818 per
808 3745 942 3801 alios
974 3743 1124 3807 ﬁant,
1176 3741 1278 3794 nisi
1312 3753 1406 3809 per
1446 3739 1592 3808 ipsos
1631 3737 1721 3806 qui
1763 3737 1992 3791 crimina
2035 3737 2118 3790 iit-

536 3835 852 3906 tendunt(2,
869 3849 924 3903 q.
946 3833 997 3886 7.
1017 3847 1068 3886 c.
1091 3828 1544 3897 Criminationes).
1569 3828 1668 3894 Qui
1698 3828 1858 3881 etiam
1873 3824 2114 3895 peregri~

537 3942 606 3984 na
630 3925 829 3995 judicia
872 3920 1116 3978 habenda
1144 3917 1438 3988 prohibuit.
1473 3915 1570 3971 Hic
1611 3915 1884 3970 ordinavit
1909 3913 2118 3983 episco-

535 4035 635 4090 pos
657 4033 773 4083 sex,
803 4016 1152 4087 presbyteros
1206 4008 1538 4080 quindecim,
1570 4007 1829 4062 diaconos
1858 4005 2114 4074 qui-nque.

1065 4101 1155 4156 XI.
1195 4130 1263 4141 —
1303 4097 1361 4155 S.
1417 4096 1593 4152 PIUS.

1041 4190 1212 4262 (Anno
1243 4186 1434 4244 Christi
1471 4185 1618 4254 158.)

617 4288 760 4353 Pius,
797 4284 1012 4339 natione
1041 4280 1225 4346 Italus,
1274 4295 1340 4337 ex
1384 4286 1538 4349 patre
1573 4275 1787 4342 Ruﬁno,
1820 4275 1986 4330 frater
2023 4273 2123 4328 Pa-

541 4376 724 4441 storis,
751 4373 818 4429 de
840 4371 1058 4428 civitate
1085 4367 1356 4440 Aquileia,
1381 4368 1520 4423 sedit
1541 4381 1713 4421 annos
1733 4365 1938 4429 decem,
1972 4378 2124 4420 men-

542 4483 632 4526 ses
672 4450 925 4538 quatuor,
975 4462 1088 4516 dies
1119 4469 1248 4515 tres.
1284 4458 1410 4515 Fuit
1430 4467 1612 4514 autem
1659 4459 1987 4528 temporibus
2011 4457 2121 4511 An-

544 4562 741 4628 tonini,
769 4576 800 4615 a
829 4557 1106 4616 consulatu
1154 4554 1301 4610 Clari
1330 4561 1387 4609 et
1429 4553 1639 4609 Severi.
1670 4552 1776 4620 Qui
1800 4569 1832 4608 v
1858 4549 2124 4606 IdusJulii

545 4654 721 4710 factus
745 4661 830 4708 est
861 4649 927 4705 de
960 4647 1158 4702 medio.
1190 4644 1290 4700 llic
1342 4643 1571 4699 ﬁrmiter
1597 4643 1829 4699 decretis
1856 4642 1969 4697 suis
2015 4651 2128 4697 sta-

547 4745 652 4801 tuit
675 4743 778 4816 (ep.
805 4742 864 4807 2,
893 4739 960 4792 ad
993 4736 1234 4805 Italicos)
1268 4743 1328 4791 ut
1355 4735 1553 4800 omnis,
1581 4733 1674 4804 qui
1703 4732 1904 4804 praedia
1929 4732 2130 4788 divinis

548 4837 734 4892 usibus
760 4831 955 4888 tradita
998 4829 1106 4884 Deo
1133 4826 1478 4890 subtrahere,
1521 4832 1577 4879 et
1601 4823 1716 4878 suis
1743 4822 1929 4878 usibus
1953 4821 2125 4893 appli-

549 4943 679 4984 care
697 4922 1124 4998 praesumpserit,
1155 4919 1454 4990 sacrilegus
1478 4917 1763 4980 habeatur,
1791 4923 1846 4970 et
1867 4922 1925 4968 ut
1949 4915 2123 4970 sacri-

552 5020 702 5090 legus
730 5016 917 5089 procul
939 5015 1102 5070 dubio
1117 5013 1390 5084 iudicetur
1412 5011 1527 5082 (η,
1549 5027 1602 5081 q.
1655 5011 1711 5075 2,
1761 5024 1810 5064 c.
1856 5008 2131 5079 Prtedia):

553 5126 658 5166 nec
684 5126 788 5165 non
821 5117 877 5165 et
909 5109 1077 5171 illum,
1110 5109 1200 5180 qui
1227 5107 1540 5164 sacerdotes
1566 5105 1662 5161 Dei
1691 5105 2016 5174 insequitur,
2038 5120 2129 5160 sa-

557 5199 818 5267 crilegum
860 5211 978 5252 esse
1007 5197 1114 5269 (I7,
1141 5186 1200 5270 'q.
1225 5199 1281 5264 4,
1310 5214 1360 5255 c.
1409 5196 1603 5269 Sicut),
1629 5205 1685 5252 et
1713 5204 1770 5250 ut
1813 5194 2132 5266 sacrilegum

552 5288 904 5360 iudicandum
943 5301 1062 5342 esse
1109 5290 1393 5345 conﬁrmat
1425 5308 1439 5343 :
1480 5290 1605 5359 quia
1634 5302 1795 5344 onmc
1825 5296 2132 5358 peccatum,

559 5377 705 5449 quod
731 5377 786 5432 in
818 5375 985 5430 Deum
1013 5379 1384 5445 committitur,
1415 5380 1632 5450 gravius
1677 5387 1782 5444 est,
1813 5393 1976 5448 quam
2001 5377 2129 5433 illud

563 5469 707 5538 quod
733 5467 797 5521 ﬁt
845 5465 901 5520 in
929 5465 1221 5523 hominem.
1251 5469 1350 5526 llic
1377 5472 1538 5526 etiam
1561 5455 1804 5534 instituit
1829 5474 1933 5542 (ep.
1981 5471 2035 5537 1,
2065 5472 2134 5525 ad

566 5573 740 5611 omnes
767 5554 966 5627 ﬁdeles.
995 5584 1064 5594 —
1091 5557 1154 5609 de
1183 5557 1336 5612 Cons.
1364 5560 1486 5615 dist.
1524 5561 1580 5624 5,
1609 5577 1658 5617 c.
1713 5560 1884 5616 Nosse
1913 5561 2020 5631 vos)
2053 5570 2128 5626 ut,

567 5648 694 5696 auia
721 5645 945 5700 3099108
965 5645 1017 5698 in
1035 5645 1228 5698 habitu
1252 5651 1481 5696 uastari:
1507 5650 1745 5704 Hel-meti
1774 5651 1981 5702 doctori
2010 5651 2133 5702 ﬁdei

2151 4516 2206 4576 D

2197 1918 2614 1973 consecrandus.
2661 1917 2728 1971 Et
2773 1918 2876 1973 hoc
2917 1917 3073 1973 aliter
3105 1917 3305 1972 factum
3359 1918 3572 1972 viribus
3599 1926 3783 1972 carere”

2197 2025 2302 2065 non
2327 2019 2410 2064 est
2437 2010 2700 2074 dubium;
2741 2010 2867 2080 quia
2918 2009 3176 2079 quidquid
3215 2019 3409 2065 centra
3455 2018 3657 2064 statuta
3688 2007 3781 2062 Pa-

2198 2109 2338 2155 trum
2368 2108 2754 2171 praesumptum
2787 2099 2970 2164 fuerit,
3000 2099 3116 2154 sine
3155 2101 3320 2154 dubio
3353 2099 3483 2153 licet
3515 2114 3619 2152 non
3649 2097 3784 2167 apud

2197 2193 2466 2256 homines,
2497 2193 2637 2262 apud
2667 2191 2833 2246 Deum
2867 2200 3046 2244 tamen
3073 2189 3286 2245 irritum
3319 2190 3451 2245 crit.
3492 2187 3783 2244 Constituit

2199 2285 2363 2340 etiam
2411 2285 2572 2356 (ibid.
2617 2298 2667 2339 c.
2710 2283 2765 2349 3,
2804 2283 2856 2349 9,
2887 2299 2940 2353 q.
2975 2282 3027 2347 3,
3076 2298 3126 2337 c.
3168 2279 3226 2336 Si
3277 2293 3476 2345 autem,
3527 2281 3656 2334 dist.
3691 2279 3782 2343 23,

2200 2392 2252 2433 c.
2282 2377 2602 2448 Prohibete)
2661 2386 2720 2433 ut
2772 2376 2950 2431 utullus
3004 2374 3453 2445 metropolitanus
3497 2374 3783 2443 quidquam

2202 2479 2328 2542 agat
2348 2471 2414 2526 de
2443 2470 2623 2526 causis
2660 2467 3120 2539 sull‘raganeorum
3151 2467 3534 2538 episcoporum
3591 2465 3789 2534 absque

2203 2564 2490 2637 praesentia
2535 2571 2593 2618 et
2657 2560 2926 2618 canununi
2989 2575 3174 2615 eorum
3229 2557 3481 2614 consilio.
3529 2556 3789 2624 Praecepit

2204 2660 2389 2719 etiam,
2433 2653 2728 2710 utclericis
2785 2669 2892 2708 non
2948 2653 3102 2707 liceat
3140 2666 3352 2707 comam
3410 2650 3647 2704 nutrire.
3697 2647 3789 2704 Hic

2205 2747 2474 2803 ordinavit
2519 2746 2799 2816 episcopos
2849 2760 3067 2819 novem,
3115 2744 3468 2814 presbyteros
3497 2740 3790 2812 septemde-

2208 2840 2334 2903 cim,
2362 2839 2616 2892 diaconos
2638 2845 2886 2906 quatuor.

2709 2923 2842 2980 XIII.
2873 2957 2940 2966 --
2965 2922 3024 2979 S.
3055 2921 3304 2978 SOTER.

2693 3015 2876 3089 (Anno
2924 3013 3117 3070 Christi
3168 3013 3331 3083 175.)

2282 3109 2459 3173 Soter,
2485 3109 2702 3165 natione
2728 3107 3059 3177 Campanus,
3087 3121 3150 3160 ex
3183 3112 3340 3174 patre
3380 3100 3706 3163 Concordia,
3732 3100 3796 3155 de

2212 3202 2432 3257 civitate
2480 3199 2704 3265 Fundis,
2748 3197 2888 3253 sedit
2940 3210 3109 3250 annos
3161 3209 3378 3259 novem,
3417 3207 3642 3249 menses
3682 3206 3796 3254 sex,

2212 3293 2326 3349 dies
2379 3291 2648 3347 undecim.
2700 3288 2826 3345 Fuit
2885 3297 3061 3341 autem
3123 3283 3462 3354 teniporibus
3515 3282 3728 3347 Severi,
3769 3297 3795 3333 ει

2212 3382 2492 3439 consulatu
2523 3379 2732 3436 Rustici
2777 3387 2834 3434 et
2877 3375 3133 3446 Aquilini,
3174 3389 3348 3444 usque
3401 3372 3472 3427 ad
3502 3371 3800 3441 Cethegum

2211 3482 2266 3528 et
2292 3473 2527 3529 Clarum.
2573 3471 2673 3526 llic
2726 3470 2859 3526 obiit
2918 3484 2947 3521 χ
3004 3466 3125 3522 Kal.
3171 3463 3316 3520 Maii.
3364 3464 3468 3520 llic
3524 3465 3802 3520 constituit

2215 3563 2350 3635 (Ep.
2389 3565 2446 3629 2,
2480 3563 2549 3616 ad
2599 3562 2760 3632 episc.
2813 3558 3016 3628 Italia!)
3057 3567 3116 3612 ut
3157 3556 3304 3611 nulla
3340 3556 3540 3611 mulier
3567 3559 3798 3617 sacrata,

2216 3659 2296 3713 vel
2323 3658 2607 3721 monacha,
2633 3670 2788 3711 sacra
2832 3669 2959 3708 vasa
2993 3652 3074 3707 vel
3114 3660 3359 3707 sacratas
3384 3650 3560 3721 pallas
3589 3651 3799 3707 cautim

2215 3759 2388 3823 geret,
2415 3765 2514 3805 nec
2544 3750 2818 3804 incensum
2864 3746 3004 3802 circa
3031 3744 3200 3799 altare
3230 3743 3490 3800 deferret.
3517 3743 3623 3799 ilic
3665 3743 3801 3797 ordi-

2217 3845 2369 3898 navit
2402 3843 2684 3912 episcopos
2737 3840 3005 3902 undecim,
3073 3838 3422 3908 prcsLytcros
3483 3836 3796 3898 octodecim.

2221 3936 2480 3991 diaconos
2511 3947 2720 3988 novem.

2598 4023 2729 4078 XIV.
2761 4054 2829 4064 —
2855 4022 2912 4078 S.
2953 4020 3468 4079 ELEUTHERIUS.

2706 4113 2890 4184 (Auito
2926 4111 3120 4168 Christi
3159 4112 3326 4182 179.)

2291 4205 2649 4266 Eleutherius,
2693 4205 2910 4258 natione
2953 4200 3192 4268 Graecus,
3247 4218 3312 4258 ex
3360 4211 3520 4272 patre
3542 4200 3802 4265 Abundio,

2224 4294 2290 4352 de
2311 4295 2507 4366 oppido
2545 4293 2809 4365 Nicopoli,
2839 4294 2978 4349 sedit
3019 4309 3191 4347 annos
3224 4293 3567 4362 quindecim,
3603 4306 3804 4348 menses

2229 4395 2360 4453 tres,
2383 4385 2498 4443 dies
2526 4383 2679 4439 duos.
2710 4383 2830 4438 Fuit
2862 4391 3038 4437 autem
3082 4383 3418 4451 temporibus
3460 4383 3723 4438 Antonini
3757 4391 3805 4435 et

2231 4475 2510 4530 Commodi
2540 4487 2712 4544 usque
2740 4473 2807 4528 ad
2847 4473 3134 4528 Paternum
3165 4481 3222 4528 et
3260 4471 3562 4529 Braduam.
3591 4473 3691 4542 Qui
3717 4487 3806 4528 nu

2231 4565 2455 4621 Kalend.
2484 4564 2628 4620 Junii
2661 4563 2818 4620 obiit.
2857 4559 2957 4618 Hic
2997 4563 3208 4633 accepit
3244 4564 3541 4633 epistolam
3587 4582 3619 4620 a
3653 4564 3812 4620 Lucio

2229 4655 2545 4711 Britannico
2574 4668 2718 4725 rege,
2761 4661 2820 4708 ut
2862 4651 3205 4708 Christianus
3235 4651 3556 4709 efﬁceretur
3581 4667 3680 4726 per
3705 4654 3814 4723 eius

2231 4747 2565 4803 mandatum.
2597 4745 2697 4802 Hic
2733 4744 3116 4802 constitutione
3153 4759 3250 4800 sua
3289 4746 3485 4816 (epist.
3535 4749 3608 4801 ad
3637 4745 3816 4802 Gallic

2227 4838 2541 4908 provincias,
2585 4851 2634 4891 c.
2667 4834 2733 4908 1)
2762 4834 3020 4899 ﬁrmavit,
3053 4841 3112 4887 ut
3139 4833 3285 4888 nulla
3313 4837 3638 4892 communis
3675 4852 3814 4898 esca.

2232 4943 2350 4999 qua:
2381 4924 2719 4981 rationabilis
2739 4931 2795 4980 et
2822 4924 3071 4979 humanm
3095 4932 3307 4978 natura:
3329 4940 3647 4996 congruere
3675 4928 3816 4982 vide-

2233 5026 2399 5082 retur,
2434 5032 2464 5071 a
2503 5014 2824 5072 Christianis
2867 5014 3282 5083 repudiaretur;
3321 5023 3382 5068 et
3414 5017 3667 5071 onminm
3709 5015 3816 5086 epi-

2234 5123 2519 5180 scoporum
2547 5105 2820 5163 deﬁnitiva
2855 5105 3144 5167 sententia,
3174 5118 3285 5160 non
3312 5105 3428 5162 nisi
3455 5109 3605 5178 apud
3633 5110 3816 5165 Roma-

2236 5216 2361 5255 nam
2408 5199 2587 5255 sedem
2622 5195 3006 5253 terminaretur
3043 5193 3234 5266 (ibid.,
3266 5210 3320 5250 c.
3369 5197 3458 5270 2),
3493 5200 3817 5271 reliquorum

2236 5305 2364 5346 vero
2391 5288 2712 5345 clericorum
2751 5302 2947 5344 causas
2972 5285 3111 5358 apud
3140 5291 3647 5359 comprovinciales
3666 5292 3820 5347 etiam

2232 5382 2512 5454 episcopos
2555 5379 2697 5434 licite
2742 5378 3126 5432 terminandas.
3170 5376 3317 5432 Idem
3352 5381 3663 5449 put-dctus
3698 5395 3823 5451 papa

2236 5478 2304 5531 de
2345 5469 2775 5527 accusationibus
2829 5470 3202 5539 episcoporum
3254 5469 3406 5526 inter
3447 5483 3653 5528 extera
3704 5471 3828 5528 dicit

2236 5561 2464 5635 (ibid.):
2511 5559 2661 5614 Nihil
2689 5560 2880 5629 absque
2929 5559 3154 5632 legitimo
3195 5569 3241 5614 et
3285 5560 3492 5617 idoneo
3527 5577 3825 5620 aemuler:

2240 5654 2350 5704 ῆαι,
2395 5649 2536 5706 Nam
2565 5663 2612 5708 ει
2641 5651 2899 5706 Dominus
2942 5661 3115 5708 noster
3137 5649 3293 5708 hius
3339 5651 3600 5712 Christus
3635 5657 3826 5710 laden
