3948 5384
159 416 273 472 1163

901 409 1175 470 ιιεκωο
1216 412 1631 470 LUITPBANDI
1667 402 1798 472 Lm.
1838 415 1928 473 ns
1967 399 2143 473 VITIS
2181 394 2351 472 noui
2384 394 2588 475 ebur.

3243 396 3379 475 ne“.

154 542 241 579 non
266 531 331 576 est
373 521 589 590 κύει-ωε,
621 528 668 575 et
707 521 961 592 q’nidquid
988 523 1124 576 inter
1161 524 1424 592 apostolos
1459 526 1580 595 egit,
1610 541 1704 595 pro
1733 529 1782 589 Α
1809 527 1957 584 clero
1978 531 2087 584 sint
2109 528 2335 586 ferendi.
2363 530 2824 587 Constituitetiam
2849 517 3019 605 (epist.
3041 531 3096 599 2,
3124 532 3194 587 ad
3220 534 3378 604 episc.

154 617 375 684 dignitate
416 614 648 681 mysterii
701 623 872 667 ratum
906 614 1095 668 mansit
1142 614 1336 685 (ibid.,
1383 632 1432 670 c.
1485 617 1572 685 5).
1628 617 1702 672 De

152 702 565 759 accusationibus
619 704 1159 773 comprovincialium
1210 706 1281 759 ita
1341 707 1538 777 lcg‘tur
1582 722 1703 762 esse

153 803 437 850 statutum:
457 790 519 846 Si
541 781 658 863 quis
679 809 833 863 super
856 794 1166 863 quibuslibet
1192 797 1499 851 criminibus
1523 814 1705 867 quent-

150 887 250 940 libet
283 885 532 937 Clericum
584 884 901 954 pulsandum
929 890 1172 955 credidit,
1225 892 1279 945 in
1312 893 1604 961 provincia,
1646 894 1703 947 in

148 994 234 1046 qua
254 975 477 1027 consistit
514 974 601 1028 ille
624 977 713 1045 qui
738 978 1000 1045 pulsatur,
1031 995 1155 1032 suas
1188 992 1365 1035 exerat
1389 979 1696 1052 (exerceat)

148 1068 373 1127 actiones,
404 1080 495 1116 nec
520 1065 773 1119 existimet
814 1066 939 1120 alibi
967 1084 1084 1121 eum
1112 1070 1180 1121 ad
1199 1069 1462 1137 judicium
1500 1081 1701 1136 pertrac

148 1155 365 1207 nendum.
398 1152 694 1209 Proditor-is
728 1173 820 1210 nec
867 1157 1155 1224 calumnia,
1185 1176 1277 1213 nec
1305 1177 1403 1213 eoa:
1430 1163 1697 1221 audiatur.

146 1243 230 1297 Hic
251 1242 513 1298 ordinath
543 1245 824 1316 episcopos
846 1248 1176 1317 quindecim,
1199 1253 1546 1322 presbyteros
1575 1253 1702 1321 duo-

145 1333 318 1400 decim,
348 1333 603 1390 diaconos
630 1345 773 1391 octo.

596 1423 710 1479 XV.
752 1456 815 1465 -
845 1425 903 1483 S.
936 1426 1203 1482 VICTOR.

606 1518 786 1588 (Auno
823 1517 1016 1572 Christi
1058 1521 1222 1592 194.)

206 1604 394 1672 Victor,
456 1608 674 1663 natione
743 1609 891 1675 Afer,
945 1627 1010 1666 ex
1081 1622 1234 1681 patre
1299 1614 1499 1679 Felice,
1563 1618 1702 1673 sedit

140 1711 289 1751 annos
308 1697 514 1759 decem,
545 1712 759 1753 menses
791 1700 951 1765 duos,
975 1701 1091 1755 dies
1114 1703 1322 1763 decem.
1358 1706 1481 1760 Fuit
1515 1718 1698 1763 autem

140 1786 453 1855 temporibus
478 1786 708 1842 Caesaris
747 1790 975 1860 Augusti
1009 1794 1290 1859 Antonini,
1321 1797 1411 1865 qui
1444 1807 1497 1852 et
1528 1797 1697 1855 Verus

1802 618 2255 689 Egypt.—-dist.
2296 621 2385 687 83,
2425 636 2476 677 c.
2521 620 2909 693 Ordinationes)
2933 632 2991 677 ut
3018 622 3381 680 ordinationes

1801 712 2240 781 presbyterorum
2288 720 2344 768 et
2390 712 2696 768 Levitarum
2744 727 2985 783 congruo
3020 720 3283 782 tempore,
3326 721 3380 768 et

1803 802 1984 857 multis
2009 800 2255 858 ﬁdelibus
2277 819 2458 859 coram
2481 804 2779 859 astantibus
2807 803 3017 857 ﬁerent.
3041 802 3141 857 Hic
3164 804 3377 859 ordina-

1803 892 1880 946 vit
1920 892 2198 962 episcopos
2247 894 2527 960 tredecim,
2570 882 2915 963 presbyteros
2952 892 3378 963 quatuordccim,

1804 984 2061 1039 diaconos
2086 994 2313 1055 septem.

2204 1076 2364 1133 XVII.
2402 1108 2472 1117 —
2510 1078 2569 1133 S.
2607 1076 2965 1134 CALIXTUS.

2294 1170 2467 1241 (Anno
2501 1169 2695 1225 Christi
2732 1171 2882 1241 221.)
2910 1188 2917 1195 '

1873 1258 2137 1324 Calixtus,
2166 1259 2380 1316 natione
2421 1261 2712 1326 Romanus,
2743 1276 2811 1315 ex
2839 1270 2990 1332 patre
3014 1260 3271 1327 Domitio,
3314 1259 3382 1315 de

1806 1353 2021 1424 regione
2046 1351 2571 1417 Urberavcnnarum,
2594 1353 2731 1409 sedit
2754 1368 2925 1408 annos
2944 1352 3201 1422 quinque,
3230 1365 3382 1406 men-

1802 1459 1890 1498 ses
1925 1444 2080 1508 duos,
2113 1443 2226 1497 dies
2262 1444 2468 1497 decem.
2513 1443 2636 1497 Fuit
2663 1452 2842 1497 autem
2894 1444 3225 1513 temporibus
3272 1442 3384 1498 Ma-

1804 1535 1941 1588 criui
1963 1543 2018 1588 et
2044 1533 2394 1605 lleliogabali,
2426 1550 2456 1589 a
2486 1535 2768 1590 consulatu
2788 1535 3045 1591 Antonini
3073 1543 3130 1591 et
3153 1534 3381 1590 Alexan-

1803 1625 1906 1679 dri.
1936 1624 2035 1679 llic
2060 1623 2129 1679 ab
2154 1623 2459 1679 Alexandro
2491 1625 2819 1694 imperatore
2847 1626 3103 1695 martyrio
3136 1639 3382 1681 consum-

1803 1724 1980 1770 matur
2008 1716 2181 1785 pridie
2219 1715 2339 1771 idus
2376 1710 2643 1773 OctObris.
2682 1717 2781 1773 llic
2820 1718 3099 1775 constituit
3125 1717 3297 1789 (epist.
3326 1718 3380 1787 1,

1803 1804 1871 1859 ad
1901 1804 2096 1860 Beued.
2137 1807 2317 1876 episc.)
2350 1816 2407 1861 ut
2438 1805 2644 1877 jejunia
2696 1816 2926 1877 quatuor
2962 1808 3289 1879 Temporum
3314 1808 3383 1861 ab

137 1877 291 1931 dictus
322 1886 422 1940 est,
461 1893 487 1929 a
529 1879 821 1935 consulatu
864 1880 1145 1938 Commodi
1172 1900 1229 1949 ν,
1276 1894 1331 1940 et
1372 1886 1697 1956 Glabrionis,
1733 1890 1776 1949 Β
1802 1897 2052 1952 onmibus
2076 1897 2398 1954 Christianis
2433 1898 2859 1954 celebrarentur.
2891 1898 2988 1954 llic
3009 1877 3242 1955 decretis
3267 1901 3384 1955 suis

135 1978 285 2036 usque
311 1967 374 2019 ad
402 1966 733 2023 Lateranum
763 1978 818 2025 et
848 1968 1124 2026 Rufinum.
1163 1973 1263 2029 Hic
1304 1980 1565 2049 martyrio
1594 1995 1689 2034 co-

136 2065 339 2112 ronatur
363 2074 397 2112 v
424 2058 654 2114 Kalend.
688 2060 937 2132 Augusti.
974 2063 1073 2119 Hic
1104 2066 1386 2123 constituit
1422 2071 1601 2139 (epist.
1642 2074 1694 2135 l,

131 2150 190 2221 ad
211 2149 426 2221 Theoph.
458 2152 603 2206 Alex.
628 2155 770 2209 —de
793 2156 951 2210 Cons.
978 2157 1101 2214 dist.
1131 2160 1187 2226 5,
1214 2177 1263 2217 c.
1314 2161 1697 2236 Celebritatem)

130 2242 394 2298 utPascha
427 2245 517 2299 die
545 2247 826 2302 Dominico
861 2251 1249 2316 celebraretur,
1282 2256 1424 2311 sicut
1452 2266 1504 2311 et
1545 2260 1696 2327 prius

132 2329 334 2387 fecerat.
366 2334 660 2391 Constituit
684 2339 855 2403 enim,
885 2341 930 2395 si
960 2358 1201 2408 necesse,
1235 2347 1475 2414 periculo
1505 2351 1696 2405 mortis

131 2433 353 2491 urgente,
390 2423 574 2490 fuerit,
622 2438 949 2500 quocunque
984 2440 1245 2503 tempore,
1291 2451 1611 2511 quocunque
1642 2443 1696 2497 in

130 2509 254 2579 loco,
283 2517 554 2584 videlicet,
600 2522 687 2577 vel
730 2523 783 2577 in
825 2526 982 2591 mari,
1013 2528 1092 2597 vel
1141 2532 1195 2584 in
1222 2532 1459 2598 flumine,
1502 2547 1597 2591 aut
1641 2539 1696 2593 in

130 2608 362 2675 fontibus,
392 2617 693 2684 quemlibet
720 2618 864 2675 licite
890 2622 1176 2691 baptizari,
1206 2635 1411 2680 tantum
1442 2628 1494 2683 in
1520 2632 1693 2685 nomi-

126 2715 183 2756 ne
207 2716 399 2760 sancta:
423 2717 477 2761 et
510 2710 791 2765 individua:
812 2713 1094 2769 Trinitatis
1129 2717 1239 2770 liat.
1272 2718 1337 2772 Et
1366 2720 1468 2774 hoc
1501 2724 1692 2777 decre-

127 2792 206 2853 vit,
230 2803 285 2847 ut
312 2795 548 2862 incerta,
575 2799 787 2867 etiamsi
817 2810 940 2856 Vera
967 2803 1095 2866 sint,
1129 2804 1430 2862 nullatenus
1448 2808 1696 2878 judiCen-

124 2890 217 2943 tur,
242 2884 337 2937 nisi
369 2886 526 2954 prius
556 2883 854 2944 manifestis
887 2892 1101 2947 indiciis
1132 2895 1572 2963 cnmprobentur,
1604 2909 1698 2956 aut

123 2972 390 3027 manifesto
416 2974 630 3044 judicio
654 2979 1058 3045 Convincantur,
1092 2983 1173 3038 vel
1192 2984 1482 3051 judiciario
1506 2991 1696 3046 ordine

120 3061 464 3127 publicentur.
519 3066 628 3123 Nec
658 3068 886 3137 alicujus
934 3073 1174 3144 episc0pi
1216 3092 1433 3131 causam
1480 3076 1694 3134 deliniri

119 3147 260 3207 liceat
313 3155 566 3212 Romano
629 3154 881 3227 pontifice
940 3162 1247 3220 inconsulto
1307 3166 1525 3238 (ibid.).
1594 3168 1693 3225 llic

118 3243 375 3301 ordinavit
425 3249 714 3319 episcopos
772 3251 1091 3318 duodecim,
1148 3258 1494 3329 presbyteros
1554 3269 1690 3329 tres,
1718 3239 1765 3303 ο

116 3332 359 3391 (Hacanos
382 3350 620 3408 septem.

481 3452 620 3505 XVI.
661 3485 731 3493 —
770 3454 825 3510 S.
870 3457 1322 3517 ZEPHERINUS.

609 3544 781 3615 (Anno
819 3546 1011 3601 Christi
1046 3550 1197 3621 205.)

176 3628 542 3699 Zepherinus,
573 3636 790 3691 natione
822 3636 1117 3704 Romanus,
1150 3654 1216 3696 ex
1246 3655 1397 3714 patre
1425 3646 1693 3717 Abundio,

112 3719 240 3773 sedit
267 3736 443 3779 annos
468 3728 773 3782 octodecim
795 3768 811 3795 ,
838 3728 1052 3787 menses
1080 3744 1315 3804 septem,
1345 3739 1459 3795 dies
1487 3740 1691 3797 decem.

112 3805 222 3865 Fuit
254 3822 440 3870 autem
487 3818 823 3885 temporibus
846 3820 1102 3877 Antonini
1130 3833 1184 3879 et
1212 3825 1422 3893 Severi,
1449 3844 1479 3883 a
1501 3836 1693 3886 consu-

109 3896 211 3953 latu
241 3901 533 3960 Saturnini
562 3914 618 3960 et
655 3900 919 3965 Gallicani
955 3927 1125 3983 usque
1165 3914 1231 3969 ad
1279 3916 1603 3973 Praesentem
1643 3929 1699 3976 et

109 3987 400 4079 _S_trigatum
429 3995 707 4051 consules.
739 3997 841 4065 Qui
881 4001 1015 4057 obiit
1042 4019 1095 4057 vr
1141 4004 1365 4061 Kalend.
1390 4007 1691 4079 Septembr.

105 4073 195 4172 Hic
230 4082 398 4138 etiam
440 4086 727 4141 constituit
773 4089 943 4159 (epist.
988 4094 1040 4159 1,
1082 4095 1151 4147 ad
1190 4098 1348 4166 episc.
1392 4073 1608 4172 Sicilire)
1636 4113 1695 4157 ut

103 4170 476 4263 episcoporum
505 4180 672 4231 causa
701 4194 809 4234 non
843 4183 1165 4241 terminetur
1200 4188 1402 4258 absque
1433 4170 1698 4263 praecepto

103 4256 322 4319 Romani
352 4265 669 4335 pontiﬁcis;
693 4271 1088 4331 nec-ullatenus
1114 4256 1696 4351 episcopusjudicetur,

1800 1985 2051 2051 firmavit,
2082 1996 2140 2041 ut
2165 1988 2366 2041 nullum
2422 1987 2950 2057 injustumjudicium
2981 1991 3093 2061 (ll,
3132 2006 3189 2061 q.
3232 1992 3266 2046 5
3286 2030 3302 2057 ,
3328 2007 3378 2046 c.

1797 2077 2086 2148 lnjustuut)
2135 2089 2189 2133 et
2218 2079 2462 2135 dilllnitio
2488 2081 2705 2149 injusta,
2736 2082 2878 2151 regis
2899 2090 3064 2148 metu,
3089 2091 3181 2137 aut
3204 2082 3384 2151 jussu.

1798 2179 1889 2224 aut
1932 2168 2298 2239 cujuscunque
2338 2172 2592 2245 potentis,
2626 2158 2656 2225 a
2686 2168 2958 2241 judicibus
3015 2172 3265 2226 ordinata
3297 2173 3381 2225 vel

1803 2272 1922 2314 acta
1981 2260 2359 2315 firmitudinem
2406 2260 2677 2321 habeant:
2708 2260 2833 2331 quia
2878 2260 3007 2316 nulli
3050 2263 3382 2331 imperatori,

1798 2362 1890 2406 aut
1916 2352 2163 2422 cuiquam
2187 2353 2440 2422 pietatem
2465 2338 2786 2408 cuStodienti
2820 2352 2946 2409 licet
2971 2353 3171 2423 aliquid
3190 2363 3381 2410 contra

1799 2442 1981 2498 divina
2025 2445 2275 2497 mandata
2318 2459 2661 2513 pra-sumere.
2714 2443 2810 2498 llic
2852 2444 3133 2500 constituit
3178 2444 3380 2516 (eadem

1797 2536 1980 2606 epist.)
2023 2546 2082 2590 ut
2140 2538 2536 2592 accusationem
2594 2537 2852 2592 adversus
2899 2539 3174 2595 doctarem
3222 2549 3380 2593 nemo

1797 2627 2072 2697 suscipiat,
2109 2644 2207 2683 nec
2236 2630 2508 2684 accusatio
2536 2629 2674 2684 facta
2722 2645 2819 2700 per
2863 2632 3123 2702 scriptum
3153 2632 3379 2702 recipia-

1800 2727 1885 2774 tur
1913 2720 2083 2791 (epist.
2112 2720 2163 2785 2,
2200 2722 2269 2773 ad
2289 2721 2444 2790 cpisc.
2479 2720 2711 2793 Gallia),
2757 2738 2856 2779 nec
2881 2725 3102 2779 absente
3126 2735 3380 2780 accusata

1800 2812 2164 2865 testimonium
2200 2812 2266 2865 de
2293 2827 2358 2867 eo
2386 2813 2598 2867 dicatur
2629 2832 2642 2867 :
2682 2811 2784 2868 nec
2824 2815 2889 2869 de
2933 2814 3053 2871 aliis
3091 2815 3272 2870 causis
3298 2816 3381 2869 vel

1801 2903 2031 2971 negotiis
2078 2904 2443 2958 testimonium
2488 2905 2690 2971 dicant,
2732 2903 2833 2961 nisi
2884 2907 2950 2962 de
2996 2904 3081 2963 bis
3122 2923 3241 2977 qua:
3280 2907 3382 2962 sub

1795 2994 2082 3063 praesentia
2112 2994 2298 3049 eorum
2323 3005 2440 3050 acta
2466 3011 2584 3052 esse
2616 3006 2932 3052 noscuntur.
2966 2996 3074 3054 Nec
3097 3008 3379 3055 accusato—

1800 3097 1884 3139 res
1905 3083 1985 3153 (2,
2014 3100 2069 3155 q.
2092 3086 2147 3151 8,
2178 3100 2227 3139 c.
2260 3087 2670 3153 Accusatorum;
2697 3088 2783 3152 ll,
2808 3104 2862 3157 q.
2889 3088 2941 3150 2,
2976 3105 3022 3143 c.
3066 3087 3385 3144 Excommu-

1798 3176 2034 3237 nicatus;
2067 3177 2119 3239 9,
2150 3192 2204 3247 q.
2233 3177 2289 3243 2,
2317 3193 2367 3232 c.
2407 3177 2601 3232 Nullus
2624 3177 2878 3245 alterius;
2906 3179 2960 3243 9,
2998 3194 3029 3248 q
3078 3180 3134 3245 5,
3165 3197 3217 3235 c.
3249 3181 3383 3234 ané

1798 3266 1879 3320 lus
1934 3268 2155 3338 primas)
2204 3268 2287 3323 vel
2335 3278 2501 3326 testes
2546 3270 2807 3340 suspecti,
2850 3270 2933 3325 vel
2983 3271 3218 3327 infamiae
3256 3282 3382 3328 nota

1796 3359 2001 3428 aspersi
2048 3360 2395 3429 recipiantur,
2428 3375 2528 3415 nec
2554 3361 3050 3417 excommunicatos
3075 3376 3106 3416 a
3132 3364 3383 3419 sacerdo-

1799 3448 1941 3504 tibus
1968 3458 2094 3506 ante
2116 3452 2396 3523 utriusque
2415 3453 2583 3523 partis
2597 3452 2799 3522 justam
2823 3455 3275 3511 exanimationem
3304 3456 3382 3511 ulc

1798 3538 1882 3595 lus
1907 3540 2152 3609 recipiat,
2178 3521 2465 3598 nec'modo
2492 3521 2671 3612 aliquo
2711 3544 2790 3598 eis
2810 3545 3205 3609 communicet;
3235 3553 3290 3599 et
3321 3554 3382 3600 ut

1796 3645 1957 3686 nemo
1981 3631 2206 3687 alterius
2234 3633 2492 3690 terminos
2526 3641 2769 3704 usurpet,
2817 3650 2914 3690 nec
2954 3634 3177 3691 alterius
3221 3650 3380 3705 paro-

1796 3721 2049 3776 cliianum
2089 3721 2334 3793 judicare
2381 3733 2474 3779 aut
2525 3726 2997 3782 excommunicare
3040 3736 3377 3796 prtesumat:

1797 3811 1921 3878 quia
1951 3818 2335 3882 praesumptum
2362 3812 2575 3870 irritum
2605 3815 2728 3869 erit.
2756 3814 2865 3871 Nec
2883 3816 3045 3871 etiam
3074 3818 3383 3887 metropoli-

1800 3909 1959 3956 tanus
1980 3900 2271 3956 dioecesani
2302 3903 2608 3967 ecclesiam,
2632 3904 2714 3960 vel
2737 3906 3144 3975 parocliianum,
3174 3907 3383 3961 autali—

1797 3992 1923 4061 quid
1961 4008 2027 4049 ex
2066 3992 2181 4063 ejus
2208 3996 2461 4065 parocliia
2486 3998 2977 4062 cxeornmttnieare,
3004 3998 3089 4052 vel
3112 3997 3379 4068 judicare,

1797 4086 2067 4156 aliquidve
2104 4102 2265 4158 agere
2307 4095 2618 4158 praesumat,
2671 4092 2872 4161 abSque
2900 4089 3016 4159 ejus
3058 4092 3283 4147 consilio
3326 4101 3383 4144 ct

1792 4176 2035 4246 judicio:
2064 4180 2189 4247 quia
2233 4189 2286 4233 et
2334 4182 2475 4249 quod
2516 4182 2725 4246 fecerit,
2766 4183 2977 4235 irritum
3020 4182 3145 4246 erit,
3184 4191 3236 4235 et
3267 4183 3381 4250 ipso

1797 4270 1993 4339 gradus
2036 4270 2118 4323 sui
2155 4271 2392 4338 pericqu
2430 4270 2744 4337 subja'cebil.
2785 4270 3074 4326 Constituit
3127 4273 3291 4327 etiam
3323 4282 3382 4325 ut

102 4351 194 4405 nisi
230 4365 324 4408 aut
356 4356 478 4425 ipse
509 4369 573 4412 se
615 4374 767 4415 reum
809 4376 930 4418 esse
973 4366 1311 4433 conﬁteatur,
1355 4380 1449 4423 ειιιι
1493 4372 1699 4428 idoneis
1798 4362 2081 4431 episcopus
2118 4362 2332 4431 milibet
2354 4364 2587 4419 ambitus
2615 4379 2778 4418 causa
2817 4364 2881 4417 ad
2912 4365 3072 4419 aliam
3104 4366 3377 4421 civitatem

102 4448 338 4516 testibus,
382 4453 480 4521 qui
516 4468 626 4508 non
653 4456 762 4510 sint
798 4458 975 4515 minus
1008 4476 1167 4530 quam
1195 4466 1533 4535 septuaginta
1565 4468 1693 4532 duo,

100 4542 470 4597 convincatur.
502 4542 988 4605 Constituitetiam
1016 4554 1091 4621 (2,
1123 4568 1178 4623 q.
1219 4556 1271 4621 1,
1326 4573 1375 4612 c.
1413 4556 1692 4631 Primates)

98 4638 151 4682 ut
204 4635 483 4703 quispiam
534 4651 897 4706 summorum,
946 4642 1213 4699 minorum
1262 4649 1692 4705 accusationibus

98 4732 194 4773 non
222 4722 551 4793 impetatur,
598 4742 697 4782 nec
733 4730 785 4783 in
829 4745 887 4786 re
919 4731 1077 4788 dubia
1107 4744 1254 4790 certa
1274 4736 1545 4806 judicetur
1565 4755 1689 4795 sen-

99 4813 273 4879 tentia,
306 4832 409 4870 nec
443 4818 919 4888 nllumjudicimn,
954 4825 1058 4879 nisi
1086 4827 1457 4885 ordinabiliter
1491 4831 1687 4887 factum

98 4910 358 4971 teneatur,-
389 4923 495 4961 nec
520 4909 721 4965 absens
753 4914 1044 4982 judicetur,
1071 4934 1169 4973 nec
1202 4920 1435 4991 aliquem
1474 4934 1690 4979 senten-

94 4992 162 5044 tia
206 4998 308 5050 lllSI
354 5014 384 5049 a
434 5013 541 5053 suo
586 4998 769 5067 judice
793 5004 934 5059 dicta
969 5007 1298 5079 oonfringat,
1331 5019 1690 5086 ctepiscopus

96 5096 375 5143 accusatus
407 5090 728 5155 duodecim,
761 5094 804 5148 si
840 5112 1063 5155 necesse
1092 5101 1270 5168 fuerit,
1300 5108 1581 5176 episcopos
1600 5108 1689 5177 ju-

93 5175 232 5232 dices
261 5180 429 5249 eligat
462 5181 546 5250 (5,
580 5195 634 5249 q.
666 5181 719 5245 4,
752 5198 801 5238 c.
850 5187 1215 5257 Detractpres;
1243 5195 1296 5256 '5,
1424 5201 1478 5265 9,
1505 5215 1553 5255 c.
1586 5175 1691 5252 Ab-

94 5269 221 5316 ςιέιιιΧ
253 5285 267 5300 ⁸
296 5288 398 5312 "N‘
442 5273 602 5311 “"m‘
676 5275 950 5326 Ωιιδῖειιην.
1004 5292 1096 5326 aut
1154 5284 1648 5338 aerumnis-"inam-

1799 4466 1902 4503 non
1938 4458 2371 4506 transmittetur:
2412 4453 2505 4507 sed
2553 4454 2599 4508 si
2641 4453 2753 4507 fieri
2805 4455 2983 4517 debet,
3034 4454 3125 4508 liat
3167 4455 3378 4510 caeteris

1800 4538 2055 4593 fratribus
2099 4539 2555 4607 invitantibus,.’et
2581 4543 2836 4597 Romana:
2866 4545 3116 4600 Beclesia:
3143 4546 3378 4600 auctori-

1801 4637 1928 4693 tate,
1959 4637 2013 4683 et
2043 4630 2186 4685 illius
2209 4630 2486 4699 Ecclesiae;
2510 4633 2585 4688 ad
2615 4647 2776 4701 quam
2810 4635 3247 4689 transmutandus
3271 4642 3374 4698 est,

1798 4719 2050 4775 utilitate.
2080 4720 2342 4791 Praecepit
2378 4724 2540 4779 etiam
2579 4723 2658 4792 (5,
2692 4739 2747 4793 q.
2776 4716 2831 4792 At,
2862 4740 2912 4780 c.
2948 4725 3374 4794 Consnnguiueo-o

1794 4813 1935 4885 rum)
1977 4821 2035 4866 ut
2062 4814 2582 4883 consanguineorum
2599 4817 3004 4885 conjunctidnes
3023 4814 3135 4869 ﬁeri
3158 4816 3379 4869 omnino

1796 4905 2210 4971 prohibeamur;
2238 4906 2367 4974 quia
2395 4908 2527 4964 tales
2552 4906 2754 4960 nullum
2778 4908 2978 4963 habent
2996 4905 3207 4977 pbudus
3234 4908 3379 4960 testi.

1797 4999 1984 5053 monii.
2010 4998 2369 5054 Conlirmavit
2388 5002 2551 5058 etiam
2573 5000 2651 5069 (in
2666 4999 2767 5067 ﬁne
2791 5005 2943 5072 epist.
2968 5003 3045 5071 Ξ),
3066 5007 3123 5052 et
3143 4998 3381 5053 saluber-

1800 5090 1954 5148 rimis
1977 5093 2239 5165 exemplis
2268 5092 2475 5154 divina:
2496 5093 2787 5162 Scriptura:
2808 5100 3046 5156 ostendit
3075 5105 3182 5148 tam
3208 5110 3388 5152 sacer-

1795 5186 1952 5245 dotes
2001 5189 2234 5253 Domini,
2282 5204 2463 5259 quam
2512 5187 2742 5255 reliquos
2779 5189 2970 5251 fideles
3007 5198 3130 5262 p031
3174 5188 3390 5257 (ὶὶεηαιιι

3142 5279 3169 5298 L

1793 5280 2221 5316 ᾶαΙῖοΐαΛΙξα-Ἷη
2256 5288 2439 5322 "Noun
2478 5278 2710 5314 οΑ¹⁹⁸⁶¹δ¹¹¹³
2755 5283 2825 5322 ml
2863 5284 3114 5326 ηξ-ἶαιὶηηε
3142 5279 3275 5298 Lb"
3312 5296 3369 5312 λιδί-
