  <div class='ocr_page' id='page_1' title='image "/cluster/home/n/w/nwhite01/storage/ocr_20150623/129/hvd.32044015471709/589.png"; bbox 0 0 3948 5522; ppageno 0'>
   <div class='ocr_carea' id='block_1_1' title="bbox 526 324 659 399">
    <p class='ocr_par' dir='ltr' id='par_1_1' title="bbox 526 324 659 399">
     <span class='ocr_line' id='line_1_1' title="bbox 526 324 659 399; baseline -0.03 0"><span class='ocrx_word' id='word_1_1' title='bbox 526 324 659 399; x_wconf 72' lang='grc' dir='ltr'><strong>ιίἰπ</strong></span> 
     </span>
    </p>
   </div>
   <div class='ocr_carea' id='block_1_2' title="bbox 1228 325 2106 396">
    <p class='ocr_par' dir='ltr' id='par_1_2' title="bbox 1228 325 2106 396">
     <span class='ocr_line' id='line_1_2' title="bbox 1228 325 2106 396; baseline -0.003 -2"><span class='ocrx_word' id='word_1_2' title='bbox 1228 328 1515 396; x_wconf 61' lang='lat' dir='ltr'><strong>arcano.</strong></span> <span class='ocrx_word' id='word_1_3' title='bbox 1562 325 1652 393; x_wconf 74' lang='grc' dir='ltr'><strong>Αἰ)</strong></span> <span class='ocrx_word' id='word_1_4' title='bbox 1694 326 1866 392; x_wconf 63' lang='lat' dir='ltr'><strong>suae.</strong></span> <span class='ocrx_word' id='word_1_5' title='bbox 1911 338 1999 392; x_wconf 76' lang='lat' dir='ltr'><strong>Ix.</strong></span> <span class='ocrx_word' id='word_1_6' title='bbox 2046 368 2106 377; x_wconf 51' lang='grc' dir='ltr'><strong>-η</strong></span> 
     </span>
    </p>
   </div>
   <div class='ocr_carea' id='block_1_3' title="bbox 2213 325 3045 396">
    <p class='ocr_par' dir='ltr' id='par_1_3' title="bbox 2213 328 3045 394">
     <span class='ocr_line' id='line_1_3' title="bbox 2213 328 3045 394; baseline -0.006 0"><span class='ocrx_word' id='word_1_7' title='bbox 2213 337 2518 394; x_wconf 65' lang='grc' dir='ltr'>ιιιιίὀιιιςε</span> <span class='ocrx_word' id='word_1_8' title='bbox 2560 338 2715 392; x_wconf 73' lang='grc' dir='ltr'><strong>ΑΝΜ</strong></span> <span class='ocrx_word' id='word_1_9' title='bbox 2754 328 3045 394; x_wconf 70' lang='grc' dir='ltr'>ιΝοιειιτι.</span> 
     </span>
    </p>
   </div>
   <div class='ocr_carea' id='block_1_4' title="bbox 3622 336 3746 391">
    <p class='ocr_par' dir='ltr' id='par_1_4' title="bbox 3622 336 3746 391">
     <span class='ocr_line' id='line_1_4' title="bbox 3622 336 3746 391; baseline -0.016 0"><span class='ocrx_word' id='word_1_10' title='bbox 3622 336 3746 391; x_wconf 77' lang='grc'><strong>1168</strong></span> 
     </span>
    </p>
   </div>
   <div class='ocr_carea' id='block_1_5' title="bbox 518 437 3761 524">
    <p class='ocr_par' dir='ltr' id='par_1_5' title="bbox 518 437 3761 524">
     <span class='ocr_line' id='line_1_5' title="bbox 518 437 3761 524; baseline -0.004 -10"><span class='ocrx_word' id='word_1_11' title='bbox 518 439 643 514; x_wconf 77' lang='lat' dir='ltr'><strong>Fuit</strong></span> <span class='ocrx_word' id='word_1_12' title='bbox 670 437 1208 524; x_wconf 48' lang='lat' dir='ltr'><strong>autemrtempoﬁhns</strong></span> <span class='ocrx_word' id='word_1_13' title='bbox 1236 454 1548 509; x_wconf 84' lang='lat' dir='ltr'><strong>consulatus</strong></span> <span class='ocrx_word' id='word_1_14' title='bbox 1579 454 1836 507; x_wconf 73' lang='lat' dir='ltr'><strong>Antonini</strong></span> <span class='ocrx_word' id='word_1_15' title='bbox 1880 461 1935 506; x_wconf 90' lang='lat' dir='ltr'><strong>ct</strong></span> <span class='ocrx_word' id='word_1_16' title='bbox 1970 452 2091 506; x_wconf 78' lang='lat' dir='ltr'><strong>Ale-</strong></span> <span class='ocrx_word' id='word_1_17' title='bbox 2126 461 2167 515; x_wconf 78' lang='grc' dir='ltr'><strong>Α</strong></span> <span class='ocrx_word' id='word_1_18' title='bbox 2197 450 2359 503; x_wconf 84' lang='lat' dir='ltr'><strong>etiam</strong></span> <span class='ocrx_word' id='word_1_19' title='bbox 2389 449 2455 503; x_wconf 85' lang='lat' dir='ltr'><strong>de</strong></span> <span class='ocrx_word' id='word_1_20' title='bbox 2491 464 2653 519; x_wconf 80' lang='lat' dir='ltr'><strong>parva</strong></span> <span class='ocrx_word' id='word_1_21' title='bbox 2695 449 2922 519; x_wconf 84' lang='lat' dir='ltr'><strong>quadam</strong></span> <span class='ocrx_word' id='word_1_22' title='bbox 2957 448 3175 504; x_wconf 83' lang='lat' dir='ltr'><strong>civitate</strong></span> <span class='ocrx_word' id='word_1_23' title='bbox 3219 444 3514 517; x_wconf 79' lang='lat' dir='ltr'><strong>apostolica</strong></span> <span class='ocrx_word' id='word_1_24' title='bbox 3546 449 3761 501; x_wconf 58' lang='lat' dir='ltr'><strong>auctori-</strong></span> 
     </span>
    </p>
   </div>
   <div class='ocr_carea' id='block_1_6' title="bbox 521 541 2094 614">
    <p class='ocr_par' dir='ltr' id='par_1_6' title="bbox 521 541 2094 614">
     <span class='ocr_line' id='line_1_6' title="bbox 521 541 2094 614; baseline -0.007 -10"><span class='ocrx_word' id='word_1_25' title='bbox 521 547 735 604; x_wconf 79' lang='lat' dir='ltr'><strong>aandri.</strong></span> <span class='ocrx_word' id='word_1_26' title='bbox 779 546 925 602; x_wconf 83' lang='lat' dir='ltr'><strong>Obiit</strong></span> <span class='ocrx_word' id='word_1_27' title='bbox 950 560 1078 598; x_wconf 87' lang='lat' dir='ltr'><strong>vero</strong></span> <span class='ocrx_word' id='word_1_28' title='bbox 1105 544 1383 600; x_wconf 82' lang='lat' dir='ltr'><strong>confessor</strong></span> <span class='ocrx_word' id='word_1_29' title='bbox 1411 543 1740 614; x_wconf 70' lang='lat' dir='ltr'><strong>temporibus</strong></span> <span class='ocrx_word' id='word_1_30' title='bbox 1780 541 2094 596; x_wconf 73' lang='lat' dir='ltr'><strong>Diocletiani</strong></span> 
     </span>
    </p>
   </div>
   <div class='ocr_carea' id='block_1_7' title="bbox 517 632 2094 703">
    <p class='ocr_par' dir='ltr' id='par_1_7' title="bbox 517 632 2094 703">
     <span class='ocr_line' id='line_1_7' title="bbox 517 632 2094 703; baseline -0.004 -13"><span class='ocrx_word' id='word_1_31' title='bbox 517 654 614 692; x_wconf 82' lang='lat' dir='ltr'><strong>vni</strong></span> <span class='ocrx_word' id='word_1_32' title='bbox 640 635 765 691; x_wconf 80' lang='lat' dir='ltr'><strong>Kal.</strong></span> <span class='ocrx_word' id='word_1_33' title='bbox 801 634 966 690; x_wconf 83' lang='lat' dir='ltr'><strong>Junii.</strong></span> <span class='ocrx_word' id='word_1_34' title='bbox 1004 633 1102 690; x_wconf 87' lang='lat' dir='ltr'><strong>Hic</strong></span> <span class='ocrx_word' id='word_1_35' title='bbox 1131 635 1185 690; x_wconf 92' lang='lat' dir='ltr'><strong>in</strong></span> <span class='ocrx_word' id='word_1_36' title='bbox 1214 636 1326 690; x_wconf 90' lang='lat' dir='ltr'><strong>suis</strong></span> <span class='ocrx_word' id='word_1_37' title='bbox 1354 635 1589 690; x_wconf 81' lang='lat' dir='ltr'><strong>det-retis</strong></span> <span class='ocrx_word' id='word_1_38' title='bbox 1613 632 1895 689; x_wconf 82' lang='lat' dir='ltr'><strong>confirmat</strong></span> <span class='ocrx_word' id='word_1_39' title='bbox 1924 633 2094 703; x_wconf 80' lang='lat' dir='ltr'><strong>(epist.</strong></span> 
     </span>
    </p>
   </div>
   <div class='ocr_carea' id='block_1_8' title="bbox 482 718 2095 795">
    <p class='ocr_par' dir='ltr' id='par_1_8' title="bbox 482 718 2095 795">
     <span class='ocr_line' id='line_1_8' title="bbox 482 718 2095 795; baseline -0.006 -12"><span class='ocrx_word' id='word_1_40' title='bbox 482 786 487 795; x_wconf 86' lang='lat'><strong><em>_</em></strong></span> <span class='ocrx_word' id='word_1_41' title='bbox 519 733 574 792; x_wconf 87' lang='grc'><strong>1,</strong></span> <span class='ocrx_word' id='word_1_42' title='bbox 608 726 676 781; x_wconf 84' lang='lat' dir='ltr'><strong>ad</strong></span> <span class='ocrx_word' id='word_1_43' title='bbox 712 741 886 779; x_wconf 83' lang='lat' dir='ltr'><strong>omnes</strong></span> <span class='ocrx_word' id='word_1_44' title='bbox 919 718 1121 793; x_wconf 77' lang='lat' dir='ltr'><strong>ﬁdeles)</strong></span> <span class='ocrx_word' id='word_1_45' title='bbox 1162 731 1218 778; x_wconf 89' lang='lat' dir='ltr'><strong>ut</strong></span> <span class='ocrx_word' id='word_1_46' title='bbox 1260 725 1458 792; x_wconf 69' lang='lat' dir='ltr'><strong>praedia</strong></span> <span class='ocrx_word' id='word_1_47' title='bbox 1508 732 1564 778; x_wconf 88' lang='lat' dir='ltr'><strong>et</strong></span> <span class='ocrx_word' id='word_1_48' title='bbox 1588 736 1919 792; x_wconf 67' lang='lat' dir='ltr'><strong>quaecunque</strong></span> <span class='ocrx_word' id='word_1_49' title='bbox 1953 735 2042 776; x_wconf 87' lang='lat' dir='ltr'><strong>res</strong></span> <span class='ocrx_word' id='word_1_50' title='bbox 2066 735 2095 773; x_wconf 92' lang='lat' dir='ltr'><strong>a</strong></span> 
     </span>
    </p>
   </div>
   <div class='ocr_carea' id='block_1_9' title="bbox 521 814 2101 887">
    <p class='ocr_par' dir='ltr' id='par_1_9' title="bbox 521 814 2101 887">
     <span class='ocr_line' id='line_1_9' title="bbox 521 814 2101 887; baseline -0.006 -8"><span class='ocrx_word' id='word_1_51' title='bbox 521 821 765 879; x_wconf 83' lang='lat' dir='ltr'><strong>fidelibus</strong></span> <span class='ocrx_word' id='word_1_52' title='bbox 801 819 1044 875; x_wconf 64' lang='lat' dir='ltr'><strong>ecclesia:</strong></span> <span class='ocrx_word' id='word_1_53' title='bbox 1077 819 1173 874; x_wconf 87' lang='lat' dir='ltr'><strong>Dei</strong></span> <span class='ocrx_word' id='word_1_54' title='bbox 1206 820 1413 873; x_wconf 72' lang='lat' dir='ltr'><strong>traditze</strong></span> <span class='ocrx_word' id='word_1_55' title='bbox 1440 828 1587 883; x_wconf 88' lang='lat' dir='ltr'><strong>sunt,</strong></span> <span class='ocrx_word' id='word_1_56' title='bbox 1623 831 1837 887; x_wconf 78' lang='lat' dir='ltr'><strong>semper</strong></span> <span class='ocrx_word' id='word_1_57' title='bbox 1862 830 1982 870; x_wconf 90' lang='lat' dir='ltr'><strong>esse</strong></span> <span class='ocrx_word' id='word_1_58' title='bbox 2008 814 2101 869; x_wconf 88' lang='lat' dir='ltr'><strong>de-</strong></span> 
     </span>
    </p>
   </div>
   <div class='ocr_carea' id='block_1_10' title="bbox 518 906 2100 981">
    <p class='ocr_par' dir='ltr' id='par_1_10' title="bbox 518 906 2100 981">
     <span class='ocr_line' id='line_1_10' title="bbox 518 906 2100 981; baseline -0.008 -12"><span class='ocrx_word' id='word_1_59' title='bbox 518 916 685 969; x_wconf 88' lang='lat' dir='ltr'><strong>beant</strong></span> <span class='ocrx_word' id='word_1_60' title='bbox 726 912 780 967; x_wconf 89' lang='lat' dir='ltr'><strong>in</strong></span> <span class='ocrx_word' id='word_1_61' title='bbox 824 919 1093 981; x_wconf 86' lang='lat' dir='ltr'><strong>potestate</strong></span> <span class='ocrx_word' id='word_1_62' title='bbox 1123 918 1179 965; x_wconf 91' lang='lat' dir='ltr'><strong>et</strong></span> <span class='ocrx_word' id='word_1_63' title='bbox 1208 910 1560 980; x_wconf 82' lang='lat' dir='ltr'><strong>dispositione</strong></span> <span class='ocrx_word' id='word_1_64' title='bbox 1602 909 1996 979; x_wconf 87' lang='lat' dir='ltr'><strong>episcoporum,</strong></span> <span class='ocrx_word' id='word_1_65' title='bbox 2045 906 2100 959; x_wconf 90' lang='lat' dir='ltr'><strong>in</strong></span> 
     </span>
    </p>
   </div>
   <div class='ocr_carea' id='block_1_11' title="bbox 518 995 2096 1076">
    <p class='ocr_par' dir='ltr' id='par_1_11' title="bbox 518 995 2096 1076">
     <span class='ocr_line' id='line_1_11' title="bbox 518 995 2096 1076; baseline -0.007 -16"><span class='ocrx_word' id='word_1_66' title='bbox 518 1018 747 1076; x_wconf 85' lang='lat' dir='ltr'><strong>quorum</strong></span> <span class='ocrx_word' id='word_1_67' title='bbox 781 1001 1034 1073; x_wconf 81' lang='lat' dir='ltr'><strong>parochia</strong></span> <span class='ocrx_word' id='word_1_68' title='bbox 1087 1001 1216 1070; x_wconf 60' lang='lat' dir='ltr'><strong>ipsa!</strong></span> <span class='ocrx_word' id='word_1_69' title='bbox 1252 1000 1495 1055; x_wconf 77' lang='lat' dir='ltr'><strong>ecclesia:</strong></span> <span class='ocrx_word' id='word_1_70' title='bbox 1538 1010 1662 1055; x_wconf 88' lang='lat' dir='ltr'><strong>sunt</strong></span> <span class='ocrx_word' id='word_1_71' title='bbox 1704 1000 1854 1065; x_wconf 74' lang='lat' dir='ltr'><strong>siue;</strong></span> <span class='ocrx_word' id='word_1_72' title='bbox 1899 1006 1952 1051; x_wconf 92' lang='lat' dir='ltr'><strong>et</strong></span> <span class='ocrx_word' id='word_1_73' title='bbox 1996 995 2096 1065; x_wconf 90' lang='lat' dir='ltr'><strong>ipsi</strong></span> 
     </span>
    </p>
   </div>
   <div class='ocr_carea' id='block_1_12' title="bbox 518 1088 2098 1163">
    <p class='ocr_par' dir='ltr' id='par_1_12' title="bbox 518 1088 2098 1163">
     <span class='ocr_line' id='line_1_12' title="bbox 518 1088 2098 1163; baseline -0.005 -14"><span class='ocrx_word' id='word_1_74' title='bbox 518 1092 756 1163; x_wconf 86' lang='lat' dir='ltr'><strong>episcopi</strong></span> <span class='ocrx_word' id='word_1_75' title='bbox 798 1106 863 1146; x_wconf 75' lang='lat' dir='ltr'><strong>ex</strong></span> <span class='ocrx_word' id='word_1_76' title='bbox 906 1090 1037 1161; x_wconf 85' lang='lat' dir='ltr'><strong>ipsis</strong></span> <span class='ocrx_word' id='word_1_77' title='bbox 1074 1090 1232 1144; x_wconf 83' lang='lat' dir='ltr'><strong>rebus</strong></span> <span class='ocrx_word' id='word_1_78' title='bbox 1266 1090 1516 1144; x_wconf 91' lang='lat' dir='ltr'><strong>omnibus</strong></span> <span class='ocrx_word' id='word_1_79' title='bbox 1545 1102 1886 1143; x_wconf 85' lang='lat' dir='ltr'><strong>communem</strong></span> <span class='ocrx_word' id='word_1_80' title='bbox 1931 1088 2098 1141; x_wconf 89' lang='lat' dir='ltr'><strong>vitam</strong></span> 
     </span>
    </p>
   </div>
   <div class='ocr_carea' id='block_1_13' title="bbox 518 1181 2102 1255">
    <p class='ocr_par' dir='ltr' id='par_1_13' title="bbox 518 1181 2102 1255">
     <span class='ocr_line' id='line_1_13' title="bbox 518 1181 2102 1255; baseline -0.004 -14"><span class='ocrx_word' id='word_1_81' title='bbox 518 1184 713 1255; x_wconf 75' lang='lat' dir='ltr'><strong>degere</strong></span> <span class='ocrx_word' id='word_1_82' title='bbox 728 1183 1048 1247; x_wconf 89' lang='lat' dir='ltr'><strong>volentibus,</strong></span> <span class='ocrx_word' id='word_1_83' title='bbox 1087 1189 1280 1237; x_wconf 88' lang='lat' dir='ltr'><strong>cuncta</strong></span> <span class='ocrx_word' id='word_1_84' title='bbox 1305 1182 1611 1238; x_wconf 88' lang='lat' dir='ltr'><strong>necessaria</strong></span> <span class='ocrx_word' id='word_1_85' title='bbox 1634 1181 1973 1245; x_wconf 88' lang='lat' dir='ltr'><strong>ministrare;</strong></span> <span class='ocrx_word' id='word_1_86' title='bbox 2002 1196 2102 1234; x_wconf 80' lang='lat' dir='ltr'><strong>nec</strong></span> 
     </span>
    </p>
   </div>
   <div class='ocr_carea' id='block_1_14' title="bbox 519 1273 2098 1349">
    <p class='ocr_par' dir='ltr' id='par_1_14' title="bbox 519 1273 2098 1349">
     <span class='ocr_line' id='line_1_14' title="bbox 519 1273 2098 1349; baseline -0.003 -17"><span class='ocrx_word' id='word_1_87' title='bbox 519 1278 811 1349; x_wconf 84' lang='lat' dir='ltr'><strong>quidquam</strong></span> <span class='ocrx_word' id='word_1_88' title='bbox 846 1289 1035 1330; x_wconf 84' lang='lat' dir='ltr'><strong>eorum</strong></span> <span class='ocrx_word' id='word_1_89' title='bbox 1064 1274 1116 1328; x_wconf 92' lang='lat' dir='ltr'><strong>in</strong></span> <span class='ocrx_word' id='word_1_90' title='bbox 1148 1273 1284 1330; x_wconf 86' lang='lat' dir='ltr'><strong>alios</strong></span> <span class='ocrx_word' id='word_1_91' title='bbox 1309 1289 1461 1338; x_wconf 90' lang='lat' dir='ltr'><strong>usus,</strong></span> <span class='ocrx_word' id='word_1_92' title='bbox 1490 1288 1653 1345; x_wconf 88' lang='lat' dir='ltr'><strong>quam</strong></span> <span class='ocrx_word' id='word_1_93' title='bbox 1676 1273 2098 1336; x_wconf 80' lang='lat' dir='ltr'><strong>ecclesiasticos,</strong></span> 
     </span>
    </p>
   </div>
   <div class='ocr_carea' id='block_1_15' title="bbox 520 1363 2098 1436">
    <p class='ocr_par' dir='ltr' id='par_1_15' title="bbox 520 1363 2098 1436">
     <span class='ocr_line' id='line_1_15' title="bbox 520 1363 2098 1436; baseline -0.005 -11"><span class='ocrx_word' id='word_1_94' title='bbox 520 1376 836 1425; x_wconf 79' lang='lat' dir='ltr'><strong>convertere</strong></span> <span class='ocrx_word' id='word_1_95' title='bbox 871 1366 1119 1430; x_wconf 79' lang='lat' dir='ltr'><strong>debeant,</strong></span> <span class='ocrx_word' id='word_1_96' title='bbox 1151 1365 1275 1436; x_wconf 90' lang='lat' dir='ltr'><strong>quia</strong></span> <span class='ocrx_word' id='word_1_97' title='bbox 1308 1374 1424 1419; x_wconf 82' lang='lat' dir='ltr'><strong>eota</strong></span> <span class='ocrx_word' id='word_1_98' title='bbox 1454 1373 1574 1420; x_wconf 67' lang='lat' dir='ltr'><strong>sunt</strong></span> <span class='ocrx_word' id='word_1_99' title='bbox 1604 1363 1862 1432; x_wconf 77' lang='lat' dir='ltr'><strong>ﬁdelium,</strong></span> <span class='ocrx_word' id='word_1_100' title='bbox 1908 1372 1955 1416; x_wconf 79' lang='lat' dir='ltr'><strong>et</strong></span> <span class='ocrx_word' id='word_1_101' title='bbox 1981 1378 2098 1433; x_wconf 82' lang='lat' dir='ltr'><strong>pre-</strong></span> 
     </span>
    </p>
   </div>
   <div class='ocr_carea' id='block_1_16' title="bbox 521 1442 2103 1530">
    <p class='ocr_par' dir='ltr' id='par_1_16' title="bbox 521 1442 2103 1530">
     <span class='ocr_line' id='line_1_16' title="bbox 521 1442 2103 1530; baseline -0.006 -17"><span class='ocrx_word' id='word_1_102' title='bbox 521 1460 596 1515; x_wconf 88' lang='lat' dir='ltr'><strong>tia</strong></span> <span class='ocrx_word' id='word_1_103' title='bbox 622 1442 970 1530; x_wconf 74' lang='lat' dir='ltr'><strong>peccatorum,</strong></span> <span class='ocrx_word' id='word_1_104' title='bbox 1005 1472 1069 1509; x_wconf 82' lang='lat' dir='ltr'><strong>ac</strong></span> <span class='ocrx_word' id='word_1_105' title='bbox 1087 1456 1404 1526; x_wconf 81' lang='lat' dir='ltr'><strong>patrimonia</strong></span> <span class='ocrx_word' id='word_1_106' title='bbox 1426 1468 1736 1524; x_wconf 73' lang='lat' dir='ltr'><strong>pauperum.</strong></span> <span class='ocrx_word' id='word_1_107' title='bbox 1765 1451 1832 1506; x_wconf 79' lang='lat' dir='ltr'><strong>Et</strong></span> <span class='ocrx_word' id='word_1_108' title='bbox 1852 1464 2103 1521; x_wconf 72' lang='lat' dir='ltr'><strong>qmecun-</strong></span> 
     </span>
    </p>
   </div>
   <div class='ocr_carea' id='block_1_17' title="bbox 522 1542 2099 1619">
    <p class='ocr_par' dir='ltr' id='par_1_17' title="bbox 522 1542 2099 1619">
     <span class='ocr_line' id='line_1_17' title="bbox 522 1542 2099 1619; baseline -0.006 -15"><span class='ocrx_word' id='word_1_109' title='bbox 522 1564 627 1619; x_wconf 87' lang='lat' dir='ltr'><strong>que</strong></span> <span class='ocrx_word' id='word_1_110' title='bbox 664 1548 719 1603; x_wconf 91' lang='lat' dir='ltr'><strong>in</strong></span> <span class='ocrx_word' id='word_1_111' title='bbox 753 1548 888 1602; x_wconf 89' lang='lat' dir='ltr'><strong>alios</strong></span> <span class='ocrx_word' id='word_1_112' title='bbox 912 1563 1065 1613; x_wconf 87' lang='lat' dir='ltr'><strong>usus,</strong></span> <span class='ocrx_word' id='word_1_113' title='bbox 1105 1561 1268 1616; x_wconf 88' lang='lat' dir='ltr'><strong>quam</strong></span> <span class='ocrx_word' id='word_1_114' title='bbox 1315 1546 1366 1600; x_wconf 91' lang='lat' dir='ltr'><strong>in</strong></span> <span class='ocrx_word' id='word_1_115' title='bbox 1400 1545 1689 1615; x_wconf 72' lang='lat' dir='ltr'><strong>przcdictos</strong></span> <span class='ocrx_word' id='word_1_116' title='bbox 1716 1542 2099 1606; x_wconf 84' lang='lat' dir='ltr'><strong>converterint,</strong></span> 
     </span>
    </p>
   </div>
   <div class='ocr_carea' id='block_1_18' title="bbox 521 1626 2102 1709">
    <p class='ocr_par' dir='ltr' id='par_1_18' title="bbox 521 1626 2102 1709">
     <span class='ocr_line' id='line_1_18' title="bbox 521 1626 2102 1709; baseline -0.008 -12"><span class='ocrx_word' id='word_1_117' title='bbox 521 1636 829 1697; x_wconf 84' lang='lat' dir='ltr'><strong>necessario</strong></span> <span class='ocrx_word' id='word_1_118' title='bbox 850 1626 1127 1709; x_wconf 79' lang='lat' dir='ltr'><strong>sacrilegii</strong></span> <span class='ocrx_word' id='word_1_119' title='bbox 1160 1636 1239 1692; x_wconf 89' lang='lat' dir='ltr'><strong>rei</strong></span> <span class='ocrx_word' id='word_1_120' title='bbox 1269 1636 1529 1699; x_wconf 78' lang='lat' dir='ltr'><strong>existunt,</strong></span> <span class='ocrx_word' id='word_1_121' title='bbox 1556 1642 1610 1688; x_wconf 90' lang='lat' dir='ltr'><strong>ct</strong></span> <span class='ocrx_word' id='word_1_122' title='bbox 1643 1634 1688 1688; x_wconf 88' lang='lat' dir='ltr'><strong>si</strong></span> <span class='ocrx_word' id='word_1_123' title='bbox 1722 1647 1829 1687; x_wconf 90' lang='lat' dir='ltr'><strong>non</strong></span> <span class='ocrx_word' id='word_1_124' title='bbox 1850 1645 2102 1701; x_wconf 89' lang='lat' dir='ltr'><strong>corpore,</strong></span> 
     </span>
    </p>
   </div>
   <div class='ocr_carea' id='block_1_19' title="bbox 521 1722 2102 1793">
    <p class='ocr_par' dir='ltr' id='par_1_19' title="bbox 521 1722 2102 1793">
     <span class='ocr_line' id='line_1_19' title="bbox 521 1722 2102 1793; baseline -0.006 -9"><span class='ocrx_word' id='word_1_125' title='bbox 521 1730 703 1786; x_wconf 88' lang='lat' dir='ltr'><strong>anima</strong></span> <span class='ocrx_word' id='word_1_126' title='bbox 735 1737 916 1784; x_wconf 87' lang='lat' dir='ltr'><strong>tamen</strong></span> <span class='ocrx_word' id='word_1_127' title='bbox 959 1726 1159 1784; x_wconf 90' lang='lat' dir='ltr'><strong>mortui</strong></span> <span class='ocrx_word' id='word_1_128' title='bbox 1187 1725 1405 1781; x_wconf 90' lang='lat' dir='ltr'><strong>cadunt.</strong></span> <span class='ocrx_word' id='word_1_129' title='bbox 1449 1723 1516 1779; x_wconf 84' lang='lat' dir='ltr'><strong>Et</strong></span> <span class='ocrx_word' id='word_1_130' title='bbox 1539 1724 1695 1779; x_wconf 81' lang='lat' dir='ltr'><strong>sedes</strong></span> <span class='ocrx_word' id='word_1_131' title='bbox 1727 1722 2102 1793; x_wconf 87' lang='lat' dir='ltr'><strong>episcoporum</strong></span> 
     </span>
    </p>
   </div>
   <div class='ocr_carea' id='block_1_20' title="bbox 522 1813 2103 1886">
    <p class='ocr_par' dir='ltr' id='par_1_20' title="bbox 522 1813 2103 1886">
     <span class='ocr_line' id='line_1_20' title="bbox 522 1813 2103 1886; baseline -0.004 -14"><span class='ocrx_word' id='word_1_132' title='bbox 522 1819 643 1877; x_wconf 88' lang='lat' dir='ltr'><strong>ideo</strong></span> <span class='ocrx_word' id='word_1_133' title='bbox 664 1819 717 1874; x_wconf 91' lang='lat' dir='ltr'><strong>in</strong></span> <span class='ocrx_word' id='word_1_134' title='bbox 751 1818 1000 1875; x_wconf 86' lang='lat' dir='ltr'><strong>ecclesiis</strong></span> <span class='ocrx_word' id='word_1_135' title='bbox 1044 1816 1276 1873; x_wconf 78' lang='lat' dir='ltr'><strong>excelsa:</strong></span> <span class='ocrx_word' id='word_1_136' title='bbox 1307 1814 1713 1871; x_wconf 89' lang='lat' dir='ltr'><strong>constituuntur</strong></span> <span class='ocrx_word' id='word_1_137' title='bbox 1738 1813 1913 1886; x_wconf 81' lang='lat' dir='ltr'><strong>(ibid.)</strong></span> <span class='ocrx_word' id='word_1_138' title='bbox 1948 1820 2009 1867; x_wconf 93' lang='lat' dir='ltr'><strong>ut</strong></span> <span class='ocrx_word' id='word_1_139' title='bbox 2034 1826 2103 1868; x_wconf 76' lang='lat' dir='ltr'><strong>ex</strong></span> 
     </span>
    </p>
   </div>
   <div class='ocr_carea' id='block_1_21' title="bbox 523 1901 2103 1979">
    <p class='ocr_par' dir='ltr' id='par_1_21' title="bbox 523 1901 2103 1979">
     <span class='ocr_line' id='line_1_21' title="bbox 523 1901 2103 1979; baseline -0.006 -15"><span class='ocrx_word' id='word_1_140' title='bbox 523 1910 626 1964; x_wconf 87' lang='lat' dir='ltr'><strong>hoc</strong></span> <span class='ocrx_word' id='word_1_141' title='bbox 653 1908 895 1979; x_wconf 75' lang='lat' dir='ltr'><strong>cpis‘copi</strong></span> <span class='ocrx_word' id='word_1_142' title='bbox 920 1906 1290 1979; x_wconf 66' lang='lat' dir='ltr'><strong>praalatioucm</strong></span> <span class='ocrx_word' id='word_1_143' title='bbox 1318 1913 1486 1974; x_wconf 84' lang='lat' dir='ltr'><strong>atque</strong></span> <span class='ocrx_word' id='word_1_144' title='bbox 1536 1912 1860 1975; x_wconf 75' lang='lat' dir='ltr'><strong>potcsmtem</strong></span> <span class='ocrx_word' id='word_1_145' title='bbox 1906 1901 2103 1973; x_wconf 78' lang='lat' dir='ltr'><strong>ligandi</strong></span> 
     </span>
    </p>
   </div>
   <div class='ocr_carea' id='block_1_22' title="bbox 521 1994 2107 2069">
    <p class='ocr_par' dir='ltr' id='par_1_22' title="bbox 521 1994 2107 2069">
     <span class='ocr_line' id='line_1_22' title="bbox 521 1994 2107 2069; baseline -0.004 -13"><span class='ocrx_word' id='word_1_146' title='bbox 521 2009 576 2056; x_wconf 88' lang='lat' dir='ltr'><strong>et</strong></span> <span class='ocrx_word' id='word_1_147' title='bbox 602 2000 838 2057; x_wconf 84' lang='lat' dir='ltr'><strong>solvendi</strong></span> <span class='ocrx_word' id='word_1_148' title='bbox 858 2000 1058 2055; x_wconf 85' lang='lat' dir='ltr'><strong>habere</strong></span> <span class='ocrx_word' id='word_1_149' title='bbox 1093 1997 1484 2069; x_wconf 74' lang='lat' dir='ltr'><strong>intelligantur,</strong></span> <span class='ocrx_word' id='word_1_150' title='bbox 1509 2006 1564 2051; x_wconf 91' lang='lat' dir='ltr'><strong>et</strong></span> <span class='ocrx_word' id='word_1_151' title='bbox 1588 2009 1778 2051; x_wconf 81' lang='lat' dir='ltr'><strong>omnes</strong></span> <span class='ocrx_word' id='word_1_152' title='bbox 1807 1994 1991 2050; x_wconf 78' lang='lat' dir='ltr'><strong>fideles</strong></span> <span class='ocrx_word' id='word_1_153' title='bbox 2009 2008 2107 2065; x_wconf 87' lang='lat' dir='ltr'><strong>per</strong></span> 
     </span>
    </p>
   </div>
   <div class='ocr_carea' id='block_1_23' title="bbox 527 2085 2104 2161">
    <p class='ocr_par' dir='ltr' id='par_1_23' title="bbox 527 2085 2104 2161">
     <span class='ocr_line' id='line_1_23' title="bbox 527 2085 2104 2161; baseline -0.004 -16"><span class='ocrx_word' id='word_1_154' title='bbox 527 2105 722 2148; x_wconf 85' lang='lat' dir='ltr'><strong>manus</strong></span> <span class='ocrx_word' id='word_1_155' title='bbox 743 2090 1142 2161; x_wconf 84' lang='lat' dir='ltr'><strong>impositionem</strong></span> <span class='ocrx_word' id='word_1_156' title='bbox 1161 2089 1542 2160; x_wconf 82' lang='lat' dir='ltr'><strong>episcoporum</strong></span> <span class='ocrx_word' id='word_1_157' title='bbox 1567 2085 1832 2158; x_wconf 87' lang='lat' dir='ltr'><strong>Spiritum</strong></span> <span class='ocrx_word' id='word_1_158' title='bbox 1856 2093 2104 2141; x_wconf 84' lang='lat' dir='ltr'><strong>sanctum</strong></span> 
     </span>
    </p>
   </div>
   <div class='ocr_carea' id='block_1_24' title="bbox 524 2175 2106 2252">
    <p class='ocr_par' dir='ltr' id='par_1_24' title="bbox 524 2175 2106 2252">
     <span class='ocr_line' id='line_1_24' title="bbox 524 2175 2106 2252; baseline -0.002 -19"><span class='ocrx_word' id='word_1_159' title='bbox 524 2190 645 2252; x_wconf 84' lang='lat' dir='ltr'><strong>post</strong></span> <span class='ocrx_word' id='word_1_160' title='bbox 690 2181 1015 2251; x_wconf 84' lang='lat' dir='ltr'><strong>baptismum</strong></span> <span class='ocrx_word' id='word_1_161' title='bbox 1064 2179 1313 2250; x_wconf 85' lang='lat' dir='ltr'><strong>accipere</strong></span> <span class='ocrx_word' id='word_1_162' title='bbox 1358 2180 1613 2243; x_wconf 81' lang='lat' dir='ltr'><strong>debeant,</strong></span> <span class='ocrx_word' id='word_1_163' title='bbox 1664 2185 1724 2233; x_wconf 89' lang='lat' dir='ltr'><strong>ut</strong></span> <span class='ocrx_word' id='word_1_164' title='bbox 1760 2175 1904 2247; x_wconf 80' lang='lat' dir='ltr'><strong>pleni</strong></span> <span class='ocrx_word' id='word_1_165' title='bbox 1949 2175 2106 2231; x_wconf 83' lang='lat' dir='ltr'><strong>Chli-</strong></span> 
     </span>
    </p>
   </div>
   <div class='ocr_carea' id='block_1_25' title="bbox 524 2266 2103 2337">
    <p class='ocr_par' dir='ltr' id='par_1_25' title="bbox 524 2266 2103 2337">
     <span class='ocr_line' id='line_1_25' title="bbox 524 2266 2103 2337; baseline -0.004 -12"><span class='ocrx_word' id='word_1_166' title='bbox 524 2272 683 2326; x_wconf 89' lang='lat' dir='ltr'><strong>stiani</strong></span> <span class='ocrx_word' id='word_1_167' title='bbox 712 2269 1074 2325; x_wconf 82' lang='lat' dir='ltr'><strong>inveniantur.</strong></span> <span class='ocrx_word' id='word_1_168' title='bbox 1102 2267 1200 2324; x_wconf 92' lang='lat' dir='ltr'><strong>llic</strong></span> <span class='ocrx_word' id='word_1_169' title='bbox 1222 2267 1563 2324; x_wconf 81' lang='lat' dir='ltr'><strong>Valerianum</strong></span> <span class='ocrx_word' id='word_1_170' title='bbox 1584 2266 1813 2323; x_wconf 64' lang='lat' dir='ltr'><strong>Caecilia:</strong></span> <span class='ocrx_word' id='word_1_171' title='bbox 1824 2280 2103 2337; x_wconf 87' lang='lat' dir='ltr'><strong>sponsum,</strong></span> 
     </span>
    </p>
   </div>
   <div class='ocr_carea' id='block_1_26' title="bbox 525 2358 2104 2433">
    <p class='ocr_par' dir='ltr' id='par_1_26' title="bbox 525 2358 2104 2433">
     <span class='ocr_line' id='line_1_26' title="bbox 525 2358 2104 2433; baseline -0.004 -15"><span class='ocrx_word' id='word_1_172' title='bbox 525 2363 826 2433; x_wconf 86' lang='lat' dir='ltr'><strong>multosque</strong></span> <span class='ocrx_word' id='word_1_173' title='bbox 871 2362 1005 2417; x_wconf 89' lang='lat' dir='ltr'><strong>alios</strong></span> <span class='ocrx_word' id='word_1_174' title='bbox 1042 2362 1107 2415; x_wconf 88' lang='lat' dir='ltr'><strong>ad</strong></span> <span class='ocrx_word' id='word_1_175' title='bbox 1153 2360 1312 2417; x_wconf 85' lang='lat' dir='ltr'><strong>fidem</strong></span> <span class='ocrx_word' id='word_1_176' title='bbox 1359 2360 1565 2416; x_wconf 84' lang='lat' dir='ltr'><strong>Christi</strong></span> <span class='ocrx_word' id='word_1_177' title='bbox 1607 2358 1892 2424; x_wconf 79' lang='lat' dir='ltr'><strong>convertit,</strong></span> <span class='ocrx_word' id='word_1_178' title='bbox 1939 2368 1996 2414; x_wconf 87' lang='lat' dir='ltr'><strong>et</strong></span> <span class='ocrx_word' id='word_1_179' title='bbox 2036 2358 2104 2413; x_wconf 90' lang='lat' dir='ltr'><strong>ad</strong></span> 
     </span>
    </p>
   </div>
   <div class='ocr_carea' id='block_1_27' title="bbox 526 2451 2109 2527">
    <p class='ocr_par' dir='ltr' id='par_1_27' title="bbox 526 2451 2109 2527">
     <span class='ocr_line' id='line_1_27' title="bbox 526 2451 2109 2527; baseline -0.002 -18"><span class='ocrx_word' id='word_1_180' title='bbox 526 2455 770 2527; x_wconf 84' lang='lat' dir='ltr'><strong>martyrii</strong></span> <span class='ocrx_word' id='word_1_181' title='bbox 817 2454 1046 2524; x_wconf 83' lang='lat' dir='ltr'><strong>palmam</strong></span> <span class='ocrx_word' id='word_1_182' title='bbox 1080 2453 1349 2524; x_wconf 80' lang='lat' dir='ltr'><strong>perduxit.</strong></span> <span class='ocrx_word' id='word_1_183' title='bbox 1385 2452 1482 2508; x_wconf 88' lang='lat' dir='ltr'><strong>llic</strong></span> <span class='ocrx_word' id='word_1_184' title='bbox 1505 2451 1777 2508; x_wconf 83' lang='lat' dir='ltr'><strong>ordinavit</strong></span> <span class='ocrx_word' id='word_1_185' title='bbox 1821 2451 2109 2522; x_wconf 81' lang='lat' dir='ltr'><strong>episcopos</strong></span> 
     </span>
    </p>
   </div>
   <div class='ocr_carea' id='block_1_28' title="bbox 523 2543 1997 2616">
    <p class='ocr_par' dir='ltr' id='par_1_28' title="bbox 523 2543 1997 2616">
     <span class='ocr_line' id='line_1_28' title="bbox 523 2543 1997 2616; baseline -0.004 -16"><span class='ocrx_word' id='word_1_186' title='bbox 523 2555 665 2611; x_wconf 86' lang='lat' dir='ltr'><strong>octo,</strong></span> <span class='ocrx_word' id='word_1_187' title='bbox 696 2546 1041 2616; x_wconf 79' lang='lat' dir='ltr'><strong>presbyteros</strong></span> <span class='ocrx_word' id='word_1_188' title='bbox 1067 2543 1459 2607; x_wconf 90' lang='lat' dir='ltr'><strong>novemdecim,</strong></span> <span class='ocrx_word' id='word_1_189' title='bbox 1480 2543 1736 2599; x_wconf 84' lang='lat' dir='ltr'><strong>diaconos</strong></span> <span class='ocrx_word' id='word_1_190' title='bbox 1771 2550 1997 2613; x_wconf 88' lang='lat' dir='ltr'><strong>septem.</strong></span> 
     </span>
    </p>
   </div>
   <div class='ocr_carea' id='block_1_29' title="bbox 929 2631 1712 2689">
    <p class='ocr_par' dir='ltr' id='par_1_29' title="bbox 929 2631 1712 2689">
     <span class='ocr_line' id='line_1_29' title="bbox 929 2631 1712 2689; baseline -0.001 -2"><span class='ocrx_word' id='word_1_191' title='bbox 929 2632 1066 2689; x_wconf 76' lang='lat' dir='ltr'><strong>XIX.</strong></span> <span class='ocrx_word' id='word_1_192' title='bbox 1097 2663 1168 2675; x_wconf 89' lang='lat'><strong>--</strong></span> <span class='ocrx_word' id='word_1_193' title='bbox 1203 2632 1261 2689; x_wconf 88' lang='lat' dir='ltr'><strong>S.</strong></span> <span class='ocrx_word' id='word_1_194' title='bbox 1300 2631 1712 2689; x_wconf 84' lang='lat' dir='ltr'><strong>PONTIANUS.</strong></span> 
     </span>
    </p>
   </div>
   <div class='ocr_carea' id='block_1_30' title="bbox 1032 2724 1611 2798">
    <p class='ocr_par' dir='ltr' id='par_1_30' title="bbox 1032 2724 1611 2798">
     <span class='ocr_line' id='line_1_30' title="bbox 1032 2724 1611 2798; baseline 0.002 -18"><span class='ocrx_word' id='word_1_195' title='bbox 1032 2728 1204 2798; x_wconf 78' lang='lat' dir='ltr'><strong>(Anno</strong></span> <span class='ocrx_word' id='word_1_196' title='bbox 1236 2724 1431 2780; x_wconf 84' lang='lat' dir='ltr'><strong>Christi</strong></span> <span class='ocrx_word' id='word_1_197' title='bbox 1458 2724 1611 2795; x_wconf 74' lang='grc'><strong>⁸253.)</strong></span> 
     </span>
    </p>
   </div>
   <div class='ocr_carea' id='block_1_31' title="bbox 598 2815 2104 2886">
    <p class='ocr_par' dir='ltr' id='par_1_31' title="bbox 598 2815 2104 2886">
     <span class='ocr_line' id='line_1_31' title="bbox 598 2815 2104 2886; baseline 0 -15"><span class='ocrx_word' id='word_1_198' title='bbox 598 2819 916 2885; x_wconf 81' lang='lat' dir='ltr'><strong>Pontianus,</strong></span> <span class='ocrx_word' id='word_1_199' title='bbox 948 2818 1168 2873; x_wconf 87' lang='lat' dir='ltr'><strong>natione</strong></span> <span class='ocrx_word' id='word_1_200' title='bbox 1195 2815 1494 2882; x_wconf 82' lang='lat' dir='ltr'><strong>Romanus,</strong></span> <span class='ocrx_word' id='word_1_201' title='bbox 1515 2830 1583 2871; x_wconf 77' lang='lat' dir='ltr'><strong>ex</strong></span> <span class='ocrx_word' id='word_1_202' title='bbox 1604 2824 1760 2886; x_wconf 80' lang='lat' dir='ltr'><strong>patre</strong></span> <span class='ocrx_word' id='word_1_203' title='bbox 1787 2815 2104 2886; x_wconf 86' lang='lat' dir='ltr'><strong>Calpurnio,</strong></span> 
     </span>
    </p>
   </div>
   <div class='ocr_carea' id='block_1_32' title="bbox 525 2905 2103 2977">
    <p class='ocr_par' dir='ltr' id='par_1_32' title="bbox 525 2905 2103 2977">
     <span class='ocr_line' id='line_1_32' title="bbox 525 2905 2103 2977; baseline -0.003 -13"><span class='ocrx_word' id='word_1_204' title='bbox 525 2910 664 2965; x_wconf 81' lang='lat' dir='ltr'><strong>sedit</strong></span> <span class='ocrx_word' id='word_1_205' title='bbox 718 2924 892 2964; x_wconf 87' lang='lat' dir='ltr'><strong>annos</strong></span> <span class='ocrx_word' id='word_1_206' title='bbox 939 2922 1153 2972; x_wconf 89' lang='lat' dir='ltr'><strong>novem,</strong></span> <span class='ocrx_word' id='word_1_207' title='bbox 1202 2920 1418 2962; x_wconf 82' lang='lat' dir='ltr'><strong>menses</strong></span> <span class='ocrx_word' id='word_1_208' title='bbox 1471 2906 1732 2977; x_wconf 88' lang='lat' dir='ltr'><strong>quinque,</strong></span> <span class='ocrx_word' id='word_1_209' title='bbox 1778 2905 1895 2962; x_wconf 84' lang='lat' dir='ltr'><strong>dies</strong></span> <span class='ocrx_word' id='word_1_210' title='bbox 1946 2905 2103 2962; x_wconf 89' lang='lat' dir='ltr'><strong>duos.</strong></span> 
     </span>
    </p>
   </div>
   <div class='ocr_carea' id='block_1_33' title="bbox 526 2993 2106 3067">
    <p class='ocr_par' dir='ltr' id='par_1_33' title="bbox 526 2993 2106 3067">
     <span class='ocr_line' id='line_1_33' title="bbox 526 2993 2106 3067; baseline -0.002 -14"><span class='ocrx_word' id='word_1_211' title='bbox 526 2999 651 3053; x_wconf 86' lang='lat' dir='ltr'><strong>Fuit</strong></span> <span class='ocrx_word' id='word_1_212' title='bbox 673 3007 855 3055; x_wconf 88' lang='lat' dir='ltr'><strong>autem</strong></span> <span class='ocrx_word' id='word_1_213' title='bbox 888 2996 1219 3067; x_wconf 84' lang='lat' dir='ltr'><strong>temporibus</strong></span> <span class='ocrx_word' id='word_1_214' title='bbox 1236 2995 1554 3061; x_wconf 78' lang='lat' dir='ltr'><strong>Alexandri,</strong></span> <span class='ocrx_word' id='word_1_215' title='bbox 1585 3011 1617 3050; x_wconf 91' lang='lat' dir='ltr'><strong>a</strong></span> <span class='ocrx_word' id='word_1_216' title='bbox 1641 2993 1924 3051; x_wconf 86' lang='lat' dir='ltr'><strong>consulatu</strong></span> <span class='ocrx_word' id='word_1_217' title='bbox 1948 2993 2106 3050; x_wconf 85' lang='lat' dir='ltr'><strong>Pom-</strong></span> 
     </span>
    </p>
   </div>
   <div class='ocr_carea' id='block_1_34' title="bbox 2203 537 3763 595">
    <p class='ocr_par' dir='ltr' id='par_1_34' title="bbox 2203 537 3763 595">
     <span class='ocr_line' id='line_1_34' title="bbox 2203 537 3763 595; baseline 0 -2"><span class='ocrx_word' id='word_1_218' title='bbox 2203 549 2311 594; x_wconf 91' lang='lat' dir='ltr'><strong>tate</strong></span> <span class='ocrx_word' id='word_1_219' title='bbox 2338 549 2573 594; x_wconf 89' lang='lat' dir='ltr'><strong>mutatus</strong></span> <span class='ocrx_word' id='word_1_220' title='bbox 2602 550 2689 594; x_wconf 81' lang='lat' dir='ltr'><strong>est</strong></span> <span class='ocrx_word' id='word_1_221' title='bbox 2713 539 3097 594; x_wconf 73' lang='lat' dir='ltr'><strong>Alexandriam</strong></span> <span class='ocrx_word' id='word_1_222' title='bbox 3123 556 3135 593; x_wconf 94' lang='lat'><strong>:</strong></span> <span class='ocrx_word' id='word_1_223' title='bbox 3163 538 3421 595; x_wconf 83' lang='lat' dir='ltr'><strong>similiter</strong></span> <span class='ocrx_word' id='word_1_224' title='bbox 3443 545 3504 591; x_wconf 91' lang='lat' dir='ltr'><strong>et</strong></span> <span class='ocrx_word' id='word_1_225' title='bbox 3527 537 3677 593; x_wconf 78' lang='lat' dir='ltr'><strong>Felix</strong></span> <span class='ocrx_word' id='word_1_226' title='bbox 3703 540 3763 593; x_wconf 86' lang='lat' dir='ltr'><strong>de</strong></span> 
     </span>
    </p>
   </div>
   <div class='ocr_carea' id='block_1_35' title="bbox 2200 629 3768 701">
    <p class='ocr_par' dir='ltr' id='par_1_35' title="bbox 2200 629 3768 701">
     <span class='ocr_line' id='line_1_35' title="bbox 2200 629 3768 701; baseline -0.003 -16"><span class='ocrx_word' id='word_1_227' title='bbox 2200 629 2418 686; x_wconf 81' lang='lat' dir='ltr'><strong>civitate</strong></span> <span class='ocrx_word' id='word_1_228' title='bbox 2437 646 2542 701; x_wconf 74' lang='lat' dir='ltr'><strong>qua</strong></span> <span class='ocrx_word' id='word_1_229' title='bbox 2563 630 2845 686; x_wconf 86' lang='lat' dir='ltr'><strong>ordinatus</strong></span> <span class='ocrx_word' id='word_1_230' title='bbox 2861 639 3000 695; x_wconf 86' lang='lat' dir='ltr'><strong>erat,</strong></span> <span class='ocrx_word' id='word_1_231' title='bbox 3027 629 3295 685; x_wconf 82' lang='lat' dir='ltr'><strong>electione</strong></span> <span class='ocrx_word' id='word_1_232' title='bbox 3309 629 3535 693; x_wconf 87' lang='lat' dir='ltr'><strong>civium,</strong></span> <span class='ocrx_word' id='word_1_233' title='bbox 3562 637 3768 699; x_wconf 75' lang='lat' dir='ltr'><strong>propter</strong></span> 
     </span>
    </p>
   </div>
   <div class='ocr_carea' id='block_1_36' title="bbox 2200 719 3782 792">
    <p class='ocr_par' dir='ltr' id='par_1_36' title="bbox 2200 719 3782 792">
     <span class='ocr_line' id='line_1_36' title="bbox 2200 719 3782 792; baseline -0.001 -18"><span class='ocrx_word' id='word_1_234' title='bbox 2200 719 2505 776; x_wconf 85' lang='lat' dir='ltr'><strong>doctrinam</strong></span> <span class='ocrx_word' id='word_1_235' title='bbox 2531 731 2588 775; x_wconf 91' lang='lat' dir='ltr'><strong>ct</strong></span> <span class='ocrx_word' id='word_1_236' title='bbox 2609 722 2803 776; x_wconf 86' lang='lat' dir='ltr'><strong>bonam</strong></span> <span class='ocrx_word' id='word_1_237' title='bbox 2835 721 3001 775; x_wconf 89' lang='lat' dir='ltr'><strong>vitam</strong></span> <span class='ocrx_word' id='word_1_238' title='bbox 3030 736 3193 792; x_wconf 83' lang='lat' dir='ltr'><strong>quam</strong></span> <span class='ocrx_word' id='word_1_239' title='bbox 3221 719 3478 783; x_wconf 79' lang='lat' dir='ltr'><strong>habebat,</strong></span> <span class='ocrx_word' id='word_1_240' title='bbox 3508 719 3782 774; x_wconf 81' lang='lat' dir='ltr'><strong>communi</strong></span> 
     </span>
    </p>
   </div>
   <div class='ocr_carea' id='block_1_37' title="bbox 2199 806 3773 886">
    <p class='ocr_par' dir='ltr' id='par_1_37' title="bbox 2199 806 3773 886">
     <span class='ocr_line' id='line_1_37' title="bbox 2199 806 3773 886; baseline -0.004 -20"><span class='ocrx_word' id='word_1_241' title='bbox 2199 809 2572 880; x_wconf 86' lang='lat' dir='ltr'><strong>episcoporum</strong></span> <span class='ocrx_word' id='word_1_242' title='bbox 2600 818 2658 865; x_wconf 90' lang='lat' dir='ltr'><strong>et</strong></span> <span class='ocrx_word' id='word_1_243' title='bbox 2699 809 3028 880; x_wconf 86' lang='lat' dir='ltr'><strong>reliquorum</strong></span> <span class='ocrx_word' id='word_1_244' title='bbox 3065 806 3409 864; x_wconf 86' lang='lat' dir='ltr'><strong>sacerdotum</strong></span> <span class='ocrx_word' id='word_1_245' title='bbox 3438 817 3536 862; x_wconf 80' lang='lat' dir='ltr'><strong>aut</strong></span> <span class='ocrx_word' id='word_1_246' title='bbox 3564 808 3773 886; x_wconf 78' lang='lat' dir='ltr'><strong>populo-</strong></span> 
     </span>
    </p>
   </div>
   <div class='ocr_carea' id='block_1_38' title="bbox 2198 899 3772 971">
    <p class='ocr_par' dir='ltr' id='par_1_38' title="bbox 2198 899 3772 971">
     <span class='ocr_line' id='line_1_38' title="bbox 2198 899 3772 971; baseline -0.004 -13"><span class='ocrx_word' id='word_1_247' title='bbox 2198 917 2317 958; x_wconf 90' lang='lat' dir='ltr'><strong>rum</strong></span> <span class='ocrx_word' id='word_1_248' title='bbox 2362 901 2588 957; x_wconf 88' lang='lat' dir='ltr'><strong>consilio</strong></span> <span class='ocrx_word' id='word_1_249' title='bbox 2624 900 2919 956; x_wconf 86' lang='lat' dir='ltr'><strong>translatus</strong></span> <span class='ocrx_word' id='word_1_250' title='bbox 2968 909 3052 956; x_wconf 89' lang='lat' dir='ltr'><strong>est</strong></span> <span class='ocrx_word' id='word_1_251' title='bbox 3093 901 3387 971; x_wconf 78' lang='lat' dir='ltr'><strong>Ephesum.</strong></span> <span class='ocrx_word' id='word_1_252' title='bbox 3438 899 3600 966; x_wconf 78' lang='lat' dir='ltr'><strong>Quia,</strong></span> <span class='ocrx_word' id='word_1_253' title='bbox 3646 899 3772 954; x_wconf 74' lang='lat' dir='ltr'><strong>sicut</strong></span> 
     </span>
    </p>
   </div>
   <div class='ocr_carea' id='block_1_39' title="bbox 2199 990 3774 1063">
    <p class='ocr_par' dir='ltr' id='par_1_39' title="bbox 2199 990 3774 1063">
     <span class='ocr_line' id='line_1_39' title="bbox 2199 990 3774 1063; baseline -0.003 -16"><span class='ocrx_word' id='word_1_254' title='bbox 2199 992 2438 1062; x_wconf 84' lang='lat' dir='ltr'><strong>episcopi</strong></span> <span class='ocrx_word' id='word_1_255' title='bbox 2473 991 2675 1047; x_wconf 81' lang='lat' dir='ltr'><strong>habent</strong></span> <span class='ocrx_word' id='word_1_256' title='bbox 2697 998 3020 1063; x_wconf 87' lang='lat' dir='ltr'><strong>potestatem</strong></span> <span class='ocrx_word' id='word_1_257' title='bbox 3048 992 3301 1045; x_wconf 83' lang='lat' dir='ltr'><strong>ordinare</strong></span> <span class='ocrx_word' id='word_1_258' title='bbox 3320 990 3655 1060; x_wconf 73' lang='lat' dir='ltr'><strong>regulariter</strong></span> <span class='ocrx_word' id='word_1_259' title='bbox 3673 990 3774 1058; x_wconf 65' lang='lat' dir='ltr'><strong>cpio</strong></span> 
     </span>
    </p>
   </div>
   <div class='ocr_carea' id='block_1_40' title="bbox 2201 1081 3779 1153">
    <p class='ocr_par' dir='ltr' id='par_1_40' title="bbox 2201 1081 3779 1153">
     <span class='ocr_line' id='line_1_40' title="bbox 2201 1081 3779 1153; baseline -0.005 -13"><span class='ocrx_word' id='word_1_260' title='bbox 2201 1096 2397 1153; x_wconf 81' lang='lat' dir='ltr'><strong>scepos</strong></span> <span class='ocrx_word' id='word_1_261' title='bbox 2438 1091 2492 1137; x_wconf 84' lang='lat' dir='ltr'><strong>et</strong></span> <span class='ocrx_word' id='word_1_262' title='bbox 2543 1083 2780 1153; x_wconf 84' lang='lat' dir='ltr'><strong>reliquos</strong></span> <span class='ocrx_word' id='word_1_263' title='bbox 2823 1083 3130 1137; x_wconf 88' lang='lat' dir='ltr'><strong>sacerdotes</strong></span> <span class='ocrx_word' id='word_1_264' title='bbox 3154 1121 3169 1147; x_wconf 92' lang='lat'><strong>,</strong></span> <span class='ocrx_word' id='word_1_265' title='bbox 3216 1084 3295 1135; x_wconf 89' lang='lat' dir='ltr'><strong>sic</strong></span> <span class='ocrx_word' id='word_1_266' title='bbox 3357 1081 3779 1152; x_wconf 78' lang='lat' dir='ltr'><strong>quotiescunque</strong></span> 
     </span>
    </p>
   </div>
   <div class='ocr_carea' id='block_1_41' title="bbox 2202 1170 3779 1243">
    <p class='ocr_par' dir='ltr' id='par_1_41' title="bbox 2202 1170 3779 1243">
     <span class='ocr_line' id='line_1_41' title="bbox 2202 1170 3779 1243; baseline -0.003 -15"><span class='ocrx_word' id='word_1_267' title='bbox 2202 1174 2409 1230; x_wconf 84' lang='lat' dir='ltr'><strong>utilitas</strong></span> <span class='ocrx_word' id='word_1_268' title='bbox 2447 1182 2541 1228; x_wconf 88' lang='lat' dir='ltr'><strong>aut</strong></span> <span class='ocrx_word' id='word_1_269' title='bbox 2578 1173 2874 1229; x_wconf 87' lang='lat' dir='ltr'><strong>necessitas</strong></span> <span class='ocrx_word' id='word_1_270' title='bbox 2908 1174 3167 1243; x_wconf 82' lang='lat' dir='ltr'><strong>exposcit,</strong></span> <span class='ocrx_word' id='word_1_271' title='bbox 3201 1172 3519 1243; x_wconf 73' lang='lat' dir='ltr'><strong>supradicto</strong></span> <span class='ocrx_word' id='word_1_272' title='bbox 3548 1170 3707 1224; x_wconf 87' lang='lat' dir='ltr'><strong>modo</strong></span> <span class='ocrx_word' id='word_1_273' title='bbox 3729 1180 3779 1224; x_wconf 81' lang='lat' dir='ltr'><strong>et</strong></span> 
     </span>
    </p>
   </div>
   <div class='ocr_carea' id='block_1_42' title="bbox 2204 1259 3780 1334">
    <p class='ocr_par' dir='ltr' id='par_1_42' title="bbox 2204 1259 3780 1334">
     <span class='ocr_line' id='line_1_42' title="bbox 2204 1259 3780 1334; baseline -0.003 -15"><span class='ocrx_word' id='word_1_274' title='bbox 2204 1273 2418 1319; x_wconf 89' lang='lat' dir='ltr'><strong>mutare</strong></span> <span class='ocrx_word' id='word_1_275' title='bbox 2464 1273 2519 1317; x_wconf 90' lang='lat' dir='ltr'><strong>ct</strong></span> <span class='ocrx_word' id='word_1_276' title='bbox 2581 1264 2952 1319; x_wconf 83' lang='lat' dir='ltr'><strong>intbronizare</strong></span> <span class='ocrx_word' id='word_1_277' title='bbox 3009 1270 3332 1334; x_wconf 83' lang='lat' dir='ltr'><strong>potestatein</strong></span> <span class='ocrx_word' id='word_1_278' title='bbox 3398 1260 3625 1316; x_wconf 88' lang='lat' dir='ltr'><strong>habent.</strong></span> <span class='ocrx_word' id='word_1_279' title='bbox 3672 1259 3780 1315; x_wconf 76' lang='lat' dir='ltr'><strong>Non</strong></span> 
     </span>
    </p>
   </div>
   <div class='ocr_carea' id='block_1_43' title="bbox 2203 1355 3782 1425">
    <p class='ocr_par' dir='ltr' id='par_1_43' title="bbox 2203 1355 3782 1425">
     <span class='ocr_line' id='line_1_43' title="bbox 2203 1355 3782 1425; baseline -0.002 -14"><span class='ocrx_word' id='word_1_280' title='bbox 2203 1357 2346 1412; x_wconf 90' lang='lat' dir='ltr'><strong>enim</strong></span> <span class='ocrx_word' id='word_1_281' title='bbox 2372 1357 2438 1412; x_wconf 88' lang='lat' dir='ltr'><strong>de</strong></span> <span class='ocrx_word' id='word_1_282' title='bbox 2476 1356 2672 1412; x_wconf 86' lang='lat' dir='ltr'><strong>minori</strong></span> <span class='ocrx_word' id='word_1_283' title='bbox 2720 1356 2787 1411; x_wconf 87' lang='lat' dir='ltr'><strong>ad</strong></span> <span class='ocrx_word' id='word_1_284' title='bbox 2817 1355 3076 1425; x_wconf 83' lang='lat' dir='ltr'><strong>majorem</strong></span> <span class='ocrx_word' id='word_1_285' title='bbox 3121 1357 3404 1411; x_wconf 85' lang='lat' dir='ltr'><strong>civitatem</strong></span> <span class='ocrx_word' id='word_1_286' title='bbox 3446 1355 3782 1418; x_wconf 88' lang='lat' dir='ltr'><strong>transfertur,</strong></span> 
     </span>
    </p>
   </div>
   <div class='ocr_carea' id='block_1_44' title="bbox 2203 1447 3774 1520">
    <p class='ocr_par' dir='ltr' id='par_1_44' title="bbox 2203 1447 3774 1520">
     <span class='ocr_line' id='line_1_44' title="bbox 2203 1447 3774 1520; baseline -0.001 -18"><span class='ocrx_word' id='word_1_287' title='bbox 2203 1450 2293 1520; x_wconf 91' lang='lat' dir='ltr'><strong>qui</strong></span> <span class='ocrx_word' id='word_1_288' title='bbox 2319 1465 2424 1504; x_wconf 91' lang='lat' dir='ltr'><strong>non</strong></span> <span class='ocrx_word' id='word_1_289' title='bbox 2447 1450 2672 1513; x_wconf 88' lang='lat' dir='ltr'><strong>ambitu,</strong></span> <span class='ocrx_word' id='word_1_290' title='bbox 2707 1464 2809 1504; x_wconf 90' lang='lat' dir='ltr'><strong>nec</strong></span> <span class='ocrx_word' id='word_1_291' title='bbox 2828 1448 3048 1519; x_wconf 82' lang='lat' dir='ltr'><strong>propria</strong></span> <span class='ocrx_word' id='word_1_292' title='bbox 3079 1448 3379 1514; x_wconf 74' lang='lat' dir='ltr'><strong>voluntate,</strong></span> <span class='ocrx_word' id='word_1_293' title='bbox 3414 1447 3514 1503; x_wconf 88' lang='lat' dir='ltr'><strong>sed</strong></span> <span class='ocrx_word' id='word_1_294' title='bbox 3544 1458 3637 1502; x_wconf 87' lang='lat' dir='ltr'><strong>aut</strong></span> <span class='ocrx_word' id='word_1_295' title='bbox 3671 1448 3725 1503; x_wconf 87' lang='lat' dir='ltr'><strong>vi</strong></span> <span class='ocrx_word' id='word_1_296' title='bbox 3749 1466 3774 1501; x_wconf 83' lang='lat' dir='ltr'><strong>a</strong></span> 
     </span>
    </p>
   </div>
   <div class='ocr_carea' id='block_1_45' title="bbox 2205 1538 3783 1611">
    <p class='ocr_par' dir='ltr' id='par_1_45' title="bbox 2205 1538 3783 1611">
     <span class='ocr_line' id='line_1_45' title="bbox 2205 1538 3783 1611; baseline 0 -19"><span class='ocrx_word' id='word_1_297' title='bbox 2205 1540 2419 1611; x_wconf 62' lang='lat' dir='ltr'><strong>proinia</strong></span> <span class='ocrx_word' id='word_1_298' title='bbox 2451 1539 2579 1594; x_wconf 88' lang='lat' dir='ltr'><strong>sede</strong></span> <span class='ocrx_word' id='word_1_299' title='bbox 2604 1538 2813 1610; x_wconf 82' lang='lat' dir='ltr'><strong>pulsus,</strong></span> <span class='ocrx_word' id='word_1_300' title='bbox 2837 1547 2931 1594; x_wconf 89' lang='lat' dir='ltr'><strong>aut</strong></span> <span class='ocrx_word' id='word_1_301' title='bbox 2958 1539 3281 1595; x_wconf 81' lang='lat' dir='ltr'><strong>necessitate</strong></span> <span class='ocrx_word' id='word_1_302' title='bbox 3298 1542 3548 1605; x_wconf 73' lang='lat' dir='ltr'><strong>coaetus,</strong></span> <span class='ocrx_word' id='word_1_303' title='bbox 3571 1548 3665 1593; x_wconf 88' lang='lat' dir='ltr'><strong>aut</strong></span> <span class='ocrx_word' id='word_1_304' title='bbox 3688 1541 3783 1593; x_wconf 81' lang='lat' dir='ltr'><strong>uti—</strong></span> 
     </span>
    </p>
   </div>
   <div class='ocr_carea' id='block_1_46' title="bbox 2204 1629 3788 1701">
    <p class='ocr_par' dir='ltr' id='par_1_46' title="bbox 2204 1629 3788 1701">
     <span class='ocr_line' id='line_1_46' title="bbox 2204 1629 3788 1701; baseline 0.001 -17"><span class='ocrx_word' id='word_1_305' title='bbox 2204 1631 2355 1685; x_wconf 80' lang='lat' dir='ltr'><strong>litate</strong></span> <span class='ocrx_word' id='word_1_306' title='bbox 2387 1631 2490 1687; x_wconf 85' lang='lat' dir='ltr'><strong>loci</strong></span> <span class='ocrx_word' id='word_1_307' title='bbox 2522 1638 2574 1685; x_wconf 90' lang='lat' dir='ltr'><strong>et</strong></span> <span class='ocrx_word' id='word_1_308' title='bbox 2608 1629 2811 1701; x_wconf 90' lang='lat' dir='ltr'><strong>populi,</strong></span> <span class='ocrx_word' id='word_1_309' title='bbox 2844 1645 2950 1685; x_wconf 90' lang='lat' dir='ltr'><strong>non</strong></span> <span class='ocrx_word' id='word_1_310' title='bbox 2983 1631 3237 1700; x_wconf 83' lang='lat' dir='ltr'><strong>superbe,</strong></span> <span class='ocrx_word' id='word_1_311' title='bbox 3276 1632 3375 1686; x_wconf 86' lang='lat' dir='ltr'><strong>sed</strong></span> <span class='ocrx_word' id='word_1_312' title='bbox 3414 1630 3693 1685; x_wconf 81' lang='lat' dir='ltr'><strong>humiliter</strong></span> <span class='ocrx_word' id='word_1_313' title='bbox 3726 1630 3788 1684; x_wconf 82' lang='lat' dir='ltr'><strong>ab</strong></span> 
     </span>
    </p>
   </div>
   <div class='ocr_carea' id='block_1_47' title="bbox 2205 1720 3786 1777">
    <p class='ocr_par' dir='ltr' id='par_1_47' title="bbox 2205 1720 3786 1777">
     <span class='ocr_line' id='line_1_47' title="bbox 2205 1720 3786 1777; baseline -0.001 -1"><span class='ocrx_word' id='word_1_314' title='bbox 2205 1722 2328 1777; x_wconf 89' lang='lat' dir='ltr'><strong>aliis</strong></span> <span class='ocrx_word' id='word_1_315' title='bbox 2353 1721 2680 1777; x_wconf 81' lang='lat' dir='ltr'><strong>transfertur</strong></span> <span class='ocrx_word' id='word_1_316' title='bbox 2702 1730 2759 1776; x_wconf 92' lang='lat' dir='ltr'><strong>ct</strong></span> <span class='ocrx_word' id='word_1_317' title='bbox 2790 1721 3206 1776; x_wconf 86' lang='lat' dir='ltr'><strong>inthronizatur.</strong></span> <span class='ocrx_word' id='word_1_318' title='bbox 3231 1720 3337 1777; x_wconf 80' lang='lat' dir='ltr'><strong>llic</strong></span> <span class='ocrx_word' id='word_1_319' title='bbox 3360 1722 3568 1777; x_wconf 86' lang='lat' dir='ltr'><strong>eisdem</strong></span> <span class='ocrx_word' id='word_1_320' title='bbox 3608 1723 3786 1776; x_wconf 78' lang='lat' dir='ltr'><strong>decre-</strong></span> 
     </span>
    </p>
   </div>
   <div class='ocr_carea' id='block_1_48' title="bbox 2210 1812 3787 1884">
    <p class='ocr_par' dir='ltr' id='par_1_48' title="bbox 2210 1812 3787 1884">
     <span class='ocr_line' id='line_1_48' title="bbox 2210 1812 3787 1884; baseline 0 -16"><span class='ocrx_word' id='word_1_321' title='bbox 2210 1813 2278 1868; x_wconf 88' lang='lat' dir='ltr'><strong>tis</strong></span> <span class='ocrx_word' id='word_1_322' title='bbox 2323 1814 2437 1867; x_wconf 86' lang='lat' dir='ltr'><strong>suis</strong></span> <span class='ocrx_word' id='word_1_323' title='bbox 2489 1813 2721 1867; x_wconf 86' lang='lat' dir='ltr'><strong>saucivit</strong></span> <span class='ocrx_word' id='word_1_324' title='bbox 2762 1813 2962 1882; x_wconf 74' lang='lat' dir='ltr'><strong>(eadem</strong></span> <span class='ocrx_word' id='word_1_325' title='bbox 2997 1812 3199 1884; x_wconf 81' lang='lat' dir='ltr'><strong>epist.),</strong></span> <span class='ocrx_word' id='word_1_326' title='bbox 3240 1821 3302 1866; x_wconf 83' lang='lat' dir='ltr'><strong>ut</strong></span> <span class='ocrx_word' id='word_1_327' title='bbox 3333 1814 3568 1883; x_wconf 85' lang='lat' dir='ltr'><strong>quisque</strong></span> <span class='ocrx_word' id='word_1_328' title='bbox 3612 1813 3787 1868; x_wconf 79' lang='lat' dir='ltr'><strong>inobe-</strong></span> 
     </span>
    </p>
   </div>
   <div class='ocr_carea' id='block_1_49' title="bbox 2204 1903 3789 1975">
    <p class='ocr_par' dir='ltr' id='par_1_49' title="bbox 2204 1903 3789 1975">
     <span class='ocr_line' id='line_1_49' title="bbox 2204 1903 3789 1975; baseline 0.001 -15"><span class='ocrx_word' id='word_1_329' title='bbox 2204 1904 2358 1960; x_wconf 87' lang='lat' dir='ltr'><strong>diens</strong></span> <span class='ocrx_word' id='word_1_330' title='bbox 2386 1903 2648 1973; x_wconf 85' lang='lat' dir='ltr'><strong>spirituali</strong></span> <span class='ocrx_word' id='word_1_331' title='bbox 2680 1903 3151 1958; x_wconf 82' lang='lat' dir='ltr'><strong>animadversione</strong></span> <span class='ocrx_word' id='word_1_332' title='bbox 3178 1912 3483 1969; x_wconf 85' lang='lat' dir='ltr'><strong>truncetur,</strong></span> <span class='ocrx_word' id='word_1_333' title='bbox 3511 1912 3566 1960; x_wconf 89' lang='lat' dir='ltr'><strong>et</strong></span> <span class='ocrx_word' id='word_1_334' title='bbox 3589 1905 3789 1975; x_wconf 81' lang='lat' dir='ltr'><strong>ejectus</strong></span> 
     </span>
    </p>
   </div>
   <div class='ocr_carea' id='block_1_50' title="bbox 2203 1993 3788 2065">
    <p class='ocr_par' dir='ltr' id='par_1_50' title="bbox 2203 1993 3788 2065">
     <span class='ocr_line' id='line_1_50' title="bbox 2203 1993 3788 2065; baseline 0.001 -16"><span class='ocrx_word' id='word_1_335' title='bbox 2203 1993 2271 2050; x_wconf 88' lang='lat' dir='ltr'><strong>de</strong></span> <span class='ocrx_word' id='word_1_336' title='bbox 2302 1994 2535 2050; x_wconf 71' lang='lat' dir='ltr'><strong>ecclesii</strong></span> <span class='ocrx_word' id='word_1_337' title='bbox 2572 1995 2760 2065; x_wconf 84' lang='lat' dir='ltr'><strong>rapide</strong></span> <span class='ocrx_word' id='word_1_338' title='bbox 2809 1996 3118 2050; x_wconf 59' lang='lat' dir='ltr'><strong>datmonnm</strong></span> <span class='ocrx_word' id='word_1_339' title='bbox 3140 2010 3235 2050; x_wconf 90' lang='lat' dir='ltr'><strong>ore</strong></span> <span class='ocrx_word' id='word_1_340' title='bbox 3280 1993 3582 2051; x_wconf 86' lang='lat' dir='ltr'><strong>dilanietor</strong></span> <span class='ocrx_word' id='word_1_341' title='bbox 3608 2010 3625 2050; x_wconf 91' lang='lat'><strong>:</strong></span> <span class='ocrx_word' id='word_1_342' title='bbox 3656 1996 3788 2052; x_wconf 86' lang='lat' dir='ltr'><strong>sicut</strong></span> 
     </span>
    </p>
   </div>
   <div class='ocr_carea' id='block_1_51' title="bbox 2203 2085 3788 2158">
    <p class='ocr_par' dir='ltr' id='par_1_51' title="bbox 2203 2085 3788 2158">
     <span class='ocr_line' id='line_1_51' title="bbox 2203 2085 3788 2158; baseline 0.001 -17"><span class='ocrx_word' id='word_1_343' title='bbox 2203 2085 2332 2141; x_wconf 90' lang='lat' dir='ltr'><strong>olim</strong></span> <span class='ocrx_word' id='word_1_344' title='bbox 2358 2086 2417 2141; x_wconf 88' lang='lat' dir='ltr'><strong>in</strong></span> <span class='ocrx_word' id='word_1_345' title='bbox 2444 2086 2613 2140; x_wconf 87' lang='lat' dir='ltr'><strong>veteri</strong></span> <span class='ocrx_word' id='word_1_346' title='bbox 2649 2086 2784 2158; x_wconf 71' lang='lat' dir='ltr'><strong>lege,</strong></span> <span class='ocrx_word' id='word_1_347' title='bbox 2814 2086 3123 2158; x_wconf 78' lang='lat' dir='ltr'><strong>quicunque</strong></span> <span class='ocrx_word' id='word_1_348' title='bbox 3148 2086 3530 2142; x_wconf 82' lang='lat' dir='ltr'><strong>sacerdotibus</strong></span> <span class='ocrx_word' id='word_1_349' title='bbox 3559 2103 3666 2143; x_wconf 88' lang='lat' dir='ltr'><strong>non</strong></span> <span class='ocrx_word' id='word_1_350' title='bbox 3701 2088 3788 2142; x_wconf 81' lang='lat' dir='ltr'><strong>ob-</strong></span> 
     </span>
    </p>
   </div>
   <div class='ocr_carea' id='block_1_52' title="bbox 2205 2178 3789 2255">
    <p class='ocr_par' dir='ltr' id='par_1_52' title="bbox 2205 2178 3789 2255">
     <span class='ocr_line' id='line_1_52' title="bbox 2205 2178 3789 2255; baseline 0 -23"><span class='ocrx_word' id='word_1_351' title='bbox 2205 2184 2582 2248; x_wconf 78' lang='lat' dir='ltr'><strong>temperasset,</strong></span> <span class='ocrx_word' id='word_1_352' title='bbox 2623 2186 2716 2232; x_wconf 83' lang='lat' dir='ltr'><strong>aut</strong></span> <span class='ocrx_word' id='word_1_353' title='bbox 2747 2187 2901 2233; x_wconf 78' lang='lat' dir='ltr'><strong>extra</strong></span> <span class='ocrx_word' id='word_1_354' title='bbox 2922 2186 3100 2233; x_wconf 87' lang='lat' dir='ltr'><strong>castra</strong></span> <span class='ocrx_word' id='word_1_355' title='bbox 3143 2178 3357 2249; x_wconf 87' lang='lat' dir='ltr'><strong>positus</strong></span> <span class='ocrx_word' id='word_1_356' title='bbox 3398 2178 3789 2255; x_wconf 84' lang='lat' dir='ltr'><strong>lapidabatura</strong></span> 
     </span>
    </p>
   </div>
   <div class='ocr_carea' id='block_1_53' title="bbox 2204 2269 3790 2343">
    <p class='ocr_par' dir='ltr' id='par_1_53' title="bbox 2204 2269 3790 2343">
     <span class='ocr_line' id='line_1_53' title="bbox 2204 2269 3790 2343; baseline 0.002 -21"><span class='ocrx_word' id='word_1_357' title='bbox 2204 2269 2423 2340; x_wconf 86' lang='lat' dir='ltr'><strong>populo,</strong></span> <span class='ocrx_word' id='word_1_358' title='bbox 2460 2279 2556 2324; x_wconf 85' lang='lat' dir='ltr'><strong>aut</strong></span> <span class='ocrx_word' id='word_1_359' title='bbox 2585 2269 2762 2342; x_wconf 73' lang='lat' dir='ltr'><strong>gladio</strong></span> <span class='ocrx_word' id='word_1_360' title='bbox 2789 2269 2999 2325; x_wconf 83' lang='lat' dir='ltr'><strong>cervice</strong></span> <span class='ocrx_word' id='word_1_361' title='bbox 3031 2270 3271 2341; x_wconf 78' lang='lat' dir='ltr'><strong>subjecta</strong></span> <span class='ocrx_word' id='word_1_362' title='bbox 3300 2280 3672 2343; x_wconf 84' lang='lat' dir='ltr'><strong>contemptum</strong></span> <span class='ocrx_word' id='word_1_363' title='bbox 3703 2287 3790 2325; x_wconf 58' lang='lat' dir='ltr'><strong>exs</strong></span> 
     </span>
    </p>
   </div>
   <div class='ocr_carea' id='block_1_54' title="bbox 2204 2359 3009 2433">
    <p class='ocr_par' dir='ltr' id='par_1_54' title="bbox 2204 2359 3009 2433">
     <span class='ocr_line' id='line_1_54' title="bbox 2204 2359 3009 2433; baseline 0.002 -20"><span class='ocrx_word' id='word_1_364' title='bbox 2204 2360 2387 2429; x_wconf 81' lang='lat' dir='ltr'><strong>piabat</strong></span> <span class='ocrx_word' id='word_1_365' title='bbox 2415 2374 2614 2416; x_wconf 89' lang='lat' dir='ltr'><strong>cruore</strong></span> <span class='ocrx_word' id='word_1_366' title='bbox 2639 2360 2822 2431; x_wconf 80' lang='lat' dir='ltr'><strong>(Deut.</strong></span> <span class='ocrx_word' id='word_1_367' title='bbox 2850 2359 3009 2433; x_wconf 74' lang='lat' dir='ltr'><strong>xui).</strong></span> 
     </span>
    </p>
   </div>
   <div class='ocr_carea' id='block_1_55' title="bbox 2629 2449 3377 2510">
    <p class='ocr_par' dir='ltr' id='par_1_55' title="bbox 2629 2449 3377 2510">
     <span class='ocr_line' id='line_1_55' title="bbox 2629 2449 3377 2510; baseline 0.005 -6"><span class='ocrx_word' id='word_1_368' title='bbox 2629 2449 2771 2505; x_wconf 71' lang='grc' dir='ltr'><strong>ΧΧΙ.</strong></span> <span class='ocrx_word' id='word_1_369' title='bbox 2802 2468 2874 2490; x_wconf 83' lang='lat'><strong>—&#39;-</strong></span> <span class='ocrx_word' id='word_1_370' title='bbox 2902 2451 2959 2506; x_wconf 86' lang='lat' dir='ltr'><strong>S.</strong></span> <span class='ocrx_word' id='word_1_371' title='bbox 3000 2450 3377 2510; x_wconf 58' lang='lat' dir='ltr'><strong>FABIANUS:</strong></span> 
     </span>
    </p>
   </div>
   <div class='ocr_carea' id='block_1_56' title="bbox 2726 2542 3279 2614">
    <p class='ocr_par' dir='ltr' id='par_1_56' title="bbox 2726 2542 3279 2614">
     <span class='ocr_line' id='line_1_56' title="bbox 2726 2542 3279 2614; baseline 0.005 -18"><span class='ocrx_word' id='word_1_372' title='bbox 2726 2542 2899 2614; x_wconf 79' lang='lat' dir='ltr'><strong>(Auno</strong></span> <span class='ocrx_word' id='word_1_373' title='bbox 2927 2542 3123 2599; x_wconf 67' lang='lat' dir='ltr'><strong>(lhrt&#39;sti</strong></span> <span class='ocrx_word' id='word_1_374' title='bbox 3146 2544 3279 2601; x_wconf 72' lang='lat'><strong>9&#39;58.</strong></span> 
     </span>
    </p>
   </div>
   <div class='ocr_carea' id='block_1_57' title="bbox 2276 2632 3795 2707">
    <p class='ocr_par' dir='ltr' id='par_1_57' title="bbox 2276 2632 3795 2707">
     <span class='ocr_line' id='line_1_57' title="bbox 2276 2632 3795 2707; baseline -0.001 -19"><span class='ocrx_word' id='word_1_375' title='bbox 2276 2632 2570 2699; x_wconf 85' lang='lat' dir='ltr'><strong>Fabianus,</strong></span> <span class='ocrx_word' id='word_1_376' title='bbox 2602 2633 2821 2688; x_wconf 89' lang='lat' dir='ltr'><strong>natione</strong></span> <span class='ocrx_word' id='word_1_377' title='bbox 2841 2632 3137 2699; x_wconf 82' lang='lat' dir='ltr'><strong>Romanus,</strong></span> <span class='ocrx_word' id='word_1_378' title='bbox 3160 2649 3227 2689; x_wconf 80' lang='lat' dir='ltr'><strong>ex</strong></span> <span class='ocrx_word' id='word_1_379' title='bbox 3260 2640 3424 2707; x_wconf 80' lang='lat' dir='ltr'><strong>patre</strong></span> <span class='ocrx_word' id='word_1_380' title='bbox 3452 2634 3637 2703; x_wconf 83' lang='lat' dir='ltr'><strong>Fabio,</strong></span> <span class='ocrx_word' id='word_1_381' title='bbox 3661 2637 3795 2691; x_wconf 80' lang='lat' dir='ltr'><strong>sedit</strong></span> 
     </span>
    </p>
   </div>
   <div class='ocr_carea' id='block_1_58' title="bbox 2207 2723 3791 2791">
    <p class='ocr_par' dir='ltr' id='par_1_58' title="bbox 2207 2723 3791 2791">
     <span class='ocr_line' id='line_1_58' title="bbox 2207 2723 3791 2791; baseline 0.001 -11"><span class='ocrx_word' id='word_1_382' title='bbox 2207 2739 2378 2780; x_wconf 88' lang='lat' dir='ltr'><strong>annos</strong></span> <span class='ocrx_word' id='word_1_383' title='bbox 2414 2723 2697 2789; x_wconf 84' lang='lat' dir='ltr'><strong>tredecim,</strong></span> <span class='ocrx_word' id='word_1_384' title='bbox 2724 2738 2965 2780; x_wconf 84' lang='lat' dir='ltr'><strong>mensem</strong></span> <span class='ocrx_word' id='word_1_385' title='bbox 2991 2728 3341 2791; x_wconf 83' lang='lat' dir='ltr'><strong>unum,.dics</strong></span> <span class='ocrx_word' id='word_1_386' title='bbox 3372 2727 3623 2784; x_wconf 88' lang='lat' dir='ltr'><strong>undecim</strong></span> <span class='ocrx_word' id='word_1_387' title='bbox 3651 2745 3667 2782; x_wconf 89' lang='lat'><strong>:</strong></span> <span class='ocrx_word' id='word_1_388' title='bbox 3697 2728 3791 2782; x_wconf 83' lang='lat' dir='ltr'><strong>fuit</strong></span> 
     </span>
    </p>
   </div>
   <div class='ocr_carea' id='block_1_59' title="bbox 2213 2815 3796 2889">
    <p class='ocr_par' dir='ltr' id='par_1_59' title="bbox 2213 2815 3796 2889">
     <span class='ocr_line' id='line_1_59' title="bbox 2213 2815 3796 2889; baseline 0.001 -17"><span class='ocrx_word' id='word_1_389' title='bbox 2213 2826 2397 2873; x_wconf 88' lang='lat' dir='ltr'><strong>autem</strong></span> <span class='ocrx_word' id='word_1_390' title='bbox 2440 2815 2772 2888; x_wconf 90' lang='lat' dir='ltr'><strong>temporibus</strong></span> <span class='ocrx_word' id='word_1_391' title='bbox 2821 2816 3096 2871; x_wconf 76' lang='lat' dir='ltr'><strong>Maximini</strong></span> <span class='ocrx_word' id='word_1_392' title='bbox 3135 2826 3187 2874; x_wconf 89' lang='lat' dir='ltr'><strong>et</strong></span> <span class='ocrx_word' id='word_1_393' title='bbox 3218 2818 3487 2886; x_wconf 77' lang='lat' dir='ltr'><strong>Africani,</strong></span> <span class='ocrx_word' id='word_1_394' title='bbox 3517 2835 3690 2889; x_wconf 87' lang='lat' dir='ltr'><strong>usque</strong></span> <span class='ocrx_word' id='word_1_395' title='bbox 3732 2820 3796 2874; x_wconf 89' lang='lat' dir='ltr'><strong>ad</strong></span> 
     </span>
    </p>
   </div>
   <div class='ocr_carea' id='block_1_60' title="bbox 2202 2905 3796 2981">
    <p class='ocr_par' dir='ltr' id='par_1_60' title="bbox 2202 2905 3796 2981">
     <span class='ocr_line' id='line_1_60' title="bbox 2202 2905 3796 2981; baseline 0.002 -19"><span class='ocrx_word' id='word_1_396' title='bbox 2202 2906 2429 2962; x_wconf 82' lang='lat' dir='ltr'><strong>Decium</strong></span> <span class='ocrx_word' id='word_1_397' title='bbox 2457 2905 2754 2961; x_wconf 88' lang='lat' dir='ltr'><strong>secundum</strong></span> <span class='ocrx_word' id='word_1_398' title='bbox 2774 2914 2826 2960; x_wconf 90' lang='lat' dir='ltr'><strong>et</strong></span> <span class='ocrx_word' id='word_1_399' title='bbox 2857 2905 3212 2973; x_wconf 84' lang='lat' dir='ltr'><strong>Quadratum,</strong></span> <span class='ocrx_word' id='word_1_400' title='bbox 3241 2909 3335 2977; x_wconf 88' lang='lat' dir='ltr'><strong>qni</strong></span> <span class='ocrx_word' id='word_1_401' title='bbox 3364 2908 3628 2981; x_wconf 76' lang='lat' dir='ltr'><strong>martyrio</strong></span> <span class='ocrx_word' id='word_1_402' title='bbox 3648 2924 3796 2964; x_wconf 84' lang='lat' dir='ltr'><strong>coro-</strong></span> 
     </span>
    </p>
   </div>
   <div class='ocr_carea' id='block_1_61' title="bbox 2208 2995 3796 3069">
    <p class='ocr_par' dir='ltr' id='par_1_61' title="bbox 2208 2995 3796 3069">
     <span class='ocr_line' id='line_1_61' title="bbox 2208 2995 3796 3069; baseline 0 -16"><span class='ocrx_word' id='word_1_403' title='bbox 2208 3007 2369 3053; x_wconf 83' lang='lat' dir='ltr'><strong>natur</strong></span> <span class='ocrx_word' id='word_1_404' title='bbox 2394 3012 2487 3053; x_wconf 74' lang='lat' dir='ltr'><strong>rtv</strong></span> <span class='ocrx_word' id='word_1_405' title='bbox 2512 2996 2744 3052; x_wconf 78' lang='lat' dir='ltr'><strong>Kalend.</strong></span> <span class='ocrx_word' id='word_1_406' title='bbox 2790 2995 3090 3051; x_wconf 80' lang='lat' dir='ltr'><strong>Februarii.</strong></span> <span class='ocrx_word' id='word_1_407' title='bbox 3128 2997 3230 3052; x_wconf 84' lang='lat' dir='ltr'><strong>llic</strong></span> <span class='ocrx_word' id='word_1_408' title='bbox 3274 2998 3552 3053; x_wconf 76' lang='lat' dir='ltr'><strong>ordinavit</strong></span> <span class='ocrx_word' id='word_1_409' title='bbox 3598 2999 3796 3069; x_wconf 85' lang='lat' dir='ltr'><strong>episco-</strong></span> 
     </span>
    </p>
   </div>
   <div class='ocr_carea' id='block_1_62' title="bbox 529 3086 3794 3162">
    <p class='ocr_par' dir='ltr' id='par_1_62' title="bbox 529 3086 3794 3162">
     <span class='ocr_line' id='line_1_62' title="bbox 529 3086 3794 3162; baseline -0.001 -15"><span class='ocrx_word' id='word_1_410' title='bbox 529 3091 708 3162; x_wconf 89' lang='lat' dir='ltr'><strong>peiani</strong></span> <span class='ocrx_word' id='word_1_411' title='bbox 770 3098 826 3146; x_wconf 91' lang='lat' dir='ltr'><strong>et</strong></span> <span class='ocrx_word' id='word_1_412' title='bbox 890 3089 1155 3146; x_wconf 87' lang='lat' dir='ltr'><strong>Peliniani</strong></span> <span class='ocrx_word' id='word_1_413' title='bbox 1213 3086 1554 3161; x_wconf 70' lang='lat' dir='ltr'><strong>[Pelagiani].</strong></span> <span class='ocrx_word' id='word_1_414' title='bbox 1608 3087 1809 3143; x_wconf 82' lang='lat' dir='ltr'><strong>Eodem</strong></span> <span class='ocrx_word' id='word_1_415' title='bbox 1864 3094 2176 3162; x_wconf 48' lang='lat' dir='ltr'><strong>tempore“</strong></span> <span class='ocrx_word' id='word_1_416' title='bbox 2207 3102 2308 3159; x_wconf 87' lang='lat' dir='ltr'><strong>pos</strong></span> <span class='ocrx_word' id='word_1_417' title='bbox 2348 3088 2622 3153; x_wconf 90' lang='lat' dir='ltr'><strong>undecim,</strong></span> <span class='ocrx_word' id='word_1_418' title='bbox 2676 3089 3024 3159; x_wconf 77' lang='lat' dir='ltr'><strong>presbyteros</strong></span> <span class='ocrx_word' id='word_1_419' title='bbox 3069 3088 3262 3158; x_wconf 80' lang='lat' dir='ltr'><strong>viginti</strong></span> <span class='ocrx_word' id='word_1_420' title='bbox 3312 3089 3476 3156; x_wconf 87' lang='lat' dir='ltr'><strong>duos,</strong></span> <span class='ocrx_word' id='word_1_421' title='bbox 3538 3091 3794 3145; x_wconf 86' lang='lat' dir='ltr'><strong>diaconos</strong></span> 
     </span>
    </p>
   </div>
   <div class='ocr_carea' id='block_1_63' title="bbox 528 3176 2102 3253">
    <p class='ocr_par' dir='ltr' id='par_1_63' title="bbox 528 3176 2102 3253">
     <span class='ocr_line' id='line_1_63' title="bbox 528 3176 2102 3253; baseline -0.003 -17"><span class='ocrx_word' id='word_1_422' title='bbox 528 3181 819 3253; x_wconf 70' lang='lat' dir='ltr'><strong>praedictus</strong></span> <span class='ocrx_word' id='word_1_423' title='bbox 862 3181 1113 3251; x_wconf 70' lang='lat' dir='ltr'><strong>pontifex</strong></span> <span class='ocrx_word' id='word_1_424' title='bbox 1166 3193 1291 3235; x_wconf 86' lang='lat' dir='ltr'><strong>cum</strong></span> <span class='ocrx_word' id='word_1_425' title='bbox 1352 3177 1638 3249; x_wconf 80' lang='lat' dir='ltr'><strong>Hippolyto</strong></span> <span class='ocrx_word' id='word_1_426' title='bbox 1687 3176 2001 3248; x_wconf 70' lang='lat' dir='ltr'><strong>presbytero</strong></span> <span class='ocrx_word' id='word_1_427' title='bbox 2048 3176 2102 3231; x_wconf 92' lang='lat' dir='ltr'><strong>in</strong></span> 
     </span>
    </p>
   </div>
   <div class='ocr_carea' id='block_1_64' title="bbox 529 3267 2107 3342">
    <p class='ocr_par' dir='ltr' id='par_1_64' title="bbox 529 3267 2107 3342">
     <span class='ocr_line' id='line_1_64' title="bbox 529 3267 2107 3342; baseline -0.004 -15"><span class='ocrx_word' id='word_1_428' title='bbox 529 3271 783 3328; x_wconf 72' lang='lat' dir='ltr'><strong>exsilium</strong></span> <span class='ocrx_word' id='word_1_429' title='bbox 807 3280 891 3326; x_wconf 88' lang='lat' dir='ltr'><strong>est</strong></span> <span class='ocrx_word' id='word_1_430' title='bbox 923 3271 1239 3342; x_wconf 81' lang='lat' dir='ltr'><strong>deportatus</strong></span> <span class='ocrx_word' id='word_1_431' title='bbox 1263 3269 1332 3325; x_wconf 86' lang='lat' dir='ltr'><strong>ab</strong></span> <span class='ocrx_word' id='word_1_432' title='bbox 1358 3268 1664 3324; x_wconf 72' lang='lat' dir='ltr'><strong>Alexandro</strong></span> <span class='ocrx_word' id='word_1_433' title='bbox 1693 3268 1747 3323; x_wconf 89' lang='lat' dir='ltr'><strong>in</strong></span> <span class='ocrx_word' id='word_1_434' title='bbox 1778 3267 2107 3330; x_wconf 89' lang='lat' dir='ltr'><strong>Sardiniam,</strong></span> 
     </span>
    </p>
   </div>
   <div class='ocr_carea' id='block_1_65' title="bbox 528 3357 2106 3427">
    <p class='ocr_par' dir='ltr' id='par_1_65' title="bbox 528 3357 2106 3427">
     <span class='ocr_line' id='line_1_65' title="bbox 528 3357 2106 3427; baseline -0.004 -9"><span class='ocrx_word' id='word_1_435' title='bbox 528 3365 583 3419; x_wconf 92' lang='lat' dir='ltr'><strong>in</strong></span> <span class='ocrx_word' id='word_1_436' title='bbox 610 3362 841 3419; x_wconf 86' lang='lat' dir='ltr'><strong>insulam</strong></span> <span class='ocrx_word' id='word_1_437' title='bbox 861 3362 1142 3426; x_wconf 83' lang='lat' dir='ltr'><strong>Bucinam,</strong></span> <span class='ocrx_word' id='word_1_438' title='bbox 1160 3360 1365 3417; x_wconf 89' lang='lat' dir='ltr'><strong>Severo</strong></span> <span class='ocrx_word' id='word_1_439' title='bbox 1383 3368 1440 3416; x_wconf 90' lang='lat' dir='ltr'><strong>et</strong></span> <span class='ocrx_word' id='word_1_440' title='bbox 1461 3358 1753 3427; x_wconf 83' lang='lat' dir='ltr'><strong>Quintiano</strong></span> <span class='ocrx_word' id='word_1_441' title='bbox 1774 3357 2106 3423; x_wconf 83' lang='lat' dir='ltr'><strong>consulibus,</strong></span> 
     </span>
    </p>
   </div>
   <div class='ocr_carea' id='block_1_66' title="bbox 528 3446 2108 3514">
    <p class='ocr_par' dir='ltr' id='par_1_66' title="bbox 528 3446 2108 3514">
     <span class='ocr_line' id='line_1_66' title="bbox 528 3446 2108 3514; baseline -0.003 -7"><span class='ocrx_word' id='word_1_442' title='bbox 528 3463 584 3508; x_wconf 87' lang='lat' dir='ltr'><strong>et</strong></span> <span class='ocrx_word' id='word_1_443' title='bbox 613 3454 669 3508; x_wconf 88' lang='lat' dir='ltr'><strong>in</strong></span> <span class='ocrx_word' id='word_1_444' title='bbox 696 3454 884 3509; x_wconf 87' lang='lat' dir='ltr'><strong>eadem</strong></span> <span class='ocrx_word' id='word_1_445' title='bbox 931 3450 1105 3507; x_wconf 87' lang='lat' dir='ltr'><strong>insula</strong></span> <span class='ocrx_word' id='word_1_446' title='bbox 1135 3448 1385 3514; x_wconf 79' lang='lat' dir='ltr'><strong>aﬁlictus,</strong></span> <span class='ocrx_word' id='word_1_447' title='bbox 1416 3457 1471 3503; x_wconf 90' lang='lat' dir='ltr'><strong>et</strong></span> <span class='ocrx_word' id='word_1_448' title='bbox 1502 3456 1804 3503; x_wconf 85' lang='lat' dir='ltr'><strong>maceratus</strong></span> <span class='ocrx_word' id='word_1_449' title='bbox 1852 3446 2108 3513; x_wconf 87' lang='lat' dir='ltr'><strong>fustibus,</strong></span> 
     </span>
    </p>
   </div>
   <div class='ocr_carea' id='block_1_67' title="bbox 529 3539 2107 3601">
    <p class='ocr_par' dir='ltr' id='par_1_67' title="bbox 529 3539 2107 3601">
     <span class='ocr_line' id='line_1_67' title="bbox 529 3539 2107 3601; baseline -0.003 -2"><span class='ocrx_word' id='word_1_450' title='bbox 529 3543 822 3601; x_wconf 83' lang='lat' dir='ltr'><strong>defunctus</strong></span> <span class='ocrx_word' id='word_1_451' title='bbox 873 3552 957 3599; x_wconf 83' lang='lat' dir='ltr'><strong>est</strong></span> <span class='ocrx_word' id='word_1_452' title='bbox 1008 3559 1067 3598; x_wconf 88' lang='grc' dir='ltr'><strong>ιιι</strong></span> <span class='ocrx_word' id='word_1_453' title='bbox 1122 3541 1345 3597; x_wconf 81' lang='lat' dir='ltr'><strong>Kalend.</strong></span> <span class='ocrx_word' id='word_1_454' title='bbox 1403 3539 1667 3596; x_wconf 87' lang='lat' dir='ltr'><strong>Novemb.</strong></span> <span class='ocrx_word' id='word_1_455' title='bbox 1698 3539 1797 3595; x_wconf 80' lang='lat' dir='ltr'><strong>llic</strong></span> <span class='ocrx_word' id='word_1_456' title='bbox 1835 3540 2002 3595; x_wconf 89' lang='lat' dir='ltr'><strong>etiam</strong></span> <span class='ocrx_word' id='word_1_457' title='bbox 2053 3540 2107 3595; x_wconf 93' lang='lat' dir='ltr'><strong>in</strong></span> 
     </span>
    </p>
   </div>
   <div class='ocr_carea' id='block_1_68' title="bbox 527 3627 2111 3700">
    <p class='ocr_par' dir='ltr' id='par_1_68' title="bbox 527 3627 2111 3700">
     <span class='ocr_line' id='line_1_68' title="bbox 527 3627 2111 3700; baseline -0.002 -13"><span class='ocrx_word' id='word_1_458' title='bbox 527 3633 760 3688; x_wconf 71' lang='lat' dir='ltr'><strong>decretis</strong></span> <span class='ocrx_word' id='word_1_459' title='bbox 807 3632 921 3687; x_wconf 82' lang='lat' dir='ltr'><strong>suis</strong></span> <span class='ocrx_word' id='word_1_460' title='bbox 964 3631 1242 3687; x_wconf 76' lang='lat' dir='ltr'><strong>nramlavit</strong></span> <span class='ocrx_word' id='word_1_461' title='bbox 1287 3630 1461 3700; x_wconf 77' lang='lat' dir='ltr'><strong>(epist.</strong></span> <span class='ocrx_word' id='word_1_462' title='bbox 1495 3630 1548 3696; x_wconf 97' lang='grc'><strong>1,</strong></span> <span class='ocrx_word' id='word_1_463' title='bbox 1595 3630 1664 3683; x_wconf 87' lang='lat' dir='ltr'><strong>ad</strong></span> <span class='ocrx_word' id='word_1_464' title='bbox 1690 3627 1965 3697; x_wconf 75' lang='lat' dir='ltr'><strong>Felicemj,</strong></span> <span class='ocrx_word' id='word_1_465' title='bbox 2022 3644 2111 3684; x_wconf 86' lang='lat' dir='ltr'><strong>sa-</strong></span> 
     </span>
    </p>
   </div>
   <div class='ocr_carea' id='block_1_69' title="bbox 527 3717 2108 3783">
    <p class='ocr_par' dir='ltr' id='par_1_69' title="bbox 527 3717 2108 3783">
     <span class='ocr_line' id='line_1_69' title="bbox 527 3717 2108 3783; baseline -0.002 -8"><span class='ocrx_word' id='word_1_466' title='bbox 527 3719 776 3779; x_wconf 68' lang='lat' dir='ltr'><strong>cerdotes</strong></span> <span class='ocrx_word' id='word_1_467' title='bbox 814 3735 921 3774; x_wconf 86' lang='lat' dir='ltr'><strong>non</strong></span> <span class='ocrx_word' id='word_1_468' title='bbox 973 3733 1098 3775; x_wconf 84' lang='lat' dir='ltr'><strong>esse</strong></span> <span class='ocrx_word' id='word_1_469' title='bbox 1144 3718 1485 3773; x_wconf 86' lang='lat' dir='ltr'><strong>accusaudos</strong></span> <span class='ocrx_word' id='word_1_470' title='bbox 1531 3719 1600 3773; x_wconf 88' lang='lat' dir='ltr'><strong>ah</strong></span> <span class='ocrx_word' id='word_1_471' title='bbox 1649 3717 1909 3783; x_wconf 86' lang='lat' dir='ltr'><strong>inimicis,</strong></span> <span class='ocrx_word' id='word_1_472' title='bbox 1955 3726 2047 3772; x_wconf 86' lang='lat' dir='ltr'><strong>aut</strong></span> <span class='ocrx_word' id='word_1_473' title='bbox 2077 3733 2108 3772; x_wconf 90' lang='lat' dir='ltr'><strong>a</strong></span> 
     </span>
    </p>
   </div>
   <div class='ocr_carea' id='block_1_70' title="bbox 527 3809 2110 3882">
    <p class='ocr_par' dir='ltr' id='par_1_70' title="bbox 527 3809 2110 3882">
     <span class='ocr_line' id='line_1_70' title="bbox 527 3809 2110 3882; baseline -0.001 -15"><span class='ocrx_word' id='word_1_474' title='bbox 527 3810 833 3876; x_wconf 79' lang='lat' dir='ltr'><strong>sceleratis,</strong></span> <span class='ocrx_word' id='word_1_475' title='bbox 867 3819 961 3863; x_wconf 87' lang='lat' dir='ltr'><strong>aut</strong></span> <span class='ocrx_word' id='word_1_476' title='bbox 992 3810 1299 3865; x_wconf 79' lang='lat' dir='ltr'><strong>hominibus</strong></span> <span class='ocrx_word' id='word_1_477' title='bbox 1324 3809 1545 3865; x_wconf 88' lang='lat' dir='ltr'><strong>alterius</strong></span> <span class='ocrx_word' id='word_1_478' title='bbox 1585 3818 1745 3865; x_wconf 67' lang='lat' dir='ltr'><strong>secta:</strong></span> <span class='ocrx_word' id='word_1_479' title='bbox 1775 3810 1857 3864; x_wconf 86' lang='lat' dir='ltr'><strong>vel</strong></span> <span class='ocrx_word' id='word_1_480' title='bbox 1898 3809 2110 3882; x_wconf 76' lang='lat' dir='ltr'><strong>religio-</strong></span> 
     </span>
    </p>
   </div>
   <div class='ocr_carea' id='block_1_71' title="bbox 531 3899 2113 3969">
    <p class='ocr_par' dir='ltr' id='par_1_71' title="bbox 531 3899 2113 3969">
     <span class='ocr_line' id='line_1_71' title="bbox 531 3899 2113 3969; baseline -0.001 -13"><span class='ocrx_word' id='word_1_481' title='bbox 531 3903 615 3957; x_wconf 92' lang='lat' dir='ltr'><strong>nis</strong></span> <span class='ocrx_word' id='word_1_482' title='bbox 647 3918 662 3956; x_wconf 89' lang='lat'><strong>:</strong></span> <span class='ocrx_word' id='word_1_483' title='bbox 697 3900 803 3968; x_wconf 86' lang='lat' dir='ltr'><strong>vel,</strong></span> <span class='ocrx_word' id='word_1_484' title='bbox 860 3902 904 3955; x_wconf 88' lang='lat' dir='ltr'><strong>si</strong></span> <span class='ocrx_word' id='word_1_485' title='bbox 933 3899 1073 3955; x_wconf 84' lang='lat' dir='ltr'><strong>forte</strong></span> <span class='ocrx_word' id='word_1_486' title='bbox 1112 3902 1481 3969; x_wconf 69' lang='lat' dir='ltr'><strong>peccaverint,</strong></span> <span class='ocrx_word' id='word_1_487' title='bbox 1516 3914 1545 3953; x_wconf 90' lang='lat' dir='ltr'><strong>a</strong></span> <span class='ocrx_word' id='word_1_488' title='bbox 1590 3899 1811 3968; x_wconf 81' lang='lat' dir='ltr'><strong>reliquis</strong></span> <span class='ocrx_word' id='word_1_489' title='bbox 1860 3902 2113 3956; x_wconf 86' lang='lat' dir='ltr'><strong>sacerdo-</strong></span> 
     </span>
    </p>
   </div>
   <div class='ocr_carea' id='block_1_72' title="bbox 531 3991 2110 4065">
    <p class='ocr_par' dir='ltr' id='par_1_72' title="bbox 531 3991 2110 4065">
     <span class='ocr_line' id='line_1_72' title="bbox 531 3991 2110 4065; baseline -0.002 -16"><span class='ocrx_word' id='word_1_490' title='bbox 531 3994 677 4049; x_wconf 91' lang='lat' dir='ltr'><strong>tibus</strong></span> <span class='ocrx_word' id='word_1_491' title='bbox 712 3993 1039 4065; x_wconf 76' lang='lat' dir='ltr'><strong>arguendos,</strong></span> <span class='ocrx_word' id='word_1_492' title='bbox 1065 4000 1120 4047; x_wconf 91' lang='lat' dir='ltr'><strong>ct</strong></span> <span class='ocrx_word' id='word_1_493' title='bbox 1147 4008 1178 4046; x_wconf 88' lang='lat' dir='ltr'><strong>a</strong></span> <span class='ocrx_word' id='word_1_494' title='bbox 1217 3992 1442 4047; x_wconf 88' lang='lat' dir='ltr'><strong>summis</strong></span> <span class='ocrx_word' id='word_1_495' title='bbox 1470 3991 1816 4062; x_wconf 78' lang='lat' dir='ltr'><strong>pontiﬁcibus</strong></span> <span class='ocrx_word' id='word_1_496' title='bbox 1839 3992 2110 4047; x_wconf 85' lang='lat' dir='ltr'><strong>constrin-</strong></span> 
     </span>
    </p>
   </div>
   <div class='ocr_carea' id='block_1_73' title="bbox 529 4070 2114 4158">
    <p class='ocr_par' dir='ltr' id='par_1_73' title="bbox 529 4070 2114 4158">
     <span class='ocr_line' id='line_1_73' title="bbox 529 4070 2114 4158; baseline 0 -18"><span class='ocrx_word' id='word_1_497' title='bbox 529 4070 733 4157; x_wconf 65' lang='lat' dir='ltr'><strong>gendos</strong></span> <span class='ocrx_word' id='word_1_498' title='bbox 760 4100 883 4142; x_wconf 85' lang='lat' dir='ltr'><strong>esse</strong></span> <span class='ocrx_word' id='word_1_499' title='bbox 923 4086 1204 4158; x_wconf 65' lang='lat' dir='ltr'><strong>pra-cepit,</strong></span> <span class='ocrx_word' id='word_1_500' title='bbox 1241 4085 1316 4141; x_wconf 91' lang='lat' dir='ltr'><strong>ita</strong></span> <span class='ocrx_word' id='word_1_501' title='bbox 1351 4095 1407 4140; x_wconf 93' lang='lat' dir='ltr'><strong>ut</strong></span> <span class='ocrx_word' id='word_1_502' title='bbox 1439 4084 1588 4143; x_wconf 92' lang='lat' dir='ltr'><strong>nullo</strong></span> <span class='ocrx_word' id='word_1_503' title='bbox 1617 4086 1776 4141; x_wconf 83' lang='lat' dir='ltr'><strong>modo</strong></span> <span class='ocrx_word' id='word_1_504' title='bbox 1813 4101 1844 4140; x_wconf 89' lang='lat' dir='ltr'><strong>a</strong></span> <span class='ocrx_word' id='word_1_505' title='bbox 1886 4087 2114 4142; x_wconf 68' lang='lat' dir='ltr'><strong>saecula-</strong></span> 
     </span>
    </p>
   </div>
   <div class='ocr_carea' id='block_1_74' title="bbox 531 4176 2112 4248">
    <p class='ocr_par' dir='ltr' id='par_1_74' title="bbox 531 4176 2112 4248">
     <span class='ocr_line' id='line_1_74' title="bbox 531 4176 2112 4248; baseline -0.001 -14"><span class='ocrx_word' id='word_1_506' title='bbox 531 4181 702 4246; x_wconf 89' lang='lat' dir='ltr'><strong>ribus,</strong></span> <span class='ocrx_word' id='word_1_507' title='bbox 747 4187 841 4234; x_wconf 88' lang='lat' dir='ltr'><strong>aut</strong></span> <span class='ocrx_word' id='word_1_508' title='bbox 887 4179 1042 4235; x_wconf 73' lang='lat' dir='ltr'><strong>make</strong></span> <span class='ocrx_word' id='word_1_509' title='bbox 1100 4180 1220 4234; x_wconf 70' lang='lat' dir='ltr'><strong>vitae</strong></span> <span class='ocrx_word' id='word_1_510' title='bbox 1249 4177 1557 4234; x_wconf 86' lang='lat' dir='ltr'><strong>hominibus</strong></span> <span class='ocrx_word' id='word_1_511' title='bbox 1581 4186 1879 4248; x_wconf 71' lang='lat' dir='ltr'><strong>arguantur</strong></span> <span class='ocrx_word' id='word_1_512' title='bbox 1904 4176 1989 4231; x_wconf 88' lang='lat' dir='ltr'><strong>vel</strong></span> <span class='ocrx_word' id='word_1_513' title='bbox 2026 4193 2112 4232; x_wconf 83' lang='lat' dir='ltr'><strong>ar-</strong></span> 
     </span>
    </p>
   </div>
   <div class='ocr_carea' id='block_1_75' title="bbox 527 4267 2113 4339">
    <p class='ocr_par' dir='ltr' id='par_1_75' title="bbox 527 4267 2113 4339">
     <span class='ocr_line' id='line_1_75' title="bbox 527 4267 2113 4339; baseline -0.003 -13"><span class='ocrx_word' id='word_1_514' title='bbox 527 4281 769 4326; x_wconf 88' lang='lat' dir='ltr'><strong>ceantur.</strong></span> <span class='ocrx_word' id='word_1_515' title='bbox 820 4270 918 4325; x_wconf 86' lang='lat' dir='ltr'><strong>llic</strong></span> <span class='ocrx_word' id='word_1_516' title='bbox 968 4270 1241 4325; x_wconf 87' lang='lat' dir='ltr'><strong>ordinavit</strong></span> <span class='ocrx_word' id='word_1_517' title='bbox 1283 4268 1565 4339; x_wconf 85' lang='lat' dir='ltr'><strong>episcopos</strong></span> <span class='ocrx_word' id='word_1_518' title='bbox 1608 4276 1837 4338; x_wconf 90' lang='lat' dir='ltr'><strong>septem,</strong></span> <span class='ocrx_word' id='word_1_519' title='bbox 1895 4267 2113 4338; x_wconf 78' lang='lat' dir='ltr'><strong>presby-</strong></span> 
     </span>
    </p>
   </div>
   <div class='ocr_carea' id='block_1_76' title="bbox 532 4360 1366 4430">
    <p class='ocr_par' dir='ltr' id='par_1_76' title="bbox 532 4360 1366 4430">
     <span class='ocr_line' id='line_1_76' title="bbox 532 4360 1366 4430; baseline 0.001 -17"><span class='ocrx_word' id='word_1_520' title='bbox 532 4370 675 4414; x_wconf 85' lang='lat' dir='ltr'><strong>teros</strong></span> <span class='ocrx_word' id='word_1_521' title='bbox 700 4378 816 4425; x_wconf 72' lang='lat' dir='ltr'><strong>sex,</strong></span> <span class='ocrx_word' id='word_1_522' title='bbox 846 4361 1101 4417; x_wconf 83' lang='lat' dir='ltr'><strong>diaconos</strong></span> <span class='ocrx_word' id='word_1_523' title='bbox 1129 4360 1366 4430; x_wconf 88' lang='lat' dir='ltr'><strong>quinque</strong></span> 
     </span>
    </p>
   </div>
   <div class='ocr_carea' id='block_1_77' title="bbox 958 4449 1692 4506">
    <p class='ocr_par' dir='ltr' id='par_1_77' title="bbox 958 4449 1692 4506">
     <span class='ocr_line' id='line_1_77' title="bbox 958 4449 1692 4506; baseline -0.004 0"><span class='ocrx_word' id='word_1_524' title='bbox 958 4450 1075 4506; x_wconf 67' lang='lat' dir='ltr'><strong>XX.</strong></span> <span class='ocrx_word' id='word_1_525' title='bbox 1103 4481 1171 4491; x_wconf 94' lang='lat'><strong><em>—</em></strong></span> <span class='ocrx_word' id='word_1_526' title='bbox 1199 4450 1258 4505; x_wconf 87' lang='lat' dir='ltr'><strong>S.</strong></span> <span class='ocrx_word' id='word_1_527' title='bbox 1299 4449 1692 4505; x_wconf 67' lang='lat' dir='ltr'><strong>ANI&#39;HbltUS.</strong></span> 
     </span>
    </p>
   </div>
   <div class='ocr_carea' id='block_1_78' title="bbox 1027 4539 1602 4611">
    <p class='ocr_par' dir='ltr' id='par_1_78' title="bbox 1027 4539 1602 4611">
     <span class='ocr_line' id='line_1_78' title="bbox 1027 4539 1602 4611; baseline -0.002 -16"><span class='ocrx_word' id='word_1_528' title='bbox 1027 4541 1200 4611; x_wconf 76' lang='lat' dir='ltr'><strong>(Anno</strong></span> <span class='ocrx_word' id='word_1_529' title='bbox 1232 4539 1427 4596; x_wconf 77' lang='lat' dir='ltr'><strong>Christi</strong></span> <span class='ocrx_word' id='word_1_530' title='bbox 1452 4541 1602 4610; x_wconf 71' lang='lat'><strong>237.)</strong></span> 
     </span>
    </p>
   </div>
   <div class='ocr_carea' id='block_1_79' title="bbox 2208 3177 3799 3250">
    <p class='ocr_par' dir='ltr' id='par_1_79' title="bbox 2208 3177 3799 3250">
     <span class='ocr_line' id='line_1_79' title="bbox 2208 3177 3799 3250; baseline 0.001 -17"><span class='ocrx_word' id='word_1_531' title='bbox 2208 3188 2432 3249; x_wconf 88' lang='lat' dir='ltr'><strong>septem.</strong></span> <span class='ocrx_word' id='word_1_532' title='bbox 2472 3179 2568 3233; x_wconf 85' lang='lat' dir='ltr'><strong>llic</strong></span> <span class='ocrx_word' id='word_1_533' title='bbox 2596 3188 2800 3249; x_wconf 88' lang='lat' dir='ltr'><strong>septem</strong></span> <span class='ocrx_word' id='word_1_534' title='bbox 2823 3177 3079 3233; x_wconf 87' lang='lat' dir='ltr'><strong>diaconos</strong></span> <span class='ocrx_word' id='word_1_535' title='bbox 3112 3179 3163 3232; x_wconf 93' lang='lat' dir='ltr'><strong>in</strong></span> <span class='ocrx_word' id='word_1_536' title='bbox 3208 3179 3359 3235; x_wconf 87' lang='lat' dir='ltr'><strong>Urbe</strong></span> <span class='ocrx_word' id='word_1_537' title='bbox 3382 3179 3555 3235; x_wconf 81' lang='lat' dir='ltr'><strong>Roma</strong></span> <span class='ocrx_word' id='word_1_538' title='bbox 3594 3181 3648 3235; x_wconf 84' lang='lat' dir='ltr'><strong>in</strong></span> <span class='ocrx_word' id='word_1_539' title='bbox 3678 3197 3799 3250; x_wconf 78' lang='lat' dir='ltr'><strong>sep-</strong></span> 
     </span>
    </p>
   </div>
   <div class='ocr_carea' id='block_1_80' title="bbox 2223 3267 3801 3342">
    <p class='ocr_par' dir='ltr' id='par_1_80' title="bbox 2223 3267 3801 3342">
     <span class='ocr_line' id='line_1_80' title="bbox 2223 3267 3801 3342; baseline 0.001 -19"><span class='ocrx_word' id='word_1_540' title='bbox 2223 3279 2330 3324; x_wconf 90' lang='lat' dir='ltr'><strong>tem</strong></span> <span class='ocrx_word' id='word_1_541' title='bbox 2374 3270 2622 3338; x_wconf 73' lang='lat' dir='ltr'><strong>regiones</strong></span> <span class='ocrx_word' id='word_1_542' title='bbox 2667 3269 2835 3340; x_wconf 90' lang='lat' dir='ltr'><strong>ipsius</strong></span> <span class='ocrx_word' id='word_1_543' title='bbox 2878 3267 3027 3323; x_wconf 90' lang='lat' dir='ltr'><strong>urbis</strong></span> <span class='ocrx_word' id='word_1_544' title='bbox 3066 3269 3274 3335; x_wconf 88' lang='lat' dir='ltr'><strong>divisit,</strong></span> <span class='ocrx_word' id='word_1_545' title='bbox 3315 3271 3406 3341; x_wconf 85' lang='lat' dir='ltr'><strong>qui</strong></span> <span class='ocrx_word' id='word_1_546' title='bbox 3446 3271 3514 3325; x_wconf 89' lang='lat' dir='ltr'><strong>ad</strong></span> <span class='ocrx_word' id='word_1_547' title='bbox 3545 3286 3801 3342; x_wconf 64' lang='lat' dir='ltr'><strong>peragen-</strong></span> 
     </span>
    </p>
   </div>
   <div class='ocr_carea' id='block_1_81' title="bbox 2215 3360 3797 3435">
    <p class='ocr_par' dir='ltr' id='par_1_81' title="bbox 2215 3360 3797 3435">
     <span class='ocr_line' id='line_1_81' title="bbox 2215 3360 3797 3435; baseline 0 -17"><span class='ocrx_word' id='word_1_548' title='bbox 2215 3363 2343 3418; x_wconf 90' lang='lat' dir='ltr'><strong>dum</strong></span> <span class='ocrx_word' id='word_1_549' title='bbox 2370 3361 2604 3421; x_wconf 83' lang='lat' dir='ltr'><strong>ollicium</strong></span> <span class='ocrx_word' id='word_1_550' title='bbox 2632 3360 2739 3417; x_wconf 89' lang='lat' dir='ltr'><strong>illis</strong></span> <span class='ocrx_word' id='word_1_551' title='bbox 2769 3375 3065 3432; x_wconf 72' lang='lat' dir='ltr'><strong>congruum</strong></span> <span class='ocrx_word' id='word_1_552' title='bbox 3088 3363 3234 3417; x_wconf 84' lang='lat' dir='ltr'><strong>omni</strong></span> <span class='ocrx_word' id='word_1_553' title='bbox 3269 3363 3408 3418; x_wconf 88' lang='lat' dir='ltr'><strong>hora</strong></span> <span class='ocrx_word' id='word_1_554' title='bbox 3436 3366 3618 3435; x_wconf 85' lang='lat' dir='ltr'><strong>parati</strong></span> <span class='ocrx_word' id='word_1_555' title='bbox 3650 3365 3797 3419; x_wconf 83' lang='lat' dir='ltr'><strong>inve-</strong></span> 
     </span>
    </p>
   </div>
   <div class='ocr_carea' id='block_1_82' title="bbox 2209 3451 3794 3521">
    <p class='ocr_par' dir='ltr' id='par_1_82' title="bbox 2209 3451 3794 3521">
     <span class='ocr_line' id='line_1_82' title="bbox 2209 3451 3794 3521; baseline 0.002 -13"><span class='ocrx_word' id='word_1_556' title='bbox 2209 3454 2480 3508; x_wconf 90' lang='lat' dir='ltr'><strong>nirentur.</strong></span> <span class='ocrx_word' id='word_1_557' title='bbox 2521 3451 2622 3507; x_wconf 87' lang='lat' dir='ltr'><strong>llic</strong></span> <span class='ocrx_word' id='word_1_558' title='bbox 2661 3455 2827 3506; x_wconf 86' lang='lat' dir='ltr'><strong>etiam</strong></span> <span class='ocrx_word' id='word_1_559' title='bbox 2868 3460 3074 3521; x_wconf 85' lang='lat' dir='ltr'><strong>septem</strong></span> <span class='ocrx_word' id='word_1_560' title='bbox 3112 3452 3480 3509; x_wconf 78' lang='lat' dir='ltr'><strong>subdiaconos</strong></span> <span class='ocrx_word' id='word_1_561' title='bbox 3511 3454 3794 3511; x_wconf 77' lang='lat' dir='ltr'><strong>ordinavit.</strong></span> 
     </span>
    </p>
   </div>
   <div class='ocr_carea' id='block_1_83' title="bbox 2209 3543 3799 3617">
    <p class='ocr_par' dir='ltr' id='par_1_83' title="bbox 2209 3543 3799 3617">
     <span class='ocr_line' id='line_1_83' title="bbox 2209 3543 3799 3617; baseline -0.001 -18"><span class='ocrx_word' id='word_1_562' title='bbox 2209 3545 2302 3614; x_wconf 66' lang='lat' dir='ltr'><strong>«pii</strong></span> <span class='ocrx_word' id='word_1_563' title='bbox 2331 3553 2542 3615; x_wconf 85' lang='lat' dir='ltr'><strong>septem</strong></span> <span class='ocrx_word' id='word_1_564' title='bbox 2568 3543 2797 3600; x_wconf 89' lang='lat' dir='ltr'><strong>notariis</strong></span> <span class='ocrx_word' id='word_1_565' title='bbox 2821 3543 3191 3607; x_wconf 87' lang='lat' dir='ltr'><strong>imminerent,</strong></span> <span class='ocrx_word' id='word_1_566' title='bbox 3221 3552 3279 3598; x_wconf 90' lang='lat' dir='ltr'><strong>et</strong></span> <span class='ocrx_word' id='word_1_567' title='bbox 3311 3555 3472 3615; x_wconf 76' lang='lat' dir='ltr'><strong>gesta</strong></span> <span class='ocrx_word' id='word_1_568' title='bbox 3502 3554 3799 3617; x_wconf 71' lang='lat' dir='ltr'><strong>martyrum</strong></span> 
     </span>
    </p>
   </div>
   <div class='ocr_carea' id='block_1_84' title="bbox 2212 3633 3804 3705">
    <p class='ocr_par' dir='ltr' id='par_1_84' title="bbox 2212 3633 3804 3705">
     <span class='ocr_line' id='line_1_84' title="bbox 2212 3633 3804 3705; baseline 0.002 -17"><span class='ocrx_word' id='word_1_569' title='bbox 2212 3636 2477 3690; x_wconf 79' lang='lat' dir='ltr'><strong>veraciter</strong></span> <span class='ocrx_word' id='word_1_570' title='bbox 2520 3651 2587 3690; x_wconf 80' lang='lat' dir='ltr'><strong>ex</strong></span> <span class='ocrx_word' id='word_1_571' title='bbox 2636 3634 2847 3705; x_wconf 77' lang='lat' dir='ltr'><strong>integro</strong></span> <span class='ocrx_word' id='word_1_572' title='bbox 2885 3633 3217 3703; x_wconf 77' lang='lat' dir='ltr'><strong>colllgerent.</strong></span> <span class='ocrx_word' id='word_1_573' title='bbox 3263 3633 3439 3705; x_wconf 84' lang='lat' dir='ltr'><strong>llujus</strong></span> <span class='ocrx_word' id='word_1_574' title='bbox 3474 3636 3642 3690; x_wconf 75' lang='lat' dir='ltr'><strong>etiam</strong></span> <span class='ocrx_word' id='word_1_575' title='bbox 3674 3646 3804 3691; x_wconf 80' lang='lat' dir='ltr'><strong>tem-</strong></span> 
     </span>
    </p>
   </div>
   <div class='ocr_carea' id='block_1_85' title="bbox 2212 3724 3801 3796">
    <p class='ocr_par' dir='ltr' id='par_1_85' title="bbox 2212 3724 3801 3796">
     <span class='ocr_line' id='line_1_85' title="bbox 2212 3724 3801 3796; baseline 0.001 -17"><span class='ocrx_word' id='word_1_576' title='bbox 2212 3740 2342 3796; x_wconf 88' lang='lat' dir='ltr'><strong>pore</strong></span> <span class='ocrx_word' id='word_1_577' title='bbox 2368 3724 2608 3781; x_wconf 86' lang='lat' dir='ltr'><strong>Novatus</strong></span> <span class='ocrx_word' id='word_1_578' title='bbox 2639 3725 2930 3780; x_wconf 65' lang='lat' dir='ltr'><strong>haereticus</strong></span> <span class='ocrx_word' id='word_1_579' title='bbox 2962 3740 3024 3779; x_wconf 80' lang='lat' dir='ltr'><strong>ex</strong></span> <span class='ocrx_word' id='word_1_580' title='bbox 3066 3724 3254 3779; x_wconf 82' lang='lat' dir='ltr'><strong>Africa</strong></span> <span class='ocrx_word' id='word_1_581' title='bbox 3283 3726 3458 3790; x_wconf 89' lang='lat' dir='ltr'><strong>venit,</strong></span> <span class='ocrx_word' id='word_1_582' title='bbox 3492 3728 3589 3796; x_wconf 89' lang='lat' dir='ltr'><strong>qui</strong></span> <span class='ocrx_word' id='word_1_583' title='bbox 3626 3726 3801 3782; x_wconf 79' lang='lat' dir='ltr'><strong>Nova-</strong></span> 
     </span>
    </p>
   </div>
   <div class='ocr_carea' id='block_1_86' title="bbox 2214 3814 3804 3884">
    <p class='ocr_par' dir='ltr' id='par_1_86' title="bbox 2214 3814 3804 3884">
     <span class='ocr_line' id='line_1_86' title="bbox 2214 3814 3804 3884; baseline -0.001 -12"><span class='ocrx_word' id='word_1_584' title='bbox 2214 3818 2418 3873; x_wconf 89' lang='lat' dir='ltr'><strong>tiauum</strong></span> <span class='ocrx_word' id='word_1_585' title='bbox 2466 3825 2523 3872; x_wconf 90' lang='lat' dir='ltr'><strong>et</strong></span> <span class='ocrx_word' id='word_1_586' title='bbox 2575 3815 2711 3871; x_wconf 88' lang='lat' dir='ltr'><strong>alios</strong></span> <span class='ocrx_word' id='word_1_587' title='bbox 2768 3814 3029 3884; x_wconf 89' lang='lat' dir='ltr'><strong>quosdam</strong></span> <span class='ocrx_word' id='word_1_588' title='bbox 3078 3814 3289 3869; x_wconf 82' lang='lat' dir='ltr'><strong>Christi</strong></span> <span class='ocrx_word' id='word_1_589' title='bbox 3341 3814 3686 3871; x_wconf 51' lang='lat' dir='ltr'><strong>confessores</strong></span> <span class='ocrx_word' id='word_1_590' title='bbox 3742 3817 3804 3870; x_wconf 77' lang='lat' dir='ltr'><strong>de</strong></span> 
     </span>
    </p>
   </div>
   <div class='ocr_carea' id='block_1_87' title="bbox 2211 3906 3797 3978">
    <p class='ocr_par' dir='ltr' id='par_1_87' title="bbox 2211 3906 3797 3978">
     <span class='ocr_line' id='line_1_87' title="bbox 2211 3906 3797 3978; baseline -0.004 -12"><span class='ocrx_word' id='word_1_591' title='bbox 2211 3908 2415 3966; x_wconf 87' lang='lat' dir='ltr'><strong>Christi</strong></span> <span class='ocrx_word' id='word_1_592' title='bbox 2446 3908 2686 3964; x_wconf 84' lang='lat' dir='ltr'><strong>Ecclesia</strong></span> <span class='ocrx_word' id='word_1_593' title='bbox 2734 3906 3026 3977; x_wconf 82' lang='lat' dir='ltr'><strong>separavit,</strong></span> <span class='ocrx_word' id='word_1_594' title='bbox 3057 3917 3112 3962; x_wconf 86' lang='lat' dir='ltr'><strong>et</strong></span> <span class='ocrx_word' id='word_1_595' title='bbox 3158 3906 3211 3960; x_wconf 91' lang='lat' dir='ltr'><strong>in</strong></span> <span class='ocrx_word' id='word_1_596' title='bbox 3243 3907 3553 3962; x_wconf 61' lang='lat' dir='ltr'><strong>doctrinam:</strong></span> <span class='ocrx_word' id='word_1_597' title='bbox 3580 3922 3797 3978; x_wconf 77' lang='lat' dir='ltr'><strong>pravam</strong></span> 
     </span>
    </p>
   </div>
   <div class='ocr_carea' id='block_1_88' title="bbox 2212 4001 2496 4057">
    <p class='ocr_par' dir='ltr' id='par_1_88' title="bbox 2212 4001 2496 4057">
     <span class='ocr_line' id='line_1_88' title="bbox 2212 4001 2496 4057; baseline -0.011 0"><span class='ocrx_word' id='word_1_598' title='bbox 2212 4001 2496 4057; x_wconf 87' lang='lat' dir='ltr'><strong>convertit.</strong></span> 
     </span>
    </p>
   </div>
   <div class='ocr_carea' id='block_1_89' title="bbox 2286 4091 3799 4162">
    <p class='ocr_par' dir='ltr' id='par_1_89' title="bbox 2286 4091 3799 4162">
     <span class='ocr_line' id='line_1_89' title="bbox 2286 4091 3799 4162; baseline -0.001 -15"><span class='ocrx_word' id='word_1_599' title='bbox 2286 4091 2383 4149; x_wconf 88' lang='lat' dir='ltr'><strong>llic</strong></span> <span class='ocrx_word' id='word_1_600' title='bbox 2409 4101 2632 4162; x_wconf 81' lang='lat' dir='ltr'><strong>paterae</strong></span> <span class='ocrx_word' id='word_1_601' title='bbox 2671 4093 2897 4156; x_wconf 89' lang='lat' dir='ltr'><strong>monuit,</strong></span> <span class='ocrx_word' id='word_1_602' title='bbox 2937 4100 2993 4146; x_wconf 86' lang='lat' dir='ltr'><strong>et</strong></span> <span class='ocrx_word' id='word_1_603' title='bbox 3020 4092 3241 4146; x_wconf 88' lang='lat' dir='ltr'><strong>decreto</strong></span> <span class='ocrx_word' id='word_1_604' title='bbox 3268 4091 3503 4153; x_wconf 84' lang='lat' dir='ltr'><strong>salubri,</strong></span> <span class='ocrx_word' id='word_1_605' title='bbox 3534 4103 3589 4147; x_wconf 86' lang='lat' dir='ltr'><strong>et</strong></span> <span class='ocrx_word' id='word_1_606' title='bbox 3626 4094 3799 4147; x_wconf 57' lang='lat' dir='ltr'><strong>amab</strong></span> 
     </span>
    </p>
   </div>
   <div class='ocr_carea' id='block_1_90' title="bbox 2213 4182 3795 4253">
    <p class='ocr_par' dir='ltr' id='par_1_90' title="bbox 2213 4182 3795 4253">
     <span class='ocr_line' id='line_1_90' title="bbox 2213 4182 3795 4253; baseline -0.001 -14"><span class='ocrx_word' id='word_1_607' title='bbox 2213 4182 2317 4239; x_wconf 88' lang='lat' dir='ltr'><strong>bus</strong></span> <span class='ocrx_word' id='word_1_608' title='bbox 2335 4183 2657 4249; x_wconf 82' lang='lat' dir='ltr'><strong>Christianis</strong></span> <span class='ocrx_word' id='word_1_609' title='bbox 2673 4182 2981 4238; x_wconf 88' lang='lat' dir='ltr'><strong>hominibus</strong></span> <span class='ocrx_word' id='word_1_610' title='bbox 3003 4183 3273 4238; x_wconf 88' lang='lat' dir='ltr'><strong>servando</strong></span> <span class='ocrx_word' id='word_1_611' title='bbox 3286 4183 3528 4240; x_wconf 82' lang='lat' dir='ltr'><strong>saneivit</strong></span> <span class='ocrx_word' id='word_1_612' title='bbox 3563 4185 3734 4253; x_wconf 59' lang='lat' dir='ltr'><strong>(epist.</strong></span> <span class='ocrx_word' id='word_1_613' title='bbox 3750 4184 3795 4245; x_wconf 83' lang='lat' dir='ltr'><strong>t.</strong></span> 
     </span>
    </p>
   </div>
   <div class='ocr_carea' id='block_1_91' title="bbox 2213 4271 3800 4344">
    <p class='ocr_par' dir='ltr' id='par_1_91' title="bbox 2213 4271 3800 4344">
     <span class='ocr_line' id='line_1_91' title="bbox 2213 4271 3800 4344; baseline 0.002 -18"><span class='ocrx_word' id='word_1_614' title='bbox 2213 4272 2283 4326; x_wconf 86' lang='lat' dir='ltr'><strong>ad</strong></span> <span class='ocrx_word' id='word_1_615' title='bbox 2313 4273 2716 4327; x_wconf 73' lang='lat' dir='ltr'><strong>comministros.</strong></span> <span class='ocrx_word' id='word_1_616' title='bbox 2759 4302 2816 4315; x_wconf 86' lang='lat'><strong>--</strong></span> <span class='ocrx_word' id='word_1_617' title='bbox 2844 4274 2901 4339; x_wconf 83' lang='lat'><strong>6,</strong></span> <span class='ocrx_word' id='word_1_618' title='bbox 2947 4288 3004 4343; x_wconf 91' lang='lat' dir='ltr'><strong>q.</strong></span> <span class='ocrx_word' id='word_1_619' title='bbox 3057 4274 3107 4337; x_wconf 94' lang='grc'><strong>1,</strong></span> <span class='ocrx_word' id='word_1_620' title='bbox 3149 4287 3204 4328; x_wconf 94' lang='lat' dir='ltr'><strong>c.</strong></span> <span class='ocrx_word' id='word_1_621' title='bbox 3249 4271 3474 4344; x_wconf 73' lang='lat' dir='ltr'><strong>Omnes)</strong></span> <span class='ocrx_word' id='word_1_622' title='bbox 3516 4286 3576 4329; x_wconf 92' lang='lat' dir='ltr'><strong>ut</strong></span> <span class='ocrx_word' id='word_1_623' title='bbox 3620 4287 3800 4329; x_wconf 63' lang='lat' dir='ltr'><strong>omnes</strong></span> 
     </span>
    </p>
   </div>
   <div class='ocr_carea' id='block_1_92' title="bbox 2215 4362 3799 4433">
    <p class='ocr_par' dir='ltr' id='par_1_92' title="bbox 2215 4362 3799 4433">
     <span class='ocr_line' id='line_1_92' title="bbox 2215 4362 3799 4433; baseline 0.001 -16"><span class='ocrx_word' id='word_1_624' title='bbox 2215 4362 2313 4428; x_wconf 84' lang='lat' dir='ltr'><strong>illi,</strong></span> <span class='ocrx_word' id='word_1_625' title='bbox 2348 4378 2468 4419; x_wconf 85' lang='lat' dir='ltr'><strong>cum</strong></span> <span class='ocrx_word' id='word_1_626' title='bbox 2500 4363 2699 4433; x_wconf 89' lang='lat' dir='ltr'><strong>quibus</strong></span> <span class='ocrx_word' id='word_1_627' title='bbox 2725 4362 3014 4433; x_wconf 80' lang='lat' dir='ltr'><strong>Apostolus</strong></span> <span class='ocrx_word' id='word_1_628' title='bbox 3037 4364 3221 4419; x_wconf 77' lang='lat' dir='ltr'><strong>cibum</strong></span> <span class='ocrx_word' id='word_1_629' title='bbox 3269 4379 3375 4419; x_wconf 91' lang='lat' dir='ltr'><strong>nos</strong></span> <span class='ocrx_word' id='word_1_630' title='bbox 3401 4379 3622 4421; x_wconf 79' lang='lat' dir='ltr'><strong>sumere</strong></span> <span class='ocrx_word' id='word_1_631' title='bbox 3664 4372 3799 4418; x_wconf 81' lang='lat' dir='ltr'><strong>vetat</strong></span> 
     </span>
    </p>
   </div>
   <div class='ocr_carea' id='block_1_93' title="bbox 2138 4452 3799 4553">
    <p class='ocr_par' dir='ltr' id='par_1_93' title="bbox 2138 4452 3799 4553">
     <span class='ocr_line' id='line_1_93' title="bbox 2138 4452 3799 4553; baseline -0.001 -45"><span class='ocrx_word' id='word_1_632' title='bbox 2138 4493 2190 4553; x_wconf 68' lang='grc' dir='ltr'><strong>Β</strong></span> <span class='ocrx_word' id='word_1_633' title='bbox 2216 4452 2269 4526; x_wconf 79' lang='lat' dir='ltr'><strong>(l</strong></span> <span class='ocrx_word' id='word_1_634' title='bbox 2310 4452 2432 4509; x_wconf 84' lang='lat' dir='ltr'><strong>Cor.</strong></span> <span class='ocrx_word' id='word_1_635' title='bbox 2471 4453 2551 4524; x_wconf 92' lang='lat' dir='ltr'><strong>v),</strong></span> <span class='ocrx_word' id='word_1_636' title='bbox 2598 4469 2630 4508; x_wconf 87' lang='lat' dir='ltr'><strong>a</strong></span> <span class='ocrx_word' id='word_1_637' title='bbox 2671 4452 3107 4509; x_wconf 84' lang='lat' dir='ltr'><strong>Christianorum</strong></span> <span class='ocrx_word' id='word_1_638' title='bbox 3152 4456 3436 4510; x_wconf 83' lang='lat' dir='ltr'><strong>consortio</strong></span> <span class='ocrx_word' id='word_1_639' title='bbox 3487 4456 3799 4524; x_wconf 79' lang='lat' dir='ltr'><strong>sequestrati</strong></span> 
     </span>
    </p>
   </div>
   <div class='ocr_carea' id='block_1_94' title="bbox 2221 4542 3799 4614">
    <p class='ocr_par' dir='ltr' id='par_1_94' title="bbox 2221 4542 3799 4614">
     <span class='ocr_line' id='line_1_94' title="bbox 2221 4542 3799 4614; baseline 0 -15"><span class='ocrx_word' id='word_1_640' title='bbox 2221 4545 2441 4614; x_wconf 88' lang='lat' dir='ltr'><strong>penitus</strong></span> <span class='ocrx_word' id='word_1_641' title='bbox 2467 4543 2787 4608; x_wconf 85' lang='lat' dir='ltr'><strong>habeantur,</strong></span> <span class='ocrx_word' id='word_1_642' title='bbox 2816 4559 2916 4599; x_wconf 88' lang='lat' dir='ltr'><strong>nec</strong></span> <span class='ocrx_word' id='word_1_643' title='bbox 2952 4544 3005 4598; x_wconf 92' lang='lat' dir='ltr'><strong>in</strong></span> <span class='ocrx_word' id='word_1_644' title='bbox 3035 4542 3329 4613; x_wconf 84' lang='lat' dir='ltr'><strong>cujuslibet</strong></span> <span class='ocrx_word' id='word_1_645' title='bbox 3351 4553 3411 4600; x_wconf 92' lang='lat' dir='ltr'><strong>et</strong></span> <span class='ocrx_word' id='word_1_646' title='bbox 3446 4546 3687 4601; x_wconf 65' lang='lat' dir='ltr'><strong>fidelium</strong></span> <span class='ocrx_word' id='word_1_647' title='bbox 3714 4560 3799 4599; x_wconf 82' lang='lat' dir='ltr'><strong>ac-</strong></span> 
     </span>
    </p>
   </div>
   <div class='ocr_carea' id='block_1_95' title="bbox 598 4629 3800 4706">
    <p class='ocr_par' dir='ltr' id='par_1_95' title="bbox 598 4629 3800 4706">
     <span class='ocr_line' id='line_1_95' title="bbox 598 4629 3800 4706; baseline 0 -15"><span class='ocrx_word' id='word_1_648' title='bbox 598 4633 897 4699; x_wconf 83' lang='lat' dir='ltr'><strong>Antherus,</strong></span> <span class='ocrx_word' id='word_1_649' title='bbox 922 4632 1140 4688; x_wconf 86' lang='lat' dir='ltr'><strong>natione</strong></span> <span class='ocrx_word' id='word_1_650' title='bbox 1160 4632 1404 4697; x_wconf 68' lang='lat' dir='ltr'><strong>Graecus,</strong></span> <span class='ocrx_word' id='word_1_651' title='bbox 1426 4648 1490 4687; x_wconf 78' lang='lat' dir='ltr'><strong>ex</strong></span> <span class='ocrx_word' id='word_1_652' title='bbox 1534 4642 1687 4701; x_wconf 87' lang='lat' dir='ltr'><strong>patre</strong></span> <span class='ocrx_word' id='word_1_653' title='bbox 1709 4629 1956 4694; x_wconf 80' lang='lat' dir='ltr'><strong>Romulo,</strong></span> <span class='ocrx_word' id='word_1_654' title='bbox 1987 4631 2123 4687; x_wconf 87' lang='lat' dir='ltr'><strong>sedit</strong></span> <span class='ocrx_word' id='word_1_655' title='bbox 2221 4636 2503 4693; x_wconf 83' lang='lat' dir='ltr'><strong>cusatione</strong></span> <span class='ocrx_word' id='word_1_656' title='bbox 2530 4636 2802 4691; x_wconf 85' lang='lat' dir='ltr'><strong>ullatenus</strong></span> <span class='ocrx_word' id='word_1_657' title='bbox 2824 4635 3219 4705; x_wconf 81' lang='lat' dir='ltr'><strong>suscipiantur,</strong></span> <span class='ocrx_word' id='word_1_658' title='bbox 3249 4650 3428 4706; x_wconf 85' lang='lat' dir='ltr'><strong>usque</strong></span> <span class='ocrx_word' id='word_1_659' title='bbox 3465 4638 3536 4691; x_wconf 88' lang='lat' dir='ltr'><strong>ad</strong></span> <span class='ocrx_word' id='word_1_660' title='bbox 3566 4636 3800 4693; x_wconf 71' lang='lat' dir='ltr'><strong>satisfac-</strong></span> 
     </span>
    </p>
   </div>
   <div class='ocr_carea' id='block_1_96' title="bbox 533 4722 2117 4791">
    <p class='ocr_par' dir='ltr' id='par_1_96' title="bbox 533 4722 2117 4791">
     <span class='ocr_line' id='line_1_96' title="bbox 533 4722 2117 4791; baseline -0.004 -10"><span class='ocrx_word' id='word_1_661' title='bbox 533 4741 709 4783; x_wconf 88' lang='lat' dir='ltr'><strong>annos</strong></span> <span class='ocrx_word' id='word_1_662' title='bbox 748 4723 1071 4791; x_wconf 87' lang='lat' dir='ltr'><strong>duodecim,</strong></span> <span class='ocrx_word' id='word_1_663' title='bbox 1115 4738 1356 4779; x_wconf 89' lang='lat' dir='ltr'><strong>mensem</strong></span> <span class='ocrx_word' id='word_1_664' title='bbox 1402 4738 1586 4786; x_wconf 91' lang='lat' dir='ltr'><strong>unum,</strong></span> <span class='ocrx_word' id='word_1_665' title='bbox 1639 4722 1755 4777; x_wconf 91' lang='lat' dir='ltr'><strong>dies</strong></span> <span class='ocrx_word' id='word_1_666' title='bbox 1791 4723 2117 4778; x_wconf 86' lang='lat' dir='ltr'><strong>duodecim:</strong></span> 
     </span>
    </p>
   </div>
   <div class='ocr_carea' id='block_1_97' title="bbox 533 4806 2119 4889">
    <p class='ocr_par' dir='ltr' id='par_1_97' title="bbox 533 4806 2119 4889">
     <span class='ocr_line' id='line_1_97' title="bbox 533 4806 2119 4889; baseline -0.004 -13"><span class='ocrx_word' id='word_1_667' title='bbox 533 4820 639 4876; x_wconf 91' lang='lat' dir='ltr'><strong>fuit</strong></span> <span class='ocrx_word' id='word_1_668' title='bbox 677 4827 861 4875; x_wconf 89' lang='lat' dir='ltr'><strong>autem</strong></span> <span class='ocrx_word' id='word_1_669' title='bbox 920 4817 1251 4889; x_wconf 89' lang='lat' dir='ltr'><strong>temporibus</strong></span> <span class='ocrx_word' id='word_1_670' title='bbox 1296 4815 1574 4871; x_wconf 81' lang='lat' dir='ltr'><strong>Maximini</strong></span> <span class='ocrx_word' id='word_1_671' title='bbox 1614 4806 1673 4869; x_wconf 85' lang='lat' dir='ltr'><strong>et</strong></span> <span class='ocrx_word' id='word_1_672' title='bbox 1707 4813 1951 4870; x_wconf 84' lang='lat' dir='ltr'><strong>Africani</strong></span> <span class='ocrx_word' id='word_1_673' title='bbox 1978 4827 2119 4870; x_wconf 82' lang='lat' dir='ltr'><strong>coss.</strong></span> 
     </span>
    </p>
   </div>
   <div class='ocr_carea' id='block_1_98' title="bbox 531 4907 2114 4983">
    <p class='ocr_par' dir='ltr' id='par_1_98' title="bbox 531 4907 2114 4983">
     <span class='ocr_line' id='line_1_98' title="bbox 531 4907 2114 4983; baseline -0.005 -15"><span class='ocrx_word' id='word_1_674' title='bbox 531 4913 632 4968; x_wconf 85' lang='lat' dir='ltr'><strong>llic</strong></span> <span class='ocrx_word' id='word_1_675' title='bbox 659 4921 808 4983; x_wconf 77' lang='lat' dir='ltr'><strong>gesta</strong></span> <span class='ocrx_word' id='word_1_676' title='bbox 835 4910 1134 4982; x_wconf 78' lang='lat' dir='ltr'><strong>Martyrum</strong></span> <span class='ocrx_word' id='word_1_677' title='bbox 1161 4910 1450 4980; x_wconf 75' lang='lat' dir='ltr'><strong>diligenter</strong></span> <span class='ocrx_word' id='word_1_678' title='bbox 1476 4923 1509 4963; x_wconf 89' lang='lat' dir='ltr'><strong>a</strong></span> <span class='ocrx_word' id='word_1_679' title='bbox 1554 4908 1783 4963; x_wconf 90' lang='lat' dir='ltr'><strong>notariis</strong></span> <span class='ocrx_word' id='word_1_680' title='bbox 1803 4907 2114 4979; x_wconf 73' lang='lat' dir='ltr'><strong>erquisivit,</strong></span> 
     </span>
    </p>
   </div>
   <div class='ocr_carea' id='block_1_99' title="bbox 535 4995 2114 5066">
    <p class='ocr_par' dir='ltr' id='par_1_99' title="bbox 535 4995 2114 5066">
     <span class='ocr_line' id='line_1_99' title="bbox 535 4995 2114 5066; baseline -0.005 -8"><span class='ocrx_word' id='word_1_681' title='bbox 535 5014 591 5058; x_wconf 87' lang='lat' dir='ltr'><strong>et</strong></span> <span class='ocrx_word' id='word_1_682' title='bbox 613 5004 666 5057; x_wconf 92' lang='lat' dir='ltr'><strong>in</strong></span> <span class='ocrx_word' id='word_1_683' title='bbox 689 5003 919 5059; x_wconf 85' lang='lat' dir='ltr'><strong>ecclesia</strong></span> <span class='ocrx_word' id='word_1_684' title='bbox 944 5002 1260 5058; x_wconf 86' lang='lat' dir='ltr'><strong>recondidit.</strong></span> <span class='ocrx_word' id='word_1_685' title='bbox 1281 4999 1384 5066; x_wconf 85' lang='lat' dir='ltr'><strong>Qui</strong></span> <span class='ocrx_word' id='word_1_686' title='bbox 1409 5015 1469 5054; x_wconf 93' lang='grc' dir='ltr'><strong>ιιι</strong></span> <span class='ocrx_word' id='word_1_687' title='bbox 1498 4998 1682 5053; x_wconf 87' lang='lat' dir='ltr'><strong>Nonas</strong></span> <span class='ocrx_word' id='word_1_688' title='bbox 1704 4995 1946 5055; x_wconf 81' lang='lat' dir='ltr'><strong>Januarii</strong></span> <span class='ocrx_word' id='word_1_689' title='bbox 1970 5013 2114 5052; x_wconf 86' lang='lat' dir='ltr'><strong>mar-</strong></span> 
     </span>
    </p>
   </div>
   <div class='ocr_carea' id='block_1_100' title="bbox 537 5088 2109 5165">
    <p class='ocr_par' dir='ltr' id='par_1_100' title="bbox 537 5088 2109 5165">
     <span class='ocr_line' id='line_1_100' title="bbox 537 5088 2109 5165; baseline -0.001 -21"><span class='ocrx_word' id='word_1_690' title='bbox 537 5093 697 5161; x_wconf 21' lang='lat' dir='ltr'><strong>tyrio,</strong></span> <span class='ocrx_word' id='word_1_691' title='bbox 725 5103 1038 5165; x_wconf 80' lang='lat' dir='ltr'><strong>coronatur.</strong></span> <span class='ocrx_word' id='word_1_692' title='bbox 1091 5091 1190 5148; x_wconf 83' lang='lat' dir='ltr'><strong>Hic</strong></span> <span class='ocrx_word' id='word_1_693' title='bbox 1225 5091 1497 5148; x_wconf 89' lang='lat' dir='ltr'><strong>ordinavit</strong></span> <span class='ocrx_word' id='word_1_694' title='bbox 1553 5089 1724 5160; x_wconf 81' lang='lat' dir='ltr'><strong>(epist.</strong></span> <span class='ocrx_word' id='word_1_695' title='bbox 1776 5088 1845 5143; x_wconf 84' lang='lat' dir='ltr'><strong>ad</strong></span> <span class='ocrx_word' id='word_1_696' title='bbox 1887 5088 2109 5159; x_wconf 80' lang='lat' dir='ltr'><strong>episcop.</strong></span> 
     </span>
    </p>
   </div>
   <div class='ocr_carea' id='block_1_101' title="bbox 534 5177 2114 5251">
    <p class='ocr_par' dir='ltr' id='par_1_101' title="bbox 534 5177 2114 5251">
     <span class='ocr_line' id='line_1_101' title="bbox 534 5177 2114 5251; baseline -0.001 -18"><span class='ocrx_word' id='word_1_697' title='bbox 534 5179 771 5251; x_wconf 72' lang='lat' dir='ltr'><strong>Bwticte)</strong></span> <span class='ocrx_word' id='word_1_698' title='bbox 814 5182 1121 5251; x_wconf 87' lang='lat' dir='ltr'><strong>episcopum</strong></span> <span class='ocrx_word' id='word_1_699' title='bbox 1161 5194 1349 5236; x_wconf 90' lang='lat' dir='ltr'><strong>unum.</strong></span> <span class='ocrx_word' id='word_1_700' title='bbox 1404 5178 1502 5234; x_wconf 83' lang='lat' dir='ltr'><strong>llic</strong></span> <span class='ocrx_word' id='word_1_701' title='bbox 1543 5179 1707 5234; x_wconf 88' lang='lat' dir='ltr'><strong>etiam</strong></span> <span class='ocrx_word' id='word_1_702' title='bbox 1745 5178 2020 5233; x_wconf 83' lang='lat' dir='ltr'><strong>consultus</strong></span> <span class='ocrx_word' id='word_1_703' title='bbox 2047 5177 2114 5232; x_wconf 88' lang='lat' dir='ltr'><strong>de</strong></span> 
     </span>
    </p>
   </div>
   <div class='ocr_carea' id='block_1_102' title="bbox 535 5266 2111 5341">
    <p class='ocr_par' dir='ltr' id='par_1_102' title="bbox 535 5266 2111 5341">
     <span class='ocr_line' id='line_1_102' title="bbox 535 5266 2111 5341; baseline -0.002 -17"><span class='ocrx_word' id='word_1_704' title='bbox 535 5269 907 5339; x_wconf 82' lang='lat' dir='ltr'><strong>episcoporum</strong></span> <span class='ocrx_word' id='word_1_705' title='bbox 959 5271 1253 5326; x_wconf 86' lang='lat' dir='ltr'><strong>mutatione</strong></span> <span class='ocrx_word' id='word_1_706' title='bbox 1304 5271 1402 5341; x_wconf 82' lang='lat'><strong>(7,</strong></span> <span class='ocrx_word' id='word_1_707' title='bbox 1443 5286 1501 5340; x_wconf 88' lang='lat' dir='ltr'><strong>q.</strong></span> <span class='ocrx_word' id='word_1_708' title='bbox 1551 5269 1604 5334; x_wconf 86' lang='lat' dir='ltr'><strong>l,</strong></span> <span class='ocrx_word' id='word_1_709' title='bbox 1668 5283 1718 5322; x_wconf 93' lang='lat' dir='ltr'><strong>c.</strong></span> <span class='ocrx_word' id='word_1_710' title='bbox 1773 5266 2111 5337; x_wconf 70' lang='lat' dir='ltr'><strong>Hutationes)</strong></span> 
     </span>
    </p>
   </div>
   <div class='ocr_carea' id='block_1_103' title="bbox 532 5344 2112 5427">
    <p class='ocr_par' dir='ltr' id='par_1_103' title="bbox 532 5344 2112 5427">
     <span class='ocr_line' id='line_1_103' title="bbox 532 5344 2112 5427; baseline 0 -16"><span class='ocrx_word' id='word_1_711' title='bbox 532 5358 655 5411; x_wconf 88' lang='lat' dir='ltr'><strong>lieri</strong></span> <span class='ocrx_word' id='word_1_712' title='bbox 688 5356 852 5411; x_wconf 88' lang='lat' dir='ltr'><strong>licere</strong></span> <span class='ocrx_word' id='word_1_713' title='bbox 900 5355 954 5409; x_wconf 91' lang='lat' dir='ltr'><strong>in</strong></span> <span class='ocrx_word' id='word_1_714' title='bbox 998 5358 1109 5411; x_wconf 89' lang='lat' dir='ltr'><strong>suis</strong></span> <span class='ocrx_word' id='word_1_715' title='bbox 1136 5358 1366 5413; x_wconf 89' lang='lat' dir='ltr'><strong>decretis</strong></span> <span class='ocrx_word' id='word_1_716' title='bbox 1412 5344 1728 5427; x_wconf 77' lang='lat' dir='ltr'><strong>reSpondit;</strong></span> <span class='ocrx_word' id='word_1_717' title='bbox 1774 5371 1881 5412; x_wconf 87' lang='lat' dir='ltr'><strong>non</strong></span> <span class='ocrx_word' id='word_1_718' title='bbox 1932 5364 2112 5412; x_wconf 91' lang='lat' dir='ltr'><strong>tamen</strong></span> 
     </span>
    </p>
   </div>
   <div class='ocr_carea' id='block_1_104' title="bbox 536 5444 2117 5517">
    <p class='ocr_par' dir='ltr' id='par_1_104' title="bbox 536 5444 2117 5517">
     <span class='ocr_line' id='line_1_104' title="bbox 536 5444 2117 5517; baseline -0.002 -13"><span class='ocrx_word' id='word_1_719' title='bbox 536 5446 858 5517; x_wconf 81' lang='lat' dir='ltr'><strong>cujusquam</strong></span> <span class='ocrx_word' id='word_1_720' title='bbox 888 5444 1036 5500; x_wconf 89' lang='lat' dir='ltr'><strong>lihitu</strong></span> <span class='ocrx_word' id='word_1_721' title='bbox 1064 5456 1158 5501; x_wconf 87' lang='lat' dir='ltr'><strong>aut</strong></span> <span class='ocrx_word' id='word_1_722' title='bbox 1181 5448 1566 5514; x_wconf 85' lang='lat' dir='ltr'><strong>dominatione,</strong></span> <span class='ocrx_word' id='word_1_723' title='bbox 1588 5450 1685 5505; x_wconf 75' lang='lat' dir='ltr'><strong>sed</strong></span> <span class='ocrx_word' id='word_1_724' title='bbox 1710 5448 1982 5503; x_wconf 89' lang='lat' dir='ltr'><strong>comnmni</strong></span> <span class='ocrx_word' id='word_1_725' title='bbox 2011 5447 2117 5502; x_wconf 85' lang='lat' dir='ltr'><strong>uti-</strong></span> 
     </span>
    </p>
   </div>
   <div class='ocr_carea' id='block_1_105' title="bbox 2222 4727 3534 4801">
    <p class='ocr_par' dir='ltr' id='par_1_105' title="bbox 2222 4727 3534 4801">
     <span class='ocr_line' id='line_1_105' title="bbox 2222 4727 3534 4801; baseline -0.002 -16"><span class='ocrx_word' id='word_1_726' title='bbox 2222 4729 2444 4794; x_wconf 87' lang='lat' dir='ltr'><strong>tionem,</strong></span> <span class='ocrx_word' id='word_1_727' title='bbox 2472 4730 2598 4785; x_wconf 88' lang='lat' dir='ltr'><strong>dum</strong></span> <span class='ocrx_word' id='word_1_728' title='bbox 2630 4731 2788 4801; x_wconf 73' lang='lat' dir='ltr'><strong>digne</strong></span> <span class='ocrx_word' id='word_1_729' title='bbox 2816 4731 3161 4801; x_wconf 80' lang='lat' dir='ltr'><strong>venissenon</strong></span> <span class='ocrx_word' id='word_1_730' title='bbox 3185 4727 3534 4785; x_wconf 72' lang='lat' dir='ltr'><strong>dubitanter.</strong></span> 
     </span>
    </p>
   </div>
   <div class='ocr_carea' id='block_1_106' title="bbox 2295 4814 3809 4887">
    <p class='ocr_par' dir='ltr' id='par_1_106' title="bbox 2295 4814 3809 4887">
     <span class='ocr_line' id='line_1_106' title="bbox 2295 4814 3809 4887; baseline -0.003 -15"><span class='ocrx_word' id='word_1_731' title='bbox 2295 4816 2394 4873; x_wconf 85' lang='lat' dir='ltr'><strong>llic</strong></span> <span class='ocrx_word' id='word_1_732' title='bbox 2427 4818 2589 4873; x_wconf 85' lang='lat' dir='ltr'><strong>etiam</strong></span> <span class='ocrx_word' id='word_1_733' title='bbox 2619 4818 2671 4873; x_wconf 93' lang='lat' dir='ltr'><strong>in</strong></span> <span class='ocrx_word' id='word_1_734' title='bbox 2708 4818 2942 4874; x_wconf 87' lang='lat' dir='ltr'><strong>decretis</strong></span> <span class='ocrx_word' id='word_1_735' title='bbox 2967 4816 3336 4873; x_wconf 87' lang='lat' dir='ltr'><strong>Orientalibus</strong></span> <span class='ocrx_word' id='word_1_736' title='bbox 3360 4817 3639 4887; x_wconf 56' lang='lat' dir='ltr'><strong>episcopis</strong></span> <span class='ocrx_word' id='word_1_737' title='bbox 3656 4814 3809 4871; x_wconf 85' lang='lat' dir='ltr'><strong>desti-</strong></span> 
     </span>
    </p>
   </div>
   <div class='ocr_carea' id='block_1_107' title="bbox 2221 4906 3809 4980">
    <p class='ocr_par' dir='ltr' id='par_1_107' title="bbox 2221 4906 3809 4980">
     <span class='ocr_line' id='line_1_107' title="bbox 2221 4906 3809 4980; baseline -0.002 -17"><span class='ocrx_word' id='word_1_738' title='bbox 2221 4909 2369 4963; x_wconf 66' lang='lat' dir='ltr'><strong>natis</strong></span> <span class='ocrx_word' id='word_1_739' title='bbox 2394 4908 2566 4980; x_wconf 83' lang='lat' dir='ltr'><strong>(epist.</strong></span> <span class='ocrx_word' id='word_1_740' title='bbox 2589 4906 2648 4978; x_wconf 78' lang='lat'><strong>2)</strong></span> <span class='ocrx_word' id='word_1_741' title='bbox 2675 4907 3059 4964; x_wconf 82' lang='lat' dir='ltr'><strong>inviolabiliter</strong></span> <span class='ocrx_word' id='word_1_742' title='bbox 3099 4907 3433 4962; x_wconf 79' lang='lat' dir='ltr'><strong>servandum</strong></span> <span class='ocrx_word' id='word_1_743' title='bbox 3463 4921 3590 4961; x_wconf 85' lang='lat' dir='ltr'><strong>esse</strong></span> <span class='ocrx_word' id='word_1_744' title='bbox 3616 4920 3809 4977; x_wconf 60' lang='lat' dir='ltr'><strong>prere-</strong></span> 
     </span>
    </p>
   </div>
   <div class='ocr_carea' id='block_1_108' title="bbox 2218 5000 3811 5073">
    <p class='ocr_par' dir='ltr' id='par_1_108' title="bbox 2218 5000 3811 5073">
     <span class='ocr_line' id='line_1_108' title="bbox 2218 5000 3811 5073; baseline 0.001 -19"><span class='ocrx_word' id='word_1_745' title='bbox 2218 5001 2318 5071; x_wconf 93' lang='lat' dir='ltr'><strong>pit,</strong></span> <span class='ocrx_word' id='word_1_746' title='bbox 2351 5009 2410 5055; x_wconf 92' lang='lat' dir='ltr'><strong>ut</strong></span> <span class='ocrx_word' id='word_1_747' title='bbox 2454 5000 2681 5073; x_wconf 70' lang='lat' dir='ltr'><strong>singulis</strong></span> <span class='ocrx_word' id='word_1_748' title='bbox 2718 5000 2877 5057; x_wconf 82' lang='lat' dir='ltr'><strong>annis</strong></span> <span class='ocrx_word' id='word_1_749' title='bbox 2907 5015 3107 5055; x_wconf 87' lang='lat' dir='ltr'><strong>novum</strong></span> <span class='ocrx_word' id='word_1_750' title='bbox 3142 5000 3387 5055; x_wconf 83' lang='lat' dir='ltr'><strong>chrisma</strong></span> <span class='ocrx_word' id='word_1_751' title='bbox 3429 5004 3811 5055; x_wconf 73' lang='lat' dir='ltr'><strong>conﬁceretur.</strong></span> 
     </span>
    </p>
   </div>
   <div class='ocr_carea' id='block_1_109' title="bbox 2216 5089 3813 5159">
    <p class='ocr_par' dir='ltr' id='par_1_109' title="bbox 2216 5089 3813 5159">
     <span class='ocr_line' id='line_1_109' title="bbox 2216 5089 3813 5159; baseline -0.003 -13"><span class='ocrx_word' id='word_1_752' title='bbox 2216 5100 2273 5146; x_wconf 90' lang='lat' dir='ltr'><strong>ct</strong></span> <span class='ocrx_word' id='word_1_753' title='bbox 2305 5097 2457 5145; x_wconf 84' lang='lat' dir='ltr'><strong>vetus</strong></span> <span class='ocrx_word' id='word_1_754' title='bbox 2486 5090 2539 5145; x_wconf 90' lang='lat' dir='ltr'><strong>in</strong></span> <span class='ocrx_word' id='word_1_755' title='bbox 2580 5091 2785 5146; x_wconf 88' lang='lat' dir='ltr'><strong>sanctis</strong></span> <span class='ocrx_word' id='word_1_756' title='bbox 2817 5089 3062 5146; x_wconf 84' lang='lat' dir='ltr'><strong>ecclesiis</strong></span> <span class='ocrx_word' id='word_1_757' title='bbox 3095 5098 3464 5156; x_wconf 88' lang='lat' dir='ltr'><strong>cremaretur,</strong></span> <span class='ocrx_word' id='word_1_758' title='bbox 3498 5090 3650 5159; x_wconf 82' lang='lat' dir='ltr'><strong>quia,</strong></span> <span class='ocrx_word' id='word_1_759' title='bbox 3678 5090 3813 5144; x_wconf 72' lang='lat' dir='ltr'><strong>sicut</strong></span> 
     </span>
    </p>
   </div>
   <div class='ocr_carea' id='block_1_110' title="bbox 2218 5178 3814 5252">
    <p class='ocr_par' dir='ltr' id='par_1_110' title="bbox 2218 5178 3814 5252">
     <span class='ocr_line' id='line_1_110' title="bbox 2218 5178 3814 5252; baseline -0.001 -18"><span class='ocrx_word' id='word_1_760' title='bbox 2218 5180 2386 5252; x_wconf 88' lang='lat' dir='ltr'><strong>ipsius</strong></span> <span class='ocrx_word' id='word_1_761' title='bbox 2414 5180 2522 5236; x_wconf 90' lang='lat' dir='ltr'><strong>diei</strong></span> <span class='ocrx_word' id='word_1_762' title='bbox 2567 5180 2885 5236; x_wconf 80' lang='lat' dir='ltr'><strong>solemnitas</strong></span> <span class='ocrx_word' id='word_1_763' title='bbox 2923 5195 3020 5250; x_wconf 89' lang='lat' dir='ltr'><strong>per</strong></span> <span class='ocrx_word' id='word_1_764' title='bbox 3062 5179 3311 5249; x_wconf 63' lang='lat' dir='ltr'><strong>singulos</strong></span> <span class='ocrx_word' id='word_1_765' title='bbox 3351 5195 3536 5235; x_wconf 85' lang='lat' dir='ltr'><strong>annos</strong></span> <span class='ocrx_word' id='word_1_766' title='bbox 3563 5189 3650 5233; x_wconf 77' lang='lat' dir='ltr'><strong>est</strong></span> <span class='ocrx_word' id='word_1_767' title='bbox 3680 5178 3814 5232; x_wconf 75' lang='lat' dir='ltr'><strong>relc-</strong></span> 
     </span>
    </p>
   </div>
   <div class='ocr_carea' id='block_1_111' title="bbox 2217 5268 3815 5340">
    <p class='ocr_par' dir='ltr' id='par_1_111' title="bbox 2217 5268 3815 5340">
     <span class='ocr_line' id='line_1_111' title="bbox 2217 5268 3815 5340; baseline -0.002 -13"><span class='ocrx_word' id='word_1_768' title='bbox 2217 5270 2448 5337; x_wconf 87' lang='lat' dir='ltr'><strong>hranda,</strong></span> <span class='ocrx_word' id='word_1_769' title='bbox 2505 5271 2578 5325; x_wconf 70' lang='lat' dir='ltr'><strong>ita</strong></span> <span class='ocrx_word' id='word_1_770' title='bbox 2614 5270 2783 5340; x_wconf 89' lang='lat' dir='ltr'><strong>ipsius</strong></span> <span class='ocrx_word' id='word_1_771' title='bbox 2829 5271 3002 5327; x_wconf 87' lang='lat' dir='ltr'><strong>sancti</strong></span> <span class='ocrx_word' id='word_1_772' title='bbox 3039 5269 3358 5325; x_wconf 82' lang='lat' dir='ltr'><strong>chrismatis</strong></span> <span class='ocrx_word' id='word_1_773' title='bbox 3405 5268 3685 5324; x_wconf 78' lang='lat' dir='ltr'><strong>confectio</strong></span> <span class='ocrx_word' id='word_1_774' title='bbox 3724 5278 3815 5337; x_wconf 71' lang='lat' dir='ltr'><strong>per</strong></span> 
     </span>
    </p>
   </div>
   <div class='ocr_carea' id='block_1_112' title="bbox 2215 5360 3815 5432">
    <p class='ocr_par' dir='ltr' id='par_1_112' title="bbox 2215 5360 3815 5432">
     <span class='ocr_line' id='line_1_112' title="bbox 2215 5360 3815 5432; baseline -0.005 -14"><span class='ocrx_word' id='word_1_775' title='bbox 2215 5360 2457 5432; x_wconf 74' lang='lat' dir='ltr'><strong>singulos</strong></span> <span class='ocrx_word' id='word_1_776' title='bbox 2480 5376 2656 5417; x_wconf 89' lang='lat' dir='ltr'><strong>annos</strong></span> <span class='ocrx_word' id='word_1_777' title='bbox 2674 5371 2760 5417; x_wconf 88' lang='lat' dir='ltr'><strong>est</strong></span> <span class='ocrx_word' id='word_1_778' title='bbox 2786 5362 3015 5431; x_wconf 81' lang='lat' dir='ltr'><strong>agenda,</strong></span> <span class='ocrx_word' id='word_1_779' title='bbox 3050 5369 3107 5417; x_wconf 88' lang='lat' dir='ltr'><strong>et</strong></span> <span class='ocrx_word' id='word_1_780' title='bbox 3130 5361 3199 5415; x_wconf 89' lang='lat' dir='ltr'><strong>de</strong></span> <span class='ocrx_word' id='word_1_781' title='bbox 3227 5375 3377 5415; x_wconf 84' lang='lat' dir='ltr'><strong>anno</strong></span> <span class='ocrx_word' id='word_1_782' title='bbox 3406 5360 3466 5415; x_wconf 91' lang='lat' dir='ltr'><strong>in</strong></span> <span class='ocrx_word' id='word_1_783' title='bbox 3501 5375 3709 5415; x_wconf 77' lang='lat' dir='ltr'><strong>annum</strong></span> <span class='ocrx_word' id='word_1_784' title='bbox 3738 5370 3815 5409; x_wconf 78' lang='lat' dir='ltr'><strong>re-</strong></span> 
     </span>
    </p>
   </div>
   <div class='ocr_carea' id='block_1_113' title="bbox 2215 5447 3814 5517">
    <p class='ocr_par' dir='ltr' id='par_1_113' title="bbox 2215 5447 3814 5517">
     <span class='ocr_line' id='line_1_113' title="bbox 2215 5447 3814 5517; baseline -0.004 -13"><span class='ocrx_word' id='word_1_785' title='bbox 2215 5450 2484 5514; x_wconf 80' lang='lat' dir='ltr'><strong>novanda,</strong></span> <span class='ocrx_word' id='word_1_786' title='bbox 2522 5458 2577 5503; x_wconf 91' lang='lat' dir='ltr'><strong>et</strong></span> <span class='ocrx_word' id='word_1_787' title='bbox 2610 5448 2857 5504; x_wconf 82' lang='lat' dir='ltr'><strong>fidelibus</strong></span> <span class='ocrx_word' id='word_1_788' title='bbox 2897 5447 3173 5512; x_wconf 84' lang='lat' dir='ltr'><strong>tradenda,</strong></span> <span class='ocrx_word' id='word_1_789' title='bbox 3213 5447 3345 5517; x_wconf 82' lang='lat' dir='ltr'><strong>quia</strong></span> <span class='ocrx_word' id='word_1_790' title='bbox 3388 5462 3598 5503; x_wconf 84' lang='lat' dir='ltr'><strong>novum</strong></span> <span class='ocrx_word' id='word_1_791' title='bbox 3640 5457 3814 5500; x_wconf 77' lang='lat' dir='ltr'><strong>sacra-</strong></span> 
     </span>
    </p>
   </div>
  </div>
