3948 5726
130 374 273 461 uos

942 380 1216 441 PSEUDO
1255 378 1670 439 LUITPRANDI
1712 380 1842 436 LIB.
1883 382 1969 439 DE
2005 383 2186 442 VITIS
2227 384 2393 443 ROM.
2435 385 2634 461 PONT.

3279 386 3410 453 H70

130 487 213 558 (3.
240 500 297 557 q.
324 484 384 559 ὃ,
418 507 467 551 c.
499 490 829 567 Suspecws),
854 482 917 550 et
948 496 1218 566 apostolos
1268 508 1562 564 eorumque
1608 508 1725 550 suc-
1756 500 1805 557 Α
1832 494 2040 550 laverit.
2068 496 2220 552 Tunc
2241 514 2368 555 vero
2390 499 2442 553 id
2468 498 2814 556 statuendum
2840 513 2980 573 esse,
3003 499 3146 571 quod
3166 496 3414 569 ejusdem

128 594 387 645 cessares
433 588 691 645 statuisse
730 588 967 655 inducit,
991 586 1369 644 universaliter
1405 588 1470 641 ad
1513 601 1730 641 accusa-

133 671 368 744 tionem,
411 677 462 733 id
493 686 599 745 est,
630 678 698 734 ad
734 676 936 732 nullius
960 676 1253 734 Christiani
1301 676 1532 732 hominis
1560 676 1732 732 cccle-

136 769 417 825 siasticam
454 770 882 838 accusationem,
912 770 1251 840 recipiendos
1276 783 1396 824 esse
1425 778 1727 839 suspectos,

137 868 235 915 aut
258 859 532 932 quoslibet
568 859 856 929 inimicos;
897 859 982 916 vel
1017 859 1107 931 qui
1142 875 1248 916 non
1280 859 1387 915 sint
1417 858 1571 915 bona:
1596 872 1727 915 con-

137 948 489 1015 versationis,
520 948 606 1005 vel
632 964 863 1021 quorum
893 950 1006 1005 vita
1028 958 1109 1005 est
1132 947 1474 1013 accusabilis,
1518 947 1602 1004 vel
1634 946 1728 1018 qui

137 1040 196 1096 in
243 1052 397 1098 rccta
427 1041 533 1100 fide
573 1050 700 1099 sunt
736 1043 903 1110 dubii,
948 1052 1041 1099 aut
1084 1057 1314 1113 quorum
1344 1042 1497 1107 fides,
1526 1041 1640 1097 vita
1676 1051 1732 1097 et

138 1130 370 1189 libertas
419 1133 680 1198 noscitur,
713 1133 826 1211 ,γει
881 1134 974 1204 qui
1021 1132 1257 1189 infamiae
1315 1132 1543 1188 maculis
1605 1139 1731 1189 sunt

138 1223 373 1292 aspersi,
401 1230 495 1277 aut
523 1221 823 1280 sceleribus
862 1223 1081 1279 irretiti.
1116 1224 1196 1278 Ad
1225 1224 1569 1279 sacerdotum
1600 1237 1731 1280 vero

139 1316 548 1387 accusationem
596 1314 774 1372 nullos
823 1317 1027 1373 debere
1078 1316 1160 1372 vel
1203 1330 1361 1393 posse
1389 1314 1555 1386 recipi
1602 1314 1733 1371 dicit

138 1403 220 1473 (2,
258 1422 315 1477 q.
350 1406 407 1472 7,
439 1422 490 1461 c.
520 1403 716 1480 Sicut),
748 1407 841 1478 qui
868 1406 1180 1481 sacerdotes
1201 1407 1318 1485 Iieri
1348 1422 1454 1463 non
1483 1413 1730 1483 possunt,

140 1486 238 1552 aut
282 1497 374 1568 qui
421 1514 528 1553 non
562 1508 689 1556 sunt
713 1500 818 1572 sui,
867 1500 922 1556 id
967 1508 1073 1567 est,
1107 1500 1451 1571 sacerdotum
1482 1497 1731 1553 ordinis:

138 1589 603 1665 quoniam,lsicut
637 1590 945 1647 sacerdotes
990 1591 1071 1648 vel
1114 1589 1311 1662 reliqui
1352 1590 1532 1648 clerici
1566 1605 1596 1645 a
1637 1605 1737 1647 saa-

138 1679 415 1745 cularium
479 1680 741 1741 laicorum
793 1682 1140 1738 accusatione
1203 1682 1603 1746 excluduntur;
1660 1681 1735 1737 ita

141 1769 220 1841 illi
250 1770 321 1839 ab
358 1771 584 1826 istorum
618 1782 743 1827 sunt
772 1772 1091 1828 excludendi
1137 1781 1191 1828 et
1238 1772 1505 1829 alienandi
1551 1772 1738 1828 crimi-

1834 584 1977 641 sedis
2008 587 2249 655 pontifex
2289 590 2556 646 statuerit.

2249 677 2409 735 xxn.
2435 712 2503 722 —
2527 666 2583 736 s.
2613 680 3020 739 CORNELIUS.

2340 772 2515 843 (Anno
2543 771 2738 826 Christi
2764 772 2892 828 254.

1900 862 2183 919 Cornelius
2205 904 2220 929 ,
2259 863 2476 919 natione
2507 864 2780 919 Romanus
2810 903 2827 929 ,
2874 878 2941 919 ex
2973 872 3126 935 patre
3171 862 3415 927 Castino,

1830 951 1969 1008 sedit
1995 968 2167 1008 annos
2195 951 2351 1018 duos,
2380 966 2593 1007 menses
2622 951 2777 1017 duos,
2807 952 2922 1008 dies
2960 961 3089 1009 tres.
3145 951 3244 1007 llic
3273 951 3416 1017 ideo.

1829 1044 1954 1114 quia
1977 1044 2256 1116 epistolam
2285 1060 2316 1099 a
2343 1043 2403 1099 Β.
2435 1044 2701 1116 Cypriano
2723 1040 3136 1115 Carthaginiensi
3166 1043 3418 1114 episcopo

1829 1145 2153 1207 acceperat,
2189 1137 2343 1209 jussu
2376 1137 2521 1192 Decii
2551 1137 2729 1206 capite
2757 1135 3113 1193 detruncatur
3151 1151 3212 1191 tu
3238 1133 3420 1191 Nonas

1832 1226 2029 1283 Martii.
2062 1227 2161 1284 llic
2189 1228 2461 1284 ordinavit
2498 1228 2783 1299 episcopos
2821 1235 3046 1299 septem,
3078 1214 3421 1301 presbyteros

1831 1328 2081 1391 quatuor,
2126 1319 2381 1376 diaconos
2424 1327 2674 1389 quatuor.
2726 1316 2826 1373 llic
2863 1324 3082 1389 rogatus
3116 1331 3147 1371 a
3178 1315 3416 1393 quadam

1835 1421 2105 1478 matrona,
2130 1410 2334 1467 Lucina
2364 1412 2603 1475 nomine,
2628 1424 2854 1480 corpora
2877 1408 3243 1481 apostolorum
3270 1405 3420 1489 Petri

1834 1509 1889 1559 et
1918 1500 2068 1557 Pauli
2096 1502 2161 1557 de
2186 1500 2521 1558 catacumbis
2552 1509 2713 1556 noctu
2750 1498 2980 1567 levavit;
3013 1506 3069 1554 et
3097 1498 3273 1569 primo
3303 1497 3423 1568 qui-

1836 1592 1957 1647 dem
1985 1606 2181 1662 corpus
2228 1590 2288 1646 B.
2317 1589 2468 1646 Pauli
2519 1588 2732 1653 silentio
2779 1587 3012 1643 levatum
3040 1595 3144 1651 est,
3177 1601 3242 1640 ac
3272 1585 3421 1662 posif

1839 1692 1949 1740 tum
2004 1682 2057 1737 in
2106 1682 2306 1756 praedio
2335 1682 2602 1753 praedictae
2634 1688 2917 1745 matrona},
2948 1679 3032 1734 via
3063 1677 3322 1741 Ostiensi,
3352 1677 3422 1733 ad

1838 1774 1978 1832 latus
2007 1775 2101 1841 ubi
2127 1775 2422 1843 decollatus
2450 1785 2551 1830 est.
2589 1773 2781 1841 Postea
2808 1789 2937 1829 vero
2964 1787 3159 1844 corpus
3186 1771 3246 1826 Β.
3276 1769 3422 1826 Petri

139 1862 386 1916 natione.
420 1861 485 1916 Et
525 1861 569 1917 si
623 1864 675 1917 in
706 1863 869 1917 rebus
896 1862 1248 1919 saecularibus
1283 1879 1439 1918 suum
1472 1861 1734 1934 cujusque
1762 1868 1808 1928 Β
1836 1866 2067 1937 accepit,
2100 1875 2157 1925 et
2186 1865 2552 1935 condecenter
2578 1865 2760 1936 posuit
2784 1863 2913 1923 illud
2943 1862 3098 1935 juxta
3127 1863 3301 1923 locum
3332 1861 3423 1916 ubi

133 1951 232 2022 jus
260 1963 317 2009 et
354 1954 604 2025 proprius
628 1955 765 2010 ordo
798 1965 1066 2022 servatur,
1090 1956 1260 2012 multo
1286 1956 1458 2027 magis
1483 1956 1536 2012 in
1559 1954 1736 2012 eccle-

132 2044 383 2099 siasticis
408 2045 949 2117 dispositioaibusjus
977 2054 1032 2102 et
1060 2047 1192 2103 ordo
1218 2047 1513 2103 servandus
1539 2055 1651 2114 est;
1680 2056 1739 2103 et

138 2140 296 2196 nulla
332 2142 490 2197 debet
514 2141 694 2198 induci
733 2141 1000 2199 confusio.

212 2231 350 2287 Item
380 2233 432 2287 in
458 2232 662 2288 eisdem
693 2235 971 2305 prmcepit,
1000 2249 1066 2289 ne
1092 2233 1231 2290 ullus
1259 2251 1496 2306 unquam
1525 2251 1728 2306 prtcsu-

137 2329 265 2377 mat
292 2331 580 2379 accusator
611 2323 769 2378 simul
794 2339 935 2390 esse,
970 2323 1209 2397 etjudex
1251 2324 1351 2395 vel,
1373 2326 1524 2380 testis
1558 2343 1571 2379 :
1604 2340 1736 2395 quo-

136 2412 294 2467 niam
346 2413 401 2467 in
454 2413 603 2468 omni
641 2412 866 2482 judicio,
917 2414 1145 2470 subaudi
1197 2414 1464 2486 synodali,
1505 2423 1737 2485 quatuor

136 2518 412 2574 personas
454 2519 678 2573 necesse
722 2512 805 2560 est
844 2520 1059 2583 semper
1082 2505 1291 2569 adesse,
1333 2505 1385 2559 id
1422 2516 1505 2560 eSt
1534 2503 1737 2560 electos

134 2593 371 2666 iudices,
398 2603 768 2661 accusatores,
791 2580 1105 2653 defensores
1134 2606 1185 2653 et
1215 2606 1398 2653 testes.

214 2683 349 2741 Item
375 2685 583 2761 statuit,
616 2701 683 2742 ne
713 2701 841 2747 oves
864 2702 1018 2742 suum
1042 2695 1313 2757 pastorem
1343 2686 1737 2758 reprehendere

136 2773 385 2831 audeant
412 2815 429 2839 ,
476 2776 581 2831 nisi
612 2776 728 2846 ipse
766 2776 817 2831 in
850 2776 953 2831 fide
981 2777 1267 2832 erraverit.
1307 2777 1363 2831 Si
1392 2792 1519 2832 vero
1549 2777 1601 2831 in
1633 2776 1737 2833 fide

135 2865 435 2936 erraverit,
467 2865 573 2921 erit
605 2867 956 2939 corrigendus
986 2866 1136 2938 prius
1173 2876 1379 2922 secrete
1408 2883 1437 2921 a
1472 2866 1733 2922 subditis:

136 2958 192 3015 si
220 2966 403 3013 autem
430 2958 810 3031 incorrigibilis
832 2959 1159 3031 apparuerit,
1190 2969 1315 3015 tunc
1338 2960 1441 3014 erit
1467 2975 1729 3016 accusan-

141 3051 253 3106 dus
279 3049 421 3121 apud
450 3051 712 3122 primates
740 3066 868 3107 suos
897 3060 991 3106 aut
1039 3051 1105 3106 ad
1138 3053 1319 3107 sedem
1361 3050 1734 3122 apostolicam.

139 3139 256 3198 Pro
279 3141 495 3198 caneris
522 3156 649 3198 vero
696 3142 906 3197 actibus
955 3140 1068 3198 suis
1102 3142 1270 3212 magis
1308 3152 1390 3197 est
1430 3141 1739 3198 tolerandus

144 3246 180 3288 a
228 3230 463 3288 subditis
491 3271 507 3297 ,
553 3246 715 3303 quam
764 3231 973 3303 publice
1031 3211 1390 3305 derogandus
1423 3240 1535 3301 aut,
1574 3247 1735 3287 accu-
1766 3211 1815 3287 α,

148 3324 379 3379 sandus.

219 3414 355 3486 Item
383 3415 436 3469 in
463 3414 567 3483 alia
594 3414 850 3472 decretali
876 3414 1101 3497 epistola
1129 3416 1303 3488 (epist.
1335 3416 1412 3497 5)τ
1443 3431 1604 3487 quam
1628 3415 1743 3487 ipse

149 3509 447 3589 praedictus
495 3525 633 3582 papa
686 3508 888 3567 Hilario
932 3494 1186 3582 episcopo
1238 3494 1426 3576 misit,
1492 3511 1631 3567 idem
1676 3511 1743 3568 de

149 3601 499 3656 sacerdotum
547 3611 604 3657 et
655 3601 919 3672 majorum
971 3612 1098 3658 natu
1146 3606 1491 3673 accusatione
1535 3607 1742 3675 statuit,

156 3692 303 3761 quod
331 3700 388 3747 et
416 3692 471 3747 in
504 3691 592 3747 illa
624 3702 909 3761 statuerat,
949 3710 1111 3766 quam
1141 3694 1504 3752 Orientalibus
1537 3697 1751 3773 episco—_

156 3779 243 3850 pis
281 3779 597 3853 destinavit.
645 3782 870 3854 Insuper
908 3784 1193 3856 peregrina
1226 3784 1462 3856 judicia,
1503 3786 1649 3841 salva
1690 3786 1744 3841 in

158 3863 415 3930 omnibus
444 3874 739 3946 apostolica
789 3860 1142 3943 auctoritate,
1178 3879 1415 3951 generali
1467 3880 1746 3949 sanctione

156 3963 467 4034 prohibuit;
495 3974 551 4020 et
580 3964 652 4019 ita
689 3965 1065 4023 ordinabiliter
1093 3969 1146 4023 in
1178 3970 1554 4040 episcoporum
1586 3986 1745 4026 accu-

157 4044 374 4120 satione
419 4058 503 4129 agi
551 4057 828 4125 decrevit,
877 4059 1266 4135 IlLCpISCOINS
1309 4062 1536 4133 quilibet
1584 4078 1747 4134 super

153 4146 324 4202 certis
360 4146 682 4203 criminibus
729 4158 1017 4217 accusatus
1061 4150 1419 4219 provinciaies
1466 4152 1746 4223 episcopos

144 4233 360 4292 electos
402 4235 596 4291 debeat
624 4237 824 4293 habere
846 4236 1076 4307 judices,
1118 4255 1146 4294 a
1184 4240 1381 4310 quibus
1409 4241 1660 4298 omnibus
1691 4242 1743 4298 in

155 4327 272 4397 ipsa
321 4327 603 4398 provincia
642 4329 893 4384 audiatur
928 4347 940 4383 :
974 4330 1100 4400 quia
1145 4346 1249 4385 non
1297 4331 1448 4398 alibi,
1485 4348 1645 4401 quam
1690 4333 1744 4388 in

149 4417 278 4473 foro
310 4432 412 4473 suo
440 4426 653 4489 Oportet
682 4428 990 4475 accusatqu
1023 4419 1219 4487 audiri,
1252 4429 1326 4486 et,
1365 4421 1409 4475 si
1442 4421 1512 4475 ibi
1552 4420 1747 4477 adver-

146 4526 273 4566 sum
319 4511 422 4566 sibi
450 4512 685 4566 senserit
709 4511 1472 4589 judicem,‘metropolitanum
1498 4513 1747 4570 videlicet

145 4611 247 4657 aut
281 4602 573 4685 primatem
599 4642 614 4667 ,
662 4602 890 4659 licenter
931 4586 1133 4691 absque
1188 4603 1293 4659 ulla
1340 4602 1652 4670 afﬂictione,
1690 4612 1743 4659 et
1773 4586 1822 4646 1)

145 4680 435 4763 iniuriosae
461 4693 789 4748 detentionis
818 4680 1269 4751 custOdia'vocem
1299 4694 1674 4766 appellationis
1693 4703 1744 4750 et

145 4783 493 4852 defensionis
522 4784 739 4856 habeat.
785 4785 1137 4851 ltemstatuit
1175 4787 1250 4858 (3,
1282 4802 1335 4857 q.
1375 4787 1429 4851 6,
1460 4802 1511 4843 c.
1545 4786 1748 4859 Siquis

142 4876 453 4947 episcopus)
515 4885 574 4930 ut
612 4875 856 4945 quilibet,
891 4876 993 4931 nisi
1026 4885 1152 4931 ante
1181 4892 1335 4949 suum
1363 4875 1600 4946 judicem
1633 4876 1751 4948 pul-

143 4979 347 5028 satus.
388 4969 432 5023 si
484 4967 751 5031 voluerit,
793 4978 1000 5034 taceat;
1050 4978 1104 5025 et
1145 4969 1493 5041 ut'pulsalis,
1535 4970 1750 5043 quoties

146 5052 587 5133 appellaverint,
653 5059 884 5116 induciae
947 5060 1161 5128 dentur.
1236 5063 1317 5117 Ad
1382 5062 1497 5116 hare
1564 5062 1753 5119 statuit

144 5156 302 5224 (I,q.
338 5150 390 5217 6,
406 5165 451 5207 c.
476 5150 531 5207 Si
555 5152 674 5224 quis
690 5149 952 5220 judicem)
1002 5150 1204 5207 crimen
1233 5152 1511 5222 quodlibet
1536 5154 1754 5211 cuilibet

142 5231 361 5304 tcirtere
389 5260 451 5300 ex
484 5246 560 5301 ira
590 5241 870 5310 objectnm
925 5258 1029 5297 non
1081 5259 1200 5299 esse
1247 5261 1343 5315 pro
1388 5247 1739 5303 accusatione

138 5337 488 5403 habendum;
540 5345 596 5392 et
650 5342 712 5386 ut
755 5330 832 5401 (5,
861 5347 914 5401 q.
948 5329 1002 5396 6,
1035 5347 1082 5387 c.
1119 5332 1387 5405 l’ttlsattts)
1433 5336 1743 5405 quicunque

140 5432 547 5501 accusationem
604 5440 711 5499 per
760 5424 1082 5493 scripturam
1126 5440 1181 5479 se
1228 5428 1584 5496 probaturum
1623 5441 1741 5482 esse

128 5521 401 5589 lateamr,
429 5533 481 5579 et
511 5521 555 5578 si
588 5531 706 5575 non
734 5514 1044 5586 probaverit
1071 5516 1208 5585 quod
1252 5517 1476 5587 objecit,
1508 5533 1745 5590 pennam,

134 5627 309 5656 amns
341 5612 535 5661 εστι-ιιεο.
571 5600 826 5658 natium"
895 5603 1147 5673 Probatio
1180 5616 1358 5663 autem
1388 5616 1442 5663 et
1472 5624 1635 5664 causa
1668 5605 1739 5663 ibi

1295 5699 1347 5720 ιη
1404 5713 1430 5718 .-
1484 5699 1517 5720 n
1565 5716 1589 5726 η
1642 5696 1744 5726 nn:

1836 1957 2128 2014 cruciﬁxus
2149 1966 2254 2025 est,
2286 1958 2426 2013 inter
2447 1973 2674 2029 corpora
2704 1964 3020 2013 sanctorum
3047 1955 3423 2027 episcoporqu

1839 2046 2121 2119 indtemplo
2157 2047 2424 2123 Apollinis
2460 2049 2511 2102 in
2545 2057 2728 2104 monte
2756 2062 2925 2111 aureo
2952 2046 3006 2105 in
3036 2046 3300 2102 Vaticano
3324 2060 3423 2116 pa-

1838 2138 1952 2193 latii
1996 2138 2287 2195 Neroniani
2341 2156 2398 2195 Ill
2447 2139 2671 2195 Kalend.
2734 2139 2882 2203 Julii.
2944 2138 3092 2195 ldcm
3138 2138 3427 2209 praedictus

1838 2246 1974 2302 papa
2019 2241 2075 2286 et
2126 2240 2353 2302 martyr,
2400 2232 2453 2287 in
2493 2231 2717 2302 cpistola
2753 2246 2915 2303 quam
2948 2228 3087 2285 Rufo
3110 2229 3428 2300 coepiscopo

1839 2320 2119 2377 consultus
2165 2321 2312 2377 misit
2360 2322 2532 2394 (epist.
2556 2323 2637 2394 2),
2663 2323 2817 2394 juxta
2850 2331 3174 2394 praeceptum
3215 2320 3427 2383 Domini

1840 2414 1893 2470 in
1925 2413 2235 2488 Evangelia,
2282 2423 2337 2469 et
2375 2413 2561 2470 Jacobi
2610 2415 2835 2487 apostoli
2866 2416 2917 2470 in
2948 2430 3046 2472 sua
3090 2414 3336 2485 epistola,
3371 2421 3428 2473 et

1838 2508 2080 2562 ninnium
2113 2505 2502 2577 apostolorum,
2534 2516 2588 2561 et
2613 2521 2829 2563 suorum
2858 2515 3258 2562 antecessorum
3287 2520 3427 2575 prae-

1839 2604 1991 2667 cepta
2031 2608 2262 2665 sequens
2289 2635 2303 2658 ,
2343 2602 2397 2648 et
2419 2592 2541 2663 jura
2571 2595 2928 2660 confirmans;
2980 2594 3195 2668 incauta
3240 2586 3425 2652 sacra-

1840 2697 2021 2744 menta
2052 2702 2080 2742 a
2112 2685 2484 2742 sacerdotibus
2531 2685 2647 2741 tieri
2678 2686 2891 2757 penitus
2918 2695 3098 2754 vetat,
3147 2686 3272 2756 quia
3301 2694 3429 2753 ante

1838 2795 1996 2836 suum
2029 2788 2244 2848 tempus
2282 2792 2312 2833 a
2356 2778 2583 2833 summis
2631 2776 3003 2833 sacerdotibus
3034 2776 3115 2832 vel
3146 2792 3176 2831 a
3208 2776 3429 2847 reliquis

1841 2881 2183 2929 sacramenta
2213 2887 2319 2928 non
2349 2886 2467 2927 esse
2497 2878 2688 2926 exacta
2733 2869 2818 2927 vel
2850 2858 3128 2936 exhibita,
3177 2869 3278 2924 nisi
3329 2884 3429 2937 pro

1841 2967 1946 3023 fide
1998 2972 2143 3022 recta
2176 2973 2422 3021 testatur.
2472 2963 2601 3019 Item
2633 2963 2686 3018 in
2716 2962 2904 3018 eadem
2958 2962 3038 3034 (2,
3067 2977 3121 3032 q.
3151 2961 3208 3028 4,
3233 2977 3283 3017 c.
3312 2960 3427 3024 Nos

1840 3069 2177 3123 sanctorum;
2219 3066 2275 3112 et
2320 3073 2369 3112 e.
2406 3054 2519 3112 Nos
2549 3054 3002 3126 sacramentum),
3052 3057 3195 3110 sicut
3238 3064 3293 3108 et
3337 3052 3427 3117 alii

1842 3158 2217 3212 antecessores
2244 3148 2326 3204 sui
2375 3146 2614 3202 fecerant
2642 3186 2657 3211 ,
2706 3144 3098 3215 providendum
3125 3158 3247 3200 esse
3274 3141 3429 3207 affiry

1846 3251 1973 3304 mat,
2013 3254 2086 3295 ne
2106 3254 2235 3295 oves
2263 3253 2419 3293 suum
2445 3230 2740 3307 pastorem,
2767 3235 2866 3291 nisi
2898 3249 2928 3289 a
2960 3233 3066 3291 fide
3090 3234 3432 3317 exorbitaver

1847 3332 1954 3399 rit,
1998 3330 2396 3402 reprehendere
2439 3337 2535 3393 aut
2581 3340 2839 3383 accusare
2884 3332 3250 3396 praesumant;
3303 3323 3429 3393 quia

1845 3422 1979 3477 tales
2008 3420 2380 3485 accusationes
2411 3418 2517 3473 vim
2567 3433 2674 3473 non
2724 3416 2947 3481 habent,
2979 3429 3154 3484 neque
3197 3412 3431 3485 pastori-

1846 3513 1945 3569 bus
1966 3525 2161 3568 nocere
2186 3518 2428 3580 possunt.
2460 3507 2601 3565 Item-
2618 3505 2888 3578 prohibet,
2916 3520 2985 3560 ne
3013 3502 3418 3568 ullussacerdo-

1847 3612 1960 3661 tum
2009 3616 2224 3657 causam
2277 3616 2429 3656 suam
2470 3598 2650 3655 alieno
2698 3597 3015 3653 committat,
3045 3596 3282 3667 judicio;
3332 3596 3430 3679 sed

1846 3707 2060 3763 seraper
2092 3692 2292 3751 habeat
2319 3690 2836 3763 comprovinciales,
2886 3698 2943 3745 et
2989 3697 3144 3745 notos
3190 3686 3427 3758 jndiccs.

1847 3784 1953 3841 nisi
1984 3784 2097 3840 illic
2126 3784 2233 3838 vim
2282 3783 2585 3839 temerariae
2632 3778 2992 3836 multitudinis
3041 3777 3313 3842 timuerit,
3336 3786 3434 3831 aut

1848 3878 2074 3934 infestos
2100 3876 2184 3934 vel
2206 3884 2489 3948 srspcclos
2507 3872 2725 3944 judices
2749 3870 3022 3929 habuerit.
3052 3868 3160 3924 Pro
3178 3870 3262 3925 his
3288 3867 3434 3923 enim

1846 3969 2028 4025 causis
2056 3967 2123 4023 ad
2157 3964 2377 4036 majoris
2393 3966 2735 4031 auctoritatis
2755 3962 2985 4034 iudices,
3003 3960 3136 4017 etad
3153 3959 3287 4015 alias
3313 3973 3438 4029 pro-

1849 4061 2054 4118 vincias
2096 4058 2366 4131 appellare
2394 4066 2449 4113 ct
2479 4057 2665 4113 venire
2693 4069 3010 4111 concessum
3056 4061 3159 4109 est.
3205 4051 3335 4107 Item
3379 4049 3433 4104 in

1847 4150 2037 4206 eadem
2081 4147 2313 4203 afﬁrmat
2360 4146 2456 4219 ('5,
2485 4162 2538 4217 q.
2574 4144 2626 4207 6,
2670 4159 2720 4199 c.
2761 4140 2995 4213 Omnia)
3041 4140 3265 4196 omnino
3312 4151 3434 4191 esse

1848 4257 2018 4298 vacua
2041 4240 2222 4298 omnia
2271 4239 2381 4304 illa,
2410 4253 2533 4311 qua:
2562 4237 2616 4291 in
2641 4235 2790 4291 omni
2821 4233 3037 4306 negotio
3061 4240 3154 4287 aut
3184 4231 3304 4288 loco
3334 4229 3432 4285 ad-

1849 4349 2037 4391 versus
2082 4330 2331 4388 absentes
2384 4336 2617 4399 aguntur
2660 4334 2753 4381 aut
2797 4323 3126 4394 iudicantur,
3176 4318 3431 4399 quoniam

1850 4425 2127 4481 absentem
2178 4420 2356 4476 nullus
2402 4417 2603 4474 abdieit
2646 4414 2974 4489 [addicit],
3026 4427 3126 4469 nec
3178 4411 3285 4466 ulla
3346 4408 3465 4467 lex.

1850 4512 2087 4567 damnat.

2291 4602 2475 4659 XXIII.
2502 4633 2571 4643 ——
2608 4601 2667 4656 S.
2709 4598 2961 4657 LUCIUS

2347 4692 2521 4763 (Anno
2552 4688 2747 4745 Christi
2785 4687 2940 4759 255.)
2964 4750 2971 4762 ⁸

1920 4784 2398 4852 Lueius,natione
2445 4783 2744 4846 Romanus,
2795 4795 2861 4836 ex
2913 4788 3070 4855 patre
3119 4774 3435 4847 Porphyrio,

1852 4880 1992 4936 sedit
2018 4894 2192 4934 annos
2226 4878 2356 4941 tres',
2391 4890 2604 4933 menses
2631 4883 2763 4938 tres,
2795 4869 2913 4928 dies
2934 4880 3048 4930 tres
3080 4889 3094 4925 :
3130 4866 3231 4922 fuit
3257 4874 3441 4922 autem

1854 4970 2188 5043 temporibus
2212 4966 2348 5025 Galli
2374 4980 2435 5023 et
2468 4964 2763 5030 Volusiani,
2795 4979 2969 5033 usque
2998 4964 3066 5020 ad
3099 4957 3443 5017 Valerianum

1858 5065 2099 5127 tertium,
2129 5072 2184 5118 et
2209 5058 2575 5137 Gallicanum.
2607 5054 2706 5109 llic
2730 5055 2964 5124 primum
2995 5056 3098 5111 fuit
3128 5050 3184 5104 in
3232 5047 3448 5112 exsilio,

1856 5166 2045 5224 postea
2073 5153 2141 5208 ad
2168 5148 2482 5227 ecclesiam
2499 5145 2783 5211 incolumis
2808 5160 3059 5202 reversus
3084 5149 3210 5205 est:
3234 5139 3450 5193 demum

1857 5260 1887 5299 a
1919 5243 2209 5302 Valeriano
2237 5239 2442 5317 capitg
2490 5244 2760 5300 truncatur
2816 5254 2832 5291 ι
2884 5236 3067 5307 Nonas
3120 5230 3314 5293 Martii,
3358 5228 3458 5283 llic

1856 5335 2132 5391 ordinavit
2183 5330 2504 5409 cpiscorsos
2550 5334 2767 5396 septem,
2812 5328 3157 5401 presbyteros
3201 5326 3452 5409 quatuor,

1858 5424 2121 5484 diaconos
2145 5405 2421 5496 quatuor,
2446 5406 2563 5487 πίε
2591 5428 2801 5487 propter
2827 5417 3117 5474 malevolos
3141 5419 3197 5475 et
3218 5405 3463 5496 sacerdo-

1857 5522 1974 5571 tum
1997 5493 2434 5589 persecutiones
2474 5504 2768 5577 constituit,
2818 5516 2875 5560 ut
2916 5509 3024 5564 duo
3066 5493 3367 5589 presbyteri
3415 5502 3471 5547 et

1855 5615 1972 5664 tres
1997 5586 2209 5664 diaconi
2240 5600 2601 5687 episcopjnu
2634 5597 2868 5665 inomni
2897 5596 3017 5654 loco
3054 5586 3469 5687 non‘deserant,

3154 5676 3282 5718 fni-ie
3328 5682 3450 5710 cun‘

1969 5700 2118 5726 ἔην...
2159 5693 2433 5726 ΑηΑειηι.-
2473 5686 2511 5726 ξι
2579 5690 2737 5726 miram
2770 5688 2836 5726 ἰιι
2879 5689 2963 5726 his:
3012 5686 3099 5726 nni
