  <div class='ocr_page' id='page_1' title='image "/cluster/home/n/w/nwhite01/storage/ocr_20150623/129/hvd.32044015471709/591.png"; bbox 0 0 3992 6306; ppageno 0'>
   <div class='ocr_carea' id='block_1_1' title="bbox 11 4599 19 5126">
    <p class='ocr_par' dir='ltr' id='par_1_1' title="bbox 14 5003 18 5126">
     <span class='ocr_line' id='line_1_1' title="bbox 14 5003 18 5126; baseline 0 0"><span class='ocrx_word' id='word_1_1' title='bbox 14 5003 18 5126; x_wconf 63' lang='grc' dir='ltr'><strong>ι</strong></span> 
     </span>
    </p>
   </div>
   <div class='ocr_carea' id='block_1_2' title="bbox 523 398 656 460">
    <p class='ocr_par' dir='ltr' id='par_1_2' title="bbox 523 398 656 460">
     <span class='ocr_line' id='line_1_2' title="bbox 523 398 656 460; baseline 0 0"><span class='ocrx_word' id='word_1_2' title='bbox 523 398 656 460; x_wconf 67' lang='grc' dir='ltr'><strong>ιιιι</strong></span> 
     </span>
    </p>
   </div>
   <div class='ocr_carea' id='block_1_3' title="bbox 1273 361 2126 466">
    <p class='ocr_par' dir='ltr' id='par_1_3' title="bbox 1273 380 2126 462">
     <span class='ocr_line' id='line_1_3' title="bbox 1273 380 2126 462; baseline -0.004 0"><span class='ocrx_word' id='word_1_3' title='bbox 1273 385 1563 462; x_wconf 66' lang='lat' dir='ltr'><strong>sereno.</strong></span> <span class='ocrx_word' id='word_1_4' title='bbox 1602 380 1698 459; x_wconf 65' lang='grc' dir='ltr'><strong>λυ</strong></span> <span class='ocrx_word' id='word_1_5' title='bbox 1739 403 1913 459; x_wconf 63' lang='grc' dir='ltr'><strong>διες.</strong></span> <span class='ocrx_word' id='word_1_6' title='bbox 1953 403 2044 459; x_wconf 81' lang='lat' dir='ltr'><strong>Ix.</strong></span> <span class='ocrx_word' id='word_1_7' title='bbox 2085 435 2126 446; x_wconf 77' lang='grc'><strong>.-</strong></span> 
     </span>
    </p>
   </div>
   <div class='ocr_carea' id='block_1_4' title="bbox 2229 361 3089 466">
    <p class='ocr_par' dir='ltr' id='par_1_4' title="bbox 2229 361 3089 466">
     <span class='ocr_line' id='line_1_4' title="bbox 2229 361 3089 466; baseline 0.007 -7"><span class='ocrx_word' id='word_1_8' title='bbox 2229 403 2563 464; x_wconf 72' lang='grc' dir='ltr'><strong>.υοτοιιεε</strong></span> <span class='ocrx_word' id='word_1_9' title='bbox 2599 364 2764 461; x_wconf 64' lang='lat' dir='ltr'><strong>anxi</strong></span> <span class='ocrx_word' id='word_1_10' title='bbox 2801 361 3089 466; x_wconf 72' lang='lat' dir='ltr'><strong>mesen.</strong></span> 
     </span>
    </p>
   </div>
   <div class='ocr_carea' id='block_1_5' title="bbox 3669 413 3798 471">
    <p class='ocr_par' dir='ltr' id='par_1_5' title="bbox 3669 413 3798 471">
     <span class='ocr_line' id='line_1_5' title="bbox 3669 413 3798 471; baseline 0 -1"><span class='ocrx_word' id='word_1_11' title='bbox 3669 413 3798 471; x_wconf 70' lang='grc' dir='ltr'><strong>ιιιι</strong></span> 
     </span>
    </p>
   </div>
   <div class='ocr_carea' id='block_1_6' title="bbox 520 518 3802 604">
    <p class='ocr_par' dir='ltr' id='par_1_6' title="bbox 520 518 3802 604">
     <span class='ocr_line' id='line_1_6' title="bbox 520 518 3802 604; baseline 0.002 -29"><span class='ocrx_word' id='word_1_12' title='bbox 520 522 574 604; x_wconf 80' lang='lat'><strong>(1</strong></span> <span class='ocrx_word' id='word_1_13' title='bbox 595 519 732 575; x_wconf 83' lang='lat' dir='ltr'><strong>&#39;l&#39;im.</strong></span> <span class='ocrx_word' id='word_1_14' title='bbox 760 520 878 593; x_wconf 80' lang='lat' dir='ltr'><strong>in);</strong></span> <span class='ocrx_word' id='word_1_15' title='bbox 909 519 1053 590; x_wconf 89' lang='lat' dir='ltr'><strong>quod</strong></span> <span class='ocrx_word' id='word_1_16' title='bbox 1083 519 1137 575; x_wconf 91' lang='lat' dir='ltr'><strong>in</strong></span> <span class='ocrx_word' id='word_1_17' title='bbox 1164 519 1395 588; x_wconf 91' lang='lat' dir='ltr'><strong>epistola</strong></span> <span class='ocrx_word' id='word_1_18' title='bbox 1427 531 1590 590; x_wconf 86' lang='lat' dir='ltr'><strong>quam</strong></span> <span class='ocrx_word' id='word_1_19' title='bbox 1619 521 1870 578; x_wconf 87' lang='lat' dir='ltr'><strong>omnibus</strong></span> <span class='ocrx_word' id='word_1_20' title='bbox 1917 520 2102 576; x_wconf 76' lang='lat' dir='ltr'><strong>Gallia:</strong></span> <span class='ocrx_word' id='word_1_21' title='bbox 2132 521 2179 581; x_wconf 80' lang='grc' dir='ltr'><strong>Λ</strong></span> <span class='ocrx_word' id='word_1_22' title='bbox 2208 518 2348 604; x_wconf 89' lang='lat' dir='ltr'><strong>sedit</strong></span> <span class='ocrx_word' id='word_1_23' title='bbox 2386 534 2559 590; x_wconf 86' lang='lat' dir='ltr'><strong>annos</strong></span> <span class='ocrx_word' id='word_1_24' title='bbox 2579 527 2810 589; x_wconf 89' lang='lat' dir='ltr'><strong>septem,</strong></span> <span class='ocrx_word' id='word_1_25' title='bbox 2828 537 3042 590; x_wconf 77' lang='lat' dir='ltr'><strong>menses</strong></span> <span class='ocrx_word' id='word_1_26' title='bbox 3063 537 3322 593; x_wconf 90' lang='lat' dir='ltr'><strong>qumque,</strong></span> <span class='ocrx_word' id='word_1_27' title='bbox 3351 522 3470 598; x_wconf 82' lang='lat' dir='ltr'><strong>dies</strong></span> <span class='ocrx_word' id='word_1_28' title='bbox 3489 520 3630 578; x_wconf 88' lang='lat' dir='ltr'><strong>duos</strong></span> <span class='ocrx_word' id='word_1_29' title='bbox 3653 539 3672 577; x_wconf 89' lang='lat'><strong>:</strong></span> <span class='ocrx_word' id='word_1_30' title='bbox 3705 524 3802 581; x_wconf 86' lang='lat' dir='ltr'><strong>fuit</strong></span> 
     </span>
    </p>
   </div>
   <div class='ocr_carea' id='block_1_7' title="bbox 519 611 2103 693">
    <p class='ocr_par' dir='ltr' id='par_1_7' title="bbox 519 611 2103 693">
     <span class='ocr_line' id='line_1_7' title="bbox 519 611 2103 693; baseline -0.003 -22"><span class='ocrx_word' id='word_1_31' title='bbox 519 626 577 693; x_wconf 72' lang='lat' dir='ltr'><strong>et</strong></span> <span class='ocrx_word' id='word_1_32' title='bbox 599 612 871 684; x_wconf 75' lang='lat' dir='ltr'><strong>Hispania:</strong></span> <span class='ocrx_word' id='word_1_33' title='bbox 891 611 1161 682; x_wconf 90' lang='lat' dir='ltr'><strong>episcopis</strong></span> <span class='ocrx_word' id='word_1_34' title='bbox 1193 611 1488 688; x_wconf 75' lang='lat' dir='ltr'><strong>destinavit</strong></span> <span class='ocrx_word' id='word_1_35' title='bbox 1540 611 1628 684; x_wconf 76' lang='lat' dir='ltr'><strong>(de</strong></span> <span class='ocrx_word' id='word_1_36' title='bbox 1665 611 1827 690; x_wconf 64' lang='lat' dir='ltr'><strong>Cons.</strong></span> <span class='ocrx_word' id='word_1_37' title='bbox 1857 614 1910 668; x_wconf 93' lang='lat' dir='ltr'><strong>d.</strong></span> <span class='ocrx_word' id='word_1_38' title='bbox 1947 611 2000 673; x_wconf 72' lang='lat'><strong>2,</strong></span> <span class='ocrx_word' id='word_1_39' title='bbox 2052 628 2103 666; x_wconf 91' lang='lat' dir='ltr'><strong>c.</strong></span> 
     </span>
    </p>
   </div>
   <div class='ocr_carea' id='block_1_8' title="bbox 518 697 2109 780">
    <p class='ocr_par' dir='ltr' id='par_1_8' title="bbox 518 697 2109 780">
     <span class='ocr_line' id='line_1_8' title="bbox 518 697 2109 780; baseline -0.003 -19"><span class='ocrx_word' id='word_1_40' title='bbox 518 697 820 775; x_wconf 70' lang='lat' dir='ltr'><strong>Jubemus),</strong></span> <span class='ocrx_word' id='word_1_41' title='bbox 857 704 998 774; x_wconf 88' lang='lat' dir='ltr'><strong>apud</strong></span> <span class='ocrx_word' id='word_1_42' title='bbox 1027 703 1170 773; x_wconf 82' lang='lat' dir='ltr'><strong>ipsos</strong></span> <span class='ocrx_word' id='word_1_43' title='bbox 1197 703 1405 759; x_wconf 89' lang='lat' dir='ltr'><strong>servari</strong></span> <span class='ocrx_word' id='word_1_44' title='bbox 1452 703 1700 780; x_wconf 74' lang='lat' dir='ltr'><strong>hortatus</strong></span> <span class='ocrx_word' id='word_1_45' title='bbox 1741 714 1848 758; x_wconf 82' lang='lat' dir='ltr'><strong>est.</strong></span> <span class='ocrx_word' id='word_1_46' title='bbox 1895 701 2109 774; x_wconf 84' lang='lat' dir='ltr'><strong>Consti-</strong></span> 
     </span>
    </p>
   </div>
   <div class='ocr_carea' id='block_1_9' title="bbox 523 780 2110 869">
    <p class='ocr_par' dir='ltr' id='par_1_9' title="bbox 523 780 2110 869">
     <span class='ocr_line' id='line_1_9' title="bbox 523 780 2110 869; baseline -0.002 -18"><span class='ocrx_word' id='word_1_47' title='bbox 523 798 624 869; x_wconf 81' lang='lat' dir='ltr'><strong>tuit</strong></span> <span class='ocrx_word' id='word_1_48' title='bbox 673 797 725 850; x_wconf 91' lang='lat' dir='ltr'><strong>in</strong></span> <span class='ocrx_word' id='word_1_49' title='bbox 770 795 961 852; x_wconf 88' lang='lat' dir='ltr'><strong>eadem</strong></span> <span class='ocrx_word' id='word_1_50' title='bbox 1000 795 1168 852; x_wconf 90' lang='lat' dir='ltr'><strong>etiam</strong></span> <span class='ocrx_word' id='word_1_51' title='bbox 1212 793 1300 866; x_wconf 77' lang='lat'><strong>(2,</strong></span> <span class='ocrx_word' id='word_1_52' title='bbox 1331 809 1385 865; x_wconf 90' lang='lat' dir='ltr'><strong>q.</strong></span> <span class='ocrx_word' id='word_1_53' title='bbox 1414 796 1466 860; x_wconf 91' lang='lat'><strong>7,</strong></span> <span class='ocrx_word' id='word_1_54' title='bbox 1493 810 1542 850; x_wconf 92' lang='lat' dir='ltr'><strong>c.</strong></span> <span class='ocrx_word' id='word_1_55' title='bbox 1577 780 1980 849; x_wconf 72' lang='lat' dir='ltr'><strong>Crintinaliones</strong></span> <span class='ocrx_word' id='word_1_56' title='bbox 2002 794 2021 865; x_wconf 95' lang='lat'><strong>)</strong></span> <span class='ocrx_word' id='word_1_57' title='bbox 2047 801 2110 848; x_wconf 87' lang='lat' dir='ltr'><strong>ut</strong></span> 
     </span>
    </p>
   </div>
   <div class='ocr_carea' id='block_1_10' title="bbox 524 884 2107 962">
    <p class='ocr_par' dir='ltr' id='par_1_10' title="bbox 524 884 2107 962">
     <span class='ocr_line' id='line_1_10' title="bbox 524 884 2107 962; baseline -0.003 -19"><span class='ocrx_word' id='word_1_58' title='bbox 524 887 933 943; x_wconf 78' lang='lat' dir='ltr'><strong>criminationes</strong></span> <span class='ocrx_word' id='word_1_59' title='bbox 981 885 1248 954; x_wconf 81' lang='lat' dir='ltr'><strong>majorum</strong></span> <span class='ocrx_word' id='word_1_60' title='bbox 1302 895 1432 941; x_wconf 90' lang='lat' dir='ltr'><strong>natu</strong></span> <span class='ocrx_word' id='word_1_61' title='bbox 1488 901 1588 957; x_wconf 92' lang='lat' dir='ltr'><strong>per</strong></span> <span class='ocrx_word' id='word_1_62' title='bbox 1637 885 1772 940; x_wconf 89' lang='lat' dir='ltr'><strong>alios</strong></span> <span class='ocrx_word' id='word_1_63' title='bbox 1819 901 1924 940; x_wconf 92' lang='lat' dir='ltr'><strong>non</strong></span> <span class='ocrx_word' id='word_1_64' title='bbox 1955 884 2107 962; x_wconf 83' lang='lat' dir='ltr'><strong>ﬁant,</strong></span> 
     </span>
    </p>
   </div>
   <div class='ocr_carea' id='block_1_11' title="bbox 525 971 2112 1048">
    <p class='ocr_par' dir='ltr' id='par_1_11' title="bbox 525 971 2112 1048">
     <span class='ocr_line' id='line_1_11' title="bbox 525 971 2112 1048; baseline -0.003 -16"><span class='ocrx_word' id='word_1_65' title='bbox 525 977 630 1033; x_wconf 83' lang='lat' dir='ltr'><strong>nisi</strong></span> <span class='ocrx_word' id='word_1_66' title='bbox 661 991 760 1046; x_wconf 85' lang='lat' dir='ltr'><strong>per</strong></span> <span class='ocrx_word' id='word_1_67' title='bbox 787 991 883 1031; x_wconf 90' lang='lat' dir='ltr'><strong>eos</strong></span> <span class='ocrx_word' id='word_1_68' title='bbox 911 976 1003 1046; x_wconf 91' lang='lat' dir='ltr'><strong>qui</strong></span> <span class='ocrx_word' id='word_1_69' title='bbox 1031 975 1262 1030; x_wconf 90' lang='lat' dir='ltr'><strong>crimina</strong></span> <span class='ocrx_word' id='word_1_70' title='bbox 1295 975 1614 1041; x_wconf 87' lang='lat' dir='ltr'><strong>intendunt;</strong></span> <span class='ocrx_word' id='word_1_71' title='bbox 1655 983 1711 1048; x_wconf 76' lang='lat' dir='ltr'><strong>et</strong></span> <span class='ocrx_word' id='word_1_72' title='bbox 1742 974 1844 1045; x_wconf 85' lang='lat' dir='ltr'><strong>ipsi</strong></span> <span class='ocrx_word' id='word_1_73' title='bbox 1878 971 2112 1040; x_wconf 87' lang='lat' dir='ltr'><strong>tales,ut</strong></span> 
     </span>
    </p>
   </div>
   <div class='ocr_carea' id='block_1_12' title="bbox 525 1052 2111 1144">
    <p class='ocr_par' dir='ltr' id='par_1_12' title="bbox 525 1052 2111 1144">
     <span class='ocr_line' id='line_1_12' title="bbox 525 1052 2111 1144; baseline 0 -21"><span class='ocrx_word' id='word_1_74' title='bbox 525 1068 670 1139; x_wconf 80' lang='lat' dir='ltr'><strong>digni</strong></span> <span class='ocrx_word' id='word_1_75' title='bbox 703 1067 814 1122; x_wconf 89' lang='lat' dir='ltr'><strong>sint</strong></span> <span class='ocrx_word' id='word_1_76' title='bbox 849 1076 906 1132; x_wconf 83' lang='lat' dir='ltr'><strong>et</strong></span> <span class='ocrx_word' id='word_1_77' title='bbox 933 1052 1476 1144; x_wconf 14' lang='lat' dir='ltr'><strong>&#39;ir‘reprebensibiles&#39;</strong></span> <span class='ocrx_word' id='word_1_78' title='bbox 1503 1075 1824 1137; x_wconf 87' lang='lat' dir='ltr'><strong>appareant,</strong></span> <span class='ocrx_word' id='word_1_79' title='bbox 1871 1075 1926 1120; x_wconf 90' lang='lat' dir='ltr'><strong>et</strong></span> <span class='ocrx_word' id='word_1_80' title='bbox 1974 1066 2111 1123; x_wconf 88' lang='lat' dir='ltr'><strong>actis</strong></span> 
     </span>
    </p>
   </div>
   <div class='ocr_carea' id='block_1_13' title="bbox 525 1158 2112 1236">
    <p class='ocr_par' dir='ltr' id='par_1_13' title="bbox 525 1158 2112 1236">
     <span class='ocr_line' id='line_1_13' title="bbox 525 1158 2112 1236; baseline -0.001 -21"><span class='ocrx_word' id='word_1_81' title='bbox 525 1159 756 1231; x_wconf 78' lang='lat' dir='ltr'><strong>publicis</strong></span> <span class='ocrx_word' id='word_1_82' title='bbox 783 1174 842 1215; x_wconf 89' lang='lat' dir='ltr'><strong>se</strong></span> <span class='ocrx_word' id='word_1_83' title='bbox 874 1159 1020 1236; x_wconf 89' lang='lat' dir='ltr'><strong>omni</strong></span> <span class='ocrx_word' id='word_1_84' title='bbox 1047 1158 1355 1228; x_wconf 87' lang='lat' dir='ltr'><strong>suspicione</strong></span> <span class='ocrx_word' id='word_1_85' title='bbox 1382 1168 1437 1214; x_wconf 90' lang='lat' dir='ltr'><strong>et</strong></span> <span class='ocrx_word' id='word_1_86' title='bbox 1474 1158 1774 1214; x_wconf 90' lang='lat' dir='ltr'><strong>inimicitiis</strong></span> <span class='ocrx_word' id='word_1_87' title='bbox 1801 1173 1989 1213; x_wconf 86' lang='lat' dir='ltr'><strong>carere</strong></span> <span class='ocrx_word' id='word_1_88' title='bbox 2017 1158 2112 1213; x_wconf 86' lang='lat' dir='ltr'><strong>do-</strong></span> 
     </span>
    </p>
   </div>
   <div class='ocr_carea' id='block_1_14' title="bbox 525 1239 2110 1328">
    <p class='ocr_par' dir='ltr' id='par_1_14' title="bbox 525 1239 2110 1328">
     <span class='ocr_line' id='line_1_14' title="bbox 525 1239 2110 1328; baseline -0.003 -18"><span class='ocrx_word' id='word_1_89' title='bbox 525 1261 707 1320; x_wconf 82' lang='lat' dir='ltr'><strong>ceant,</strong></span> <span class='ocrx_word' id='word_1_90' title='bbox 729 1261 785 1328; x_wconf 88' lang='lat' dir='ltr'><strong>et</strong></span> <span class='ocrx_word' id='word_1_91' title='bbox 802 1239 968 1308; x_wconf 78' lang='lat' dir='ltr'><strong>fidem</strong></span> <span class='ocrx_word' id='word_1_92' title='bbox 995 1267 1062 1307; x_wconf 86' lang='lat' dir='ltr'><strong>ac</strong></span> <span class='ocrx_word' id='word_1_93' title='bbox 1088 1252 1558 1308; x_wconf 82' lang='lat' dir='ltr'><strong>conversationem</strong></span> <span class='ocrx_word' id='word_1_94' title='bbox 1579 1249 2110 1322; x_wconf 89' lang='lat' dir='ltr'><strong>irreprehensibilem</strong></span> 
     </span>
    </p>
   </div>
   <div class='ocr_carea' id='block_1_15' title="bbox 527 1341 2115 1413">
    <p class='ocr_par' dir='ltr' id='par_1_15' title="bbox 527 1341 2115 1413">
     <span class='ocr_line' id='line_1_15' title="bbox 527 1341 2115 1413; baseline -0.004 -11"><span class='ocrx_word' id='word_1_95' title='bbox 527 1360 589 1402; x_wconf 85' lang='lat' dir='ltr'><strong>se</strong></span> <span class='ocrx_word' id='word_1_96' title='bbox 618 1344 818 1401; x_wconf 91' lang='lat' dir='ltr'><strong>ducere</strong></span> <span class='ocrx_word' id='word_1_97' title='bbox 842 1343 1151 1399; x_wconf 82' lang='lat' dir='ltr'><strong>ostendant.</strong></span> <span class='ocrx_word' id='word_1_98' title='bbox 1184 1343 1253 1398; x_wconf 84' lang='lat' dir='ltr'><strong>Et</strong></span> <span class='ocrx_word' id='word_1_99' title='bbox 1285 1343 1412 1413; x_wconf 88' lang='lat' dir='ltr'><strong>quia</strong></span> <span class='ocrx_word' id='word_1_100' title='bbox 1459 1343 1562 1397; x_wconf 89' lang='lat' dir='ltr'><strong>hoc</strong></span> <span class='ocrx_word' id='word_1_101' title='bbox 1608 1341 1724 1397; x_wconf 85' lang='lat' dir='ltr'><strong>fleri</strong></span> <span class='ocrx_word' id='word_1_102' title='bbox 1786 1349 1912 1396; x_wconf 91' lang='lat' dir='ltr'><strong>ante</strong></span> <span class='ocrx_word' id='word_1_103' title='bbox 1950 1356 2115 1412; x_wconf 91' lang='lat' dir='ltr'><strong>quos-</strong></span> 
     </span>
    </p>
   </div>
   <div class='ocr_carea' id='block_1_16' title="bbox 529 1431 2112 1504">
    <p class='ocr_par' dir='ltr' id='par_1_16' title="bbox 529 1431 2112 1504">
     <span class='ocr_line' id='line_1_16' title="bbox 529 1431 2112 1504; baseline -0.004 -11"><span class='ocrx_word' id='word_1_104' title='bbox 529 1438 662 1493; x_wconf 85' lang='lat' dir='ltr'><strong>libet</strong></span> <span class='ocrx_word' id='word_1_105' title='bbox 685 1431 895 1504; x_wconf 83' lang='lat' dir='ltr'><strong>judices</strong></span> <span class='ocrx_word' id='word_1_106' title='bbox 914 1432 1192 1490; x_wconf 84' lang='lat' dir='ltr'><strong>interdum</strong></span> <span class='ocrx_word' id='word_1_107' title='bbox 1217 1432 1435 1494; x_wconf 75' lang='lat' dir='ltr'><strong>difﬁcile</strong></span> <span class='ocrx_word' id='word_1_108' title='bbox 1457 1431 1860 1496; x_wconf 88' lang='lat' dir='ltr'><strong>animadvertit,</strong></span> <span class='ocrx_word' id='word_1_109' title='bbox 1879 1432 1944 1486; x_wconf 90' lang='lat' dir='ltr'><strong>ad</strong></span> <span class='ocrx_word' id='word_1_110' title='bbox 1976 1431 2112 1504; x_wconf 74' lang='lat' dir='ltr'><strong>alios</strong></span> 
     </span>
    </p>
   </div>
   <div class='ocr_carea' id='block_1_17' title="bbox 527 1513 2112 1606">
    <p class='ocr_par' dir='ltr' id='par_1_17' title="bbox 527 1513 2112 1606">
     <span class='ocr_line' id='line_1_17' title="bbox 527 1513 2112 1606; baseline -0.003 -24"><span class='ocrx_word' id='word_1_111' title='bbox 527 1526 933 1606; x_wconf 77' lang='lat' dir='ltr'><strong>ecclesiasticos</strong></span> <span class='ocrx_word' id='word_1_112' title='bbox 947 1517 1184 1598; x_wconf 85' lang='lat' dir='ltr'><strong>judices,</strong></span> <span class='ocrx_word' id='word_1_113' title='bbox 1230 1513 1322 1581; x_wconf 88' lang='lat' dir='ltr'><strong>ubi</strong></span> <span class='ocrx_word' id='word_1_114' title='bbox 1371 1516 1546 1596; x_wconf 78' lang='lat' dir='ltr'><strong>majoi-</strong></span> <span class='ocrx_word' id='word_1_115' title='bbox 1595 1523 1893 1579; x_wconf 85' lang='lat' dir='ltr'><strong>auctoritas</strong></span> <span class='ocrx_word' id='word_1_116' title='bbox 1928 1521 2112 1585; x_wconf 84' lang='lat' dir='ltr'><strong>fuerit,</strong></span> 
     </span>
    </p>
   </div>
   <div class='ocr_carea' id='block_1_18' title="bbox 527 1603 2112 1697">
    <p class='ocr_par' dir='ltr' id='par_1_18' title="bbox 527 1603 2112 1697">
     <span class='ocr_line' id='line_1_18' title="bbox 527 1603 2112 1697; baseline -0.007 -20"><span class='ocrx_word' id='word_1_117' title='bbox 527 1603 1179 1697; x_wconf 21' lang='lat' dir='ltr'><strong>pestulanti&#39;audientiam</strong></span> <span class='ocrx_word' id='word_1_118' title='bbox 1227 1633 1333 1674; x_wconf 91' lang='lat' dir='ltr'><strong>non</strong></span> <span class='ocrx_word' id='word_1_119' title='bbox 1365 1618 1822 1697; x_wconf 82' lang='lat' dir='ltr'><strong>negandamesse</strong></span> <span class='ocrx_word' id='word_1_120' title='bbox 1852 1616 2112 1672; x_wconf 86' lang='lat' dir='ltr'><strong>decrevit.</strong></span> 
     </span>
    </p>
   </div>
   <div class='ocr_carea' id='block_1_19' title="bbox 530 1693 2117 1778">
    <p class='ocr_par' dir='ltr' id='par_1_19' title="bbox 530 1693 2117 1778">
     <span class='ocr_line' id='line_1_19' title="bbox 530 1693 2117 1778; baseline -0.004 -12"><span class='ocrx_word' id='word_1_121' title='bbox 530 1693 661 1766; x_wconf 80' lang='lat' dir='ltr'><strong>item</strong></span> <span class='ocrx_word' id='word_1_122' title='bbox 713 1710 768 1766; x_wconf 90' lang='lat' dir='ltr'><strong>in</strong></span> <span class='ocrx_word' id='word_1_123' title='bbox 814 1693 1027 1773; x_wconf 85' lang='lat' dir='ltr'><strong>eadem,</strong></span> <span class='ocrx_word' id='word_1_124' title='bbox 1071 1707 1227 1778; x_wconf 84' lang='lat' dir='ltr'><strong>juxta</strong></span> <span class='ocrx_word' id='word_1_125' title='bbox 1275 1716 1588 1764; x_wconf 88' lang='lat' dir='ltr'><strong>sanctorum</strong></span> <span class='ocrx_word' id='word_1_126' title='bbox 1643 1695 2033 1777; x_wconf 81' lang='lat' dir='ltr'><strong>apostolorum,</strong></span> <span class='ocrx_word' id='word_1_127' title='bbox 2061 1713 2117 1760; x_wconf 87' lang='lat' dir='ltr'><strong>ct</strong></span> 
     </span>
    </p>
   </div>
   <div class='ocr_carea' id='block_1_20' title="bbox 528 1793 2116 1867">
    <p class='ocr_par' dir='ltr' id='par_1_20' title="bbox 528 1793 2116 1867">
     <span class='ocr_line' id='line_1_20' title="bbox 528 1793 2116 1867; baseline -0.004 -12"><span class='ocrx_word' id='word_1_128' title='bbox 528 1813 717 1855; x_wconf 87' lang='lat' dir='ltr'><strong>eorum</strong></span> <span class='ocrx_word' id='word_1_129' title='bbox 748 1814 1144 1863; x_wconf 81' lang='lat' dir='ltr'><strong>successorum,</strong></span> <span class='ocrx_word' id='word_1_130' title='bbox 1176 1798 1456 1854; x_wconf 90' lang='lat' dir='ltr'><strong>decretum</strong></span> <span class='ocrx_word' id='word_1_131' title='bbox 1507 1795 1871 1867; x_wconf 74' lang='lat' dir='ltr'><strong>przecipiendo</strong></span> <span class='ocrx_word' id='word_1_132' title='bbox 1916 1793 2116 1850; x_wconf 90' lang='lat' dir='ltr'><strong>consti-</strong></span> 
     </span>
    </p>
   </div>
   <div class='ocr_carea' id='block_1_21' title="bbox 2207 602 3800 687">
    <p class='ocr_par' dir='ltr' id='par_1_21' title="bbox 2207 602 3800 687">
     <span class='ocr_line' id='line_1_21' title="bbox 2207 602 3800 687; baseline 0.004 -24"><span class='ocrx_word' id='word_1_133' title='bbox 2207 602 2390 687; x_wconf 85' lang='lat' dir='ltr'><strong>autem</strong></span> <span class='ocrx_word' id='word_1_134' title='bbox 2423 610 2756 678; x_wconf 87' lang='lat' dir='ltr'><strong>temporibus</strong></span> <span class='ocrx_word' id='word_1_135' title='bbox 2780 603 3144 679; x_wconf 75' lang='lat' dir='ltr'><strong>Valeriani,ct</strong></span> <span class='ocrx_word' id='word_1_136' title='bbox 3171 611 3526 678; x_wconf 80' lang='lat' dir='ltr'><strong>Gallicani,et</strong></span> <span class='ocrx_word' id='word_1_137' title='bbox 3559 612 3800 674; x_wconf 72' lang='lat' dir='ltr'><strong>Maximi.</strong></span> 
     </span>
    </p>
   </div>
   <div class='ocr_carea' id='block_1_22' title="bbox 2207 699 3808 784">
    <p class='ocr_par' dir='ltr' id='par_1_22' title="bbox 2207 699 3808 784">
     <span class='ocr_line' id='line_1_22' title="bbox 2207 699 3808 784; baseline 0.003 -30"><span class='ocrx_word' id='word_1_138' title='bbox 2207 716 2378 784; x_wconf 91' lang='lat' dir='ltr'><strong>usque</strong></span> <span class='ocrx_word' id='word_1_139' title='bbox 2409 703 2476 756; x_wconf 91' lang='lat' dir='ltr'><strong>ad</strong></span> <span class='ocrx_word' id='word_1_140' title='bbox 2509 699 2857 780; x_wconf 53' lang='lat' dir='ltr'><strong>Valerianum</strong></span> <span class='ocrx_word' id='word_1_141' title='bbox 2889 705 3131 775; x_wconf 86' lang='lat' dir='ltr'><strong>tertium,</strong></span> <span class='ocrx_word' id='word_1_142' title='bbox 3155 715 3212 761; x_wconf 90' lang='lat' dir='ltr'><strong>et</strong></span> <span class='ocrx_word' id='word_1_143' title='bbox 3240 703 3586 777; x_wconf 75' lang='lat' dir='ltr'><strong>Gallicanum</strong></span> <span class='ocrx_word' id='word_1_144' title='bbox 3611 720 3808 760; x_wconf 81' lang='lat' dir='ltr'><strong>secun-</strong></span> 
     </span>
    </p>
   </div>
   <div class='ocr_carea' id='block_1_23' title="bbox 2205 784 3808 870">
    <p class='ocr_par' dir='ltr' id='par_1_23' title="bbox 2205 784 3808 870">
     <span class='ocr_line' id='line_1_23' title="bbox 2205 784 3808 870; baseline 0.002 -23"><span class='ocrx_word' id='word_1_145' title='bbox 2205 791 2355 847; x_wconf 88' lang='lat' dir='ltr'><strong>dum.</strong></span> <span class='ocrx_word' id='word_1_146' title='bbox 2389 792 2488 853; x_wconf 84' lang='lat' dir='ltr'><strong>llic</strong></span> <span class='ocrx_word' id='word_1_147' title='bbox 2513 809 2636 849; x_wconf 89' lang='lat' dir='ltr'><strong>cum</strong></span> <span class='ocrx_word' id='word_1_148' title='bbox 2664 794 2876 852; x_wconf 90' lang='lat' dir='ltr'><strong>duobus</strong></span> <span class='ocrx_word' id='word_1_149' title='bbox 2903 796 3188 870; x_wconf 81' lang='lat' dir='ltr'><strong>episcopis,</strong></span> <span class='ocrx_word' id='word_1_150' title='bbox 3208 807 3262 852; x_wconf 90' lang='lat' dir='ltr'><strong>et</strong></span> <span class='ocrx_word' id='word_1_151' title='bbox 3290 784 3414 852; x_wconf 84' lang='lat' dir='ltr'><strong>octo</strong></span> <span class='ocrx_word' id='word_1_152' title='bbox 3441 796 3808 870; x_wconf 70' lang='lat' dir='ltr'><strong>presbyteris,</strong></span> 
     </span>
    </p>
   </div>
   <div class='ocr_carea' id='block_1_24' title="bbox 2205 867 3809 957">
    <p class='ocr_par' dir='ltr' id='par_1_24' title="bbox 2205 867 3809 957">
     <span class='ocr_line' id='line_1_24' title="bbox 2205 867 3809 957; baseline 0.002 -19"><span class='ocrx_word' id='word_1_153' title='bbox 2205 893 2263 939; x_wconf 84' lang='lat' dir='ltr'><strong>et</strong></span> <span class='ocrx_word' id='word_1_154' title='bbox 2292 885 2471 942; x_wconf 78' lang='lat' dir='ltr'><strong>tribus</strong></span> <span class='ocrx_word' id='word_1_155' title='bbox 2499 885 2742 942; x_wconf 83' lang='lat' dir='ltr'><strong>diaconis</strong></span> <span class='ocrx_word' id='word_1_156' title='bbox 2775 887 2827 941; x_wconf 91' lang='lat' dir='ltr'><strong>in</strong></span> <span class='ocrx_word' id='word_1_157' title='bbox 2866 903 3138 942; x_wconf 87' lang='lat' dir='ltr'><strong>carcerem</strong></span> <span class='ocrx_word' id='word_1_158' title='bbox 3159 867 3385 953; x_wconf 85' lang='lat' dir='ltr'><strong>missus,</strong></span> <span class='ocrx_word' id='word_1_159' title='bbox 3414 867 3543 943; x_wconf 78' lang='lat' dir='ltr'><strong>cum</strong></span> <span class='ocrx_word' id='word_1_160' title='bbox 3576 867 3809 957; x_wconf 72' lang='lat' dir='ltr'><strong>singulis</strong></span> 
     </span>
    </p>
   </div>
   <div class='ocr_carea' id='block_1_25' title="bbox 2213 973 3808 1049">
    <p class='ocr_par' dir='ltr' id='par_1_25' title="bbox 2213 973 3808 1049">
     <span class='ocr_line' id='line_1_25' title="bbox 2213 973 3808 1049; baseline 0.001 -21"><span class='ocrx_word' id='word_1_161' title='bbox 2213 974 2430 1030; x_wconf 84' lang='lat' dir='ltr'><strong>tandem</strong></span> <span class='ocrx_word' id='word_1_162' title='bbox 2449 973 2602 1045; x_wconf 79' lang='lat' dir='ltr'><strong>jussu</strong></span> <span class='ocrx_word' id='word_1_163' title='bbox 2627 975 2896 1032; x_wconf 81' lang='lat' dir='ltr'><strong>Valeriani</strong></span> <span class='ocrx_word' id='word_1_164' title='bbox 2925 978 3142 1049; x_wconf 89' lang='lat' dir='ltr'><strong>capitali</strong></span> <span class='ocrx_word' id='word_1_165' title='bbox 3171 979 3440 1034; x_wconf 83' lang='lat' dir='ltr'><strong>sententia</strong></span> <span class='ocrx_word' id='word_1_166' title='bbox 3470 977 3739 1049; x_wconf 86' lang='lat' dir='ltr'><strong>plectitur</strong></span> <span class='ocrx_word' id='word_1_167' title='bbox 3758 992 3808 1030; x_wconf 77' lang='lat' dir='ltr'><strong>IV</strong></span> 
     </span>
    </p>
   </div>
   <div class='ocr_carea' id='block_1_26' title="bbox 2211 1065 3810 1140">
    <p class='ocr_par' dir='ltr' id='par_1_26' title="bbox 2211 1065 3810 1140">
     <span class='ocr_line' id='line_1_26' title="bbox 2211 1065 3810 1140; baseline 0 -18"><span class='ocrx_word' id='word_1_168' title='bbox 2211 1066 2395 1122; x_wconf 84' lang='lat' dir='ltr'><strong>Nonas</strong></span> <span class='ocrx_word' id='word_1_169' title='bbox 2424 1065 2674 1138; x_wconf 78' lang='lat' dir='ltr'><strong>Augusti.</strong></span> <span class='ocrx_word' id='word_1_170' title='bbox 2699 1065 2799 1122; x_wconf 89' lang='lat' dir='ltr'><strong>Hic</strong></span> <span class='ocrx_word' id='word_1_171' title='bbox 2823 1067 3099 1122; x_wconf 76' lang='lat' dir='ltr'><strong>ordinavit</strong></span> <span class='ocrx_word' id='word_1_172' title='bbox 3121 1069 3406 1140; x_wconf 84' lang='lat' dir='ltr'><strong>episcopos</strong></span> <span class='ocrx_word' id='word_1_173' title='bbox 3423 1078 3557 1133; x_wconf 82' lang='lat' dir='ltr'><strong>tres,</strong></span> <span class='ocrx_word' id='word_1_174' title='bbox 3575 1070 3810 1140; x_wconf 72' lang='lat' dir='ltr'><strong>presby-</strong></span> 
     </span>
    </p>
   </div>
   <div class='ocr_carea' id='block_1_27' title="bbox 2215 1160 3810 1232">
    <p class='ocr_par' dir='ltr' id='par_1_27' title="bbox 2215 1160 3810 1232">
     <span class='ocr_line' id='line_1_27' title="bbox 2215 1160 3810 1232; baseline 0.003 -18"><span class='ocrx_word' id='word_1_175' title='bbox 2215 1168 2360 1215; x_wconf 91' lang='lat' dir='ltr'><strong>teros</strong></span> <span class='ocrx_word' id='word_1_176' title='bbox 2389 1169 2618 1230; x_wconf 86' lang='lat' dir='ltr'><strong>septem,</strong></span> <span class='ocrx_word' id='word_1_177' title='bbox 2669 1160 2929 1216; x_wconf 86' lang='lat' dir='ltr'><strong>diaconos</strong></span> <span class='ocrx_word' id='word_1_178' title='bbox 2971 1163 3228 1232; x_wconf 79' lang='lat' dir='ltr'><strong>quinque.</strong></span> <span class='ocrx_word' id='word_1_179' title='bbox 3277 1160 3380 1218; x_wconf 78' lang='lat' dir='ltr'><strong>Hic</strong></span> <span class='ocrx_word' id='word_1_180' title='bbox 3431 1162 3491 1218; x_wconf 84' lang='lat' dir='ltr'><strong>in</strong></span> <span class='ocrx_word' id='word_1_181' title='bbox 3549 1163 3810 1232; x_wconf 68' lang='lat' dir='ltr'><strong>epistola,</strong></span> 
     </span>
    </p>
   </div>
   <div class='ocr_carea' id='block_1_28' title="bbox 2212 1252 3808 1328">
    <p class='ocr_par' dir='ltr' id='par_1_28' title="bbox 2212 1252 3808 1328">
     <span class='ocr_line' id='line_1_28' title="bbox 2212 1252 3808 1328; baseline 0.003 -23"><span class='ocrx_word' id='word_1_182' title='bbox 2212 1267 2375 1323; x_wconf 89' lang='lat' dir='ltr'><strong>quam</strong></span> <span class='ocrx_word' id='word_1_183' title='bbox 2410 1252 2665 1322; x_wconf 86' lang='lat' dir='ltr'><strong>episcopo</strong></span> <span class='ocrx_word' id='word_1_184' title='bbox 2691 1252 2895 1308; x_wconf 86' lang='lat' dir='ltr'><strong>Hilario</strong></span> <span class='ocrx_word' id='word_1_185' title='bbox 2919 1254 3064 1308; x_wconf 87' lang='lat' dir='ltr'><strong>misit</strong></span> <span class='ocrx_word' id='word_1_186' title='bbox 3094 1254 3269 1324; x_wconf 70' lang='lat' dir='ltr'><strong>(epist.</strong></span> <span class='ocrx_word' id='word_1_187' title='bbox 3299 1255 3375 1328; x_wconf 76' lang='grc' dir='ltr'><strong>Ι),</strong></span> <span class='ocrx_word' id='word_1_188' title='bbox 3410 1254 3658 1326; x_wconf 73' lang='lat' dir='ltr'><strong>infames</strong></span> <span class='ocrx_word' id='word_1_189' title='bbox 3689 1271 3808 1325; x_wconf 67' lang='lat' dir='ltr'><strong>pero</strong></span> 
     </span>
    </p>
   </div>
   <div class='ocr_carea' id='block_1_29' title="bbox 2213 1329 3814 1429">
    <p class='ocr_par' dir='ltr' id='par_1_29' title="bbox 2213 1329 3814 1429">
     <span class='ocr_line' id='line_1_29' title="bbox 2213 1329 3814 1429; baseline -0.001 -28"><span class='ocrx_word' id='word_1_190' title='bbox 2213 1359 2376 1429; x_wconf 84' lang='lat' dir='ltr'><strong>sonas</strong></span> <span class='ocrx_word' id='word_1_191' title='bbox 2412 1345 2480 1400; x_wconf 91' lang='lat' dir='ltr'><strong>ad</strong></span> <span class='ocrx_word' id='word_1_192' title='bbox 2505 1345 2702 1424; x_wconf 78' lang='lat' dir='ltr'><strong>gradus</strong></span> <span class='ocrx_word' id='word_1_193' title='bbox 2732 1358 2918 1420; x_wconf 76' lang='lat' dir='ltr'><strong>sacros</strong></span> <span class='ocrx_word' id='word_1_194' title='bbox 2945 1346 3348 1426; x_wconf 48' lang='lat' dir='ltr'><strong>promovenda;</strong></span> <span class='ocrx_word' id='word_1_195' title='bbox 3369 1343 3432 1400; x_wconf 85' lang='lat' dir='ltr'><strong>et</strong></span> <span class='ocrx_word' id='word_1_196' title='bbox 3474 1345 3547 1400; x_wconf 89' lang='lat' dir='ltr'><strong>ad</strong></span> <span class='ocrx_word' id='word_1_197' title='bbox 3585 1329 3814 1400; x_wconf 79' lang='lat' dir='ltr'><strong>accusa-</strong></span> 
     </span>
    </p>
   </div>
   <div class='ocr_carea' id='block_1_30' title="bbox 2217 1433 3814 1506">
    <p class='ocr_par' dir='ltr' id='par_1_30' title="bbox 2217 1433 3814 1506">
     <span class='ocr_line' id='line_1_30' title="bbox 2217 1433 3814 1506; baseline 0.001 -18"><span class='ocrx_word' id='word_1_198' title='bbox 2217 1434 2418 1502; x_wconf 81' lang='lat' dir='ltr'><strong>tionem</strong></span> <span class='ocrx_word' id='word_1_199' title='bbox 2449 1433 2790 1504; x_wconf 85' lang='lat' dir='ltr'><strong>recipiendas</strong></span> <span class='ocrx_word' id='word_1_200' title='bbox 2839 1449 2960 1490; x_wconf 89' lang='lat' dir='ltr'><strong>esse</strong></span> <span class='ocrx_word' id='word_1_201' title='bbox 3004 1436 3286 1506; x_wconf 88' lang='lat' dir='ltr'><strong>prohibuit</strong></span> <span class='ocrx_word' id='word_1_202' title='bbox 3327 1453 3343 1490; x_wconf 87' lang='lat'><strong>:</strong></span> <span class='ocrx_word' id='word_1_203' title='bbox 3400 1435 3642 1490; x_wconf 76' lang='lat' dir='ltr'><strong>infames</strong></span> <span class='ocrx_word' id='word_1_204' title='bbox 3687 1449 3814 1489; x_wconf 75' lang='lat' dir='ltr'><strong>vero</strong></span> 
     </span>
    </p>
   </div>
   <div class='ocr_carea' id='block_1_31' title="bbox 2215 1523 3814 1595">
    <p class='ocr_par' dir='ltr' id='par_1_31' title="bbox 2215 1523 3814 1595">
     <span class='ocr_line' id='line_1_31' title="bbox 2215 1523 3814 1595; baseline -0.002 -15"><span class='ocrx_word' id='word_1_205' title='bbox 2215 1539 2311 1580; x_wconf 89' lang='lat' dir='ltr'><strong>eas</strong></span> <span class='ocrx_word' id='word_1_206' title='bbox 2355 1537 2616 1594; x_wconf 81' lang='lat' dir='ltr'><strong>personas</strong></span> <span class='ocrx_word' id='word_1_207' title='bbox 2663 1538 2783 1578; x_wconf 88' lang='lat' dir='ltr'><strong>esse</strong></span> <span class='ocrx_word' id='word_1_208' title='bbox 2829 1524 3114 1593; x_wconf 84' lang='lat' dir='ltr'><strong>descripsit</strong></span> <span class='ocrx_word' id='word_1_209' title='bbox 3161 1523 3238 1594; x_wconf 84' lang='grc' dir='ltr'>(ϐ,</span> <span class='ocrx_word' id='word_1_210' title='bbox 3267 1541 3323 1595; x_wconf 90' lang='lat' dir='ltr'><strong>q.</strong></span> <span class='ocrx_word' id='word_1_211' title='bbox 3361 1525 3414 1587; x_wconf 84' lang='lat' dir='ltr'><strong>l,</strong></span> <span class='ocrx_word' id='word_1_212' title='bbox 3439 1541 3492 1579; x_wconf 92' lang='lat' dir='ltr'><strong>c.</strong></span> <span class='ocrx_word' id='word_1_213' title='bbox 3527 1523 3814 1593; x_wconf 74' lang='lat' dir='ltr'><strong>lnfames),</strong></span> 
     </span>
    </p>
   </div>
   <div class='ocr_carea' id='block_1_32' title="bbox 2217 1601 3815 1686">
    <p class='ocr_par' dir='ltr' id='par_1_32' title="bbox 2217 1601 3815 1686">
     <span class='ocr_line' id='line_1_32' title="bbox 2217 1601 3815 1686; baseline -0.001 -18"><span class='ocrx_word' id='word_1_214' title='bbox 2217 1629 2340 1686; x_wconf 78' lang='lat' dir='ltr'><strong>qua:</strong></span> <span class='ocrx_word' id='word_1_215' title='bbox 2368 1629 2469 1684; x_wconf 89' lang='lat' dir='ltr'><strong>pro</strong></span> <span class='ocrx_word' id='word_1_216' title='bbox 2497 1611 2676 1682; x_wconf 90' lang='lat' dir='ltr'><strong>aliqua</strong></span> <span class='ocrx_word' id='word_1_217' title='bbox 2719 1612 2877 1682; x_wconf 82' lang='lat' dir='ltr'><strong>Culpa</strong></span> <span class='ocrx_word' id='word_1_218' title='bbox 2905 1604 3146 1682; x_wconf 80' lang='lat' dir='ltr'><strong>qualibet</strong></span> <span class='ocrx_word' id='word_1_219' title='bbox 3177 1625 3432 1668; x_wconf 75' lang='lat' dir='ltr'><strong>notantur</strong></span> <span class='ocrx_word' id='word_1_220' title='bbox 3459 1602 3716 1677; x_wconf 76' lang='lat' dir='ltr'><strong>infamia,</strong></span> <span class='ocrx_word' id='word_1_221' title='bbox 3764 1601 3815 1666; x_wconf 79' lang='lat' dir='ltr'><strong>id</strong></span> 
     </span>
    </p>
   </div>
   <div class='ocr_carea' id='block_1_33' title="bbox 2217 1699 3816 1776">
    <p class='ocr_par' dir='ltr' id='par_1_33' title="bbox 2217 1699 3816 1776">
     <span class='ocr_line' id='line_1_33' title="bbox 2217 1699 3816 1776; baseline -0.006 -10"><span class='ocrx_word' id='word_1_222' title='bbox 2217 1717 2320 1774; x_wconf 90' lang='lat' dir='ltr'><strong>est,</strong></span> <span class='ocrx_word' id='word_1_223' title='bbox 2351 1723 2540 1762; x_wconf 85' lang='lat' dir='ltr'><strong>omnes</strong></span> <span class='ocrx_word' id='word_1_224' title='bbox 2584 1705 2674 1776; x_wconf 85' lang='lat' dir='ltr'><strong>qui</strong></span> <span class='ocrx_word' id='word_1_225' title='bbox 2716 1699 3040 1760; x_wconf 72' lang='lat' dir='ltr'><strong>CbriStianm</strong></span> <span class='ocrx_word' id='word_1_226' title='bbox 3066 1706 3478 1776; x_wconf 54' lang='lat' dir='ltr'><strong>legis&#39;norinam</strong></span> <span class='ocrx_word' id='word_1_227' title='bbox 3513 1705 3778 1772; x_wconf 82' lang='lat' dir='ltr'><strong>abjiciunt</strong></span> <span class='ocrx_word' id='word_1_228' title='bbox 3801 1745 3816 1767; x_wconf 90' lang='lat'><strong>,</strong></span> 
     </span>
    </p>
   </div>
   <div class='ocr_carea' id='block_1_34' title="bbox 2219 1779 3816 1860">
    <p class='ocr_par' dir='ltr' id='par_1_34' title="bbox 2219 1779 3816 1860">
     <span class='ocr_line' id='line_1_34' title="bbox 2219 1779 3816 1860; baseline -0.005 -4"><span class='ocrx_word' id='word_1_229' title='bbox 2219 1811 2276 1856; x_wconf 89' lang='lat' dir='ltr'><strong>et</strong></span> <span class='ocrx_word' id='word_1_230' title='bbox 2303 1807 2504 1855; x_wconf 90' lang='lat' dir='ltr'><strong>statuta</strong></span> <span class='ocrx_word' id='word_1_231' title='bbox 2533 1797 2905 1852; x_wconf 84' lang='lat' dir='ltr'><strong>ecclesiastica</strong></span> <span class='ocrx_word' id='word_1_232' title='bbox 2937 1805 3312 1852; x_wconf 89' lang='lat' dir='ltr'><strong>contemnunt.</strong></span> <span class='ocrx_word' id='word_1_233' title='bbox 3344 1795 3619 1851; x_wconf 91' lang='lat' dir='ltr'><strong>Similiter</strong></span> <span class='ocrx_word' id='word_1_234' title='bbox 3638 1779 3816 1860; x_wconf 83' lang='lat' dir='ltr'><strong>fures,</strong></span> 
     </span>
    </p>
   </div>
   <div class='ocr_carea' id='block_1_35' title="bbox 531 1885 3819 1974">
    <p class='ocr_par' dir='ltr' id='par_1_35' title="bbox 531 1885 3819 1974">
     <span class='ocr_line' id='line_1_35' title="bbox 531 1885 3819 1974; baseline -0.003 -28"><span class='ocrx_word' id='word_1_235' title='bbox 531 1891 656 1957; x_wconf 90' lang='lat' dir='ltr'><strong>tuit,</strong></span> <span class='ocrx_word' id='word_1_236' title='bbox 688 1900 768 1957; x_wconf 89' lang='lat' dir='ltr'><strong>ut,</strong></span> <span class='ocrx_word' id='word_1_237' title='bbox 801 1892 848 1948; x_wconf 90' lang='lat' dir='ltr'><strong>si</strong></span> <span class='ocrx_word' id='word_1_238' title='bbox 897 1889 1126 1961; x_wconf 88' lang='lat' dir='ltr'><strong>quilibet</strong></span> <span class='ocrx_word' id='word_1_239' title='bbox 1177 1889 1630 1959; x_wconf 89' lang='lat' dir='ltr'><strong>metropolitanus</strong></span> <span class='ocrx_word' id='word_1_240' title='bbox 1675 1887 1978 1974; x_wconf 83' lang='lat' dir='ltr'><strong>episcopus.</strong></span> <span class='ocrx_word' id='word_1_241' title='bbox 2009 1885 2114 1970; x_wconf 79' lang='lat' dir='ltr'><strong>nisi</strong></span> <span class='ocrx_word' id='word_1_242' title='bbox 2147 1891 2192 1948; x_wconf 79' lang='grc' dir='ltr'><strong>Β</strong></span> <span class='ocrx_word' id='word_1_243' title='bbox 2222 1891 2536 1974; x_wconf 79' lang='lat' dir='ltr'><strong>sacrilegos,</strong></span> <span class='ocrx_word' id='word_1_244' title='bbox 2555 1896 2610 1943; x_wconf 91' lang='lat' dir='ltr'><strong>et</strong></span> <span class='ocrx_word' id='word_1_245' title='bbox 2635 1902 2826 1942; x_wconf 88' lang='lat' dir='ltr'><strong>omnes</strong></span> <span class='ocrx_word' id='word_1_246' title='bbox 2855 1885 3173 1969; x_wconf 82' lang='lat' dir='ltr'><strong>capitalibus</strong></span> <span class='ocrx_word' id='word_1_247' title='bbox 3193 1886 3516 1954; x_wconf 86' lang='lat' dir='ltr'><strong>criminibus</strong></span> <span class='ocrx_word' id='word_1_248' title='bbox 3550 1885 3819 1950; x_wconf 76' lang='lat' dir='ltr'><strong>irretitus,</strong></span> 
     </span>
    </p>
   </div>
   <div class='ocr_carea' id='block_1_36' title="bbox 533 1967 2121 2057">
    <p class='ocr_par' dir='ltr' id='par_1_36' title="bbox 533 1967 2121 2057">
     <span class='ocr_line' id='line_1_36' title="bbox 533 1967 2121 2057; baseline -0.006 -19"><span class='ocrx_word' id='word_1_249' title='bbox 533 1982 678 2053; x_wconf 85' lang='lat' dir='ltr'><strong>quod</strong></span> <span class='ocrx_word' id='word_1_250' title='bbox 705 1981 773 2057; x_wconf 83' lang='lat' dir='ltr'><strong>ad</strong></span> <span class='ocrx_word' id='word_1_251' title='bbox 810 1998 965 2037; x_wconf 89' lang='lat' dir='ltr'><strong>suam</strong></span> <span class='ocrx_word' id='word_1_252' title='bbox 999 1980 1342 2057; x_wconf 81' lang='lat' dir='ltr'><strong>solummodo</strong></span> <span class='ocrx_word' id='word_1_253' title='bbox 1370 1978 1606 2050; x_wconf 81' lang='lat' dir='ltr'><strong>pertinet</strong></span> <span class='ocrx_word' id='word_1_254' title='bbox 1633 1970 1970 2049; x_wconf 76' lang='lat' dir='ltr'><strong>parochiam,</strong></span> <span class='ocrx_word' id='word_1_255' title='bbox 2015 1967 2121 2029; x_wconf 87' lang='lat' dir='ltr'><strong>nisi</strong></span> 
     </span>
    </p>
   </div>
   <div class='ocr_carea' id='block_1_37' title="bbox 535 2055 2125 2140">
    <p class='ocr_par' dir='ltr' id='par_1_37' title="bbox 535 2055 2125 2140">
     <span class='ocr_line' id='line_1_37' title="bbox 535 2055 2125 2140; baseline -0.006 -10"><span class='ocrx_word' id='word_1_256' title='bbox 535 2055 763 2130; x_wconf 82' lang='lat' dir='ltr'><strong>consilio</strong></span> <span class='ocrx_word' id='word_1_257' title='bbox 785 2084 840 2129; x_wconf 91' lang='lat' dir='ltr'><strong>ct</strong></span> <span class='ocrx_word' id='word_1_258' title='bbox 871 2069 1149 2130; x_wconf 79' lang='lat' dir='ltr'><strong>voluntate</strong></span> <span class='ocrx_word' id='word_1_259' title='bbox 1170 2055 1423 2128; x_wconf 86' lang='lat' dir='ltr'><strong>omnium</strong></span> <span class='ocrx_word' id='word_1_260' title='bbox 1447 2067 1987 2140; x_wconf 84' lang='lat' dir='ltr'><strong>comprovincialium</strong></span> <span class='ocrx_word' id='word_1_261' title='bbox 2017 2065 2125 2136; x_wconf 90' lang='lat' dir='ltr'><strong>epi-</strong></span> 
     </span>
    </p>
   </div>
   <div class='ocr_carea' id='block_1_38' title="bbox 535 2159 2126 2236">
    <p class='ocr_par' dir='ltr' id='par_1_38' title="bbox 535 2159 2126 2236">
     <span class='ocr_line' id='line_1_38' title="bbox 535 2159 2126 2236; baseline -0.006 -16"><span class='ocrx_word' id='word_1_262' title='bbox 535 2180 823 2236; x_wconf 86' lang='lat' dir='ltr'><strong>scoporum</strong></span> <span class='ocrx_word' id='word_1_263' title='bbox 859 2174 1012 2220; x_wconf 69' lang='lat' dir='ltr'><strong>extra</strong></span> <span class='ocrx_word' id='word_1_264' title='bbox 1039 2163 1242 2235; x_wconf 90' lang='lat' dir='ltr'><strong>aliquid</strong></span> <span class='ocrx_word' id='word_1_265' title='bbox 1275 2177 1437 2234; x_wconf 87' lang='lat' dir='ltr'><strong>agere</strong></span> <span class='ocrx_word' id='word_1_266' title='bbox 1467 2159 1784 2224; x_wconf 85' lang='lat' dir='ltr'><strong>tentaverit,</strong></span> <span class='ocrx_word' id='word_1_267' title='bbox 1811 2159 2007 2229; x_wconf 83' lang='lat' dir='ltr'><strong>gradus</strong></span> <span class='ocrx_word' id='word_1_268' title='bbox 2040 2161 2126 2236; x_wconf 76' lang='lat' dir='ltr'><strong>sui</strong></span> 
     </span>
    </p>
   </div>
   <div class='ocr_carea' id='block_1_39' title="bbox 535 2235 2128 2334">
    <p class='ocr_par' dir='ltr' id='par_1_39' title="bbox 535 2235 2128 2334">
     <span class='ocr_line' id='line_1_39' title="bbox 535 2235 2128 2334; baseline -0.008 -22"><span class='ocrx_word' id='word_1_269' title='bbox 535 2235 779 2330; x_wconf 85' lang='lat' dir='ltr'><strong>periculo</strong></span> <span class='ocrx_word' id='word_1_270' title='bbox 826 2254 1124 2334; x_wconf 69' lang='lat' dir='ltr'><strong>subiaceat,</strong></span> <span class='ocrx_word' id='word_1_271' title='bbox 1145 2262 1200 2310; x_wconf 87' lang='lat' dir='ltr'><strong>et</strong></span> <span class='ocrx_word' id='word_1_272' title='bbox 1223 2253 1364 2332; x_wconf 83' lang='lat' dir='ltr'><strong>quod</strong></span> <span class='ocrx_word' id='word_1_273' title='bbox 1388 2251 1596 2322; x_wconf 82' lang='lat' dir='ltr'><strong>egerit,</strong></span> <span class='ocrx_word' id='word_1_274' title='bbox 1622 2250 1836 2304; x_wconf 87' lang='lat' dir='ltr'><strong>irritum</strong></span> <span class='ocrx_word' id='word_1_275' title='bbox 1866 2235 2128 2303; x_wconf 77' lang='lat' dir='ltr'><strong>habeatur</strong></span> 
     </span>
    </p>
   </div>
   <div class='ocr_carea' id='block_1_40' title="bbox 536 2334 2128 2405">
    <p class='ocr_par' dir='ltr' id='par_1_40' title="bbox 536 2334 2128 2405">
     <span class='ocr_line' id='line_1_40' title="bbox 536 2334 2128 2405; baseline -0.007 -1"><span class='ocrx_word' id='word_1_276' title='bbox 536 2358 594 2405; x_wconf 92' lang='lat' dir='ltr'><strong>et</strong></span> <span class='ocrx_word' id='word_1_277' title='bbox 623 2364 874 2404; x_wconf 87' lang='lat' dir='ltr'><strong>vacuum.</strong></span> <span class='ocrx_word' id='word_1_278' title='bbox 913 2334 1193 2404; x_wconf 85' lang='lat' dir='ltr'><strong>Consensu</strong></span> <span class='ocrx_word' id='word_1_279' title='bbox 1223 2345 1422 2402; x_wconf 86' lang='lat' dir='ltr'><strong>etenim</strong></span> <span class='ocrx_word' id='word_1_280' title='bbox 1453 2355 1507 2400; x_wconf 89' lang='lat' dir='ltr'><strong>et</strong></span> <span class='ocrx_word' id='word_1_281' title='bbox 1536 2343 1762 2400; x_wconf 88' lang='lat' dir='ltr'><strong>consilio</strong></span> <span class='ocrx_word' id='word_1_282' title='bbox 1791 2339 2128 2397; x_wconf 87' lang='lat' dir='ltr'><strong>solummodo</strong></span> 
     </span>
    </p>
   </div>
   <div class='ocr_carea' id='block_1_41' title="bbox 537 2427 2128 2508">
    <p class='ocr_par' dir='ltr' id='par_1_41' title="bbox 537 2427 2128 2508">
     <span class='ocr_line' id='line_1_41' title="bbox 537 2427 2128 2508; baseline -0.008 -13"><span class='ocrx_word' id='word_1_283' title='bbox 537 2437 780 2496; x_wconf 88' lang='lat' dir='ltr'><strong>omnium</strong></span> <span class='ocrx_word' id='word_1_284' title='bbox 817 2435 1228 2508; x_wconf 80' lang='lat' dir='ltr'><strong>provincialium</strong></span> <span class='ocrx_word' id='word_1_285' title='bbox 1251 2433 1566 2505; x_wconf 71' lang='lat' dir='ltr'><strong>pontificum</strong></span> <span class='ocrx_word' id='word_1_286' title='bbox 1592 2427 2128 2502; x_wconf 87' lang='lat' dir='ltr'><strong>metmpolitanoepi-</strong></span> 
     </span>
    </p>
   </div>
   <div class='ocr_carea' id='block_1_42' title="bbox 539 2515 2130 2601">
    <p class='ocr_par' dir='ltr' id='par_1_42' title="bbox 539 2515 2130 2601">
     <span class='ocr_line' id='line_1_42' title="bbox 539 2515 2130 2601; baseline -0.009 -15"><span class='ocrx_word' id='word_1_287' title='bbox 539 2543 705 2601; x_wconf 81' lang='lat' dir='ltr'><strong>scopo</strong></span> <span class='ocrx_word' id='word_1_288' title='bbox 733 2527 918 2593; x_wconf 89' lang='lat' dir='ltr'><strong>licere,</strong></span> <span class='ocrx_word' id='word_1_289' title='bbox 950 2519 1234 2582; x_wconf 83' lang='lat' dir='ltr'><strong>constituit</strong></span> <span class='ocrx_word' id='word_1_290' title='bbox 1259 2523 1334 2595; x_wconf 85' lang='lat'><strong>(9,</strong></span> <span class='ocrx_word' id='word_1_291' title='bbox 1359 2515 1492 2594; x_wconf 75' lang='lat' dir='ltr'><strong>q.‘3,</strong></span> <span class='ocrx_word' id='word_1_292' title='bbox 1523 2539 1574 2579; x_wconf 90' lang='lat' dir='ltr'><strong>c.</strong></span> <span class='ocrx_word' id='word_1_293' title='bbox 1609 2519 1828 2592; x_wconf 79' lang='lat' dir='ltr'><strong>Nullus)</strong></span> <span class='ocrx_word' id='word_1_294' title='bbox 1878 2533 2037 2588; x_wconf 72' lang='lat' dir='ltr'><strong>agere</strong></span> <span class='ocrx_word' id='word_1_295' title='bbox 2074 2525 2130 2572; x_wconf 91' lang='lat' dir='ltr'><strong>et</strong></span> 
     </span>
    </p>
   </div>
   <div class='ocr_carea' id='block_1_43' title="bbox 542 2601 2125 2693">
    <p class='ocr_par' dir='ltr' id='par_1_43' title="bbox 542 2601 2125 2693">
     <span class='ocr_line' id='line_1_43' title="bbox 542 2601 2125 2693; baseline -0.01 -16"><span class='ocrx_word' id='word_1_296' title='bbox 542 2615 836 2693; x_wconf 79' lang='lat' dir='ltr'><strong>disponere</strong></span> <span class='ocrx_word' id='word_1_297' title='bbox 870 2621 936 2676; x_wconf 90' lang='lat' dir='ltr'><strong>de</strong></span> <span class='ocrx_word' id='word_1_298' title='bbox 963 2601 1161 2674; x_wconf 81' lang='lat' dir='ltr'><strong>eorum</strong></span> <span class='ocrx_word' id='word_1_299' title='bbox 1199 2615 1401 2680; x_wconf 89' lang='lat' dir='ltr'><strong>causis,</strong></span> <span class='ocrx_word' id='word_1_300' title='bbox 1433 2622 1490 2670; x_wconf 91' lang='lat' dir='ltr'><strong>et</strong></span> <span class='ocrx_word' id='word_1_301' title='bbox 1512 2612 1782 2676; x_wconf 90' lang='lat' dir='ltr'><strong>ecclesiis,</strong></span> <span class='ocrx_word' id='word_1_302' title='bbox 1806 2619 1861 2666; x_wconf 92' lang='lat' dir='ltr'><strong>et</strong></span> <span class='ocrx_word' id='word_1_303' title='bbox 1894 2609 2125 2672; x_wconf 82' lang='lat' dir='ltr'><strong>clericis,</strong></span> 
     </span>
    </p>
   </div>
   <div class='ocr_carea' id='block_1_44' title="bbox 542 2700 2130 2784">
    <p class='ocr_par' dir='ltr' id='par_1_44' title="bbox 542 2700 2130 2784">
     <span class='ocr_line' id='line_1_44' title="bbox 542 2700 2130 2784; baseline -0.008 -17"><span class='ocrx_word' id='word_1_304' title='bbox 542 2707 706 2784; x_wconf 80' lang='lat' dir='ltr'><strong>atque</strong></span> <span class='ocrx_word' id='word_1_305' title='bbox 726 2709 1062 2766; x_wconf 71' lang='lat' dir='ltr'><strong>saecularium</strong></span> <span class='ocrx_word' id='word_1_306' title='bbox 1088 2706 1524 2772; x_wconf 84' lang='lat' dir='ltr'><strong>necessitatibus,</strong></span> <span class='ocrx_word' id='word_1_307' title='bbox 1548 2713 1640 2759; x_wconf 88' lang='lat' dir='ltr'><strong>aut</strong></span> <span class='ocrx_word' id='word_1_308' title='bbox 1661 2705 1727 2759; x_wconf 90' lang='lat' dir='ltr'><strong>de</strong></span> <span class='ocrx_word' id='word_1_309' title='bbox 1749 2700 2130 2784; x_wconf 80' lang='lat' dir='ltr'><strong>communibus</strong></span> 
     </span>
    </p>
   </div>
   <div class='ocr_carea' id='block_1_45' title="bbox 543 2793 2132 2877">
    <p class='ocr_par' dir='ltr' id='par_1_45' title="bbox 543 2793 2132 2877">
     <span class='ocr_line' id='line_1_45' title="bbox 543 2793 2132 2877; baseline -0.007 -20"><span class='ocrx_word' id='word_1_310' title='bbox 543 2801 954 2874; x_wconf 88' lang='lat' dir='ltr'><strong>quibuscunque</strong></span> <span class='ocrx_word' id='word_1_311' title='bbox 981 2799 1214 2877; x_wconf 83' lang='lat' dir='ltr'><strong>negotiis</strong></span> <span class='ocrx_word' id='word_1_312' title='bbox 1242 2799 1329 2872; x_wconf 89' lang='lat' dir='ltr'><strong>agi</strong></span> <span class='ocrx_word' id='word_1_313' title='bbox 1374 2795 1596 2854; x_wconf 82' lang='lat' dir='ltr'><strong>necesse</strong></span> <span class='ocrx_word' id='word_1_314' title='bbox 1633 2795 1816 2852; x_wconf 90' lang='lat' dir='ltr'><strong>fuerit.</strong></span> <span class='ocrx_word' id='word_1_315' title='bbox 1868 2793 2132 2873; x_wconf 81' lang='lat' dir='ltr'><strong>Similiter</strong></span> 
     </span>
    </p>
   </div>
   <div class='ocr_carea' id='block_1_46' title="bbox 544 2879 2133 2963">
    <p class='ocr_par' dir='ltr' id='par_1_46' title="bbox 544 2879 2133 2963">
     <span class='ocr_line' id='line_1_46' title="bbox 544 2879 2133 2963; baseline -0.008 -15"><span class='ocrx_word' id='word_1_316' title='bbox 544 2879 772 2962; x_wconf 73' lang='lat' dir='ltr'><strong>tle-ipsis</strong></span> <span class='ocrx_word' id='word_1_317' title='bbox 812 2879 1244 2962; x_wconf 79' lang='lat' dir='ltr'><strong>provincialibus</strong></span> <span class='ocrx_word' id='word_1_318' title='bbox 1273 2888 1488 2955; x_wconf 87' lang='lat' dir='ltr'><strong>statuit,</strong></span> <span class='ocrx_word' id='word_1_319' title='bbox 1513 2896 1572 2963; x_wconf 91' lang='lat' dir='ltr'><strong>ut</strong></span> <span class='ocrx_word' id='word_1_320' title='bbox 1603 2885 1736 2941; x_wconf 85' lang='lat' dir='ltr'><strong>nihil</strong></span> <span class='ocrx_word' id='word_1_321' title='bbox 1766 2884 1848 2940; x_wconf 89' lang='lat' dir='ltr'><strong>eis</strong></span> <span class='ocrx_word' id='word_1_322' title='bbox 1881 2898 2133 2955; x_wconf 81' lang='lat' dir='ltr'><strong>segrega-</strong></span> 
     </span>
    </p>
   </div>
   <div class='ocr_carea' id='block_1_47' title="bbox 545 2964 2133 3051">
    <p class='ocr_par' dir='ltr' id='par_1_47' title="bbox 545 2964 2133 3051">
     <span class='ocr_line' id='line_1_47' title="bbox 545 2964 2133 3051; baseline -0.005 -15"><span class='ocrx_word' id='word_1_323' title='bbox 545 2983 646 3036; x_wconf 89' lang='lat' dir='ltr'><strong>tim</strong></span> <span class='ocrx_word' id='word_1_324' title='bbox 693 2989 788 3036; x_wconf 88' lang='lat' dir='ltr'><strong>aut</strong></span> <span class='ocrx_word' id='word_1_325' title='bbox 839 2964 1201 3036; x_wconf 83' lang='lat' dir='ltr'><strong>communiter</strong></span> <span class='ocrx_word' id='word_1_326' title='bbox 1253 2979 1457 3051; x_wconf 87' lang='lat' dir='ltr'><strong>absque</strong></span> <span class='ocrx_word' id='word_1_327' title='bbox 1506 2975 1922 3048; x_wconf 86' lang='lat' dir='ltr'><strong>metropolitano</strong></span> <span class='ocrx_word' id='word_1_328' title='bbox 1971 2988 2133 3044; x_wconf 82' lang='lat' dir='ltr'><strong>agere</strong></span> 
     </span>
    </p>
   </div>
   <div class='ocr_carea' id='block_1_48' title="bbox 546 3061 2133 3138">
    <p class='ocr_par' dir='ltr' id='par_1_48' title="bbox 546 3061 2133 3138">
     <span class='ocr_line' id='line_1_48' title="bbox 546 3061 2133 3138; baseline -0.006 -11"><span class='ocrx_word' id='word_1_329' title='bbox 546 3071 730 3136; x_wconf 88' lang='lat' dir='ltr'><strong>liceat,</strong></span> <span class='ocrx_word' id='word_1_330' title='bbox 748 3069 850 3124; x_wconf 90' lang='lat' dir='ltr'><strong>nisi</strong></span> <span class='ocrx_word' id='word_1_331' title='bbox 872 3069 938 3124; x_wconf 90' lang='lat' dir='ltr'><strong>de</strong></span> <span class='ocrx_word' id='word_1_332' title='bbox 964 3069 1049 3125; x_wconf 91' lang='lat' dir='ltr'><strong>his</strong></span> <span class='ocrx_word' id='word_1_333' title='bbox 1073 3067 1409 3124; x_wconf 86' lang='lat' dir='ltr'><strong>solummodo</strong></span> <span class='ocrx_word' id='word_1_334' title='bbox 1434 3083 1554 3138; x_wconf 77' lang='lat' dir='ltr'><strong>qua:</strong></span> <span class='ocrx_word' id='word_1_335' title='bbox 1577 3067 1645 3121; x_wconf 88' lang='lat' dir='ltr'><strong>ad</strong></span> <span class='ocrx_word' id='word_1_336' title='bbox 1670 3061 1856 3122; x_wconf 78' lang='lat' dir='ltr'><strong>eorum</strong></span> <span class='ocrx_word' id='word_1_337' title='bbox 1888 3064 2133 3136; x_wconf 87' lang='lat' dir='ltr'><strong>proprias</strong></span> 
     </span>
    </p>
   </div>
   <div class='ocr_carea' id='block_1_49' title="bbox 544 3155 2133 3233">
    <p class='ocr_par' dir='ltr' id='par_1_49' title="bbox 544 3155 2133 3233">
     <span class='ocr_line' id='line_1_49' title="bbox 544 3155 2133 3233; baseline -0.006 -14"><span class='ocrx_word' id='word_1_338' title='bbox 544 3161 833 3233; x_wconf 82' lang='lat' dir='ltr'><strong>parochias</strong></span> <span class='ocrx_word' id='word_1_339' title='bbox 868 3159 1162 3233; x_wconf 87' lang='lat' dir='ltr'><strong>pertinent.</strong></span> <span class='ocrx_word' id='word_1_340' title='bbox 1195 3158 1459 3216; x_wconf 88' lang='lat' dir='ltr'><strong>Similiter</strong></span> <span class='ocrx_word' id='word_1_341' title='bbox 1481 3155 1776 3232; x_wconf 91' lang='lat' dir='ltr'><strong>apostolica</strong></span> <span class='ocrx_word' id='word_1_342' title='bbox 1807 3155 2133 3210; x_wconf 85' lang='lat' dir='ltr'><strong>auctoritate</strong></span> 
     </span>
    </p>
   </div>
   <div class='ocr_carea' id='block_1_50' title="bbox 2225 1979 3820 2054">
    <p class='ocr_par' dir='ltr' id='par_1_50' title="bbox 2225 1979 3820 2054">
     <span class='ocr_line' id='line_1_50' title="bbox 2225 1979 3820 2054; baseline -0.004 -16"><span class='ocrx_word' id='word_1_343' title='bbox 2225 1983 2598 2054; x_wconf 88' lang='lat' dir='ltr'><strong>sepulcrorum</strong></span> <span class='ocrx_word' id='word_1_344' title='bbox 2649 1997 2864 2054; x_wconf 87' lang='lat' dir='ltr'><strong>quoque</strong></span> <span class='ocrx_word' id='word_1_345' title='bbox 2917 1981 3248 2053; x_wconf 76' lang='lat' dir='ltr'><strong>violatores,</strong></span> <span class='ocrx_word' id='word_1_346' title='bbox 3304 1989 3361 2037; x_wconf 90' lang='lat' dir='ltr'><strong>et</strong></span> <span class='ocrx_word' id='word_1_347' title='bbox 3401 1979 3820 2051; x_wconf 75' lang='lat' dir='ltr'><strong>apostolorum,</strong></span> 
     </span>
    </p>
   </div>
   <div class='ocr_carea' id='block_1_51' title="bbox 2225 2081 3819 2145">
    <p class='ocr_par' dir='ltr' id='par_1_51' title="bbox 2225 2081 3819 2145">
     <span class='ocr_line' id='line_1_51' title="bbox 2225 2081 3819 2145; baseline -0.003 -16"><span class='ocrx_word' id='word_1_348' title='bbox 2225 2089 2521 2145; x_wconf 88' lang='lat' dir='ltr'><strong>eorumque</strong></span> <span class='ocrx_word' id='word_1_349' title='bbox 2569 2089 2978 2139; x_wconf 69' lang='lat' dir='ltr'><strong>successorum,</strong></span> <span class='ocrx_word' id='word_1_350' title='bbox 3031 2081 3087 2128; x_wconf 75' lang='grc' dir='ltr'><strong>ει</strong></span> <span class='ocrx_word' id='word_1_351' title='bbox 3135 2083 3455 2129; x_wconf 70' lang='lat' dir='ltr'><strong>carterorum</strong></span> <span class='ocrx_word' id='word_1_352' title='bbox 3503 2081 3819 2126; x_wconf 70' lang='lat' dir='ltr'><strong>sanctorum</strong></span> 
     </span>
    </p>
   </div>
   <div class='ocr_carea' id='block_1_52' title="bbox 2225 2163 3820 2245">
    <p class='ocr_par' dir='ltr' id='par_1_52' title="bbox 2225 2163 3820 2245">
     <span class='ocr_line' id='line_1_52' title="bbox 2225 2163 3820 2245; baseline -0.002 -26"><span class='ocrx_word' id='word_1_353' title='bbox 2225 2163 2446 2219; x_wconf 86' lang='lat' dir='ltr'><strong>Patrum</strong></span> <span class='ocrx_word' id='word_1_354' title='bbox 2479 2166 2725 2245; x_wconf 85' lang='lat' dir='ltr'><strong>religiosa</strong></span> <span class='ocrx_word' id='word_1_355' title='bbox 2762 2175 2961 2241; x_wconf 85' lang='lat' dir='ltr'><strong>statuta</strong></span> <span class='ocrx_word' id='word_1_356' title='bbox 3002 2165 3239 2222; x_wconf 90' lang='lat' dir='ltr'><strong>libenter</strong></span> <span class='ocrx_word' id='word_1_357' title='bbox 3283 2164 3552 2221; x_wconf 75' lang='lat' dir='ltr'><strong>violantes</strong></span> <span class='ocrx_word' id='word_1_358' title='bbox 3574 2204 3591 2228; x_wconf 90' lang='lat'><strong>,</strong></span> <span class='ocrx_word' id='word_1_359' title='bbox 3623 2174 3680 2218; x_wconf 93' lang='lat' dir='ltr'><strong>et</strong></span> <span class='ocrx_word' id='word_1_360' title='bbox 3705 2179 3820 2218; x_wconf 79' lang='lat' dir='ltr'><strong>om-</strong></span> 
     </span>
    </p>
   </div>
   <div class='ocr_carea' id='block_1_53' title="bbox 2227 2253 3820 2330">
    <p class='ocr_par' dir='ltr' id='par_1_53' title="bbox 2227 2253 3820 2330">
     <span class='ocr_line' id='line_1_53' title="bbox 2227 2253 3820 2330; baseline -0.003 -19"><span class='ocrx_word' id='word_1_361' title='bbox 2227 2273 2326 2312; x_wconf 86' lang='lat' dir='ltr'><strong>nes</strong></span> <span class='ocrx_word' id='word_1_362' title='bbox 2379 2258 2469 2327; x_wconf 88' lang='lat' dir='ltr'><strong>qui</strong></span> <span class='ocrx_word' id='word_1_363' title='bbox 2527 2258 2790 2313; x_wconf 90' lang='lat' dir='ltr'><strong>adversus</strong></span> <span class='ocrx_word' id='word_1_364' title='bbox 2837 2256 3026 2312; x_wconf 82' lang='lat' dir='ltr'><strong>Patres</strong></span> <span class='ocrx_word' id='word_1_365' title='bbox 3070 2265 3372 2322; x_wconf 88' lang='lat' dir='ltr'><strong>armantur,</strong></span> <span class='ocrx_word' id='word_1_366' title='bbox 3426 2255 3688 2330; x_wconf 82' lang='lat' dir='ltr'><strong>similiter</strong></span> <span class='ocrx_word' id='word_1_367' title='bbox 3741 2253 3820 2307; x_wconf 89' lang='lat' dir='ltr'><strong>in-</strong></span> 
     </span>
    </p>
   </div>
   <div class='ocr_carea' id='block_1_54' title="bbox 2227 2347 3820 2429">
    <p class='ocr_par' dir='ltr' id='par_1_54' title="bbox 2227 2347 3820 2429">
     <span class='ocr_line' id='line_1_54' title="bbox 2227 2347 3820 2429; baseline -0.005 -23"><span class='ocrx_word' id='word_1_368' title='bbox 2227 2362 2528 2416; x_wconf 85' lang='lat' dir='ltr'><strong>ccstnosos,</strong></span> <span class='ocrx_word' id='word_1_369' title='bbox 2555 2350 2874 2416; x_wconf 89' lang='lat' dir='ltr'><strong>homicidas,</strong></span> <span class='ocrx_word' id='word_1_370' title='bbox 2907 2350 3178 2421; x_wconf 89' lang='lat' dir='ltr'><strong>perjuros,</strong></span> <span class='ocrx_word' id='word_1_371' title='bbox 3209 2359 3480 2429; x_wconf 86' lang='lat' dir='ltr'><strong>raptores,</strong></span> <span class='ocrx_word' id='word_1_372' title='bbox 3520 2347 3820 2409; x_wconf 78' lang='lat' dir='ltr'><strong>maleficos,</strong></span> 
     </span>
    </p>
   </div>
   <div class='ocr_carea' id='block_1_55' title="bbox 2230 2435 3824 2511">
    <p class='ocr_par' dir='ltr' id='par_1_55' title="bbox 2230 2435 3824 2511">
     <span class='ocr_line' id='line_1_55' title="bbox 2230 2435 3824 2511; baseline -0.004 -17"><span class='ocrx_word' id='word_1_373' title='bbox 2230 2441 2516 2506; x_wconf 85' lang='lat' dir='ltr'><strong>veneficos,</strong></span> <span class='ocrx_word' id='word_1_374' title='bbox 2541 2439 2838 2506; x_wconf 84' lang='lat' dir='ltr'><strong>adulteros,</strong></span> <span class='ocrx_word' id='word_1_375' title='bbox 2861 2439 2929 2496; x_wconf 90' lang='lat' dir='ltr'><strong>de</strong></span> <span class='ocrx_word' id='word_1_376' title='bbox 2953 2440 3110 2496; x_wconf 90' lang='lat' dir='ltr'><strong>bellis</strong></span> <span class='ocrx_word' id='word_1_377' title='bbox 3134 2439 3420 2511; x_wconf 89' lang='lat' dir='ltr'><strong>fugientes,</strong></span> <span class='ocrx_word' id='word_1_378' title='bbox 3447 2445 3506 2493; x_wconf 91' lang='lat' dir='ltr'><strong>et</strong></span> <span class='ocrx_word' id='word_1_379' title='bbox 3545 2436 3644 2506; x_wconf 87' lang='lat' dir='ltr'><strong>qui</strong></span> <span class='ocrx_word' id='word_1_380' title='bbox 3688 2435 3824 2490; x_wconf 69' lang='lat' dir='ltr'><strong>indi~</strong></span> 
     </span>
    </p>
   </div>
   <div class='ocr_carea' id='block_1_56' title="bbox 2229 2527 3824 2602">
    <p class='ocr_par' dir='ltr' id='par_1_56' title="bbox 2229 2527 3824 2602">
     <span class='ocr_line' id='line_1_56' title="bbox 2229 2527 3824 2602; baseline -0.004 -17"><span class='ocrx_word' id='word_1_381' title='bbox 2229 2546 2330 2602; x_wconf 83' lang='lat' dir='ltr'><strong>gna</strong></span> <span class='ocrx_word' id='word_1_382' title='bbox 2353 2541 2543 2602; x_wconf 90' lang='lat' dir='ltr'><strong>petunt</strong></span> <span class='ocrx_word' id='word_1_383' title='bbox 2567 2528 2671 2586; x_wconf 83' lang='lat' dir='ltr'><strong>sibi</strong></span> <span class='ocrx_word' id='word_1_384' title='bbox 2708 2531 2828 2586; x_wconf 89' lang='lat' dir='ltr'><strong>loca</strong></span> <span class='ocrx_word' id='word_1_385' title='bbox 2865 2539 3071 2597; x_wconf 84' lang='lat' dir='ltr'><strong>tenere,</strong></span> <span class='ocrx_word' id='word_1_386' title='bbox 3112 2538 3207 2585; x_wconf 85' lang='lat' dir='ltr'><strong>aut</strong></span> <span class='ocrx_word' id='word_1_387' title='bbox 3243 2528 3531 2585; x_wconf 84' lang='lat' dir='ltr'><strong>facultates</strong></span> <span class='ocrx_word' id='word_1_388' title='bbox 3579 2527 3824 2583; x_wconf 75' lang='lat' dir='ltr'><strong>ecclesia:</strong></span> 
     </span>
    </p>
   </div>
   <div class='ocr_carea' id='block_1_57' title="bbox 2230 2607 3826 2696">
    <p class='ocr_par' dir='ltr' id='par_1_57' title="bbox 2230 2607 3826 2696">
     <span class='ocr_line' id='line_1_57' title="bbox 2230 2607 3826 2696; baseline -0.004 -19"><span class='ocrx_word' id='word_1_389' title='bbox 2230 2617 2553 2678; x_wconf 80' lang='lat' dir='ltr'><strong>abstrahunt</strong></span> <span class='ocrx_word' id='word_1_390' title='bbox 2577 2607 2876 2696; x_wconf 65' lang='lat' dir='ltr'><strong>injuste,&#39;et</strong></span> <span class='ocrx_word' id='word_1_391' title='bbox 2908 2622 3000 2692; x_wconf 94' lang='lat' dir='ltr'><strong>qui</strong></span> <span class='ocrx_word' id='word_1_392' title='bbox 3037 2621 3236 2677; x_wconf 80' lang='lat' dir='ltr'><strong>fratres</strong></span> <span class='ocrx_word' id='word_1_393' title='bbox 3267 2620 3680 2677; x_wconf 81' lang='lat' dir='ltr'><strong>calumniantur</strong></span> <span class='ocrx_word' id='word_1_394' title='bbox 3732 2627 3826 2672; x_wconf 86' lang='lat' dir='ltr'><strong>aut</strong></span> 
     </span>
    </p>
   </div>
   <div class='ocr_carea' id='block_1_58' title="bbox 2230 2702 3826 2786">
    <p class='ocr_par' dir='ltr' id='par_1_58' title="bbox 2230 2702 3826 2786">
     <span class='ocr_line' id='line_1_58' title="bbox 2230 2702 3826 2786; baseline -0.003 -17"><span class='ocrx_word' id='word_1_395' title='bbox 2230 2702 2510 2783; x_wconf 83' lang='lat' dir='ltr'><strong>accusant,</strong></span> <span class='ocrx_word' id='word_1_396' title='bbox 2531 2725 2587 2770; x_wconf 91' lang='lat' dir='ltr'><strong>et</strong></span> <span class='ocrx_word' id='word_1_397' title='bbox 2617 2731 2723 2771; x_wconf 91' lang='lat' dir='ltr'><strong>non</strong></span> <span class='ocrx_word' id='word_1_398' title='bbox 2750 2712 3016 2786; x_wconf 89' lang='lat' dir='ltr'><strong>probant:</strong></span> <span class='ocrx_word' id='word_1_399' title='bbox 3048 2713 3132 2771; x_wconf 90' lang='lat' dir='ltr'><strong>vel</strong></span> <span class='ocrx_word' id='word_1_400' title='bbox 3159 2714 3252 2785; x_wconf 89' lang='lat' dir='ltr'><strong>qui</strong></span> <span class='ocrx_word' id='word_1_401' title='bbox 3277 2723 3470 2770; x_wconf 89' lang='lat' dir='ltr'><strong>contra</strong></span> <span class='ocrx_word' id='word_1_402' title='bbox 3503 2712 3826 2766; x_wconf 80' lang='lat' dir='ltr'><strong>innocentes</strong></span> 
     </span>
    </p>
   </div>
   <div class='ocr_carea' id='block_1_59' title="bbox 2231 2797 3826 2879">
    <p class='ocr_par' dir='ltr' id='par_1_59' title="bbox 2231 2797 3826 2879">
     <span class='ocr_line' id='line_1_59' title="bbox 2231 2797 3826 2879; baseline -0.003 -20"><span class='ocrx_word' id='word_1_403' title='bbox 2231 2797 2534 2879; x_wconf 76' lang='lat' dir='ltr'><strong>principum</strong></span> <span class='ocrx_word' id='word_1_404' title='bbox 2577 2802 2809 2863; x_wconf 77' lang='lat' dir='ltr'><strong>animos</strong></span> <span class='ocrx_word' id='word_1_405' title='bbox 2859 2807 2926 2863; x_wconf 90' lang='lat' dir='ltr'><strong>ad</strong></span> <span class='ocrx_word' id='word_1_406' title='bbox 2996 2806 3338 2862; x_wconf 85' lang='lat' dir='ltr'><strong>iracundiam</strong></span> <span class='ocrx_word' id='word_1_407' title='bbox 3389 2813 3719 2877; x_wconf 85' lang='lat' dir='ltr'><strong>provocant,</strong></span> <span class='ocrx_word' id='word_1_408' title='bbox 3774 2811 3826 2855; x_wconf 89' lang='lat' dir='ltr'><strong>et</strong></span> 
     </span>
    </p>
   </div>
   <div class='ocr_carea' id='block_1_60' title="bbox 2230 2881 3825 2968">
    <p class='ocr_par' dir='ltr' id='par_1_60' title="bbox 2230 2881 3825 2968">
     <span class='ocr_line' id='line_1_60' title="bbox 2230 2881 3825 2968; baseline -0.006 -13"><span class='ocrx_word' id='word_1_409' title='bbox 2230 2915 2420 2956; x_wconf 91' lang='lat' dir='ltr'><strong>omnes</strong></span> <span class='ocrx_word' id='word_1_410' title='bbox 2442 2900 2950 2965; x_wconf 85' lang='lat' dir='ltr'><strong>anathematizatos,</strong></span> <span class='ocrx_word' id='word_1_411' title='bbox 2985 2897 3068 2953; x_wconf 86' lang='lat' dir='ltr'><strong>vel</strong></span> <span class='ocrx_word' id='word_1_412' title='bbox 3093 2912 3192 2968; x_wconf 90' lang='lat' dir='ltr'><strong>pro</strong></span> <span class='ocrx_word' id='word_1_413' title='bbox 3235 2897 3350 2954; x_wconf 91' lang='lat' dir='ltr'><strong>suis</strong></span> <span class='ocrx_word' id='word_1_414' title='bbox 3391 2881 3698 2952; x_wconf 74' lang='lat' dir='ltr'><strong>sceleribus</strong></span> <span class='ocrx_word' id='word_1_415' title='bbox 3761 2893 3825 2946; x_wconf 82' lang='lat' dir='ltr'><strong>ab</strong></span> 
     </span>
    </p>
   </div>
   <div class='ocr_carea' id='block_1_61' title="bbox 2230 2976 3824 3081">
    <p class='ocr_par' dir='ltr' id='par_1_61' title="bbox 2230 2976 3824 3081">
     <span class='ocr_line' id='line_1_61' title="bbox 2230 2976 3824 3081; baseline -0.008 -34"><span class='ocrx_word' id='word_1_416' title='bbox 2230 2987 2460 3047; x_wconf 86' lang='lat' dir='ltr'><strong>ecclesia</strong></span> <span class='ocrx_word' id='word_1_417' title='bbox 2489 2976 2770 3070; x_wconf 81' lang='lat' dir='ltr'><strong>expulsos,</strong></span> <span class='ocrx_word' id='word_1_418' title='bbox 2791 2985 2858 3064; x_wconf 79' lang='lat' dir='ltr'><strong>et</strong></span> <span class='ocrx_word' id='word_1_419' title='bbox 2883 2981 3074 3046; x_wconf 28' lang='lat' dir='ltr'><strong>o&#39;umcs</strong></span> <span class='ocrx_word' id='word_1_420' title='bbox 3107 3005 3245 3081; x_wconf 82' lang='lat' dir='ltr'><strong>quos</strong></span> <span class='ocrx_word' id='word_1_421' title='bbox 3295 2986 3690 3062; x_wconf 67' lang='lat' dir='ltr'><strong>ecclesiastica:</strong></span> <span class='ocrx_word' id='word_1_422' title='bbox 3743 2982 3824 3068; x_wconf 76' lang='lat' dir='ltr'><strong>vel</strong></span> 
     </span>
    </p>
   </div>
   <div class='ocr_carea' id='block_1_62' title="bbox 2232 3074 3826 3152">
    <p class='ocr_par' dir='ltr' id='par_1_62' title="bbox 2232 3074 3826 3152">
     <span class='ocr_line' id='line_1_62' title="bbox 2232 3074 3826 3152; baseline -0.006 -14"><span class='ocrx_word' id='word_1_423' title='bbox 2232 3081 2416 3138; x_wconf 83' lang='lat' dir='ltr'><strong>saeculi</strong></span> <span class='ocrx_word' id='word_1_424' title='bbox 2447 3074 2594 3152; x_wconf 77' lang='lat' dir='ltr'><strong>leges</strong></span> <span class='ocrx_word' id='word_1_425' title='bbox 2622 3079 2851 3136; x_wconf 79' lang='lat' dir='ltr'><strong>infames</strong></span> <span class='ocrx_word' id='word_1_426' title='bbox 2894 3095 3016 3136; x_wconf 88' lang='lat' dir='ltr'><strong>esse</strong></span> <span class='ocrx_word' id='word_1_427' title='bbox 3050 3074 3404 3152; x_wconf 84' lang='lat' dir='ltr'><strong>pronuntiant</strong></span> <span class='ocrx_word' id='word_1_428' title='bbox 3435 3095 3449 3132; x_wconf 89' lang='lat'><strong>:</strong></span> <span class='ocrx_word' id='word_1_429' title='bbox 3488 3078 3594 3133; x_wconf 89' lang='lat' dir='ltr'><strong>bos</strong></span> <span class='ocrx_word' id='word_1_430' title='bbox 3633 3087 3826 3130; x_wconf 79' lang='lat' dir='ltr'><strong>omnes</strong></span> 
     </span>
    </p>
   </div>
   <div class='ocr_carea' id='block_1_63' title="bbox 2232 3163 3825 3242">
    <p class='ocr_par' dir='ltr' id='par_1_63' title="bbox 2232 3163 3825 3242">
     <span class='ocr_line' id='line_1_63' title="bbox 2232 3163 3825 3242; baseline -0.005 -15"><span class='ocrx_word' id='word_1_431' title='bbox 2232 3171 2464 3227; x_wconf 79' lang='lat' dir='ltr'><strong>infames</strong></span> <span class='ocrx_word' id='word_1_432' title='bbox 2500 3178 2620 3227; x_wconf 83' lang='lat' dir='ltr'><strong>esse</strong></span> <span class='ocrx_word' id='word_1_433' title='bbox 2652 3163 2959 3242; x_wconf 79' lang='lat' dir='ltr'><strong>descripsit,</strong></span> <span class='ocrx_word' id='word_1_434' title='bbox 2999 3171 3098 3226; x_wconf 91' lang='lat' dir='ltr'><strong>bos</strong></span> <span class='ocrx_word' id='word_1_435' title='bbox 3125 3171 3192 3226; x_wconf 91' lang='lat' dir='ltr'><strong>ad</strong></span> <span class='ocrx_word' id='word_1_436' title='bbox 3220 3185 3404 3226; x_wconf 90' lang='lat' dir='ltr'><strong>sacros</strong></span> <span class='ocrx_word' id='word_1_437' title='bbox 3443 3168 3648 3240; x_wconf 85' lang='lat' dir='ltr'><strong>gradus</strong></span> <span class='ocrx_word' id='word_1_438' title='bbox 3700 3181 3825 3240; x_wconf 58' lang='lat' dir='ltr'><strong>pro;</strong></span> 
     </span>
    </p>
   </div>
   <div class='ocr_carea' id='block_1_64' title="bbox 546 3244 3825 3332">
    <p class='ocr_par' dir='ltr' id='par_1_64' title="bbox 546 3244 3825 3332">
     <span class='ocr_line' id='line_1_64' title="bbox 546 3244 3825 3332; baseline -0.005 -7"><span class='ocrx_word' id='word_1_439' title='bbox 546 3253 825 3325; x_wconf 56' lang='lat' dir='ltr'><strong>P173099“,</strong></span> <span class='ocrx_word' id='word_1_440' title='bbox 859 3249 1117 3307; x_wconf 64' lang='grc' dir='ltr'><strong>υίηυυυδ</strong></span> <span class='ocrx_word' id='word_1_441' title='bbox 1145 3249 1588 3322; x_wconf 62' lang='grc' dir='ltr'><strong>ῖηθιΐοροίίιθηυε</strong></span> <span class='ocrx_word' id='word_1_442' title='bbox 1615 3249 1898 3320; x_wconf 68' lang='lat' dir='ltr'><strong>episcopus</strong></span> <span class='ocrx_word' id='word_1_443' title='bbox 1924 3247 2127 3316; x_wconf 70' lang='grc' dir='ltr'><strong>εὺείιυο</strong></span> <span class='ocrx_word' id='word_1_444' title='bbox 2156 3244 2200 3307; x_wconf 79' lang='lat' dir='ltr'>C</span> <span class='ocrx_word' id='word_1_445' title='bbox 2233 3263 2374 3328; x_wconf 88' lang='lat' dir='ltr'><strong>vehi,</strong></span> <span class='ocrx_word' id='word_1_446' title='bbox 2424 3274 2479 3319; x_wconf 90' lang='lat' dir='ltr'><strong>et</strong></span> <span class='ocrx_word' id='word_1_447' title='bbox 2526 3263 2594 3317; x_wconf 91' lang='lat' dir='ltr'><strong>ad</strong></span> <span class='ocrx_word' id='word_1_448' title='bbox 2649 3263 3050 3317; x_wconf 81' lang='lat' dir='ltr'><strong>accusationem</strong></span> <span class='ocrx_word' id='word_1_449' title='bbox 3092 3248 3270 3332; x_wconf 86' lang='lat' dir='ltr'><strong>recipi</strong></span> <span class='ocrx_word' id='word_1_450' title='bbox 3325 3260 3628 3315; x_wconf 71' lang='lat' dir='ltr'><strong>interdixit.</strong></span> <span class='ocrx_word' id='word_1_451' title='bbox 3693 3257 3825 3311; x_wconf 83' lang='lat' dir='ltr'><strong>Item</strong></span> 
     </span>
    </p>
   </div>
   <div class='ocr_carea' id='block_1_65' title="bbox 545 3337 2128 3414">
    <p class='ocr_par' dir='ltr' id='par_1_65' title="bbox 545 3337 2128 3414">
     <span class='ocr_line' id='line_1_65' title="bbox 545 3337 2128 3414; baseline -0.004 -15"><span class='ocrx_word' id='word_1_452' title='bbox 545 3344 789 3406; x_wconf 86' lang='lat' dir='ltr'><strong>omnium</strong></span> <span class='ocrx_word' id='word_1_453' title='bbox 819 3344 1282 3414; x_wconf 67' lang='lat' dir='ltr'><strong>sullrag‘aacorum</strong></span> <span class='ocrx_word' id='word_1_454' title='bbox 1331 3357 1552 3397; x_wconf 90' lang='lat' dir='ltr'><strong>suorum</strong></span> <span class='ocrx_word' id='word_1_455' title='bbox 1594 3339 1878 3412; x_wconf 63' lang='lat' dir='ltr'><strong>praisentia</strong></span> <span class='ocrx_word' id='word_1_456' title='bbox 1922 3337 2128 3406; x_wconf 47' lang='lat' dir='ltr'><strong>aliquo‘</strong></span> 
     </span>
    </p>
   </div>
   <div class='ocr_carea' id='block_1_66' title="bbox 548 3423 2173 3503">
    <p class='ocr_par' dir='ltr' id='par_1_66' title="bbox 548 3423 2173 3503">
     <span class='ocr_line' id='line_1_66' title="bbox 548 3423 2173 3503; baseline -0.004 -10"><span class='ocrx_word' id='word_1_457' title='bbox 548 3452 670 3493; x_wconf 88' lang='lat' dir='ltr'><strong>rum</strong></span> <span class='ocrx_word' id='word_1_458' title='bbox 699 3451 886 3493; x_wconf 87' lang='lat' dir='ltr'><strong>eorum</strong></span> <span class='ocrx_word' id='word_1_459' title='bbox 914 3437 1097 3491; x_wconf 89' lang='lat' dir='ltr'><strong>audiat</strong></span> <span class='ocrx_word' id='word_1_460' title='bbox 1120 3423 1343 3501; x_wconf 82' lang='lat' dir='ltr'><strong>causas;</strong></span> <span class='ocrx_word' id='word_1_461' title='bbox 1392 3431 1835 3503; x_wconf 73' lang='lat' dir='ltr'><strong>alioquin-irrita:</strong></span> <span class='ocrx_word' id='word_1_462' title='bbox 1864 3439 2046 3495; x_wconf 90' lang='lat' dir='ltr'><strong>erunt,</strong></span> <span class='ocrx_word' id='word_1_463' title='bbox 2075 3436 2130 3484; x_wconf 89' lang='lat' dir='ltr'><strong>et</strong></span> <span class='ocrx_word' id='word_1_464' title='bbox 2169 3483 2173 3486; x_wconf 89' lang='lat'>_</span> 
     </span>
    </p>
   </div>
   <div class='ocr_carea' id='block_1_67' title="bbox 548 3521 2132 3600">
    <p class='ocr_par' dir='ltr' id='par_1_67' title="bbox 548 3521 2132 3600">
     <span class='ocr_line' id='line_1_67' title="bbox 548 3521 2132 3600; baseline -0.008 -14"><span class='ocrx_word' id='word_1_465' title='bbox 548 3529 666 3600; x_wconf 86' lang='lat' dir='ltr'><strong>ipse</strong></span> <span class='ocrx_word' id='word_1_466' title='bbox 690 3544 911 3584; x_wconf 84' lang='lat' dir='ltr'><strong>causam</strong></span> <span class='ocrx_word' id='word_1_467' title='bbox 959 3527 1108 3582; x_wconf 89' lang='lat' dir='ltr'><strong>dabit</strong></span> <span class='ocrx_word' id='word_1_468' title='bbox 1139 3542 1238 3596; x_wconf 91' lang='lat' dir='ltr'><strong>pro</strong></span> <span class='ocrx_word' id='word_1_469' title='bbox 1279 3524 1443 3581; x_wconf 88' lang='lat' dir='ltr'><strong>facto.</strong></span> <span class='ocrx_word' id='word_1_470' title='bbox 1473 3524 1607 3580; x_wconf 91' lang='lat' dir='ltr'><strong>Item</strong></span> <span class='ocrx_word' id='word_1_471' title='bbox 1636 3521 1915 3594; x_wconf 72' lang='lat' dir='ltr'><strong>prtecepit,</strong></span> <span class='ocrx_word' id='word_1_472' title='bbox 1946 3530 2006 3577; x_wconf 89' lang='lat' dir='ltr'><strong>ut</strong></span> <span class='ocrx_word' id='word_1_473' title='bbox 2033 3535 2132 3591; x_wconf 87' lang='lat' dir='ltr'><strong>per</strong></span> 
     </span>
    </p>
   </div>
   <div class='ocr_carea' id='block_1_68' title="bbox 548 3613 2134 3693">
    <p class='ocr_par' dir='ltr' id='par_1_68' title="bbox 548 3613 2134 3693">
     <span class='ocr_line' id='line_1_68' title="bbox 548 3613 2134 3693; baseline -0.006 -16"><span class='ocrx_word' id='word_1_474' title='bbox 548 3620 790 3693; x_wconf 85' lang='lat' dir='ltr'><strong>singulas</strong></span> <span class='ocrx_word' id='word_1_475' title='bbox 816 3618 1124 3690; x_wconf 84' lang='lat' dir='ltr'><strong>provincias</strong></span> <span class='ocrx_word' id='word_1_476' title='bbox 1153 3619 1258 3674; x_wconf 91' lang='lat' dir='ltr'><strong>hoc</strong></span> <span class='ocrx_word' id='word_1_477' title='bbox 1299 3615 1537 3689; x_wconf 88' lang='lat' dir='ltr'><strong>episcopi</strong></span> <span class='ocrx_word' id='word_1_478' title='bbox 1585 3613 1891 3679; x_wconf 89' lang='lat' dir='ltr'><strong>observent,</strong></span> <span class='ocrx_word' id='word_1_479' title='bbox 1925 3628 1993 3668; x_wconf 89' lang='lat' dir='ltr'><strong>ne</strong></span> <span class='ocrx_word' id='word_1_480' title='bbox 2037 3628 2134 3684; x_wconf 89' lang='lat' dir='ltr'><strong>po-</strong></span> 
     </span>
    </p>
   </div>
   <div class='ocr_carea' id='block_1_69' title="bbox 549 3707 2130 3782">
    <p class='ocr_par' dir='ltr' id='par_1_69' title="bbox 549 3707 2130 3782">
     <span class='ocr_line' id='line_1_69' title="bbox 549 3707 2130 3782; baseline -0.005 -15"><span class='ocrx_word' id='word_1_481' title='bbox 549 3712 808 3768; x_wconf 87' lang='lat' dir='ltr'><strong>steriores</strong></span> <span class='ocrx_word' id='word_1_482' title='bbox 837 3727 896 3768; x_wconf 93' lang='lat' dir='ltr'><strong>se</strong></span> <span class='ocrx_word' id='word_1_483' title='bbox 926 3712 1200 3782; x_wconf 85' lang='lat' dir='ltr'><strong>prioribus</strong></span> <span class='ocrx_word' id='word_1_484' title='bbox 1225 3707 1346 3767; x_wconf 82' lang='lat' dir='ltr'><strong>suis</strong></span> <span class='ocrx_word' id='word_1_485' title='bbox 1366 3709 1688 3782; x_wconf 66' lang='lat' dir='ltr'><strong>praeferant;</strong></span> <span class='ocrx_word' id='word_1_486' title='bbox 1740 3724 1808 3764; x_wconf 88' lang='lat' dir='ltr'><strong>ne</strong></span> <span class='ocrx_word' id='word_1_487' title='bbox 1831 3708 1910 3762; x_wconf 73' lang='lat' dir='ltr'><strong>eis</strong></span> <span class='ocrx_word' id='word_1_488' title='bbox 1941 3707 2130 3761; x_wconf 85' lang='lat' dir='ltr'><strong>incon-</strong></span> 
     </span>
    </p>
   </div>
   <div class='ocr_carea' id='block_1_70' title="bbox 550 3784 2133 3878">
    <p class='ocr_par' dir='ltr' id='par_1_70' title="bbox 550 3784 2133 3878">
     <span class='ocr_line' id='line_1_70' title="bbox 550 3784 2133 3878; baseline -0.006 -20"><span class='ocrx_word' id='word_1_489' title='bbox 550 3800 729 3867; x_wconf 88' lang='lat' dir='ltr'><strong>sultis,</strong></span> <span class='ocrx_word' id='word_1_490' title='bbox 759 3801 864 3878; x_wconf 86' lang='lat' dir='ltr'><strong>nisi</strong></span> <span class='ocrx_word' id='word_1_491' title='bbox 891 3796 1154 3872; x_wconf 88' lang='lat' dir='ltr'><strong>quantum</strong></span> <span class='ocrx_word' id='word_1_492' title='bbox 1185 3784 1255 3865; x_wconf 81' lang='lat' dir='ltr'><strong>ad</strong></span> <span class='ocrx_word' id='word_1_493' title='bbox 1284 3799 1567 3872; x_wconf 84' lang='lat' dir='ltr'><strong>propriam</strong></span> <span class='ocrx_word' id='word_1_494' title='bbox 1617 3797 1930 3868; x_wconf 87' lang='lat' dir='ltr'><strong>parochiam</strong></span> <span class='ocrx_word' id='word_1_495' title='bbox 1967 3795 2133 3866; x_wconf 84' lang='lat' dir='ltr'><strong>perti-</strong></span> 
     </span>
    </p>
   </div>
   <div class='ocr_carea' id='block_1_71' title="bbox 551 3889 2133 3970">
    <p class='ocr_par' dir='ltr' id='par_1_71' title="bbox 551 3889 2133 3970">
     <span class='ocr_line' id='line_1_71' title="bbox 551 3889 2133 3970; baseline -0.007 -21"><span class='ocrx_word' id='word_1_496' title='bbox 551 3902 668 3962; x_wconf 91' lang='lat' dir='ltr'><strong>net,</strong></span> <span class='ocrx_word' id='word_1_497' title='bbox 697 3892 900 3964; x_wconf 88' lang='lat' dir='ltr'><strong>aliquid</strong></span> <span class='ocrx_word' id='word_1_498' title='bbox 935 3901 1098 3964; x_wconf 88' lang='lat' dir='ltr'><strong>agant</strong></span> <span class='ocrx_word' id='word_1_499' title='bbox 1123 3911 1136 3946; x_wconf 90' lang='lat'><strong>:</strong></span> <span class='ocrx_word' id='word_1_500' title='bbox 1167 3894 1261 3970; x_wconf 76' lang='lat' dir='ltr'><strong>sed</strong></span> <span class='ocrx_word' id='word_1_501' title='bbox 1283 3889 1754 3948; x_wconf 74' lang='lat' dir='ltr'><strong>de&#39;communibus</strong></span> <span class='ocrx_word' id='word_1_502' title='bbox 1787 3903 1974 3944; x_wconf 90' lang='lat' dir='ltr'><strong>eorum</strong></span> <span class='ocrx_word' id='word_1_503' title='bbox 2005 3901 2133 3940; x_wconf 86' lang='lat' dir='ltr'><strong>cau-</strong></span> 
     </span>
    </p>
   </div>
   <div class='ocr_carea' id='block_1_72' title="bbox 551 3975 2128 4060">
    <p class='ocr_par' dir='ltr' id='par_1_72' title="bbox 551 3975 2128 4060">
     <span class='ocr_line' id='line_1_72' title="bbox 551 3975 2128 4060; baseline -0.007 -15"><span class='ocrx_word' id='word_1_504' title='bbox 551 3990 629 4046; x_wconf 88' lang='lat' dir='ltr'><strong>sis</strong></span> <span class='ocrx_word' id='word_1_505' title='bbox 657 4001 955 4045; x_wconf 86' lang='lat' dir='ltr'><strong>consonam</strong></span> <span class='ocrx_word' id='word_1_506' title='bbox 983 3987 1308 4043; x_wconf 89' lang='lat' dir='ltr'><strong>sententiam</strong></span> <span class='ocrx_word' id='word_1_507' title='bbox 1331 3975 1611 4060; x_wconf 80' lang='lat' dir='ltr'><strong>proferant</strong></span> <span class='ocrx_word' id='word_1_508' title='bbox 1657 3993 1711 4038; x_wconf 83' lang='lat' dir='ltr'><strong>et</strong></span> <span class='ocrx_word' id='word_1_509' title='bbox 1737 3983 2128 4046; x_wconf 89' lang='lat' dir='ltr'><strong>determinent;</strong></span> 
     </span>
    </p>
   </div>
   <div class='ocr_carea' id='block_1_73' title="bbox 551 4065 2126 4151">
    <p class='ocr_par' dir='ltr' id='par_1_73' title="bbox 551 4065 2126 4151">
     <span class='ocr_line' id='line_1_73' title="bbox 551 4065 2126 4151; baseline -0.004 -17"><span class='ocrx_word' id='word_1_510' title='bbox 551 4080 675 4151; x_wconf 89' lang='lat' dir='ltr'><strong>quia</strong></span> <span class='ocrx_word' id='word_1_511' title='bbox 697 4079 858 4136; x_wconf 87' lang='lat' dir='ltr'><strong>aliter</strong></span> <span class='ocrx_word' id='word_1_512' title='bbox 883 4088 1016 4134; x_wconf 66' lang='lat' dir='ltr'><strong>acta:</strong></span> <span class='ocrx_word' id='word_1_513' title='bbox 1042 4078 1220 4134; x_wconf 85' lang='lat' dir='ltr'><strong>nullas</strong></span> <span class='ocrx_word' id='word_1_514' title='bbox 1259 4065 1406 4133; x_wconf 75' lang='lat' dir='ltr'><strong>vires</strong></span> <span class='ocrx_word' id='word_1_515' title='bbox 1447 4073 1760 4144; x_wconf 82' lang='lat' dir='ltr'><strong>habebunt,</strong></span> <span class='ocrx_word' id='word_1_516' title='bbox 1806 4092 1906 4131; x_wconf 90' lang='lat' dir='ltr'><strong>nec</strong></span> <span class='ocrx_word' id='word_1_517' title='bbox 1953 4073 2126 4130; x_wconf 87' lang='lat' dir='ltr'><strong>eccle-</strong></span> 
     </span>
    </p>
   </div>
   <div class='ocr_carea' id='block_1_74' title="bbox 549 4164 2134 4239">
    <p class='ocr_par' dir='ltr' id='par_1_74' title="bbox 549 4164 2134 4239">
     <span class='ocr_line' id='line_1_74' title="bbox 549 4164 2134 4239; baseline -0.004 -12"><span class='ocrx_word' id='word_1_518' title='bbox 549 4171 784 4228; x_wconf 80' lang='lat' dir='ltr'><strong>siasticae</strong></span> <span class='ocrx_word' id='word_1_519' title='bbox 812 4168 1224 4239; x_wconf 89' lang='lat' dir='ltr'><strong>reputabuntur.</strong></span> <span class='ocrx_word' id='word_1_520' title='bbox 1277 4167 1408 4224; x_wconf 92' lang='lat' dir='ltr'><strong>Item</strong></span> <span class='ocrx_word' id='word_1_521' title='bbox 1460 4168 1514 4222; x_wconf 91' lang='lat' dir='ltr'><strong>in</strong></span> <span class='ocrx_word' id='word_1_522' title='bbox 1562 4169 1749 4223; x_wconf 91' lang='lat' dir='ltr'><strong>eadem</strong></span> <span class='ocrx_word' id='word_1_523' title='bbox 1797 4164 2022 4237; x_wconf 87' lang='lat' dir='ltr'><strong>epistola</strong></span> <span class='ocrx_word' id='word_1_524' title='bbox 2066 4164 2134 4220; x_wconf 92' lang='lat' dir='ltr'><strong>de</strong></span> 
     </span>
    </p>
   </div>
   <div class='ocr_carea' id='block_1_75' title="bbox 551 4256 2138 4337">
    <p class='ocr_par' dir='ltr' id='par_1_75' title="bbox 551 4256 2138 4337">
     <span class='ocr_line' id='line_1_75' title="bbox 551 4256 2138 4337; baseline -0.009 -13"><span class='ocrx_word' id='word_1_525' title='bbox 551 4265 942 4337; x_wconf 82' lang='lat' dir='ltr'><strong>exspoliatione</strong></span> <span class='ocrx_word' id='word_1_526' title='bbox 962 4263 1103 4319; x_wconf 90' lang='lat' dir='ltr'><strong>dotis</strong></span> <span class='ocrx_word' id='word_1_527' title='bbox 1122 4273 1176 4318; x_wconf 92' lang='lat' dir='ltr'><strong>et</strong></span> <span class='ocrx_word' id='word_1_528' title='bbox 1197 4257 1527 4336; x_wconf 84' lang='lat' dir='ltr'><strong>oblationum</strong></span> <span class='ocrx_word' id='word_1_529' title='bbox 1547 4256 2138 4326; x_wconf 64' lang='lat' dir='ltr'><strong>ecclesiarumjconsu&#39;l-</strong></span> 
     </span>
    </p>
   </div>
   <div class='ocr_carea' id='block_1_76' title="bbox 553 4341 2134 4428">
    <p class='ocr_par' dir='ltr' id='par_1_76' title="bbox 553 4341 2134 4428">
     <span class='ocr_line' id='line_1_76' title="bbox 553 4341 2134 4428; baseline -0.006 -14"><span class='ocrx_word' id='word_1_530' title='bbox 553 4367 659 4426; x_wconf 89' lang='lat' dir='ltr'><strong>tus,</strong></span> <span class='ocrx_word' id='word_1_531' title='bbox 679 4357 830 4428; x_wconf 91' lang='lat' dir='ltr'><strong>prius</strong></span> <span class='ocrx_word' id='word_1_532' title='bbox 854 4354 1039 4410; x_wconf 89' lang='lat' dir='ltr'><strong>multis</strong></span> <span class='ocrx_word' id='word_1_533' title='bbox 1072 4351 1393 4420; x_wconf 88' lang='lat' dir='ltr'><strong>rationibus,</strong></span> <span class='ocrx_word' id='word_1_534' title='bbox 1411 4341 1464 4408; x_wconf 88' lang='lat' dir='ltr'><strong>et</strong></span> <span class='ocrx_word' id='word_1_535' title='bbox 1492 4353 1782 4408; x_wconf 89' lang='lat' dir='ltr'><strong>multorum</strong></span> <span class='ocrx_word' id='word_1_536' title='bbox 1813 4349 2134 4405; x_wconf 89' lang='lat' dir='ltr'><strong>auctoritate</strong></span> 
     </span>
    </p>
   </div>
   <div class='ocr_carea' id='block_1_77' title="bbox 551 4443 2134 4520">
    <p class='ocr_par' dir='ltr' id='par_1_77' title="bbox 551 4443 2134 4520">
     <span class='ocr_line' id='line_1_77' title="bbox 551 4443 2134 4520; baseline -0.003 -16"><span class='ocrx_word' id='word_1_537' title='bbox 551 4448 657 4504; x_wconf 88' lang='lat' dir='ltr'><strong>hoc</strong></span> <span class='ocrx_word' id='word_1_538' title='bbox 703 4462 877 4520; x_wconf 86' lang='lat' dir='ltr'><strong>genus</strong></span> <span class='ocrx_word' id='word_1_539' title='bbox 925 4445 1222 4503; x_wconf 88' lang='lat' dir='ltr'><strong>invasionis</strong></span> <span class='ocrx_word' id='word_1_540' title='bbox 1267 4455 1324 4503; x_wconf 92' lang='lat' dir='ltr'><strong>et</strong></span> <span class='ocrx_word' id='word_1_541' title='bbox 1369 4446 1571 4516; x_wconf 68' lang='lat' dir='ltr'><strong>rapinae</strong></span> <span class='ocrx_word' id='word_1_542' title='bbox 1625 4443 1970 4515; x_wconf 81' lang='lat' dir='ltr'><strong>sacrilegium</strong></span> <span class='ocrx_word' id='word_1_543' title='bbox 2013 4457 2134 4499; x_wconf 90' lang='lat' dir='ltr'><strong>csse</strong></span> 
     </span>
    </p>
   </div>
   <div class='ocr_carea' id='block_1_78' title="bbox 549 4525 2130 4610">
    <p class='ocr_par' dir='ltr' id='par_1_78' title="bbox 549 4525 2130 4610">
     <span class='ocr_line' id='line_1_78' title="bbox 549 4525 2130 4610; baseline -0.006 -12"><span class='ocrx_word' id='word_1_544' title='bbox 549 4539 792 4598; x_wconf 83' lang='lat' dir='ltr'><strong>ostendit</strong></span> <span class='ocrx_word' id='word_1_545' title='bbox 814 4539 928 4610; x_wconf 84' lang='lat' dir='ltr'><strong>(l7,</strong></span> <span class='ocrx_word' id='word_1_546' title='bbox 959 4554 1016 4610; x_wconf 94' lang='lat' dir='ltr'><strong>q.</strong></span> <span class='ocrx_word' id='word_1_547' title='bbox 1037 4538 1094 4605; x_wconf 69' lang='grc'><strong>4,</strong></span> <span class='ocrx_word' id='word_1_548' title='bbox 1117 4555 1167 4594; x_wconf 92' lang='lat' dir='ltr'><strong>c.</strong></span> <span class='ocrx_word' id='word_1_549' title='bbox 1201 4538 1305 4606; x_wconf 83' lang='lat' dir='ltr'><strong>Qui</strong></span> <span class='ocrx_word' id='word_1_550' title='bbox 1332 4539 1487 4608; x_wconf 83' lang='lat' dir='ltr'><strong>rapit.</strong></span> <span class='ocrx_word' id='word_1_551' title='bbox 1511 4540 1568 4594; x_wconf 89' lang='lat' dir='ltr'><strong>et</strong></span> <span class='ocrx_word' id='word_1_552' title='bbox 1590 4525 1642 4592; x_wconf 71' lang='lat' dir='ltr'><strong>c.</strong></span> <span class='ocrx_word' id='word_1_553' title='bbox 1665 4535 1858 4592; x_wconf 74' lang='lat' dir='ltr'><strong>Omnes</strong></span> <span class='ocrx_word' id='word_1_554' title='bbox 1880 4533 2130 4589; x_wconf 75' lang='lat' dir='ltr'><strong>Ecclesia:</strong></span> 
     </span>
    </p>
   </div>
   <div class='ocr_carea' id='block_1_79' title="bbox 491 4604 2210 4703">
    <p class='ocr_par' dir='ltr' id='par_1_79' title="bbox 491 4604 2210 4703">
     <span class='ocr_line' id='line_1_79' title="bbox 491 4604 2210 4703; baseline -0.002 -17"><span class='ocrx_word' id='word_1_555' title='bbox 491 4659 498 4667; x_wconf 72' lang='grc' dir='ltr'><em>ο</em></span> <span class='ocrx_word' id='word_1_556' title='bbox 553 4604 838 4703; x_wconf 48' lang='lat' dir='ltr'><strong>raptores);</strong></span> <span class='ocrx_word' id='word_1_557' title='bbox 883 4604 1236 4701; x_wconf 73' lang='lat' dir='ltr'><strong>postmodum</strong></span> <span class='ocrx_word' id='word_1_558' title='bbox 1251 4639 1306 4686; x_wconf 92' lang='lat' dir='ltr'><strong>et</strong></span> <span class='ocrx_word' id='word_1_559' title='bbox 1333 4604 1655 4685; x_wconf 81' lang='lat' dir='ltr'><strong>auctoritate</strong></span> <span class='ocrx_word' id='word_1_560' title='bbox 1675 4626 1736 4685; x_wconf 79' lang='lat' dir='ltr'><strong>et</strong></span> <span class='ocrx_word' id='word_1_561' title='bbox 1764 4629 1982 4684; x_wconf 85' lang='lat' dir='ltr'><strong>decreto</strong></span> <span class='ocrx_word' id='word_1_562' title='bbox 2008 4643 2129 4700; x_wconf 89' lang='lat' dir='ltr'><strong>pro-</strong></span> <span class='ocrx_word' id='word_1_563' title='bbox 2161 4604 2210 4662; x_wconf 73' lang='grc' dir='ltr'><strong>θ</strong></span> 
     </span>
    </p>
   </div>
   <div class='ocr_carea' id='block_1_80' title="bbox 552 4722 2130 4794">
    <p class='ocr_par' dir='ltr' id='par_1_80' title="bbox 552 4722 2130 4794">
     <span class='ocr_line' id='line_1_80' title="bbox 552 4722 2130 4794; baseline -0.004 -15"><span class='ocrx_word' id='word_1_564' title='bbox 552 4723 859 4794; x_wconf 90' lang='lat' dir='ltr'><strong>phctarum,</strong></span> <span class='ocrx_word' id='word_1_565' title='bbox 892 4722 1277 4793; x_wconf 89' lang='lat' dir='ltr'><strong>apostolorum,</strong></span> <span class='ocrx_word' id='word_1_566' title='bbox 1305 4737 1602 4794; x_wconf 90' lang='lat' dir='ltr'><strong>eorumque</strong></span> <span class='ocrx_word' id='word_1_567' title='bbox 1646 4737 2042 4782; x_wconf 84' lang='lat' dir='ltr'><strong>successorum.</strong></span> <span class='ocrx_word' id='word_1_568' title='bbox 2076 4730 2130 4775; x_wconf 92' lang='lat' dir='ltr'><strong>et</strong></span> 
     </span>
    </p>
   </div>
   <div class='ocr_carea' id='block_1_81' title="bbox 550 4814 2129 4890">
    <p class='ocr_par' dir='ltr' id='par_1_81' title="bbox 550 4814 2129 4890">
     <span class='ocr_line' id='line_1_81' title="bbox 550 4814 2129 4890; baseline -0.004 -16"><span class='ocrx_word' id='word_1_569' title='bbox 550 4818 790 4874; x_wconf 91' lang='lat' dir='ltr'><strong>omnium</strong></span> <span class='ocrx_word' id='word_1_570' title='bbox 835 4816 1224 4873; x_wconf 88' lang='lat' dir='ltr'><strong>catholicorum</strong></span> <span class='ocrx_word' id='word_1_571' title='bbox 1254 4816 1478 4870; x_wconf 88' lang='lat' dir='ltr'><strong>Patrum</strong></span> <span class='ocrx_word' id='word_1_572' title='bbox 1506 4815 1796 4886; x_wconf 81' lang='lat' dir='ltr'><strong>exemplis,</strong></span> <span class='ocrx_word' id='word_1_573' title='bbox 1825 4814 1960 4890; x_wconf 83' lang='lat' dir='ltr'><strong>talcs</strong></span> <span class='ocrx_word' id='word_1_574' title='bbox 1990 4829 2129 4882; x_wconf 70' lang='lat' dir='ltr'><strong>prae-</strong></span> 
     </span>
    </p>
   </div>
   <div class='ocr_carea' id='block_1_82' title="bbox 552 4888 2135 4980">
    <p class='ocr_par' dir='ltr' id='par_1_82' title="bbox 552 4888 2135 4980">
     <span class='ocr_line' id='line_1_82' title="bbox 552 4888 2135 4980; baseline -0.005 -16"><span class='ocrx_word' id='word_1_575' title='bbox 552 4918 877 4980; x_wconf 87' lang='lat' dir='ltr'><strong>sumptores,</strong></span> <span class='ocrx_word' id='word_1_576' title='bbox 903 4917 957 4963; x_wconf 89' lang='lat' dir='ltr'><strong>et</strong></span> <span class='ocrx_word' id='word_1_577' title='bbox 986 4907 1229 4963; x_wconf 76' lang='lat' dir='ltr'><strong>ecclesia:</strong></span> <span class='ocrx_word' id='word_1_578' title='bbox 1254 4915 1516 4978; x_wconf 89' lang='lat' dir='ltr'><strong>raptores,</strong></span> <span class='ocrx_word' id='word_1_579' title='bbox 1531 4916 1690 4977; x_wconf 88' lang='lat' dir='ltr'><strong>atque</strong></span> <span class='ocrx_word' id='word_1_580' title='bbox 1717 4888 1935 4962; x_wconf 77' lang='lat' dir='ltr'><strong>suarum</strong></span> <span class='ocrx_word' id='word_1_581' title='bbox 1966 4903 2135 4958; x_wconf 87' lang='lat' dir='ltr'><strong>facul-</strong></span> 
     </span>
    </p>
   </div>
   <div class='ocr_carea' id='block_1_83' title="bbox 555 4999 2132 5068">
    <p class='ocr_par' dir='ltr' id='par_1_83' title="bbox 555 4999 2132 5068">
     <span class='ocr_line' id='line_1_83' title="bbox 555 4999 2132 5068; baseline -0.003 -10"><span class='ocrx_word' id='word_1_582' title='bbox 555 5011 724 5058; x_wconf 86' lang='lat' dir='ltr'><strong>tatum</strong></span> <span class='ocrx_word' id='word_1_583' title='bbox 752 5001 1099 5068; x_wconf 89' lang='lat' dir='ltr'><strong>alienatores,</strong></span> <span class='ocrx_word' id='word_1_584' title='bbox 1127 5019 1157 5056; x_wconf 90' lang='lat' dir='ltr'><strong>a</strong></span> <span class='ocrx_word' id='word_1_585' title='bbox 1186 5001 1462 5056; x_wconf 87' lang='lat' dir='ltr'><strong>liminibus</strong></span> <span class='ocrx_word' id='word_1_586' title='bbox 1489 5010 1688 5057; x_wconf 73' lang='lat' dir='ltr'><strong>sancta:</strong></span> <span class='ocrx_word' id='word_1_587' title='bbox 1721 5001 1909 5055; x_wconf 88' lang='lat' dir='ltr'><strong>matris</strong></span> <span class='ocrx_word' id='word_1_588' title='bbox 1945 4999 2132 5056; x_wconf 86' lang='lat' dir='ltr'><strong>Eccle-</strong></span> 
     </span>
    </p>
   </div>
   <div class='ocr_carea' id='block_1_84' title="bbox 553 5090 2132 5161">
    <p class='ocr_par' dir='ltr' id='par_1_84' title="bbox 553 5090 2132 5161">
     <span class='ocr_line' id='line_1_84' title="bbox 553 5090 2132 5161; baseline -0.003 -13"><span class='ocrx_word' id='word_1_589' title='bbox 553 5093 647 5148; x_wconf 73' lang='lat' dir='ltr'><strong>site</strong></span> <span class='ocrx_word' id='word_1_590' title='bbox 692 5093 1134 5158; x_wconf 84' lang='lat' dir='ltr'><strong>anathematizat,</strong></span> <span class='ocrx_word' id='word_1_591' title='bbox 1182 5099 1236 5147; x_wconf 90' lang='lat' dir='ltr'><strong>et</strong></span> <span class='ocrx_word' id='word_1_592' title='bbox 1273 5093 1510 5159; x_wconf 91' lang='lat' dir='ltr'><strong>damnat,</strong></span> <span class='ocrx_word' id='word_1_593' title='bbox 1563 5099 1614 5146; x_wconf 92' lang='lat' dir='ltr'><strong>et</strong></span> <span class='ocrx_word' id='word_1_594' title='bbox 1665 5090 1955 5161; x_wconf 83' lang='lat' dir='ltr'><strong>sacrilegos</strong></span> <span class='ocrx_word' id='word_1_595' title='bbox 2010 5103 2132 5144; x_wconf 90' lang='lat' dir='ltr'><strong>esse</strong></span> 
     </span>
    </p>
   </div>
   <div class='ocr_carea' id='block_1_85' title="bbox 547 5182 2129 5258">
    <p class='ocr_par' dir='ltr' id='par_1_85' title="bbox 547 5182 2129 5258">
     <span class='ocr_line' id='line_1_85' title="bbox 547 5182 2129 5258; baseline -0.003 -20"><span class='ocrx_word' id='word_1_596' title='bbox 547 5183 757 5258; x_wconf 83' lang='lat' dir='ltr'><strong>judicat</strong></span> <span class='ocrx_word' id='word_1_597' title='bbox 786 5200 799 5238; x_wconf 88' lang='lat'>:</span> <span class='ocrx_word' id='word_1_598' title='bbox 831 5192 887 5238; x_wconf 88' lang='lat' dir='ltr'><strong>et</strong></span> <span class='ocrx_word' id='word_1_599' title='bbox 916 5199 1020 5239; x_wconf 93' lang='lat' dir='ltr'><strong>non</strong></span> <span class='ocrx_word' id='word_1_600' title='bbox 1042 5184 1217 5240; x_wconf 88' lang='lat' dir='ltr'><strong>solum</strong></span> <span class='ocrx_word' id='word_1_601' title='bbox 1259 5200 1374 5250; x_wconf 91' lang='lat' dir='ltr'><strong>eos,</strong></span> <span class='ocrx_word' id='word_1_602' title='bbox 1404 5183 1499 5239; x_wconf 90' lang='lat' dir='ltr'><strong>sed</strong></span> <span class='ocrx_word' id='word_1_603' title='bbox 1539 5198 1729 5238; x_wconf 90' lang='lat' dir='ltr'><strong>omnes</strong></span> <span class='ocrx_word' id='word_1_604' title='bbox 1771 5182 1852 5236; x_wconf 88' lang='lat' dir='ltr'><strong>eis</strong></span> <span class='ocrx_word' id='word_1_605' title='bbox 1897 5196 2129 5236; x_wconf 90' lang='lat' dir='ltr'><strong>consen-</strong></span> 
     </span>
    </p>
   </div>
   <div class='ocr_carea' id='block_1_86' title="bbox 555 5261 2130 5346">
    <p class='ocr_par' dir='ltr' id='par_1_86' title="bbox 555 5261 2130 5346">
     <span class='ocr_line' id='line_1_86' title="bbox 555 5261 2130 5346; baseline -0.001 -18"><span class='ocrx_word' id='word_1_606' title='bbox 555 5275 752 5329; x_wconf 89' lang='lat' dir='ltr'><strong>tientes</strong></span> <span class='ocrx_word' id='word_1_607' title='bbox 806 5288 822 5327; x_wconf 90' lang='lat'><strong>:</strong></span> <span class='ocrx_word' id='word_1_608' title='bbox 879 5274 1004 5346; x_wconf 88' lang='lat' dir='ltr'><strong>quia</strong></span> <span class='ocrx_word' id='word_1_609' title='bbox 1067 5291 1172 5330; x_wconf 90' lang='lat' dir='ltr'><strong>non</strong></span> <span class='ocrx_word' id='word_1_610' title='bbox 1237 5275 1411 5330; x_wconf 79' lang='lat' dir='ltr'><strong>soluat</strong></span> <span class='ocrx_word' id='word_1_611' title='bbox 1450 5273 1542 5343; x_wconf 89' lang='lat' dir='ltr'><strong>qui</strong></span> <span class='ocrx_word' id='word_1_612' title='bbox 1589 5269 1813 5336; x_wconf 87' lang='lat' dir='ltr'><strong>faciunt,</strong></span> <span class='ocrx_word' id='word_1_613' title='bbox 1845 5261 2130 5327; x_wconf 41' lang='lat' dir='ltr'><strong>&#39;sc&#39;d‘etiam</strong></span> 
     </span>
    </p>
   </div>
   <div class='ocr_carea' id='block_1_87' title="bbox 552 5356 2131 5437">
    <p class='ocr_par' dir='ltr' id='par_1_87' title="bbox 552 5356 2131 5437">
     <span class='ocr_line' id='line_1_87' title="bbox 552 5356 2131 5437; baseline -0.004 -16"><span class='ocrx_word' id='word_1_614' title='bbox 552 5367 647 5437; x_wconf 86' lang='lat' dir='ltr'><strong>qui</strong></span> <span class='ocrx_word' id='word_1_615' title='bbox 679 5364 1005 5421; x_wconf 89' lang='lat' dir='ltr'><strong>facientibus</strong></span> <span class='ocrx_word' id='word_1_616' title='bbox 1029 5367 1390 5434; x_wconf 89' lang='lat' dir='ltr'><strong>consentiunt,</strong></span> <span class='ocrx_word' id='word_1_617' title='bbox 1426 5366 1503 5422; x_wconf 85' lang='lat' dir='ltr'><strong>rei</strong></span> <span class='ocrx_word' id='word_1_618' title='bbox 1551 5356 1700 5432; x_wconf 82' lang='lat' dir='ltr'><strong>sunt,</strong></span> <span class='ocrx_word' id='word_1_619' title='bbox 1727 5373 1783 5420; x_wconf 90' lang='lat' dir='ltr'><strong>et</strong></span> <span class='ocrx_word' id='word_1_620' title='bbox 1810 5362 2131 5433; x_wconf 82' lang='lat' dir='ltr'><strong>jndicantur</strong></span> 
     </span>
    </p>
   </div>
   <div class='ocr_carea' id='block_1_88' title="bbox 552 5455 2132 5532">
    <p class='ocr_par' dir='ltr' id='par_1_88' title="bbox 552 5455 2132 5532">
     <span class='ocr_line' id='line_1_88' title="bbox 552 5455 2132 5532; baseline -0.003 -18"><span class='ocrx_word' id='word_1_621' title='bbox 552 5455 728 5529; x_wconf 80' lang='lat' dir='ltr'><strong>(Rom.</strong></span> <span class='ocrx_word' id='word_1_622' title='bbox 758 5457 820 5532; x_wconf 87' lang='grc' dir='ltr'><strong>ι).</strong></span> <span class='ocrx_word' id='word_1_623' title='bbox 877 5457 983 5513; x_wconf 79' lang='lat' dir='ltr'><strong>Par</strong></span> <span class='ocrx_word' id='word_1_624' title='bbox 1011 5459 1154 5514; x_wconf 90' lang='lat' dir='ltr'><strong>enim</strong></span> <span class='ocrx_word' id='word_1_625' title='bbox 1192 5475 1354 5531; x_wconf 76' lang='grc' dir='ltr'><strong>ραιιιει</strong></span> <span class='ocrx_word' id='word_1_626' title='bbox 1387 5468 1442 5516; x_wconf 90' lang='lat' dir='ltr'><strong>et</strong></span> <span class='ocrx_word' id='word_1_627' title='bbox 1469 5469 1691 5531; x_wconf 82' lang='lat' dir='ltr'><strong>agentes</strong></span> <span class='ocrx_word' id='word_1_628' title='bbox 1711 5467 1767 5516; x_wconf 87' lang='lat' dir='ltr'><strong>et</strong></span> <span class='ocrx_word' id='word_1_629' title='bbox 1791 5458 2132 5514; x_wconf 89' lang='lat' dir='ltr'><strong>consentien-</strong></span> 
     </span>
    </p>
   </div>
   <div class='ocr_carea' id='block_1_89' title="bbox 555 5537 2130 5625">
    <p class='ocr_par' dir='ltr' id='par_1_89' title="bbox 555 5537 2130 5625">
     <span class='ocr_line' id='line_1_89' title="bbox 555 5537 2130 5625; baseline -0.032 -8"><span class='ocrx_word' id='word_1_630' title='bbox 555 5563 634 5618; x_wconf 76' lang='lat' dir='ltr'><strong>tes</strong></span> <span class='ocrx_word' id='word_1_631' title='bbox 663 5553 1102 5625; x_wconf 86' lang='lat' dir='ltr'><strong>comprehendet.</strong></span> <span class='ocrx_word' id='word_1_632' title='bbox 1584 5553 1587 5556; x_wconf 93' lang='grc'><strong>·</strong></span> <span class='ocrx_word' id='word_1_633' title='bbox 2035 5558 2038 5561; x_wconf 89' lang='grc'>.</span> <span class='ocrx_word' id='word_1_634' title='bbox 2118 5537 2130 5552; x_wconf 70' lang='grc' dir='ltr'><em>ο</em></span> 
     </span>
    </p>
   </div>
   <div class='ocr_carea' id='block_1_90' title="bbox 573 5643 1758 5702">
    <p class='ocr_par' dir='ltr' id='par_1_90' title="bbox 573 5643 1758 5702">
     <span class='ocr_line' id='line_1_90' title="bbox 573 5643 1758 5702; baseline -0.004 -1"><span class='ocrx_word' id='word_1_635' title='bbox 573 5647 576 5650; x_wconf 74' lang='grc'><strong>’</strong></span> <span class='ocrx_word' id='word_1_636' title='bbox 920 5643 1112 5701; x_wconf 81' lang='lat' dir='ltr'><strong>XXIV.</strong></span> <span class='ocrx_word' id='word_1_637' title='bbox 1145 5675 1214 5686; x_wconf 92' lang='lat'><strong>-—</strong></span> <span class='ocrx_word' id='word_1_638' title='bbox 1243 5645 1301 5699; x_wconf 86' lang='lat' dir='ltr'><strong>S.</strong></span> <span class='ocrx_word' id='word_1_639' title='bbox 1331 5643 1758 5702; x_wconf 81' lang='lat' dir='ltr'><strong>STEPHANUS.</strong></span> 
     </span>
    </p>
   </div>
   <div class='ocr_carea' id='block_1_91' title="bbox 1047 5721 1653 5809">
    <p class='ocr_par' dir='ltr' id='par_1_91' title="bbox 1047 5721 1653 5809">
     <span class='ocr_line' id='line_1_91' title="bbox 1047 5721 1653 5809; baseline 0.003 -21"><span class='ocrx_word' id='word_1_640' title='bbox 1047 5736 1222 5809; x_wconf 79' lang='lat' dir='ltr'><strong>(Anno</strong></span> <span class='ocrx_word' id='word_1_641' title='bbox 1249 5735 1444 5789; x_wconf 64' lang='lat' dir='ltr'><strong>omnia</strong></span> <span class='ocrx_word' id='word_1_642' title='bbox 1483 5721 1653 5808; x_wconf 65' lang='lat'><strong>257.)&quot;</strong></span> 
     </span>
    </p>
   </div>
   <div class='ocr_carea' id='block_1_92' title="bbox 629 5824 2130 5904">
    <p class='ocr_par' dir='ltr' id='par_1_92' title="bbox 629 5824 2130 5904">
     <span class='ocr_line' id='line_1_92' title="bbox 629 5824 2130 5904; baseline 0.003 -22"><span class='ocrx_word' id='word_1_643' title='bbox 629 5824 957 5903; x_wconf 80' lang='lat' dir='ltr'><strong>Stephanus,</strong></span> <span class='ocrx_word' id='word_1_644' title='bbox 986 5828 1208 5904; x_wconf 79' lang='lat' dir='ltr'><strong>natione</strong></span> <span class='ocrx_word' id='word_1_645' title='bbox 1255 5827 1568 5894; x_wconf 67' lang='lat' dir='ltr'><strong>Rullianus,</strong></span> <span class='ocrx_word' id='word_1_646' title='bbox 1614 5842 1680 5882; x_wconf 80' lang='lat' dir='ltr'><strong>ex</strong></span> <span class='ocrx_word' id='word_1_647' title='bbox 1731 5839 1884 5899; x_wconf 84' lang='lat' dir='ltr'><strong>patre</strong></span> <span class='ocrx_word' id='word_1_648' title='bbox 1927 5827 2130 5900; x_wconf 88' lang='lat' dir='ltr'><strong>Lobio,</strong></span> 
     </span>
    </p>
   </div>
   <div class='ocr_carea' id='block_1_93' title="bbox 2229 3348 3827 3432">
    <p class='ocr_par' dir='ltr' id='par_1_93' title="bbox 2229 3348 3827 3432">
     <span class='ocr_line' id='line_1_93' title="bbox 2229 3348 3827 3432; baseline -0.005 -23"><span class='ocrx_word' id='word_1_649' title='bbox 2229 3370 2417 3431; x_wconf 76' lang='lat' dir='ltr'><strong>servos</strong></span> <span class='ocrx_word' id='word_1_650' title='bbox 2450 3364 2576 3409; x_wconf 87' lang='lat' dir='ltr'><strong>ante</strong></span> <span class='ocrx_word' id='word_1_651' title='bbox 2611 3353 2905 3430; x_wconf 62' lang='lat' dir='ltr'><strong>legitimam</strong></span> <span class='ocrx_word' id='word_1_652' title='bbox 2939 3351 3244 3432; x_wconf 77' lang='lat' dir='ltr'><strong>libertatem</strong></span> <span class='ocrx_word' id='word_1_653' title='bbox 3283 3351 3632 3422; x_wconf 79' lang='lat' dir='ltr'><strong>ptenitentes,</strong></span> <span class='ocrx_word' id='word_1_654' title='bbox 3675 3348 3827 3419; x_wconf 58' lang='lat' dir='ltr'><strong>(liga.</strong></span> 
     </span>
    </p>
   </div>
   <div class='ocr_carea' id='block_1_94' title="bbox 2232 3428 3828 3514">
    <p class='ocr_par' dir='ltr' id='par_1_94' title="bbox 2232 3428 3828 3514">
     <span class='ocr_line' id='line_1_94' title="bbox 2232 3428 3828 3514; baseline -0.005 -14"><span class='ocrx_word' id='word_1_655' title='bbox 2232 3428 2350 3500; x_wconf 70' lang='lat' dir='ltr'><strong>tntis</strong></span> <span class='ocrx_word' id='word_1_656' title='bbox 2392 3460 2486 3500; x_wconf 85' lang='lat' dir='ltr'><strong>eos</strong></span> <span class='ocrx_word' id='word_1_657' title='bbox 2527 3445 2617 3514; x_wconf 89' lang='lat' dir='ltr'><strong>qui</strong></span> <span class='ocrx_word' id='word_1_658' title='bbox 2657 3428 3187 3508; x_wconf 15' lang='lat' dir='ltr'><strong>curim&#39;deserviunt,</strong></span> <span class='ocrx_word' id='word_1_659' title='bbox 3242 3433 3472 3510; x_wconf 15' lang='lat' dir='ltr'><strong>veli‘qui</strong></span> <span class='ocrx_word' id='word_1_660' title='bbox 3523 3455 3629 3494; x_wconf 87' lang='lat' dir='ltr'><strong>non</strong></span> <span class='ocrx_word' id='word_1_661' title='bbox 3701 3447 3828 3492; x_wconf 77' lang='lat' dir='ltr'><strong>sunt</strong></span> 
     </span>
    </p>
   </div>
   <div class='ocr_carea' id='block_1_95' title="bbox 2231 3529 3824 3610">
    <p class='ocr_par' dir='ltr' id='par_1_95' title="bbox 2231 3529 3824 3610">
     <span class='ocr_line' id='line_1_95' title="bbox 2231 3529 3824 3610; baseline -0.003 -20"><span class='ocrx_word' id='word_1_662' title='bbox 2231 3550 2457 3604; x_wconf 84' lang='lat' dir='ltr'><strong>corpore</strong></span> <span class='ocrx_word' id='word_1_663' title='bbox 2488 3535 2702 3605; x_wconf 77' lang='lat' dir='ltr'><strong>integri,</strong></span> <span class='ocrx_word' id='word_1_664' title='bbox 2725 3535 2807 3589; x_wconf 89' lang='lat' dir='ltr'><strong>vel</strong></span> <span class='ocrx_word' id='word_1_665' title='bbox 2845 3535 2936 3604; x_wconf 91' lang='lat' dir='ltr'><strong>qui</strong></span> <span class='ocrx_word' id='word_1_666' title='bbox 2975 3550 3160 3610; x_wconf 85' lang='lat' dir='ltr'><strong>sanam</strong></span> <span class='ocrx_word' id='word_1_667' title='bbox 3194 3544 3429 3610; x_wconf 86' lang='lat' dir='ltr'><strong>mentem</strong></span> <span class='ocrx_word' id='word_1_668' title='bbox 3458 3547 3565 3587; x_wconf 83' lang='lat' dir='ltr'><strong>non</strong></span> <span class='ocrx_word' id='word_1_669' title='bbox 3593 3529 3824 3593; x_wconf 83' lang='lat' dir='ltr'><strong>habent,</strong></span> 
     </span>
    </p>
   </div>
   <div class='ocr_carea' id='block_1_96' title="bbox 2231 3607 3828 3688">
    <p class='ocr_par' dir='ltr' id='par_1_96' title="bbox 2231 3607 3828 3688">
     <span class='ocr_line' id='line_1_96' title="bbox 2231 3607 3828 3688; baseline -0.003 -9"><span class='ocrx_word' id='word_1_670' title='bbox 2231 3636 2324 3679; x_wconf 87' lang='lat' dir='ltr'><strong>aut</strong></span> <span class='ocrx_word' id='word_1_671' title='bbox 2354 3625 2702 3688; x_wconf 70' lang='lat' dir='ltr'><strong>intellectum,</strong></span> <span class='ocrx_word' id='word_1_672' title='bbox 2727 3633 2820 3678; x_wconf 90' lang='lat' dir='ltr'><strong>aut</strong></span> <span class='ocrx_word' id='word_1_673' title='bbox 2850 3607 3226 3687; x_wconf 80' lang='lat' dir='ltr'><strong>inobedicntcs</strong></span> <span class='ocrx_word' id='word_1_674' title='bbox 3246 3607 3561 3677; x_wconf 77' lang='lat' dir='ltr'><strong>sanctorum</strong></span> <span class='ocrx_word' id='word_1_675' title='bbox 3586 3619 3828 3675; x_wconf 86' lang='lat' dir='ltr'><strong>decretis</strong></span> 
     </span>
    </p>
   </div>
   <div class='ocr_carea' id='block_1_97' title="bbox 2230 3699 3826 3788">
    <p class='ocr_par' dir='ltr' id='par_1_97' title="bbox 2230 3699 3826 3788">
     <span class='ocr_line' id='line_1_97' title="bbox 2230 3699 3826 3788; baseline -0.004 -15"><span class='ocrx_word' id='word_1_676' title='bbox 2230 3719 2490 3784; x_wconf 72' lang='lat' dir='ltr'><strong>existunt,</strong></span> <span class='ocrx_word' id='word_1_677' title='bbox 2519 3718 2584 3772; x_wconf 90' lang='lat' dir='ltr'><strong>ad</strong></span> <span class='ocrx_word' id='word_1_678' title='bbox 2610 3733 2796 3772; x_wconf 87' lang='lat' dir='ltr'><strong>sacros</strong></span> <span class='ocrx_word' id='word_1_679' title='bbox 2823 3718 3022 3788; x_wconf 83' lang='lat' dir='ltr'><strong>gradus</strong></span> <span class='ocrx_word' id='word_1_680' title='bbox 3050 3699 3430 3788; x_wconf 80' lang='lat' dir='ltr'><strong>provehendos</strong></span> <span class='ocrx_word' id='word_1_681' title='bbox 3461 3729 3582 3770; x_wconf 87' lang='lat' dir='ltr'><strong>esse</strong></span> <span class='ocrx_word' id='word_1_682' title='bbox 3623 3712 3826 3784; x_wconf 86' lang='lat' dir='ltr'><strong>probi-</strong></span> 
     </span>
    </p>
   </div>
   <div class='ocr_carea' id='block_1_98' title="bbox 2231 3794 3828 3879">
    <p class='ocr_par' dir='ltr' id='par_1_98' title="bbox 2231 3794 3828 3879">
     <span class='ocr_line' id='line_1_98' title="bbox 2231 3794 3828 3879; baseline -0.006 -11"><span class='ocrx_word' id='word_1_683' title='bbox 2231 3814 2365 3868; x_wconf 90' lang='lat' dir='ltr'><strong>buit.</strong></span> <span class='ocrx_word' id='word_1_684' title='bbox 2419 3811 2527 3868; x_wconf 82' lang='lat' dir='ltr'><strong>Nec</strong></span> <span class='ocrx_word' id='word_1_685' title='bbox 2581 3813 2736 3875; x_wconf 87' lang='lat' dir='ltr'><strong>istos,</strong></span> <span class='ocrx_word' id='word_1_686' title='bbox 2785 3810 3076 3876; x_wconf 86' lang='lat' dir='ltr'><strong>videlicet,</strong></span> <span class='ocrx_word' id='word_1_687' title='bbox 3125 3794 3485 3879; x_wconf 82' lang='lat' dir='ltr'><strong>supradictas,</strong></span> <span class='ocrx_word' id='word_1_688' title='bbox 3517 3802 3671 3860; x_wconf 81' lang='lat' dir='ltr'><strong>item</strong></span> <span class='ocrx_word' id='word_1_689' title='bbox 3730 3822 3828 3860; x_wconf 84' lang='lat' dir='ltr'><strong>nec</strong></span> 
     </span>
    </p>
   </div>
   <div class='ocr_carea' id='block_1_99' title="bbox 2234 3897 3829 3975">
    <p class='ocr_par' dir='ltr' id='par_1_99' title="bbox 2234 3897 3829 3975">
     <span class='ocr_line' id='line_1_99' title="bbox 2234 3897 3829 3975; baseline -0.007 -13"><span class='ocrx_word' id='word_1_690' title='bbox 2234 3908 2481 3972; x_wconf 84' lang='lat' dir='ltr'><strong>libertos,</strong></span> <span class='ocrx_word' id='word_1_691' title='bbox 2513 3920 2688 3974; x_wconf 86' lang='lat' dir='ltr'><strong>neque</strong></span> <span class='ocrx_word' id='word_1_692' title='bbox 2737 3911 3038 3972; x_wconf 82' lang='lat' dir='ltr'><strong>suspectos,</strong></span> <span class='ocrx_word' id='word_1_693' title='bbox 3087 3916 3187 3956; x_wconf 91' lang='lat' dir='ltr'><strong>nec</strong></span> <span class='ocrx_word' id='word_1_694' title='bbox 3232 3910 3440 3975; x_wconf 86' lang='lat' dir='ltr'><strong>rectam</strong></span> <span class='ocrx_word' id='word_1_695' title='bbox 3483 3897 3684 3962; x_wconf 77' lang='lat' dir='ltr'><strong>tidem,</strong></span> <span class='ocrx_word' id='word_1_696' title='bbox 3731 3911 3829 3951; x_wconf 82' lang='lat' dir='ltr'><strong>nec</strong></span> 
     </span>
    </p>
   </div>
   <div class='ocr_carea' id='block_1_100' title="bbox 2232 3986 3828 4072">
    <p class='ocr_par' dir='ltr' id='par_1_100' title="bbox 2232 3986 3828 4072">
     <span class='ocr_line' id='line_1_100' title="bbox 2232 3986 3828 4072; baseline -0.009 -17"><span class='ocrx_word' id='word_1_697' title='bbox 2232 3999 2450 4072; x_wconf 87' lang='lat' dir='ltr'><strong>dignam</strong></span> <span class='ocrx_word' id='word_1_698' title='bbox 2483 3995 2955 4052; x_wconf 89' lang='lat' dir='ltr'><strong>conversationem</strong></span> <span class='ocrx_word' id='word_1_699' title='bbox 2988 3993 3272 4056; x_wconf 81' lang='lat' dir='ltr'><strong>habentes,</strong></span> <span class='ocrx_word' id='word_1_700' title='bbox 3299 4005 3542 4045; x_wconf 88' lang='lat' dir='ltr'><strong>summos</strong></span> <span class='ocrx_word' id='word_1_701' title='bbox 3569 3986 3828 4043; x_wconf 80' lang='lat' dir='ltr'><strong>sacerdo-</strong></span> 
     </span>
    </p>
   </div>
   <div class='ocr_carea' id='block_1_101' title="bbox 2233 4076 3827 4155">
    <p class='ocr_par' dir='ltr' id='par_1_101' title="bbox 2233 4076 3827 4155">
     <span class='ocr_line' id='line_1_101' title="bbox 2233 4076 3827 4155; baseline -0.008 -11"><span class='ocrx_word' id='word_1_702' title='bbox 2233 4098 2315 4145; x_wconf 91' lang='lat' dir='ltr'><strong>tes</strong></span> <span class='ocrx_word' id='word_1_703' title='bbox 2343 4102 2599 4142; x_wconf 89' lang='lat' dir='ltr'><strong>accusare</strong></span> <span class='ocrx_word' id='word_1_704' title='bbox 2621 4098 2778 4155; x_wconf 88' lang='lat' dir='ltr'><strong>possc</strong></span> <span class='ocrx_word' id='word_1_705' title='bbox 2807 4082 3136 4154; x_wconf 85' lang='lat' dir='ltr'><strong>asseruit(de</strong></span> <span class='ocrx_word' id='word_1_706' title='bbox 3165 4079 3323 4136; x_wconf 83' lang='lat' dir='ltr'><strong>Cous.</strong></span> <span class='ocrx_word' id='word_1_707' title='bbox 3347 4081 3472 4134; x_wconf 90' lang='lat' dir='ltr'><strong>dist.</strong></span> <span class='ocrx_word' id='word_1_708' title='bbox 3503 4077 3618 4152; x_wconf 54' lang='grc' dir='ltr'><strong>με.</strong></span> <span class='ocrx_word' id='word_1_709' title='bbox 3657 4076 3827 4146; x_wconf 52' lang='lat' dir='ltr'><strong>Vestis</strong></span> 
     </span>
    </p>
   </div>
   <div class='ocr_carea' id='block_1_102' title="bbox 2233 4168 3825 4247">
    <p class='ocr_par' dir='ltr' id='par_1_102' title="bbox 2233 4168 3825 4247">
     <span class='ocr_line' id='line_1_102' title="bbox 2233 4168 3825 4247; baseline -0.008 -13"><span class='ocrx_word' id='word_1_710' title='bbox 2233 4177 2450 4247; x_wconf 85' lang='lat' dir='ltr'><strong>menta).</strong></span> <span class='ocrx_word' id='word_1_711' title='bbox 2501 4176 2797 4232; x_wconf 81' lang='lat' dir='ltr'><strong>Praedictus</strong></span> <span class='ocrx_word' id='word_1_712' title='bbox 2823 4188 2961 4244; x_wconf 87' lang='lat' dir='ltr'><strong>papa</strong></span> <span class='ocrx_word' id='word_1_713' title='bbox 3007 4173 3061 4228; x_wconf 92' lang='lat' dir='ltr'><strong>in</strong></span> <span class='ocrx_word' id='word_1_714' title='bbox 3105 4171 3296 4228; x_wconf 90' lang='lat' dir='ltr'><strong>eadem</strong></span> <span class='ocrx_word' id='word_1_715' title='bbox 3343 4168 3568 4239; x_wconf 86' lang='lat' dir='ltr'><strong>epistola</strong></span> <span class='ocrx_word' id='word_1_716' title='bbox 3611 4168 3825 4223; x_wconf 80' lang='lat' dir='ltr'><strong>consti-</strong></span> 
     </span>
    </p>
   </div>
   <div class='ocr_carea' id='block_1_103' title="bbox 2235 4261 3828 4339">
    <p class='ocr_par' dir='ltr' id='par_1_103' title="bbox 2235 4261 3828 4339">
     <span class='ocr_line' id='line_1_103' title="bbox 2235 4261 3828 4339; baseline -0.009 -10"><span class='ocrx_word' id='word_1_717' title='bbox 2235 4273 2355 4339; x_wconf 89' lang='lat' dir='ltr'><strong>tuit,</strong></span> <span class='ocrx_word' id='word_1_718' title='bbox 2413 4285 2480 4326; x_wconf 93' lang='lat' dir='ltr'><strong>ne</strong></span> <span class='ocrx_word' id='word_1_719' title='bbox 2527 4267 2837 4324; x_wconf 89' lang='lat' dir='ltr'><strong>sacerdotes</strong></span> <span class='ocrx_word' id='word_1_720' title='bbox 2864 4275 2920 4322; x_wconf 90' lang='lat' dir='ltr'><strong>et</strong></span> <span class='ocrx_word' id='word_1_721' title='bbox 2959 4265 3139 4321; x_wconf 75' lang='lat' dir='ltr'><strong>levita:</strong></span> <span class='ocrx_word' id='word_1_722' title='bbox 3182 4262 3522 4320; x_wconf 90' lang='lat' dir='ltr'><strong>vestimentis</strong></span> <span class='ocrx_word' id='word_1_723' title='bbox 3563 4261 3828 4317; x_wconf 85' lang='lat' dir='ltr'><strong>ecclesia-</strong></span> 
     </span>
    </p>
   </div>
   <div class='ocr_carea' id='block_1_104' title="bbox 2235 4352 3825 4428">
    <p class='ocr_par' dir='ltr' id='par_1_104' title="bbox 2235 4352 3825 4428">
     <span class='ocr_line' id='line_1_104' title="bbox 2235 4352 3825 4428; baseline -0.009 -7"><span class='ocrx_word' id='word_1_724' title='bbox 2235 4364 2386 4421; x_wconf 91' lang='lat' dir='ltr'><strong>sticis</strong></span> <span class='ocrx_word' id='word_1_725' title='bbox 2412 4363 2465 4418; x_wconf 93' lang='lat' dir='ltr'><strong>in</strong></span> <span class='ocrx_word' id='word_1_726' title='bbox 2489 4360 2608 4416; x_wconf 91' lang='lat' dir='ltr'><strong>aliis</strong></span> <span class='ocrx_word' id='word_1_727' title='bbox 2653 4357 2839 4415; x_wconf 91' lang='lat' dir='ltr'><strong>usibus</strong></span> <span class='ocrx_word' id='word_1_728' title='bbox 2889 4364 3193 4422; x_wconf 89' lang='lat' dir='ltr'><strong>uterentur,</strong></span> <span class='ocrx_word' id='word_1_729' title='bbox 3225 4369 3388 4426; x_wconf 90' lang='lat' dir='ltr'><strong>quam</strong></span> <span class='ocrx_word' id='word_1_730' title='bbox 3435 4352 3825 4428; x_wconf 76' lang='lat' dir='ltr'><strong>ecclesiasticis</strong></span> 
     </span>
    </p>
   </div>
   <div class='ocr_carea' id='block_1_105' title="bbox 2234 4454 2424 4512">
    <p class='ocr_par' dir='ltr' id='par_1_105' title="bbox 2234 4454 2424 4512">
     <span class='ocr_line' id='line_1_105' title="bbox 2234 4454 2424 4512; baseline -0.011 0"><span class='ocrx_word' id='word_1_731' title='bbox 2234 4454 2424 4512; x_wconf 82' lang='lat' dir='ltr'><strong>olliciis</strong></span> 
     </span>
    </p>
   </div>
   <div class='ocr_carea' id='block_1_106' title="bbox 2305 4535 3824 4614">
    <p class='ocr_par' dir='ltr' id='par_1_106' title="bbox 2305 4535 3824 4614">
     <span class='ocr_line' id='line_1_106' title="bbox 2305 4535 3824 4614; baseline -0.008 -13"><span class='ocrx_word' id='word_1_732' title='bbox 2305 4546 2406 4600; x_wconf 85' lang='lat' dir='ltr'><strong>llic</strong></span> <span class='ocrx_word' id='word_1_733' title='bbox 2431 4545 2570 4600; x_wconf 92' lang='lat' dir='ltr'><strong>idem</strong></span> <span class='ocrx_word' id='word_1_734' title='bbox 2603 4539 2845 4614; x_wconf 83' lang='lat' dir='ltr'><strong>pontifex</strong></span> <span class='ocrx_word' id='word_1_735' title='bbox 2874 4541 2926 4596; x_wconf 91' lang='lat' dir='ltr'><strong>in</strong></span> <span class='ocrx_word' id='word_1_736' title='bbox 2957 4538 3063 4594; x_wconf 88' lang='lat' dir='ltr'><strong>alia</strong></span> <span class='ocrx_word' id='word_1_737' title='bbox 3091 4537 3316 4609; x_wconf 82' lang='lat' dir='ltr'><strong>epistola</strong></span> <span class='ocrx_word' id='word_1_738' title='bbox 3344 4535 3399 4606; x_wconf 68' lang='grc' dir='ltr'>(Ξ</span> <span class='ocrx_word' id='word_1_739' title='bbox 3427 4536 3631 4607; x_wconf 75' lang='lat' dir='ltr'><strong>epist.),</strong></span> <span class='ocrx_word' id='word_1_740' title='bbox 3662 4549 3824 4604; x_wconf 84' lang='lat' dir='ltr'><strong>quam</strong></span> 
     </span>
    </p>
   </div>
   <div class='ocr_carea' id='block_1_107' title="bbox 2236 4627 3822 4702">
    <p class='ocr_par' dir='ltr' id='par_1_107' title="bbox 2236 4627 3822 4702">
     <span class='ocr_line' id='line_1_107' title="bbox 2236 4627 3822 4702; baseline -0.009 -8"><span class='ocrx_word' id='word_1_741' title='bbox 2236 4637 2529 4694; x_wconf 88' lang='lat' dir='ltr'><strong>destinavit</strong></span> <span class='ocrx_word' id='word_1_742' title='bbox 2561 4635 2816 4692; x_wconf 89' lang='lat' dir='ltr'><strong>omnibus</strong></span> <span class='ocrx_word' id='word_1_743' title='bbox 2855 4630 3124 4702; x_wconf 89' lang='lat' dir='ltr'><strong>episc0pis</strong></span> <span class='ocrx_word' id='word_1_744' title='bbox 3171 4645 3268 4701; x_wconf 86' lang='lat' dir='ltr'><strong>per</strong></span> <span class='ocrx_word' id='word_1_745' title='bbox 3307 4629 3552 4682; x_wconf 86' lang='lat' dir='ltr'><strong>diversas</strong></span> <span class='ocrx_word' id='word_1_746' title='bbox 3596 4627 3822 4698; x_wconf 85' lang='lat' dir='ltr'><strong>provin-</strong></span> 
     </span>
    </p>
   </div>
   <div class='ocr_carea' id='block_1_108' title="bbox 2237 4719 3825 4796">
    <p class='ocr_par' dir='ltr' id='par_1_108' title="bbox 2237 4719 3825 4796">
     <span class='ocr_line' id='line_1_108' title="bbox 2237 4719 3825 4796; baseline -0.009 -11"><span class='ocrx_word' id='word_1_747' title='bbox 2237 4730 2372 4794; x_wconf 89' lang='lat' dir='ltr'><strong>cias,</strong></span> <span class='ocrx_word' id='word_1_748' title='bbox 2398 4737 2453 4784; x_wconf 91' lang='lat' dir='ltr'><strong>et</strong></span> <span class='ocrx_word' id='word_1_749' title='bbox 2484 4736 2732 4793; x_wconf 61' lang='lat' dir='ltr'><strong>caeteros,</strong></span> <span class='ocrx_word' id='word_1_750' title='bbox 2760 4740 2896 4796; x_wconf 87' lang='lat' dir='ltr'><strong>quos</strong></span> <span class='ocrx_word' id='word_1_751' title='bbox 2916 4738 3079 4794; x_wconf 84' lang='lat' dir='ltr'><strong>supra</strong></span> <span class='ocrx_word' id='word_1_752' title='bbox 3104 4719 3564 4784; x_wconf 88' lang='lat' dir='ltr'><strong>enumeravimus,</strong></span> <span class='ocrx_word' id='word_1_753' title='bbox 3588 4733 3621 4771; x_wconf 89' lang='lat' dir='ltr'><strong>a</strong></span> <span class='ocrx_word' id='word_1_754' title='bbox 3647 4733 3825 4775; x_wconf 85' lang='lat' dir='ltr'><strong>sacer-</strong></span> 
     </span>
    </p>
   </div>
   <div class='ocr_carea' id='block_1_109' title="bbox 2237 4810 3826 4886">
    <p class='ocr_par' dir='ltr' id='par_1_109' title="bbox 2237 4810 3826 4886">
     <span class='ocr_line' id='line_1_109' title="bbox 2237 4810 3826 4886; baseline -0.009 -8"><span class='ocrx_word' id='word_1_755' title='bbox 2237 4825 2419 4879; x_wconf 91' lang='lat' dir='ltr'><strong>dotum</strong></span> <span class='ocrx_word' id='word_1_756' title='bbox 2471 4821 2816 4879; x_wconf 88' lang='lat' dir='ltr'><strong>accusatione</strong></span> <span class='ocrx_word' id='word_1_757' title='bbox 2866 4818 3130 4886; x_wconf 88' lang='lat' dir='ltr'><strong>removit,</strong></span> <span class='ocrx_word' id='word_1_758' title='bbox 3177 4817 3244 4872; x_wconf 87' lang='lat' dir='ltr'><strong>ad</strong></span> <span class='ocrx_word' id='word_1_759' title='bbox 3287 4817 3392 4872; x_wconf 89' lang='lat' dir='ltr'><strong>hoc</strong></span> <span class='ocrx_word' id='word_1_760' title='bbox 3439 4810 3826 4886; x_wconf 85' lang='lat' dir='ltr'><strong>proculdubio</strong></span> 
     </span>
    </p>
   </div>
   <div class='ocr_carea' id='block_1_110' title="bbox 2237 4907 3822 4986">
    <p class='ocr_par' dir='ltr' id='par_1_110' title="bbox 2237 4907 3822 4986">
     <span class='ocr_line' id='line_1_110' title="bbox 2237 4907 3822 4986; baseline -0.008 -15"><span class='ocrx_word' id='word_1_761' title='bbox 2237 4916 2526 4972; x_wconf 86' lang='lat' dir='ltr'><strong>allirmavit</strong></span> <span class='ocrx_word' id='word_1_762' title='bbox 2543 4931 2641 4986; x_wconf 89' lang='lat' dir='ltr'><strong>pro</strong></span> <span class='ocrx_word' id='word_1_763' title='bbox 2662 4913 2926 4984; x_wconf 84' lang='lat' dir='ltr'><strong>sacrilego</strong></span> <span class='ocrx_word' id='word_1_764' title='bbox 2950 4911 3328 4982; x_wconf 71' lang='lat' dir='ltr'><strong>reputantium,</strong></span> <span class='ocrx_word' id='word_1_765' title='bbox 3343 4907 3609 4979; x_wconf 89' lang='lat' dir='ltr'><strong>quidquid</strong></span> <span class='ocrx_word' id='word_1_766' title='bbox 3630 4907 3822 4976; x_wconf 77' lang='lat' dir='ltr'><strong>injuste</strong></span> 
     </span>
    </p>
   </div>
   <div class='ocr_carea' id='block_1_111' title="bbox 2239 4994 3822 5080">
    <p class='ocr_par' dir='ltr' id='par_1_111' title="bbox 2239 4994 3822 5080">
     <span class='ocr_line' id='line_1_111' title="bbox 2239 4994 3822 5080; baseline -0.01 -15"><span class='ocrx_word' id='word_1_767' title='bbox 2239 5011 2418 5080; x_wconf 86' lang='lat' dir='ltr'><strong>agitur</strong></span> <span class='ocrx_word' id='word_1_768' title='bbox 2457 5007 2510 5062; x_wconf 92' lang='lat' dir='ltr'><strong>in</strong></span> <span class='ocrx_word' id='word_1_769' title='bbox 2539 5009 2704 5062; x_wconf 91' lang='lat' dir='ltr'><strong>rebus</strong></span> <span class='ocrx_word' id='word_1_770' title='bbox 2741 5006 2853 5062; x_wconf 91' lang='lat' dir='ltr'><strong>Deo</strong></span> <span class='ocrx_word' id='word_1_771' title='bbox 2879 5004 3131 5069; x_wconf 89' lang='lat' dir='ltr'><strong>sacratis,</strong></span> <span class='ocrx_word' id='word_1_772' title='bbox 3152 5011 3208 5057; x_wconf 90' lang='lat' dir='ltr'><strong>et</strong></span> <span class='ocrx_word' id='word_1_773' title='bbox 3234 5000 3536 5072; x_wconf 88' lang='lat' dir='ltr'><strong>episcopis,</strong></span> <span class='ocrx_word' id='word_1_774' title='bbox 3560 4999 3658 5069; x_wconf 88' lang='lat' dir='ltr'><strong>qui</strong></span> <span class='ocrx_word' id='word_1_775' title='bbox 3687 4994 3822 5052; x_wconf 76' lang='lat' dir='ltr'><strong>sacri</strong></span> 
     </span>
    </p>
   </div>
   <div class='ocr_carea' id='block_1_112' title="bbox 2241 5087 3818 5174">
    <p class='ocr_par' dir='ltr' id='par_1_112' title="bbox 2241 5087 3818 5174">
     <span class='ocr_line' id='line_1_112' title="bbox 2241 5087 3818 5174; baseline -0.011 -17"><span class='ocrx_word' id='word_1_776' title='bbox 2241 5100 2401 5174; x_wconf 91' lang='lat' dir='ltr'><strong>[quia</strong></span> <span class='ocrx_word' id='word_1_777' title='bbox 2429 5115 2580 5157; x_wconf 84' lang='lat' dir='ltr'><strong>sacra</strong></span> <span class='ocrx_word' id='word_1_778' title='bbox 2604 5097 2624 5172; x_wconf 93' lang='lat'>]</span> <span class='ocrx_word' id='word_1_779' title='bbox 2655 5106 2798 5164; x_wconf 91' lang='lat' dir='ltr'><strong>sunt,</strong></span> <span class='ocrx_word' id='word_1_780' title='bbox 2831 5107 2887 5153; x_wconf 93' lang='lat' dir='ltr'><strong>et</strong></span> <span class='ocrx_word' id='word_1_781' title='bbox 2913 5095 3152 5152; x_wconf 89' lang='lat' dir='ltr'><strong>violaria</strong></span> <span class='ocrx_word' id='word_1_782' title='bbox 3175 5106 3446 5163; x_wconf 91' lang='lat' dir='ltr'><strong>quoquam</strong></span> <span class='ocrx_word' id='word_1_783' title='bbox 3475 5105 3584 5144; x_wconf 91' lang='lat' dir='ltr'><strong>non</strong></span> <span class='ocrx_word' id='word_1_784' title='bbox 3609 5087 3818 5143; x_wconf 85' lang='lat' dir='ltr'><strong>debent.</strong></span> 
     </span>
    </p>
   </div>
   <div class='ocr_carea' id='block_1_113' title="bbox 2237 5179 3821 5256">
    <p class='ocr_par' dir='ltr' id='par_1_113' title="bbox 2237 5179 3821 5256">
     <span class='ocr_line' id='line_1_113' title="bbox 2237 5179 3821 5256; baseline -0.013 -7"><span class='ocrx_word' id='word_1_785' title='bbox 2237 5193 2371 5249; x_wconf 89' lang='lat' dir='ltr'><strong>Item</strong></span> <span class='ocrx_word' id='word_1_786' title='bbox 2403 5193 2621 5247; x_wconf 90' lang='lat' dir='ltr'><strong>decreto</strong></span> <span class='ocrx_word' id='word_1_787' title='bbox 2667 5204 2766 5244; x_wconf 87' lang='lat' dir='ltr'><strong>suo</strong></span> <span class='ocrx_word' id='word_1_788' title='bbox 2805 5187 3038 5244; x_wconf 90' lang='lat' dir='ltr'><strong>asseruit</strong></span> <span class='ocrx_word' id='word_1_789' title='bbox 3067 5186 3150 5256; x_wconf 73' lang='lat'><strong>(2,</strong></span> <span class='ocrx_word' id='word_1_790' title='bbox 3188 5200 3243 5254; x_wconf 93' lang='lat' dir='ltr'><strong>q.</strong></span> <span class='ocrx_word' id='word_1_791' title='bbox 3285 5183 3343 5249; x_wconf 76' lang='lat'><strong>2,</strong></span> <span class='ocrx_word' id='word_1_792' title='bbox 3393 5196 3445 5236; x_wconf 90' lang='lat' dir='ltr'><strong>c.</strong></span> <span class='ocrx_word' id='word_1_793' title='bbox 3483 5179 3725 5248; x_wconf 72' lang='lat' dir='ltr'><strong>Nullus)</strong></span> <span class='ocrx_word' id='word_1_794' title='bbox 3769 5186 3821 5229; x_wconf 86' lang='lat' dir='ltr'><strong>ut</strong></span> 
     </span>
    </p>
   </div>
   <div class='ocr_carea' id='block_1_114' title="bbox 2239 5272 3820 5354">
    <p class='ocr_par' dir='ltr' id='par_1_114' title="bbox 2239 5272 3820 5354">
     <span class='ocr_line' id='line_1_114' title="bbox 2239 5272 3820 5354; baseline -0.01 -14"><span class='ocrx_word' id='word_1_795' title='bbox 2239 5283 2416 5340; x_wconf 83' lang='lat' dir='ltr'><strong>nullus</strong></span> <span class='ocrx_word' id='word_1_796' title='bbox 2442 5283 2748 5354; x_wconf 90' lang='lat' dir='ltr'><strong>episcopus,</strong></span> <span class='ocrx_word' id='word_1_797' title='bbox 2777 5281 2903 5337; x_wconf 91' lang='lat' dir='ltr'><strong>dum</strong></span> <span class='ocrx_word' id='word_1_798' title='bbox 2930 5281 3044 5336; x_wconf 92' lang='lat' dir='ltr'><strong>suis</strong></span> <span class='ocrx_word' id='word_1_799' title='bbox 3081 5277 3245 5335; x_wconf 88' lang='lat' dir='ltr'><strong>fuerit</strong></span> <span class='ocrx_word' id='word_1_800' title='bbox 3279 5275 3442 5331; x_wconf 88' lang='lat' dir='ltr'><strong>rebus</strong></span> <span class='ocrx_word' id='word_1_801' title='bbox 3465 5272 3820 5345; x_wconf 79' lang='lat' dir='ltr'><strong>exSpoliatas,</strong></span> 
     </span>
    </p>
   </div>
   <div class='ocr_carea' id='block_1_115' title="bbox 2239 5364 3822 5444">
    <p class='ocr_par' dir='ltr' id='par_1_115' title="bbox 2239 5364 3822 5444">
     <span class='ocr_line' id='line_1_115' title="bbox 2239 5364 3822 5444; baseline -0.009 -14"><span class='ocrx_word' id='word_1_802' title='bbox 2239 5385 2334 5431; x_wconf 89' lang='lat' dir='ltr'><strong>aut</strong></span> <span class='ocrx_word' id='word_1_803' title='bbox 2358 5390 2389 5429; x_wconf 92' lang='lat' dir='ltr'><strong>a</strong></span> <span class='ocrx_word' id='word_1_804' title='bbox 2417 5376 2543 5430; x_wconf 90' lang='lat' dir='ltr'><strong>sede</strong></span> <span class='ocrx_word' id='word_1_805' title='bbox 2563 5374 2779 5444; x_wconf 88' lang='lat' dir='ltr'><strong>propria</strong></span> <span class='ocrx_word' id='word_1_806' title='bbox 2807 5372 3094 5428; x_wconf 89' lang='lat' dir='ltr'><strong>occasione</strong></span> <span class='ocrx_word' id='word_1_807' title='bbox 3118 5367 3357 5440; x_wconf 89' lang='lat' dir='ltr'><strong>qualibet</strong></span> <span class='ocrx_word' id='word_1_808' title='bbox 3383 5364 3597 5436; x_wconf 86' lang='lat' dir='ltr'><strong>pulsus,</strong></span> <span class='ocrx_word' id='word_1_809' title='bbox 3635 5364 3822 5420; x_wconf 79' lang='lat' dir='ltr'><strong>debeat</strong></span> 
     </span>
    </p>
   </div>
   <div class='ocr_carea' id='block_1_116' title="bbox 2239 5453 3818 5534">
    <p class='ocr_par' dir='ltr' id='par_1_116' title="bbox 2239 5453 3818 5534">
     <span class='ocr_line' id='line_1_116' title="bbox 2239 5453 3818 5534; baseline -0.008 -14"><span class='ocrx_word' id='word_1_810' title='bbox 2239 5463 2485 5520; x_wconf 88' lang='lat' dir='ltr'><strong>accusari</strong></span> <span class='ocrx_word' id='word_1_811' title='bbox 2531 5479 2632 5519; x_wconf 91' lang='lat' dir='ltr'><strong>nec</strong></span> <span class='ocrx_word' id='word_1_812' title='bbox 2659 5464 2728 5518; x_wconf 89' lang='lat' dir='ltr'><strong>ab</strong></span> <span class='ocrx_word' id='word_1_813' title='bbox 2755 5462 2935 5534; x_wconf 89' lang='lat' dir='ltr'><strong>aliquo</strong></span> <span class='ocrx_word' id='word_1_814' title='bbox 2961 5462 3111 5532; x_wconf 91' lang='lat' dir='ltr'><strong>prius</strong></span> <span class='ocrx_word' id='word_1_815' title='bbox 3133 5459 3336 5515; x_wconf 90' lang='lat' dir='ltr'><strong>crimen</strong></span> <span class='ocrx_word' id='word_1_816' title='bbox 3361 5457 3412 5513; x_wconf 91' lang='lat' dir='ltr'><strong>ei</strong></span> <span class='ocrx_word' id='word_1_817' title='bbox 3437 5456 3614 5528; x_wconf 87' lang='lat' dir='ltr'><strong>possit</strong></span> <span class='ocrx_word' id='word_1_818' title='bbox 3643 5453 3818 5526; x_wconf 81' lang='lat' dir='ltr'><strong>objici,</strong></span> 
     </span>
    </p>
   </div>
   <div class='ocr_carea' id='block_1_117' title="bbox 2236 5548 3816 5629">
    <p class='ocr_par' dir='ltr' id='par_1_117' title="bbox 2236 5548 3816 5629">
     <span class='ocr_line' id='line_1_117' title="bbox 2236 5548 3816 5629; baseline -0.009 -17"><span class='ocrx_word' id='word_1_819' title='bbox 2236 5572 2396 5629; x_wconf 90' lang='lat' dir='ltr'><strong>quam</strong></span> <span class='ocrx_word' id='word_1_820' title='bbox 2425 5553 2772 5626; x_wconf 84' lang='lat' dir='ltr'><strong>integerrime</strong></span> <span class='ocrx_word' id='word_1_821' title='bbox 2794 5561 3164 5629; x_wconf 82' lang='lat' dir='ltr'><strong>restauretur:</strong></span> <span class='ocrx_word' id='word_1_822' title='bbox 3208 5559 3264 5606; x_wconf 89' lang='lat' dir='ltr'><strong>et</strong></span> <span class='ocrx_word' id='word_1_823' title='bbox 3288 5549 3472 5606; x_wconf 89' lang='lat' dir='ltr'><strong>omnia</strong></span> <span class='ocrx_word' id='word_1_824' title='bbox 3501 5548 3553 5604; x_wconf 91' lang='lat' dir='ltr'><strong>ei</strong></span> <span class='ocrx_word' id='word_1_825' title='bbox 3577 5561 3816 5619; x_wconf 76' lang='lat' dir='ltr'><strong>quocun-</strong></span> 
     </span>
    </p>
   </div>
   <div class='ocr_carea' id='block_1_118' title="bbox 2236 5625 3816 5718">
    <p class='ocr_par' dir='ltr' id='par_1_118' title="bbox 2236 5625 3816 5718">
     <span class='ocr_line' id='line_1_118' title="bbox 2236 5625 3816 5718; baseline -0.007 -18"><span class='ocrx_word' id='word_1_826' title='bbox 2236 5625 2342 5718; x_wconf 75' lang='lat' dir='ltr'><strong>que</strong></span> <span class='ocrx_word' id='word_1_827' title='bbox 2379 5625 2594 5717; x_wconf 89' lang='lat' dir='ltr'><strong>ingenio</strong></span> <span class='ocrx_word' id='word_1_828' title='bbox 2633 5643 2811 5699; x_wconf 89' lang='lat' dir='ltr'><strong>ablata</strong></span> <span class='ocrx_word' id='word_1_829' title='bbox 2855 5643 3060 5712; x_wconf 89' lang='lat' dir='ltr'><strong>absque</strong></span> <span class='ocrx_word' id='word_1_830' title='bbox 3093 5625 3229 5698; x_wconf 14' lang='lat' dir='ltr'><strong>idolo</strong></span> <span class='ocrx_word' id='word_1_831' title='bbox 3258 5649 3313 5696; x_wconf 89' lang='lat' dir='ltr'><strong>ct</strong></span> <span class='ocrx_word' id='word_1_832' title='bbox 3350 5640 3545 5694; x_wconf 87' lang='lat' dir='ltr'><strong>fraude</strong></span> <span class='ocrx_word' id='word_1_833' title='bbox 3585 5638 3816 5693; x_wconf 76' lang='lat' dir='ltr'><strong>funditas</strong></span> 
     </span>
    </p>
   </div>
   <div class='ocr_carea' id='block_1_119' title="bbox 2237 5728 3814 5806">
    <p class='ocr_par' dir='ltr' id='par_1_119' title="bbox 2237 5728 3814 5806">
     <span class='ocr_line' id='line_1_119' title="bbox 2237 5728 3814 5806; baseline -0.006 -16"><span class='ocrx_word' id='word_1_834' title='bbox 2237 5736 2443 5806; x_wconf 77' lang='lat' dir='ltr'><strong>legibus</strong></span> <span class='ocrx_word' id='word_1_835' title='bbox 2472 5735 2855 5794; x_wconf 84' lang='lat' dir='ltr'><strong>restituantur;</strong></span> <span class='ocrx_word' id='word_1_836' title='bbox 2899 5733 3024 5804; x_wconf 90' lang='lat' dir='ltr'><strong>quia</strong></span> <span class='ocrx_word' id='word_1_837' title='bbox 3053 5749 3160 5788; x_wconf 89' lang='lat' dir='ltr'><strong>non</strong></span> <span class='ocrx_word' id='word_1_838' title='bbox 3191 5731 3361 5787; x_wconf 90' lang='lat' dir='ltr'><strong>solum</strong></span> <span class='ocrx_word' id='word_1_839' title='bbox 3405 5728 3814 5789; x_wconf 62' lang='lat' dir='ltr'><strong>ecclesiastica,</strong></span> 
     </span>
    </p>
   </div>
   <div class='ocr_carea' id='block_1_120' title="bbox 2238 5817 3814 5904">
    <p class='ocr_par' dir='ltr' id='par_1_120' title="bbox 2238 5817 3814 5904">
     <span class='ocr_line' id='line_1_120' title="bbox 2238 5817 3814 5904; baseline -0.008 -22"><span class='ocrx_word' id='word_1_840' title='bbox 2238 5827 2330 5904; x_wconf 78' lang='lat' dir='ltr'><strong>sed</strong></span> <span class='ocrx_word' id='word_1_841' title='bbox 2359 5827 2520 5890; x_wconf 87' lang='lat' dir='ltr'><strong>etiam</strong></span> <span class='ocrx_word' id='word_1_842' title='bbox 2543 5825 2722 5886; x_wconf 70' lang='lat' dir='ltr'><strong>saeculi</strong></span> <span class='ocrx_word' id='word_1_843' title='bbox 2754 5824 2900 5894; x_wconf 84' lang='lat' dir='ltr'><strong>lcgcs</strong></span> <span class='ocrx_word' id='word_1_844' title='bbox 2929 5824 3030 5881; x_wconf 88' lang='lat' dir='ltr'><strong>hoc</strong></span> <span class='ocrx_word' id='word_1_845' title='bbox 3055 5820 3170 5881; x_wconf 82' lang='lat' dir='ltr'><strong>fieri</strong></span> <span class='ocrx_word' id='word_1_846' title='bbox 3199 5821 3511 5896; x_wconf 85' lang='lat' dir='ltr'><strong>prohibent.</strong></span> <span class='ocrx_word' id='word_1_847' title='bbox 3533 5817 3667 5875; x_wconf 83' lang='lat' dir='ltr'><strong>item</strong></span> <span class='ocrx_word' id='word_1_848' title='bbox 3696 5831 3814 5890; x_wconf 64' lang='lat' dir='ltr'><strong>con;</strong></span> 
     </span>
    </p>
   </div>
  </div>
