3992 6306
223 336 359 392 H73

998 338 1264 402 PSEUDO
1300 335 1715 395 LUITPRANDI
1754 337 1880 392 LIB.
1919 338 2008 394 DE
2047 337 2225 396 Y‘lTlS
2262 339 2429 398 BOM.
2469 339 2669 398 PONT.

3335 346 3486 403 117%..

219 451 395 510 stituit
423 449 503 521 (3,
530 463 585 520 q.
636 449 691 516 5,
723 464 773 506 c.
821 447 1184 522 Accusatores)
1247 436 1326 509 ne
1361 454 1450 508 ille
1489 454 1579 524 qui
1631 467 1690 509 se
1725 453 1794 507 ab
1823 456 1872 516 Α
1898 454 1990 524 qui
2027 454 2080 508 in
2105 453 2425 523 quibusdam
2453 455 2794 526 gravioribus
2833 455 3118 526 pulsantur
3154 464 3248 512 aut
3281 455 3470 516 crimi-

219 545 496 625 episcopo,
526 551 622 599 aut
645 543 713 612 ab
741 542 860 614 ejus
903 546 1200 614 ministris,
1243 547 1425 604 lmsum
1465 563 1584 603 esse
1609 546 1797 604 existi-

223 644 360 699 mat,
394 633 484 694 vel.
513 649 617 703 pro,
634 632 903 705 aliquibus
928 637 1126 693 erratis
1155 651 1250 694 eos
1291 637 1565 707 corripere
1601 635 1753 708 cupit
1779 674 1795 702 ,

223 726 378 796 prius
413 739 508 781 eos
533 740 791 798 accusare
823 737 1146 800 praesumat,
1176 743 1337 798 quam
1363 743 1458 784 eos
1479 727 1802 784 cbaritative

1899 553 2098 600 nantur
2122 545 2322 612 causis,
2347 546 2560 616 quoties
2589 561 2812 602 necesse
2840 545 3022 612 fuerit,
3055 547 3226 604 libere
3255 557 3471 618 aposto-

1898 634 2059 690 licam
2101 635 2286 691 sedem
2335 635 2628 707 appellent,
2679 646 2848 706 atque
2889 637 2960 694 ad
3012 651 3174 703 eam,
3219 637 3375 707 quasi
3405 637 3474 692 ad

1900 732 2168 790 matrem,
2202 723 2562 796 confugiant:
2613 735 2670 781 et
2715 727 2760 782 si
2806 726 2928 797 quis
2973 729 3262 798 episcopus
3309 727 3491 788 etiam,

221 811 314 886 bis
340 822 434 869 aut
464 822 544 871 ter
577 816 880 882 conveniat,
923 825 981 872 ut
1002 819 1071 874 ab
1101 818 1183 874 eis
1203 818 1485 890 percipiat,
1525 826 1618 874 aut
1644 816 1801 874 fami-
1896 813 2171 886 judicatus
2196 829 2229 870 a
2274 815 2822 886 comprovincialibus
2864 816 3136 887 episcopis
3161 816 3375 872 venerit
3409 816 3480 871 ad

223 904 418 960 liarem
469 905 942 976 emendationem,
993 917 1088 965 aut
1124 909 1328 981 justam
1377 910 1798 967 excusationem.

228 993 384 1078 Quod
428 997 473 1052 si
507 999 943 1070 praesumpserit,
973 1015 1006 1058 a
1046 1000 1322 1058 liminibus
1364 1001 1603 1074 ecclesiae
1630 1016 1804 1074 usque

228 1087 300 1159 ad
323 1087 536 1160 dignam
557 1089 980 1148 satisfactionem
999 1093 1160 1164 jussit
1181 1093 1590 1150 eliminandum.

301 1176 434 1232 item
471 1179 779 1248 constituit,
810 1191 868 1237 ut
901 1183 1097 1239 nullius
1138 1199 1233 1254 per
1260 1185 1459 1255 scripta
1485 1184 1803 1240 anathema-

230 1268 421 1323 tizatio
443 1269 804 1341 suscipiatur;
834 1271 930 1327 sed
967 1273 1186 1344 propria
1212 1289 1364 1340 voce,
1408 1274 1454 1329 si
1480 1273 1726 1346 legitima,
1749 1280 1809 1330 et

229 1361 497 1430 condigna
538 1362 870 1420 accusatoris
889 1378 1123 1434 persona
1149 1362 1346 1429 fuerit,
1373 1373 1640 1435 praesente
1665 1363 1810 1419 vide-

230 1450 359 1526 licet
401 1466 496 1517 eo,
525 1467 686 1522 quem
738 1469 997 1510 accusare
1047 1455 1394 1522 desiderant,
1453 1456 1583 1525 quia
1629 1453 1811 1510 nullus

229 1541 692 1615 absensaccusari
716 1553 914 1616 potest,
937 1553 1028 1600 aut
1053 1560 1332 1602 accusare.
1353 1545 1483 1600 item
1507 1543 1810 1610 constituit,

231 1640 290 1686 ut
317 1631 494 1688 nullus
516 1633 800 1704 episcopus
830 1635 978 1707 prius
1004 1646 1307 1702 accusetur,
1330 1645 1425 1690 aut
1448 1634 1561 1690 suis
1591 1648 1811 1704 respou-

229 1723 355 1777 deni
378 1727 808 1800 accusatoribus,
845 1744 1006 1800 quam
1037 1727 1354 1800 regulariter
1381 1743 1412 1781 a
1453 1741 1550 1782 suo
1579 1726 1811 1798 primate

1903 907 2159 963 Romana:
2194 906 2339 963 sedis
2382 907 2704 974 antistitem,
2735 908 2790 964 in
2816 907 2935 977 ejus
2961 909 3229 980 potestate
3252 907 3356 972 sit,
3385 920 3480 976 per

1901 1013 1981 1063 se,
2011 1007 2106 1052 aut
2144 1012 2241 1068 per
2280 997 2516 1054 vicarios
2557 1011 2684 1053 suos
2734 1006 3031 1054 retractare
3062 997 3339 1068 negotium
3370 1011 3384 1048 :
3426 1003 3486 1056 et

1903 1088 2031 1144 dum
2061 1087 2162 1142 boe
2185 1096 2366 1143 actum
2408 1096 2464 1143 et
2486 1097 2770 1158 peractum
2801 1089 2939 1160 apud
2963 1080 3141 1158 ipsum
3173 1086 3479 1142 Romanum

1903 1180 2212 1251 pomiﬁcein
2255 1179 2437 1245 fuerit,
2468 1179 2648 1236 nullus
2699 1179 2840 1236 alius
2870 1180 2924 1236 in
2950 1177 3068 1249 ejus
3101 1178 3221 1235 loco
3253 1185 3484 1249 ponatur

1905 1284 1999 1331 aut
2031 1275 2314 1330 ordinetur
2337 1275 2660 1345 episcopus:
2693 1274 2950 1346 quoniam
2990 1272 3319 1345 perscrutari
3363 1270 3486 1340 qui-

1907 1367 2030 1424 dem
2087 1367 2326 1422 accusati
2375 1366 2612 1436 episeopi
2659 1381 2878 1422 causam
2945 1363 3490 1436 comprovincialibus.

1907 1459 2179 1529 episcopis
2208 1459 2362 1523 licet,
2415 1457 2630 1515 diﬂiniri
2668 1467 2847 1515 autem
2893 1455 3488 1514 inconsulto'Romann

1908 1547 2164 1621 pontiﬁce
2192 1563 2299 1604 non
2327 1556 2412 1604 est
2437 1547 2759 1619 permissum
2791 1549 2866 1620 (5,
2892 1563 2945 1620 q.
2975 1547 3029 1614 6,
3070 1563 3119 1603 c.
3152 1545 3482 1613 Accusatus).

1979 1639 2110 1695 Item
2143 1639 2197 1694 in
2237 1637 2342 1693 alia
2389 1637 2651 1709 epistola,
2704 1653 2864 1706 quam
2913 1637 3060 1693 misit
3096 1634 3366 1706 episcopis
3397 1649 3492 1704 per

1912 1729 2183 1801 Hispania:
2220 1729 2524 1800 provincias
2567 1729 2873 1784 constitutis
2921 1725 3196 1798 (emaci),
3244 1725 3389 1780 sicut
3437 1733 3494 1778 et

229 1811 302 1870 sit
333 1821 574 1887 vocatus,
613 1823 670 1871 et
706 1815 884 1872 locum
920 1817 1237 1873 defendendi
1278 1817 1342 1871 ad
1374 1815 1638 1872 abluenda
1692 1815 1803 1871 cri-
1845 1811 1888 1869 B
1917 1829 2294 1876 antecessores
2341 1819 2424 1874 sui
2480 1818 2748 1882 l‘eccraut,
2797 1818 3148 1874 constitutum
3181 1816 3308 1872 fecit
3331 1811 3409 1886 (2,
3434 1828 3490 1884 ιι.

231 1903 378 1972 mina
407 1905 659 1974 accipiat.
693 1906 842 1972 Item,
877 1924 946 1964 ne
975 1907 1170 1980 aliquis
1197 1908 1482 1979 episcopus
1507 1915 1815 1976 accusetur,

231 2003 328 2049 aut
351 1996 622 2064 audiatur,
666 1998 770 2054 nisi
809 1999 865 2054 in
891 1999 1198 2071 praesentia
1243 1999 1482 2069 onmium
1511 1997 1817 2074 provincia-

230 2085 387 2153 lium,
436 2089 588 2144 etab
624 2090 875 2162 omnibus
917 2089 1466 2160 comprovincialibus
1513 2089 1811 2160 episcopis;
1851 2164 1854 2168 t

229 2178 361 2264 quia
405 2178 540 2250 ipsis
563 2180 898 2247 absentibus,
937 2196 1036 2238 nee
1061 2181 1260 2249 debet,
1291 2197 1390 2238 nec
1418 2189 1600 2252 potest
1638 2181 1815 2238 audiri

229 2281 329 2327 aut
360 2271 612 2344 judicari.
651 2273 783 2330 Item
804 2273 994 2330 statuit
1027 2289 1095 2330 ne
1123 2273 1339 2330 licentia
1373 2273 1662 2330 accusandi
1684 2288 1814 2344 pro-

225 2363 511 2435 grediatur
538 2364 676 2420 ultra
708 2366 965 2422 terminos
983 2367 1273 2437 provinciae
1297 2367 1376 2437 (5,
1401 2381 1457 2438 q.
1479 2366 1538 2440 6,
1555 2382 1605 2422 e.
1630 2365 1816 2432 Ultra;

226 2441 290 2520 3,
313 2470 368 2526 q.
399 2455 486 2522 il,
510 2472 559 2512 c.
588 2455 892 2530 Neganda).
922 2458 1054 2531 item
1081 2459 1388 2524 constituit,
1413 2474 1482 2514 ne
1509 2458 1816 2514 accusatori

229 2543 386 2616 prius
421 2545 579 2602 detur
608 2545 824 2602 licentia
853 2547 1147 2618 quemlibet
1189 2548 1547 2614 criminandi,
1569 2563 1730 2618 quam
1758 2563 1818 2604 se

229 2624 483 2705 crimine,
510 2649 618 2704 quo
643 2635 926 2706 premitur,
955 2637 1236 2708 purgando
1261 2637 1473 2692 exuerit
1501 2654 1514 2691 :
1545 2637 1670 2707 quia
1709 2651 1815 2692 non

227 2732 320 2798 est
340 2726 669 2781 credendum
711 2735 899 2783 contra
937 2727 1072 2784 alios
1107 2742 1295 2800 eorum
1325 2725 1655 2784 coniessioni
1679 2767 1702 2798 ,_
1721 2727 1816 2798 qui

229 2814 555 2887 criminibus
597 2815 844 2886 impliciti
878 2825 1034 2882 sunt,
1062 2816 1166 2873 nisi
1192 2831 1252 2873 se
1276 2817 1427 2890 prius
1466 2811 1817 2888 probaverim

231 2907 569 2962 innocentes.
609 2906 752 2962 Dixit
781 2907 948 2962 etiam
987 2907 1074 2980 (2,
1121 2923 1178 2978 q.
1209 2907 1264 2975 7,
1318 2922 1370 2964 c.
1421 2906 1814 2980 Quaerendum)

231 3013 503 3077 nusquam
529 2998 630 3070 legi
653 2998 964 3058 lacullatem
989 2985 1308 3072 disponendi
1335 3000 1400 3062 de
1426 2999 1816 3066 ecclesiasticis

1917 1911 1969 1977 7,
1999 1927 2052 1967 c.
2084 1909 2147 1967 Si
2194 1909 2333 1982 quis)
2358 1950 2374 1975 ,
2425 1919 2484 1964 ut
2513 1924 2673 1964 nemo
2698 1908 3012 1979 episcopum
3033 1947 3049 1973 ,
3080 1906 3164 1962 vel
3199 1903 3496 1976 quemlibet

1917 2001 2173 2058 Ecclesia:
2215 1999 2495 2072 pra:latum
2526 1999 2677 2071 prius
2705 2013 2962 2055 accusare
2982 2005 3296 2068 praesumat,
3331 2009 3493 2066 quam

1916 2109 2041 2150 eum
2070 2095 2375 2157 conveniat,
2404 2102 2480 2160 et,
2507 2093 2552 2150 si
2575 2093 2734 2149 aliter
2763 2094 2956 2164 egerit,
2977 2091 3358 2149 communione
3389 2090 3496 2160 pri-

1917 2197 2093 2244 vetur.
2125 2187 2392 2243 Similiter
2409 2187 2624 2254 statuit,
2655 2196 2894 2242 utnemo
2914 2185 3229 2257 pontiﬁcum
3258 2183 3495 2252 aliquem

1914 2277 2230 2357 episcopum
2285 2276 2398 2332 suis
2448 2277 2612 2332 rebus
2672 2277 3068 2346 exspoliatum,
3123 2283 3216 2330 aut
3272 2289 3304 2328 a
3367 2273 3496 2328 sede

1916 2368 2202 2440 expulsum
2233 2367 2707 2423 excommunicare
2729 2407 2745 2433 ,
2776 2374 2869 2420 aut
2890 2364 3134 2434 judicare
3163 2369 3456 2434 praesumat
3481 2375 3496 2414 :

1917 2457 2044 2529 quia
2093 2471 2203 2513 non
2249 2464 2335 2512 est
2372 2455 2710 2527 privilegium
2738 2495 2753 2521 ,
2789 2469 2897 2524 quo
2943 2452 3164 2523 spoliari
3192 2447 3496 2522 possitjam

1919 2548 2174 2603 nudatus.
2205 2546 2336 2602 Item
2367 2545 2634 2613 decrevit,
2676 2553 2738 2602 ut
2762 2543 2940 2599 nullus
2962 2543 3250 2613 episcopus
3277 2540 3500 2595 alterius

1917 2639 2307 2710 parocliianum
2347 2641 2640 2709 pra-sumat
2675 2638 2932 2703 retinere,
2973 2635 3058 2691 vel
3086 2632 3362 2699 ordinare,
3415 2632 3501 2688 vel

1908 2731 2200 2802 judicare:
2231 2730 2380 2802 quia,
2425 2730 2568 2786 sicut
2611 2729 2764 2789 irrita
2801 2729 2918 2800 ejus
2958 2726 3229 2784 ordinatio
3253 2727 3390 2791 erit,
3425 2726 3498 2780 ita

1916 2831 1971 2877 et
1995 2820 2339 2891 dijudicatio;
2381 2819 2507 2889 quia
2537 2817 2717 2874 nullus
2773 2817 2876 2872 nisi
2903 2817 2986 2872 sui
3008 2815 3208 2889 judicis
3229 2815 3501 2872 sententia

1918 2922 2096 2986 potest
2129 2913 2302 2970 teneri
2332 2930 2346 2966 :
2373 2911 2633 2982 quoniam
2678 2909 2768 2980 qui
2817 2923 2940 2963 eum
2971 2907 3227 2962 ordinare
3262 2921 3370 2962 non
3400 2921 3501 2975 po-

1919 3005 2044 3070 tuit,
2095 3017 2197 3059 nec
2235 3001 2483 3071 judicare
2531 2997 2800 3054 ullatenus
2836 3004 3032 3068 potest.
3066 2994 3329 3052 Similiter
3378 3011 3505 3050 cou-

233 3092 401 3146 rebus
425 3092 744 3147 attributam
773 3107 894 3148 esse
919 3091 1076 3148 laicis
1098 3132 1116 3159 ,
1143 3092 1306 3148 etiam
1346 3091 1632 3164 religiosis.
1668 3090 1814 3148 Prai-
1856 3158 1885 3164 _
1917 3094 2128 3159 stituit,
2163 3107 2236 3148 ne
2267 3091 2356 3146 illa
2384 3105 2506 3161 quae
2551 3089 2756 3145 incerta
2801 3097 2926 3143 sunt
2963 3085 3275 3156 iudicentur
3307 3103 3322 3143 :
3373 3086 3502 3155 quia

233 3185 383 3261 cepit
428 3185 594 3240 etiam
642 3185 708 3240 de
748 3186 1006 3257 personis
1036 3165 1412 3260 accusatorum
1449 3158 1557 3256 ξε,
1586 3201 1640 3256 q.
1669 3186 1734 3249 8,
1759 3199 1812 3240 c.
1841 3158 1887 3221 δ
1919 3182 2169 3254 quamvis
2207 3181 2315 3240 sint
2353 3158 2478 3236 vera
2501 3218 2518 3244 ,
2550 3193 2656 3234 non
2686 3185 2866 3232 tamen
2901 3183 3029 3231 sunt
3069 3174 3362 3240 credenda,
3397 3173 3500 3232 nisi

233 3279 638 3354 Accusatoruni)
686 3289 745 3342 ut
773 3265 970 3335 earum
1029 3279 1196 3345 ﬁdes,
1241 3280 1347 3352 vita
1393 3289 1449 3336 ct
1477 3280 1818 3350 conversatio

234 3369 414 3444 primo
442 3368 726 3440 diligenter
769 3369 1098 3442 inquiratur,
1123 3381 1180 3427 et
1206 3381 1393 3444 postea
1433 3387 1497 3426 ea
1537 3386 1658 3441 quas
1682 3369 1821 3439 obji-

235 3442 458 3528 ciuntur
481 3456 712 3530 ﬁdeliter
734 3468 1134 3530 pertractentur
1160 3479 1173 3514 :
1199 3442 1324 3532 quia
1365 3461 1497 3516 nihil
1521 3461 1670 3532 prius
1700 3461 1818 3518 ﬁeri

238 3548 421 3622 debet,
444 3563 604 3617 quam
635 3549 1018 3619 praedictorum
1052 3550 1183 3606 ﬁdes
1203 3591 1218 3616 ,
1259 3552 1368 3606 vita
1395 3560 1450 3606 et
1479 3550 1819 3605 conversatio

236 3636 523 3707 diligenter
588 3623 946 3706 discutiatur,
1007 3655 1077 3696 ne
1138 3638 1367 3709 alicujus
1424 3639 1666 3705 invidia,
1725 3647 1819 3708 aut

241 3726 562 3803 inimicitiis,
589 3737 685 3783 aut
705 3728 1001 3785 intentione
1028 3712 1175 3785 'mala
1211 3729 1496 3800 quisquam
1534 3737 1778 3785 vexetur.

663 3819 831 3876 XXV.
854 3852 925 3862 —
947 3820 1006 3877 S.
1053 3821 1303 3886 SlXTUS
1326 3821 1391 3877 ll.

743 3913 914 3987 (Anno
939 3912 1136 3969 Christi
1161 3913 1309 3984 260.)

313 4003 530 4075 Sinus,
582 4004 800 4062 natione
857 4004 1119 4076 Gragcus,
1163 4019 1228 4061 ex
1275 4005 1631 4077 philosopho,
1679 4005 1822 4062 sedit

241 4109 442 4165 annum
479 4109 666 4160 unum,
696 4109 911 4152 menses
938 4095 1147 4162 decem,
1182 4097 1299 4153 dies
1330 4097 1518 4168 viginti
1542 4106 1671 4156 tres.
1694 4096 1821 4153 Fuit

238 4189 422 4254 autem
475 4179 744 4239 Valeriani
793 4179 850 4240 et
889 4183 1040 4240 Decii
1097 4192 1377 4255 tempore:
1418 4194 1474 4240 et
1529 4183 1634 4240 fuit
1690 4193 1820 4242 tunc

241 4275 477 4330 maxima
518 4276 841 4346 persecutio.
894 4276 1097 4333 Eodem
1147 4286 1391 4349 tempore
1441 4279 1531 4334 ltic
1572 4294 1812 4350 compre-

241 4363 447 4442 bensus
488 4373 636 4436 est'a
667 4365 989 4433 Valeriano,
1032 4375 1089 4422 et
1128 4366 1356 4434 ductus,
1388 4376 1448 4422 ut
1487 4368 1820 4424 damionibus

239 4455 593 4511 sacriﬁcaret.
644 4457 744 4524 Qui
771 4497 803 4536 ,_
836 4459 961 4528 quia
991 4466 1260 4538 praecepta
1303 4457 1421 4526 ejus
1466 4458 1817 4528 contempsit,

241 4546 422 4618 capite
453 4556 734 4604 truncatus
780 4558 894 4618 est,
943 4556 999 4604 et
1045 4562 1167 4602 cum
1211 4561 1277 4603 eo
1317 4561 1412 4603 sex
1459 4548 1666 4603 diaconi
1716 4547 1816 4618 sub

240 4641 332 4712 die
383 4654 488 4712 vni
523 4638 646 4712 ldus
693 4637 941 4708 Augusti.
987 4637 1168 4694 Tertia
1200 4645 1381 4692 autem
1425 4637 1512 4692 die
1553 4645 1674 4708 post
1701 4637 1819 4707 ejus

239 4715 545 4801 passionem
569 4743 762 4799 passus
785 4738 890 4794 est,
911 4738 966 4785 et
991 4727 1336 4784 beatissimus
1355 4725 1678 4783 Laurentius
1703 4727 1820 4797 ejus

244 4819 684 4888 archidiaconus,
708 4835 762 4876 tv
787 4819 908 4875 ldus
946 4819 1193 4894 Augusti.
1237 4819 1340 4874 llic
1384 4818 1656 4892 ordinavit
1706 4819 1834 4892 epti—~

243 4911 629 4984 scopos,_duos,
652 4911 1000 4993 presbyteros
1027 4919 1283 4982 quatuor,
1309 4911 1564 4967 diaconos
1589 4920 1816 4982 septem.

314 5003 416 5060 Hic
446 5004 498 5058 in
525 5002 749 5074 epistola
774 5043 788 5068 ,
835 5001 996 5073 quam
1029 5002 1198 5059 Grato
1237 5003 1490 5074 episcopo
1518 5001 1820 5058 consulenti

239 5113 369 5154 cum
397 5097 545 5154 misit
579 5098 762 5169 (epist.
798 5097 889 5172 1),
923 5097 1224 5173 rationibus
1267 5106 1324 5154 et
1352 5099 1675 5168 auctoritate
1704 5097 1821 5168 plu-

245 5191 510 5251 rimorum
553 5189 912 5267 irrel‘ragabili
958 5193 1196 5252 asseruit
1235 5201 1291 5248 et
1332 5191 1582 5264 probavit
1623 5193 1836 5256 Filium;

245 5281 344 5338 Dei
393 5297 499 5345 non
529 5298 596 5338 ex
647 5292 909 5354 tempore,
955 5297 1132 5354 neque
1159 5291 1280 5354 post
1308 5291 1551 5354 tempora
1589 5292 1778 5354 natum
1803 5324 1820 5350 ,

243 5374 343 5430 sed
369 5383 494 5430 ante
516 5375 700 5444 omnia
739 5383 980 5446 tempora
1007 5376 1074 5432 de
1109 5384 1334 5446 paterno
1359 5388 1512 5430 utero
1535 5377 1820 5434 inenarra-

245 5465 433 5522 biliter
457 5475 808 5540 generatum.)
824 5467 943 5540 ilic,
976 5468 1044 5528 in.
1063 5467 1252 5523 eadem
1280 5467 1529 5536 epistola,
1550 5467 1653 5521 hoc
1673 5467 1820 5537 quod

246 5569 282 5610 a
310 5554 492 5612 multis
539 5557 654 5612 suis
689 5557 1122 5612 antecessoribus
1166 5555 1520 5612 constitutum
1558 5563 1706 5620 erat,
1751 5555 1820 5610 ad

247 5645 490 5701 omnium
516 5647 890 5717 episcoporum
918 5646 1180 5702 auxilium
1219 5660 1280 5701 se
1327 5641 1611 5714 roborasse
1636 5653 1819 5702 osten-

247 5742 329 5797 dit
353 5741 434 5811 (2,
454 5757 508 5812 q.
539 5740 594 5807 6,
617 5759 666 5797 υ.
701 5741 944 5804 Omnes):
973 5739 1244 5808 videlicet,
1269 5747 1327 5794 ut
1346 5733 1538 5799 Omnes
1558 5735 1816 5806 epise0pi.

1846 4509 1897 4568 D

1919 3290 2040 3344 qua:
2063 3273 2228 3329 certis
2259 3271 2474 3328 indiciis
2518 3269 2972 3340 comprobantur,
3011 3266 3116 3322 nisi
3157 3280 3278 3336 quae
3322 3266 3504 3320 mauis

1919 3364 2056 3421 festo
2071 3363 2276 3437 judicio
2297 3361 2714 3425 convincuntur,
2739 3358 2841 3413 nisi
2864 3372 2982 3428 quae
2998 3355 3290 3426 judiciario
3314 3355 3504 3426 ordine

1919 3457 2280 3529 publicentur.
2315 3454 2446 3509 Item
2477 3451 2801 3522 auctoritate
2825 3459 2880 3506 et
2901 3449 3080 3504 verbis
3105 3445 3346 3518 Apostoli
3374 3460 3505 3501 con-

1920 3547 2100 3602 ﬁrmat
2125 3544 2322 3615 (Exod.
2350 3546 2532 3614 mn),
2561 3541 2966 3612 inscriptionem
2991 3541 3250 3596 adversus
3278 3537 3512 3610 presby.

1922 3646 2098 3698 terum
2125 3650 2231 3691 non
2259 3649 2382 3692 esse
2412 3633 2786 3704 recipiendam
2832 3629 3038 3702 absque
3066 3627 3278 3686 duobus
3305 3626 3388 3684 vel
3414 3628 3504 3681 tri-

1920 3731 2022 3787 bus
2055 3728 2262 3784 idoneis
2289 3726 2514 3782 testibus
2559 3724 2612 3798 (1
2642 3723 2779 3778 Tim.
2803 3724 2880 3796 v).
2911 3722 3046 3778 Item
3076 3735 3107 3776 a
3133 3721 3506 3792 praedecesso-

1920 3821 2071 3893 ribus
2119 3819 2232 3876 suis
2282 3817 2602 3890 plerumque
2657 3825 2922 3872 statutum
2969 3821 3396 3877 commemorat,
3448 3821 3506 3866 ut

1921 3926 2080 3969 nemo
2121 3909 2409 3966 anathema
2454 3908 2509 3963 in
2559 3908 2938 3979 episcoporum
2973 3904 3237 3978 suspiciat
3281 3918 3503 3960 accusa-

1920 4002 2067 4058 tione
2097 4018 2112 4056 :
2139 4000 2290 4067 item,
2321 4013 2422 4056 nec
2447 3998 2547 4064 illi,
2574 3998 2668 4069 qui
2697 4012 2793 4055 eos
2818 3997 2872 4054 in
2903 4012 3002 4054 sua
3029 3994 3219 4053 nolunt
3249 3993 3498 4079 recipere

1920 4091 2141 4164 querela
2171 4089 2256 4147 vel
2286 4090 2652 4146 accusatione.

2322 4182 2510 4240 XXVI.
2532 4211 2603 4221 —
2623 4179 2680 4235 S.
2723 4175 3104 4239 DIONYSIUS.

2410 4273 2582 4344 (Anno
2625 4270 2820 4338 Christi
2869 4247 3018 4337 261T)

1994 4367 2276 4438 Dionysius
2314 4379 2384 4420 ex
2428 4361 2714 4428 monacho,
2758 4359 2912 4431 cujus
2953 4357 3353 4430 generationem
3398 4370 3524 4408 non.

1920 4459 2192 4530 potuimus
2233 4455 2491 4527 reperire,
2543 4452 2686 4510 sedit
2726 4466 2898 4506 annos
2929 4465 3044 4516 sex,
3097 4460 3308 4503 menses
3347 4445 3504 4510 duos,

1924 4553 2041 4610 dies
2081 4560 2330 4622 quatuor.
2375 4548 2502 4604 Fuit
2544 4555 2724 4602 autem
2775 4542 3103 4614 temporibus
3144 4537 3389 4603 Galieni,
3437 4553 3506 4592 ex

1925 4641 2012 4697 die
2047 4656 2101 4695 ιι
2130 4639 2362 4696 Kalend.
2395 4637 2621 4708 August.
2659 4633 2954 4692 1Emiliano
2977 4639 3032 4688 et
3056 4629 3224 4693 Basso
3267 4628 3503 4693 consuli-

1924 4731 2026 4788 bus
2051 4747 2220 4801 usque
2255 4731 2306 4786 in
2332 4744 2404 4784 vit
2427 4727 2649 4783 Kalend.
2678 4723 2939 4788 Januarii,
2971 4737 3002 4776 a
3037 4717 3316 4776 consulatu
3343 4716 3504 4771 (llau-

1927 4823 2000 4880 dii
2025 4830 2080 4878 et
2103 4819 2337 4876 Paterni.
2394 4816 2494 4872 Hic
2523 4813 2852 4886 presbyteris
2899 4810 3084 4866 Romae
3123 4805 3410 4878 parochias
3452 4812 3508 4858 et

1927 4911 2189 4970 ecclesias
2230 4907 2376 4965 dedit
2401 4907 2512 4978 (l3,
2537 4921 2594 4978 q.
2622 4905 2672 4972 l,
2703 4918 2754 4972 ε,
2791 4898 3096 4969 Ecclesiaa),
3129 4894 3370 4967 singulas
3395 4893 3506 4948 sin-

1921 5001 2061 5074 gulis
2092 5018 2106 5054 :
2148 5007 2204 5056 ct
2250 5000 2394 5071 ipsas
2431 4986 2716 5068 parochias
2757 5002 2813 5050 et
2851 4989 3162 5059 cmmeteria
3189 4987 3270 5042 eis
3303 4985 3508 5041 dimisit

1922 5091 2172 5168 [divisit],
2197 5100 2252 5148 et
2269 5090 2556 5161 unicuique
2579 5089 2669 5161 jus
2691 5087 2888 5141 habere
2906 5081 3180 5153 proprium
3205 5075 3504 5144 constituit,

1922 5187 1995 5242 ita
2027 5184 2299 5250 videlicet,
2345 5190 2404 5237 ut
2454 5180 2630 5238 nullus
2671 5177 2892 5233 alterius
2933 5171 3203 5244 parochia:
3245 5168 3504 5225 terminos

1923 5285 2016 5334 aut
2038 5276 2128 5348 jus
2161 5275 2399 5340 invadat,
2423 5273 2516 5328 sed
2541 5268 2905 5338 unusquisque
2939 5265 3050 5319 suis
3089 5263 3161 5320 sit
3197 5268 3502 5348 contentus.

1926 5367 1993 5423 Et
2036 5347 2090 5422 in
2129 5363 2354 5435 epistola
2394 5376 2554 5431 quam
2600 5357 2800 5413 Severo
2845 5355 3096 5425 episcopo
3146 5347 3507 5408 Cordubensis

1926 5457 2218 5531 provinciae
2243 5451 2532 5516 destinavit
2560 5449 2731 5520 (epist.
2766 5446 2845 5516 2),
2878 5445 2979 5516 ipsi
3009 5443 3230 5507 Severo,
3264 5437 3504 5494 caeteris-

1925 5565 2033 5623 que
2069 5546 2354 5619 episcopis,
2394 5545 2495 5599 boc
2525 5541 2668 5612 quod
2715 5539 2828 5610 ipse
2877 5536 3004 5593 inde
3053 5535 3170 5605 ipse
3218 5534 3504 5623 statuerat.

1926 5619 2145 5699 scrvare
2171 5648 2226 5695 et
2254 5638 2404 5708 sequi
2429 5633 2700 5707 praecepit.
2750 5632 2881 5688 Item
2902 5631 2957 5686 in
2984 5627 3173 5685 eadem
3199 5619 3501 5683 constituit,

1927 5733 2067 5791 sicut
2094 5740 2148 5788 et
2173 5729 2255 5788 sui
2282 5728 2704 5801 prmdccessores
2732 5723 2970 5783 fecerant
3003 5718 3116 5792 (l5,
3141 5731 3196 5788 q.
3225 5713 3278 5781 ‘5,
3311 5727 3360 5770 c.
3391 5708 3501 5768 Nec

3984 3889 3985 3902 1

3984 4011 3985 4028 1

3984 4111 3985 4128 1

3984 4297 3985 4316 1

3984 4359 3985 4368 1

3984 4381 3985 4392 1

3984 4531 3985 4552 1

3984 4577 3985 4588 1

3984 4621 3985 4634 1

3983 4657 3985 4674 1

3983 5043 3985 5130 1

3982 5513 3985 5672 1
