3948 5540
88 398 110 453 1
133 397 226 454 ΙῚἸ

871 398 1142 458 PSEUDO
1179 393 1597 457 LUITPRANDI
1636 395 1764 452 LIB.
1810 392 1896 451 DE
1933 395 2112 452 VITIS
2153 394 2318 453 ROM.
2362 395 2563 453 PONT.

3211 395 3345 454 H78

83 514 230 572 licet,
273 511 322 563 si
351 525 552 562 necesse
594 509 776 579 fuerit,
803 523 892 566 aut
931 515 976 566 si
1008 531 1062 568 se
1104 513 1422 584 pra’grarari
1457 512 1663 566 viderit.
1697 513 1742 572 Α
1769 509 2058 575 exorcista,
2093 511 2220 565 inde
2264 522 2507 567 sacretur
2553 509 3038 583 acolytus,.deinde
3066 509 3347 568 subdiaco-

83 598 455 652 Accusationis
482 607 651 652 autem
686 599 920 654 ordinem
943 601 1098 656 talem
1121 603 1363 665 dicimus,
1398 611 1445 654 et
1470 600 1666 655 servari

71 688 324 757 jubemus
355 703 374 742 :
401 689 454 741 id
480 698 576 753 est,
603 689 650 741 si
678 690 794 758 quis
835 689 1140 744 clericorum
1177 692 1229 744 in
1265 692 1480 744 crimine
1505 691 1667 757 impe-

79 777 231 843 titur,
261 795 366 831 non
398 781 574 832 statim
610 795 728 833 reus
763 781 1108 844 existimetur,
1149 781 1272 851 quia
1316 781 1524 834 causari
1557 778 1666 850 [qui

79 869 351 941 accusari]
392 872 582 940 potuit,
634 888 697 924 ne
727 872 1010 941 subjectum
1050 871 1386 944 [suspectam]
1416 873 1664 925 innocen-

77 967 208 1011 tiam
238 960 520 1027 faciamus.
549 960 654 1016 Sed
680 963 913 1032 quisquis
930 961 1017 1016 ille
1038 972 1132 1023 est,
1161 963 1250 1032 qui
1277 963 1470 1015 crimen
1499 962 1668 1015 inten—

77 1050 173 1112 dit,
204 1051 258 1102 in
276 1051 545 1118 judicium
571 1053 758 1114 ueniat,
794 1069 976 1106 nomen
1010 1054 1082 1106 rei
1106 1054 1318 1116 indicet,
1344 1052 1550 1106 uincula
1581 1053 1664 1104 in—

81 1139 390 1207 scriptionis
437 1142 677 1212 arripiat,
711 1143 961 1196 custodito
1001 1137 1305 1216 [custodiat]
1361 1143 1661 1197 similitudi-

79 1247 216 1296 nem,
245 1232 429 1286 habitu
459 1242 629 1288 tamen
667 1235 936 1304 dignitatis
991 1237 1376 1290 existimatione
1434 1236 1669 1306 patiatur

79 1321 387 1396 [potiatur],
420 1343 481 1379 ne
507 1326 638 1389 forte
660 1328 872 1380 moverit
905 1327 1036 1381 licen
1062 1329 1112 1381 ia
1136 1326 1356 1399 [noverit
1377 1326 1666 1399 licentiam]

79 1415 386 1481 mentiendi,
419 1432 534 1468 cum
565 1415 943 1471 calumniantes
975 1418 1044 1471 ad
1081 1420 1361 1472 vindictam
1390 1429 1566 1488 poscat
1597 1420 1667 1472 εἰς

78 1506 321 1560 militudo
374 1507 632 1578 supplicii.
688 1509 1011 1573 Ilzcreticos,
1062 1520 1115 1564 et
1160 1519 1459 1580 suspectos.
1491 1519 1545 1564 et
1574 1525 1666 1564 ex-

76 1599 532 1662 communicatos,
565 1599 862 1656 homicidas
906 1617 1121 1672 quoque
1155 1611 1209 1656 et
1259 1601 1551 1665 maleﬁcos,
1586 1602 1664 1655 1⁵η-

78 1705 184 1752 res,
219 1689 538 1760 sacrilegos,
566 1700 830 1761 raptores,
857 1691 1144 1756 veneﬁcos,
1173 1692 1462 1756 adulteros,
1495 1701 1548 1746 et
1575 1692 1664 1762 qui

77 1791 293 1852 raptum
343 1781 593 1849 fecerint,
638 1784 722 1838 vel
772 1783 964 1838 falsum
1010 1784 1372 1840 testimonium
1409 1784 1660 1843 dixerint,

1768 615 1890 664 nus,
1918 599 2109 653 deinde
2136 600 2392 655 diaconus
2414 611 2469 655 et
2496 610 2682 671 postea
2709 600 3010 672 presbyter.
3039 601 3267 668 Exinde,
3301 603 3344 657 si

1767 697 2025 753 meretur,
2055 689 2336 758 episc0pus
2370 691 2667 754 ordinetur,
2696 699 2748 745 et
2782 690 3028 761 regiones
3063 691 3116 744 in
3138 692 3348 762 magnis

1767 778 2073 833 civitatibus
2103 779 2243 832 inter
2284 780 2538 834 diaconos
2568 779 2730 833 dividi
2782 781 3080 849 prmeepit:
3132 788 3188 834 et
3230 796 3347 834 om-

1769 884 1863 923 nes
1883 869 2122 924 diIIiciles
2141 871 2486 938 quaestiones,
2519 885 2638 939 quae
2665 878 2868 926 exorta:
2891 869 3109 936 fuerint,
3133 883 3348 938 semper

1768 961 1835 1015 ad
1873 960 2220 1030 apostolicam
2255 963 2436 1016 sedem
2464 961 2652 1016 referri
2681 961 2951 1031 praecepit.

2119 1049 2288 1104 XXX.
2318 1081 2384 1090 —
2408 1050 2465 1106 S.
2501 1049 2984 1104 MARCELLINUS

2265 1143 2438 1212 (Anno
2472 1141 2666 1196 Christi
2689 1142 2842 1212 296.)

1839 1231 2203 1299 Marcellinus,
2236 1233 2454 1290 natione
2483 1233 2785 1300 Romanus,
2811 1249 2878 1290 ex
2907 1243 3058 1304 patre
3075 1232 3348 1305 Projecto,

1769 1321 1907 1374 sedit
1933 1323 2331 1389 annos'novem,
2357 1338 2569 1378 menses
2583 1333 2832 1393 quatuor,
2851 1324 2964 1378 dies
2987 1323 3171 1394 viginti
3193 1325 3347 1392 quin-

1769 1427 1891 1482 que.
1926 1413 2050 1468 Fuit
2072 1425 2252 1469 autem
2287 1416 2618 1485 temporibus
2640 1414 2956 1469 Diocletiani
2982 1423 3035 1468 et
3063 1413 3352 1470 Maximia-

1769 1501 1846 1554 ni.
1871 1501 1988 1567 Quo
2019 1511 2256 1571 tempore
2279 1513 2425 1557 tanta
2448 1503 2549 1557 fuit
2573 1504 2874 1574 persecutio
2895 1504 3350 1570 Christianorum,

1773 1601 1831 1647 ut
1862 1593 2002 1646 intra
2043 1594 2257 1664 triginta
2309 1595 2447 1658 dies,
2475 1595 2853 1664 septemdecim
2884 1595 3047 1650 millia
3073 1597 3348 1650 hominum

1768 1684 2056 1753 promiscui
2076 1699 2236 1740 sexus
2266 1702 2360 1756 per
2382 1687 2623 1742 diversas
2647 1688 2947 1757 provincias
2977 1689 3238 1758 martyrio
3260 1703 3351 1741 co-

1771 1785 2117 1829 ronarentur.
2148 1775 2299 1830 Tune
2321 1784 2374 1830 et
2407 1777 2516 1846 ipse
2541 1777 2887 1832 Marcellinus
2913 1777 3220 1846 compulsus
3245 1778 3353 1831 dte-

73 1887 128 1931 e:
158 1891 371 1941 omnes,
403 1878 494 1947 qui
542 1877 862 1934 Christiana:
896 1878 1172 1949 religionis
1215 1889 1267 1934 et
1304 1878 1539 1932 nominis
1583 1877 1660 1932 di-

1773 1866 2023 1920 monibus
2067 1865 2416 1919 sacriﬁcavit.
2452 1866 2557 1920 Sed
2604 1877 2724 1935 pOSt
2754 1881 2954 1936 paucos
2997 1866 3110 1920 dies
3149 1866 3351 1935 synodo

75 1967 362 2035 gnitatcm,
398 1977 454 2022 et
504 1983 614 2022 sua:
643 1967 776 2038 legis
819 1969 902 2024 vel
953 1969 1210 2039 pr0posili
1264 1985 1544 2030 normam,
1573 1976 1666 2021 aut

77 2060 404 2130 regulariter
434 2062 702 2132 prohibita
738 2064 1091 2133 neglexerint,
1125 2084 1152 2118 a
1185 2064 1398 2119 licentia
1434 2074 1540 2118 tam
1571 2080 1663 2120 ac-

73 2153 343 2217 cusandi,
376 2169 537 2223 quam
589 2155 909 2210 testiﬁcandi
953 2155 1173 2212 omnino
1206 2157 1452 2211 removit.
1505 2157 1668 2211 Simi-

75 2241 200 2294 liter
227 2243 531 2312 prohibuit,
562 2254 620 2298 ut
654 2245 814 2300 null;c
845 2263 1021 2301 causa:
1052 2263 1080 2300 a
1107 2247 1378 2315 judicibus
1411 2249 1668 2304 ecclesia-

75 2331 229 2386 sticis
258 2333 570 2399 audiantur,
609 2351 727 2405 qua:
773 2337 980 2407 legibus
1025 2355 1129 2394 non
1169 2339 1535 2404 continentur,
1585 2341 1666 2393 vel

75 2441 196 2492 qua:
222 2425 496 2496 prohibita
528 2441 646 2483 esse
686 2439 984 2484 noscuntur
1013 2448 1026 2485 :
1073 2431 1198 2500 quia
1246 2449 1348 2487 non
1380 2433 1550 2487 solum
1580 2451 1666 2489 ec-

72 2517 424 2584 clesiasticae,
473 2519 566 2572 sed
599 2521 762 2574 etiam
813 2522 991 2576 secculi
1039 2522 1182 2592 leges
1220 2523 1334 2577 haec
1379 2524 1668 2580 observare

72 2608 422 2677 praecipiunt.
499 2610 626 2663 Item
696 2609 960 2675 afﬁrmat,
1030 2611 1225 2681 quibus
1291 2629 1511 2684 regnum
1575 2615 1664 2667 Dei

69 2696 404 2766 excluditur,
438 2699 626 2769 procul
653 2699 814 2754 dubio
844 2709 898 2754 et
931 2701 1173 2755 Ecclesia
1213 2702 1524 2772 denegatur.

504 2789 694 2844 XXIX.
742 2823 811 2831 —
868 2791 925 2846 S.
980 2791 1203 2848 CAIUS.

603 2881 773 2952 (Anno
804 2881 996 2936 Christi
1020 2881 1172 2953 285.)

143 2965 336 3030 (ἰδίης,
368 2969 587 3022 natione
629 2970 981 3036 Dalmatieus,
1013 2988 1076 3026 ex
1106 2988 1303 3043 genere
1346 2973 1666 3030 Diocletiani

71 3058 444 3128 imperatoris,
493 3077 556 3116 ex
602 3074 754 3130 pa'rc
784 3064 935 3128 Caio,
991 3065 1130 3118 sedit
1175 3080 1346 3120 annos
1391 3068 1664 3134 undecim,

70 3161 293 3200 menses
328 3156 580 3216 quatuor,
608 3150 724 3204 dies
755 3152 1058 3206 duodecim.
1098 3153 1222 3206 Fuit
1248 3163 1424 3208 autem
1460 3166 1664 3225 tempo-

67 3237 225 3290 ribus
254 3239 569 3294 Diocletiani
599 3259 612 3296 :
637 3241 792 3312 cujus
819 3245 1248 3312 persecutionem
1275 3245 1483 3315 fugiens
1509 3248 1664 3301 annis

65 3343 271 3381 novem
314 3329 571 3408 habitavit
603 3332 653 3384 in
684 3333 916 3403 cryptis;
945 3335 1034 3402 qui
1062 3337 1276 3389 tandem
1311 3346 1516 3408 martyr
1546 3355 1662 3393 me-

61 3417 182 3470 ruit
214 3415 352 3471 cﬂici
387 3402 670 3480 x'KatIcnd.
704 3402 850 3476 Maii.
883 3423 981 3478 IIic
1011 3424 1062 3477 in
1094 3425 1340 3494 epistola,
1373 3402 1531 3495 quam
1559 3428 1662 3482 Fc-

61 3508 159 3562 lici
192 3509 450 3578 episcopo
476 3511 712 3581 scripsit,
748 3515 891 3584 quod
939 3515 1246 3584 apostolica:
1285 3518 1426 3572 sedis
1474 3527 1660 3573 aucto-

63 3601 208 3654 ritas
238 3600 390 3671 juxta
425 3603 741 3659 catholicam
771 3606 1105 3676 disciplinam
1153 3616 1394 3676 tempore
1441 3625 1540 3662 suo
1571 3619 1654 3664 te-

62 3691 261 3755 nebat,
295 3693 360 3747 de
397 3694 580 3749 multis
619 3712 740 3750 eum
797 3697 1064 3752 instruere
1113 3709 1384 3760 exoratus,
1429 3702 1657 3768 curavit,

63 3782 145 3835 ita
177 3782 368 3837 dicens
400 3801 413 3836 :
447 3783 685 3839 Primum
717 3787 925 3856 quidem
969 3788 1129 3853 scias,
1153 3806 1385 3858 paganos
1415 3802 1459 3844 et
1495 3791 1662 3846 lucre-

61 3875 202 3926 ticos
231 3889 335 3926 non
373 3891 521 3942 posse
543 3874 864 3931 Christianos
909 3894 1158 3932 accusare
1181 3878 1254 3948 (2,
1298 3895 1351 3947 q.
1381 3879 1435 3942 7,
1473 3896 1522 3934 c.
1554 3878 1661 3933 Pa-

59 3965 245 4033 gani),
274 3974 364 4017 aut
396 3982 570 4019 vocem
616 3967 978 4036 infamationis
1007 3967 1242 4036 inferre;
1283 3969 1469 4023 deinde
1512 3987 1658 4024 nemo

62 4072 306 4124 unquam
336 4057 630 4125 episcopum
655 4057 724 4110 ad
749 4057 959 4126 judices
987 4058 1288 4123 sa'culares,
1317 4071 1406 4113 aut
1435 4060 1659 4132 reliquos

61 4136 294 4200 cleiiCOs
343 4163 592 4200 accusare
628 4159 909 4216 prtcsumat
947 4164 967 4204 :
1017 4159 1064 4202 et
1112 4151 1157 4203 si
1207 4150 1321 4220 quis
1366 4152 1655 4221 episcopus,

60 4235 344 4304 presbyter
369 4245 459 4288 aut
487 4236 761 4302 diaconus,
801 4237 878 4291 vel
905 4238 1117 4308 quilibet
1145 4240 1362 4294 clericus
1387 4243 1526 4310 apud
1550 4243 1657 4310 epi-

60 4341 257 4393 scopos
284 4323 427 4394 (quia
455 4325 581 4378 alibi
608 4342 712 4379 non
742 4336 940 4396 oportet
969 4345 998 4380 a
1020 4327 1246 4395 qualibet
1269 4346 1513 4397 persona,
1539 4347 1656 4400 qua:

63 4418 168 4470 rite
195 4417 492 4484 recipienda
523 4417 618 4483 est)
652 4417 844 4485 fuerint
871 4419 1126 4479 accusati,
1153 4422 1446 4488 quicunque
1471 4420 1653 4488 fuerit,

59 4506 178 4559 sive
207 4504 299 4558 ille
323 4505 560 4559 sublimis
605 4507 680 4558 vir
715 4507 950 4568 honoris,
976 4507 1080 4561 sive
1107 4506 1322 4560 alterius
1359 4508 1648 4577 dignitatis,

71 4595 156 4666 ,αἱ
178 4596 280 4648 hoc
301 4612 463 4665 genus
492 4595 814 4651 illaudabilis
840 4599 1144 4653 intentionis
1167 4573 1470 4669 arripuerit,
1505 4617 1654 4654 nove-
1685 4573 1732 4630 D

59 4697 134 4738 rit
180 4685 421 4739 docenda
471 4687 793 4755 probationis
846 4691 1187 4743 monstranda
1235 4691 1558 4744 documentis
1597 4708 1652 4744 se

58 4775 313 4847 [noverit
336 4775 490 4844 prob.
520 4778 838 4832 documenta
863 4777 942 4850 se]
973 4779 1155 4833 debere
1183 4780 1397 4849 inferre.
1433 4779 1492 4834 Si
1535 4782 1652 4850 quis

53 4880 186 4933 ergo
221 4863 362 4916 circa
406 4863 711 4934 hujusmodi
739 4883 987 4936 personas
1027 4886 1128 4922 non
1157 4869 1426 4938 probanda
1455 4869 1658 4923 detule-

53 4958 150 5019 rit,
183 4957 499 5010 auctoritate
523 4957 680 5026 Itujus
710 4959 996 5012 sanctionis
1021 4959 1277 5029 intelligat
1304 4978 1359 5016 se
1380 4963 1650 5032 jacturam

51 5049 308 5118 infamiw
338 5051 613 5104 sustinere.
658 5049 898 5116 Qualiter
923 5060 1099 5106 autem
1133 5051 1198 5106 ad
1245 5055 1530 5108 concilium
1567 5069 1656 5108 ve-

51 5140 252 5193 niatur
279 5138 352 5209 (5.
379 5155 429 5209 q.
466 5141 518 5204 1,
551 5155 599 5193 c.
636 5137 950 5209 Episcopis),
981 5150 1034 5196 et
1075 5149 1289 5206 caetera,
1323 5144 1464 5198 etde
1505 5143 1658 5198 indu-

50 5228 160 5282 ciis
192 5229 618 5292 anniversariis,
665 5227 793 5284 dicit
843 5243 902 5283 se
945 5229 1062 5285 ideo
1095 5230 1146 5284 in
1194 5234 1385 5287 eadem
1431 5232 1652 5302 cpistola

51 5335 168 5371 non
201 5333 401 5386 ponere
429 5335 444 5372 :
477 5319 608 5389 quia
644 5317 967 5375 suﬂicienter
987 5322 1052 5375 de
1096 5321 1402 5389 huiusmodi
1429 5322 1498 5377 ab
1527 5337 1653 5392 apo-

49 5411 241 5476 stolis,
272 5423 326 5466 et
355 5428 541 5467 eorum
571 5412 998 5478 successoribus,
1027 5423 1081 5472 et
1125 5430 1152 5465 a
1197 5416 1312 5470 suis
1343 5425 1649 5471 antecesso-

51 5502 216 5540 νῖῑιησ
253 5510 536 5540 Iram-unm
581 5515 705 5540 pecs:
744 5501 1010 5540 avictimol
1085 5503 1156 5538 ha
1199 5506 1480 5540 ανΛίηίΙιηα
1523 5520 1650 5540 ινυιιΔ

1769 1967 2089 2030 congregata
2125 1959 2175 2012 in
2209 1959 2427 2014 civitate
2472 1958 2778 2028 Campania:
2822 1975 3004 2013 coram
3047 1967 3263 2012 centum
3296 1966 3351 2010 et

1768 2049 2043 2120 octoginta
2071 2050 2358 2120 episcopis,
2400 2049 2559 2119 digne
2591 2051 2858 2119 paenituit.
2892 2049 3043 2105 Unde
3067 2048 3351 2103 Diocletia-

1769 2153 1870 2191 nus
1898 2137 2087 2199 iratus,
2121 2138 2246 2206 quia
2297 2138 2362 2191 ad
2414 2138 2829 2191 sacriﬁcandum
2867 2152 2989 2192 eum
3019 2151 3216 2206 cogere
3242 2153 3348 2189 non

1769 2228 1954 2291 valuit,
1981 2244 2100 2281 cum
2142 2227 2261 2281 aliis
2286 2229 2455 2282 tribus
2497 2229 2672 2297 capite
2709 2229 2948 2283 truncari
2976 2227 3135 2295 jussit
3165 2243 3215 2280 vt
3247 2227 3353 2280 Ka-

1771 2317 1912 2373 lend.
1947 2317 2088 2382 Maii;
2117 2325 2172 2370 ct
2213 2326 2333 2386 post
2379 2318 2596 2387 triginta
2625 2317 2740 2371 dies
2771 2316 3008 2386 sepultus
3037 2325 3117 2370 cst
3147 2331 3174 2367 a
3206 2314 3348 2368 Mar-

1769 2410 1904 2464 cello
1930 2411 2264 2480 presbytero.
2311 2411 2375 2464 Et
2406 2411 2638 2464 cessavit
2664 2412 3006 2481 episcopatus
3032 2409 3148 2479 ejus
3178 2423 3349 2461 annos

1769 2510 1997 2569 septem,
2034 2515 2246 2554 menses
2273 2516 2392 2567 sex,
2439 2501 2556 2555 dies
2596 2501 2786 2570 viginti
2825 2501 3085 2569 quinque,
3130 2507 3352 2568 propter

1770 2595 1990 2648 nimiam
2023 2595 2451 2664 persecutionem
2481 2594 2932 2648 Christianorum.
2979 2591 3077 2646 Ilic
3126 2592 3348 2646 ordina-

1770 2685 1845 2737 vit
1869 2685 2151 2754 episcopos
2171 2684 2428 2754 quiuque,
2456 2685 2798 2754 presbyteros
2818 2691 3067 2752 quatuor,
3095 2681 3351 2736 diaconos

1770 2777 1919 2830 duos.
1948 2775 2043 2828 Ilic
2084 2775 2135 2827 in
2166 2774 2410 2844 epistola,
2448 2789 2607 2844 quam
2656 2772 2928 2828 Salomoui
2964 2773 3216 2842 episcopo
3249 2772 3350 2824 mi-

1769 2871 1837 2924 sit
1867 2869 2038 2941 (epist.
2069 2870 2140 2939 1),
2189 2869 2372 2922 multis
2414 2869 2714 2922 rationibus
2767 2866 3035 2935 probavit,
3064 2874 3120 2920 et
3151 2864 3346 2918 multo-

1771 2975 1886 3013 rum
1924 2959 2276 3030 irrel'ragahili
2319 2960 2642 3012 auctoritate
2675 2942 2918 3012 .ﬁrmavit
2945 2998 2958 3022 ,
2987 2957 3200 3011 Patrem
3242 2971 3347 3009 non

1769 3064 1888 3104 esse
1918 3049 2176 3118 majorem
2205 3048 2364 3112 Filio,
2391 3049 2491 3102 nisi
2541 3049 2837 3102 secundum
2871 3056 3117 3100 naturam
3160 3047 3350 3100 Imma-

1769 3140 1970 3194 nitatis.
2023 3140 2090 3193 Et
2132 3141 2232 3193 hoc
2277 3138 2404 3192 fecit
2449 3148 2670 3209 propter
2717 3139 2977 3208 quosdam
3045 3136 3349 3201 haereticos,

1693 3226 1736 3286 C
1769 3230 1858 3299 qui
1908 3245 1972 3284 eo
2019 3239 2260 3300 tempore
2305 3230 2482 3284 exorti
2537 3229 2844 3284 ccontrario
2888 3227 3200 3283 nitebantur
3218 3243 3346 3298 pro-

1768 3321 1833 3374 ba
1844 3337 1914 3376 rc.

1836 3411 1891 3464 In
1921 3411 2020 3464 alia
2050 3420 2228 3466 autem
2271 3412 2516 3481 epistola,
2547 3428 2707 3480 quam
2761 3412 3026 3465 universis
3053 3410 3343 3466 destinavit

1765 3502 2028 3570 episeopis
2051 3517 2145 3570 per
2167 3502 2468 3556 Orientales
2510 3502 2812 3572 provincias
2838 3501 3145 3556 constitutis
3173 3502 3342 3571 (epist.

1766 3591 1842 3660 ‘2),
1884 3601 2064 3646 mouet
2093 3601 2145 3645 ct
2176 3594 2415 3662 praecipit
2454 3609 2643 3647 onmes
2675 3609 2702 3644 a
2757 3593 2984 3648 ﬁ'atrum
3018 3593 3347 3662 persecutio-

1766 3700 1831 3737 nc
1861 3693 1912 3738 et
1944 3684 2112 3752 litigio
2128 3700 2373 3752 cessare;
2409 3696 2460 3740 et
2491 3697 2551 3740 ut
2593 3687 2984 3747 contentiones,
3009 3702 3344 3758 quaecunque

1766 3775 1906 3829 inter
1933 3775 2271 3829 Christianos
2300 3777 2498 3831 fuerint
2521 3785 2677 3841 ortae,
2707 3778 2773 3830 ad
2797 3775 3346 3832 ccclesiamdel‘eran-

1766 3876 1872 3930 tur,
1903 3869 2048 3921 etab
2076 3867 2459 3922 ecclesiasticis
2490 3871 2621 3924 viris
2645 3869 3019 3923 terminentur.
3055 3867 3347 3923 Constituit

1764 3962 1947 4022 etiam,
1983 3969 2037 4013 ut
2080 3959 2252 4027 major
2297 3978 2402 4017 non
2431 3964 2600 4032 possit
2630 3979 2657 4016 a
2693 3963 2899 4018 minore
2930 3961 3180 4030 judicari,
3210 3969 3347 4015 etut

1763 4052 2044 4120 episcopus
2073 4053 2294 4122 quilibet
2321 4054 2524 4108 uallum
2556 4058 2723 4124 possit
2749 4054 2948 4110 inferre
2977 4053 3343 4123 prmjndicium

1764 4144 1836 4198 illi
1864 4144 2124 4214 pontiﬁci,
2148 4161 2177 4199 a
2207 4162 2314 4215 quo
2353 4158 2704 4201 consecratus
2728 4161 2846 4201 esse
2871 4147 3129 4215 probatur
3153 4163 3164 4197 :
3191 4152 3264 4206 et,
3297 4145 3342 4198 si

1762 4245 2144 4304 prrcsumptum
2173 4235 2354 4296 fuerit,
2394 4235 2603 4289 irritum
2641 4252 2782 4298 esse,
2815 4246 2868 4290 et
2905 4236 3044 4289 inter
3081 4233 3341 4288 ecclesia-

1762 4326 1897 4380 stica
1945 4335 2143 4380 statuta
2180 4343 2286 4380 non
2339 4342 2459 4379 esse
2489 4325 2835 4379 censendum.
2866 4324 2997 4377 Itetn
3047 4325 3097 4375 in
3152 4321 3340 4376 eadem

1761 4416 1947 4468 statuit
1977 4417 2088 4485 (11,
2121 4431 2174 4484 q.
2205 4417 2255 4480 1,
2285 4431 2337 4470 c.
2363 4414 2574 4483 Cleric.)
2605 4429 2669 4468 ne
2713 4413 2856 4468 ullus
2877 4414 3131 4475 clericus,
3160 4412 3339 4480 cujus-

1762 4517 1973 4571 cunque
1998 4504 2202 4557 ordiuis
2231 4505 2318 4567 sit,
2349 4505 2550 4573 absque
2581 4503 2850 4572 pontiﬁcis
2879 4504 2959 4557 sui
2990 4501 3342 4572 permissione

1761 4596 1925 4649 ullum
1975 4597 2042 4650 ad
2095 4596 2353 4652 swculare
2392 4597 2655 4665 judicium
2710 4605 3004 4665 prmsumat
3047 4595 3340 4657 attrahere,

1759 4700 1859 4739 nec
1887 4686 1935 4740 ei
1967 4686 2164 4741 laicnm
2202 4687 2360 4740 liccat
2397 4700 2652 4740 accusare
2689 4685 2811 4756 [nec
2843 4684 2984 4740 laico
3008 4682 3262 4738 clericum
3285 4682 3343 4734 Ii-

1759 4789 1880 4834 coal
1901 4776 2130 4848 accus.].
2161 4778 2279 4840 IIic,
2314 4777 2453 4832 sicut
2479 4784 2533 4830 et
2557 4775 2799 4829 Calix‘tus
2823 4793 2983 4846 papa,
3007 4775 3225 4829 decreto
3248 4787 3345 4826 suo

1757 4871 2086 4939 Iirmavit(2,
2116 4887 2168 4940 q.
2199 4870 2250 4932 'i,
2281 4885 2327 4922 c.
2368 4868 2580 4936 Laico),
2624 4884 2692 4922 nc
2736 4867 3070 4938 imperatori,
3095 4865 3181 4917 vel
3233 4867 3350 4919 cni-

1755 4976 1918 5029 qnam
1987 4960 2239 5028 pietatem
2291 4955 2635 5019 custodienti,
2695 4957 2856 5011 liceat
2904 4953 3109 5026 aliquid
3162 4962 3348 5007 contra

1759 5054 2014 5107 mandata
2046 5050 2346 5106 divinitatis
2371 5062 2720 5121 prmsumere,
2746 5066 2847 5106 nec
2868 5051 3190 5122 quidquam,
3211 5045 3352 5115 quod

1755 5143 2086 5216 evangelicis
2115 5141 2557 5211 propheticisque
2605 5151 2672 5190 ac
2697 5143 3013 5208 apostolicis
3037 5135 3239 5204 regulis
3263 5135 3362 5188 ob-

1756 5236 1892 5297 viat,
1915 5246 2094 5302 agere.
2129 5231 2313 5296 Itaque
2359 5231 2436 5285 sic
2467 5222 2686 5280 intulit:
2718 5227 2990 5300 Iujustum
3047 5239 3172 5292 ergo
3211 5224 3362 5292 judi-

1753 5326 1923 5392 cium,
1964 5333 2011 5378 et
2054 5321 2292 5391 deﬁnitio
2321 5323 2521 5394 injuste
2563 5319 2717 5384 regis,
2753 5324 2802 5375 vi
2827 5325 2902 5379 νει
2922 5324 3086 5394 jussu
3114 5331 3146 5366 a
3163 5313 3364 5382 judici-

1757 5416 1858 5471 bus
1887 5418 2148 5478 ordinata,
2182 5429 2284 5466 non
2309 5415 2463 5474 valet,
2507 5423 2597 5460 nec
2641 5412 2934 5486 quidquam
2964 5456 2979 5479 ν
3011 5405 3152 5480 quod
3183 5413 3362 5457 contra

1759 5509 2075 5540 nllnnnnlgﬁm
2130 5503 2204 5536 '0‘,
2247 5505 2408 5537 ".‘r""
