3948 5702
543 321 677 378 Ηῗθ

945 436 1133 493 XXXI.
1177 438 1236 493 S.
1269 439 1359 492 MA
1370 439 1705 496 RCELLUS.

1041 527 1104 598 (Α
1113 531 1214 581 nne
1245 527 1441 584 Christi
1473 529 1622 602 504.)

614 615 916 682 Marcellus,
949 617 1168 672 natione
1201 618 1495 685 Romanus,
1517 635 1585 674 ex
1625 629 1779 689 patre
1803 619 2114 684 Benedicto,

541 709 608 766 de
637 710 855 781 regione
897 706 996 762 Via
1026 707 1157 773 lata,
1191 709 1328 764 sedit
1376 726 1547 765 annos
1589 712 1853 782 quinque,
1903 724 2119 766 menses

540 808 769 869 septem,
807 798 924 854 dies
951 797 1137 870 viginti
1168 809 1225 853 et
1269 815 1456 854 unum.
1483 800 1608 856 Fuit
1648 813 1826 856 autem
1864 804 2118 874 tempori-

540 893 640 948 bus
665 891 922 948 Maxentii
961 900 1023 948 et.
1051 891 1377 947 Maximiani.
1406 893 1840 966 Comprehensus
1877 903 2113 953 autem'a

541 981 830 1049 Maxentio,
857 989 912 1037 et
943 981 1171 1036 traditus
1205 983 1258 1036 in
1286 983 1534 1038 catabulo
1566 984 1889 1042 animalibus
1910 989 1976 1042 ad
2001 1003 2118 1043 ser-

541 1071 789 1125 viendum
816 1111 831 1136 ,
873 1070 997 1140 quia
1042 1071 1376 1128 dtemonibus
1442 1075 1754 1131 sacriﬁcare
1787 1077 1976 1142 noluit,
2024 1079 2112 1133 diu

543 1159 740 1215 ibidem
785 1160 962 1215 cilicio
1008 1160 1247 1224 indutus,
1289 1171 1346 1217 et
1379 1162 1557 1218 inedia
1587 1177 1916 1231 maceratus,
1949 1167 2114 1222 vitam

544 1247 719 1302 ﬁnivit
739 1248 791 1302 in
821 1247 1040 1304 Christo
1069 1265 1181 1304 xm
1213 1250 1437 1306 Kalend.
1478 1251 1740 1308 Februar.
1765 1253 1864 1310 Hic
1891 1256 2114 1310 ordina—

541 1337 619 1391 vit
663 1339 945 1409 episcopus
993 1339 1181 1411 viginti
1212 1350 1268 1396 et
1311 1357 1500 1408 unum,
1553 1345 1898 1416 presbyteros
1925 1346 2114 1418 viginti

538 1430 794 1501 quinque,
819 1431 1075 1488 diaconos
1104 1433 1258 1490 duos.
1306 1434 1480 1491 Hicin
1506 1437 1731 1506 epistola
1757 1454 1920 1508 quam
1950 1441 2116 1498 desti-

538 1523 688 1576 navit
717 1523 983 1580 universis
1010 1525 1298 1599 episcopis,
1328 1528 1676 1585 Antiocheam
1707 1532 1952 1589 ecclesias
1987 1535 2115 1591 sub-

537 1615 682 1681 ditis,
708 1617 898 1672 scribit
934 1615 1108 1690 (epist.
1135 1621 1188 1691 I)
1223 1637 1255 1677 a
1284 1625 1488 1679 sanctis
1520 1625 1789 1689 Patribus,
1819 1627 2116 1700 inspirante

1275 321 1566 378 APPEND.
1606 323 1698 379 AD
1735 321 1907 380 SEC.
1945 319 2036 378 IX.
2073 351 2142 362 —
2177 317 2548 377 AUCTORES
2583 317 2746 374 ANNI
2782 315 3079 390 INCERTI.

2143 445 2192 502 Α
2222 451 2323 492 nus
2347 444 2625 502 accusent,
2672 436 2775 492 nisi
2805 451 2836 490 a
2870 445 3016 492 recta
3045 435 3150 491 ﬁde
3189 434 3590 496 exerbitaverit
3627 436 3700 502 (ὲ,
3732 454 3772 508 q.

3665 318 3774 374 Ηῧῦ

2215 527 2272 592 2,
2322 544 2373 584 c.
2425 527 2494 582 In
2529 527 2841 600 Scripturis)
2873 546 2889 582 :
2921 528 3050 601 quia
3089 535 3373 597 pastorum
3432 525 3603 596 facta,
3635 541 3776 596 qua»

2216 634 2378 690 quam
2427 628 2574 676 recte
2616 619 3056 689 reprehendenda
3093 618 3417 681 videantur,
3456 618 3777 674 subditorum

2217 713 2397 764 tamen
2427 709 2604 780 gladio
2631 710 2869 766 l‘eriwda
2906 697 3012 766 non
3050 719 3194 766 sunt.
3225 712 3292 766 Et
3319 710 3391 766 de
3432 711 3683 781 expulsis
3709 720 3780 766 aut

2216 795 2528 866 exspoliatis
2573 797 2624 851 in
2662 799 2850 873 eadem
2902 799 3208 863 subiutulit,
3246 800 3321 853 ita
3367 800 3568 854 dicens
3604 818 3618 852 :
3665 801 3780 865 Qus

2214 886 2414 951 sciatis,
2443 903 2534 942 nec
2578 887 2650 942 ad
2695 888 2950 958 synodum
2987 887 3385 962 provincialem,
3428 905 3527 961 nec
3552 888 3623 941 ad
3650 904 3781 958 gese-

2216 975 2377 1030 ralem
2404 993 2554 1048 posse
2597 980 2892 1044 convocari,
2918 995 3010 1034 nec
3035 972 3092 1036 in
3126 979 3308 1049 aliquo
3338 979 3668 1048 diiudicari.
3704 995 3781 1032 σι·

2213 1077 2419 1138 tequam
2442 1078 2654 1135 cuneta,
2679 1086 2796 1140 qua:
2822 1071 2896 1124 eis
2934 1069 3114 1124 ablata
3139 1080 3284 1135 sunt,
3321 1068 3532 1139 legibus
3568 1071 3784 1137 potestati

2213 1173 2396 1213 eorum
2421 1158 2853 1230 redintegrentur,
2881 1168 2929 1214 et
2954 1159 3286 1229 postmodum
3327 1175 3437 1212 non
3470 1157 3573 1212 sub
3601 1159 3786 1228 angusti

2213 1250 2457 1318 temporis
2509 1251 2680 1320 spatio
2702 1268 2721 1319 ;
2768 1251 2860 1306 sed
2905 1261 3108 1306 tantum
3159 1252 3414 1321 temporis
3467 1251 3698 1320 spatium
3725 1254 3794 1325 eis.

2213 1338 2568 1410 indulgeatur,
2597 1353 2851 1413 quantum
2897 1341 3174 1419 δεδροιίαεὶ
3221 1341 3303 1397 vel
3341 1342 3563 1411 expulsi
3602 1344 3787 1396 essen.

2212 1430 2419 1497 dentur,
2448 1442 2725 1502 antequam
2757 1435 2829 1487 ad
2853 1434 3111 1504 synodum
3141 1444 3506 1488 convocentur
3533 1433 3618 1504 (3,
3654 1450 3708 1502 q.
3739 1435 3786 1498 2,

2213 1535 2264 1576 c.
2314 1519 2518 1594 Prius).
2558 1522 2623 1576 Et
2677 1525 2741 1578 ab
2782 1524 3020 1590 omnibus
3065 1541 3178 1596 stur
3227 1525 3802 1594 provincieejpiscopis,

2210 1610 2426 1682 quisque
2467 1613 2758 1667 audiatur:
2806 1631 2928 1668 nam
2975 1630 3066 1667 nec
3112 1614 3400 1667 conuocari
3439 1614 3512 1666 ad
3560 1631 3782 1680 causam,

531 1704 783 1773 Domino,
802 1709 1156 1766 constitutum
1193 1727 1331 1778 esse,
1375 1729 1445 1770 ne
1489 1716 1592 1770 ulla
1647 1718 1886 1788 synodus
1915 1727 2099 1788 praeter

2215 1719 2306 1758 nec
2325 1703 2565 1773 judicari
2591 1714 2754 1774 potest
2783 1704 3105 1775 exspoliatus
3133 1704 3209 1758 uel
3236 1704 3786 1774 inpulsuqquoaiam

534 1794 791 1852 Romana:
815 1799 962 1855 sedis
993 1804 1370 1858 auctoritatem
1397 1807 1566 1875 possit
1592 1805 1828 1878 legitime
1847 1823 2099 1866 convoca-

2213 1810 2317 1849 non
2343 1805 2420 1849 est
2439 1793 2795 1874 privilegium,
2827 1811 2928 1872 quo
2963 1795 3246 1869 ξετερι)ιὶαῇ
3282 1794 3448 1868 possit
3480 1793 3600 1862 jam
3641 1793 3788 1846 aude-

534 1888 604 1952 ri,
633 1888 686 1942 in
735 1906 841 1960 qua
896 1893 1181 1964 episcopus
1232 1911 1396 1966 super
1420 1899 1749 1968 quibuslibet
1794 1901 2113 1959 criminibus

533 1978 776 2046 pulsatus
798 1980 993 2036 debeat
1019 1984 1191 2038 audiri
1225 1985 1305 2040 vel
1336 1987 1599 2056 judicari;
1639 1997 1694 2044 et
1739 1991 1919 2046 omnia
1949 2007 2113 2062 uego~

534 2068 606 2121 tia
652 2071 1065 2140 episcoporum,
1122 2083 1176 2128 et
1226 2093 1557 2133 summarum
1609 2095 1937 2148 causarum,
1999 2083 2111 2139 sive

532 2165 723 2244 cuncta
745 2158 924 2224 dubia,
955 2164 1260 2230 apostolica:
1283 2166 1426 2221 sedis
1445 2170 1769 2225 auctoritate
1797 2181 1926 2227 sunt
1951 2187 2110 2244 agen-

530 2242 597 2297 da
633 2254 688 2299 et
733 2245 988 2316 ﬁnienda,
1041 2259 1096 2306 et
1150 2254 1328 2308 omnia
1383 2258 1854 2327 comprovincialia
1892 2242 2105 2334 negotia

534 2335 775 2403 eiusdem
802 2340 948 2394 sedis
968 2344 1292 2400 auctoritate
1327 2356 1452 2402 sunt
1474 2353 1837 2408 retractanda.
1868 2352 1994 2410 Haec
2015 2369 2110 2410 ea-

533 2427 654 2481 dem
685 2427 736 2482 in
768 2428 870 2483 alia
895 2431 1118 2499 epistola
1143 2474 1156 2497 ,
1185 2449 1345 2504 quam
1381 2433 1646 2494 Maxentio
1683 2445 1934 2516 episcopo
1976 2445 2109 2501 scri-

527 2519 637 2587 psit
662 2519 834 2590 (cpist.
871 2521 952 2593 2),
985 2540 1328 2595 summopere
1368 2532 1572 2585 servari
1599 2536 1881 2605 prweepit;
1906 2547 1958 2592 et
2003 2539 2108 2593 alia

529 2613 692 2667 nmlta
717 2615 782 2670 de
811 2618 1040 2688 negotiis
1066 2621 1441 2691 episcoporum
1470 2625 1523 2679 in
1551 2628 1736 2682 eadem
1769 2631 1969 2698 posuit,
1988 2647 2108 2701 qua:

533 2707 623 2761 hic
670 2707 789 2763 ideo
842 2725 947 2764 non
995 2711 1388 2779 adnotavimus,
1448 2719 1572 2789 quia
1623 2723 1815 2778 eadem
1863 2739 2005 2796 saepe
2051 2726 2106 2780 in

525 2807 925 2855 antecesserunt
973 2819 1194 2858 suorum
1246 2809 1482 2866 decretis
1540 2811 1785 2870 iterando
1856 2816 2104 2886 praescri-

525 2903 752 2962 psunus.

912 2987 1123 3043 XXXII.
1152 3020 1222 3029 -—-
1253 2989 1310 3044 S.
1354 2990 1692 3048 EUSEBIUS

1035 3081 1206 3152 (Auno
1233 3082 1425 3136 Christi
1448 3082 1596 3154 509.)

2213 1895 2318 1940 tus.
2347 1884 2495 1940 Unde
2517 1894 2566 1940 et
2592 1885 2878 1957 antiquitus
2901 1889 3163 1940 decretum
3189 1895 3292 1950 est,
3320 1901 3504 1938 omnes
3523 1885 3789 1954 possessio-

2212 1994 2321 2044 nes,
2359 1986 2406 2032 et
2431 1978 2609 2032 omnia
2640 1977 2740 2032 sibi
2767 1977 2993 2042 sublata,
3017 1987 3170 2052 atque
3197 1977 3414 2051 fructus
3443 1986 3658 2030 cunctos
3682 1988 3787 2030 ante

2211 2070 2316 2124 litis
2361 2071 2795 2124 contestationem
2844 2080 3108 2142 perceptos
3153 2079 3208 2121 ut
3257 2069 3466 2141 primas
3520 2071 3786 2136 possessed

2212 2160 2470 2215 restituat.
2505 2159 2573 2214 Et
2604 2158 2732 2213 alibi
2761 2161 3010 2229 scriptum
3041 2159 3264 2213 habetur
3296 2159 3374 2230 (2,
3402 2173 3460 2228 q.
3490 2159 3548 2222 2,
3579 2172 3631 2211 c.
3668 2157 3788 2212 Nul-

2209 2250 2312 2323 lus)
2340 2268 2354 2304 :
2393 2250 2489 2305 Ille
2519 2251 2609 2321 qui
2641 2249 2938 2305 violentiam
2975 2249 3205 2320 pertulit,
3257 2249 3508 2324 uniuersa
3549 2249 3604 2301 ia
3639 2258 3786 2312 stata,

2207 2359 2310 2414 quo
2333 2342 2564 2412 fuerant,
2602 2342 2839 2411 recipiat,
2869 2350 2919 2396 et
2954 2357 3071 2411 qua:
3091 2341 3327 2411 possidet
3357 2357 3579 2395 securus
3601 2351 3782 2393 teneat.

2210 2434 2277 2488 Et
2305 2433 2431 2487 alibi
2478 2432 2532 2485 in
2577 2431 2916 2503 synodalibus
2961 2432 3182 2501 Patrum
3227 2431 3477 2496 decretis,
3533 2441 3580 2485 et
3623 2447 3785 2498 regunt

2206 2524 2391 2579 edictis
2419 2523 2609 2594 legitur
2632 2531 2884 2576 statutum
2915 2522 2994 2592 ('5,
3021 2537 3076 2590 q.
3109 2521 3163 2585 I,
3192 2536 3243 2575 c.
3275 2518 3520 2589 Redint.)
3553 2537 3568 2573 :
3607 2518 3781 2574 Redin-

2205 2611 2461 2684 tegranda
2491 2619 2612 2664 sunt
2645 2610 2821 2664 omnia
2855 2609 3178 2683 exspoliatis,
3218 2608 3298 2662 vel
3337 2608 3518 2690 eiectis
3544 2608 3780 2677 episcOpis

2204 2701 2608 2775 prwsentialiter
2658 2700 2989 2756 ordinatione
3032 2699 3368 2768 pontificum,
3415 2707 3462 2753 et
3517 2699 3572 2751 in
3617 2713 3781 2750 eorum

2203 2804 2530 2864 potestatem,
2583 2792 2721 2848 unde
2757 2791 3139 2856 abscesserunt,
3184 2791 3435 2861 funditus
3482 2788 3778 2851 revocanda,

2206 2901 2526 2956 quiscunque
2587 2881 2937 2957 [quacunque]
3005 2883 3309 2937 conditione
3382 2882 3648 2961 temporis,
3699 2891 3779 2930 ut

2204 2974 2350 3040 dolo,
2391 2983 2482 3028 aut
2524 2974 2844 3044 captivitate,
2877 2983 2966 3027 aut
2998 2972 3246 3047 violentia,
3275 2971 3549 3048 malorum.
3584 2970 3778 3042 [νέηαι

2202 3062 2508 3137 majorum],
2563 3073 2653 3119 aut
2693 3079 2786 3135 per
2823 3079 3157 3136 quascunque
3201 3062 3441 3131 injustas
3485 3077 3667 3115 causas
3709 3077 3776 3111 res

594 3167 878 3237 Eusebius,
922 3147 1143 3226 natione
1171 3171 1409 3237 aramus,
1451 3187 1519 3228 εχ
1562 3147 1794 3240 ίηεάίοο,
1837 3177 1978 3232 sed“
2005 3192 2106 3232 an-
2128 3147 2174 3210 C
2204 3156 2434 3211 ecclesia:
2473 3155 2548 3210 uel
2576 3155 2838 3226 proprias,
2872 3165 2961 3209 aut
2991 3155 3322 3209 substantias
3350 3171 3477 3208 suas
3505 3155 3775 3222 perdidisse

523 3273 624 3315 nos
651 3275 768 3325 sex,
793 3277 1030 3316 mensem
1060 3278 1248 3328 unum,
1293 3264 1404 3318 dies
1429 3273 1559 3320 tres.
1591 3264 1714 3321 Fuit
1743 3277 1926 3322 autem
1963 3277 2100 3324 tem-

521 3349 745 3417 poribus
767 3349 1078 3405 Constantis
1120 3350 1528 3427 [Constantini].
1565 3355 1665 3421 Qui
1698 3372 1748 3410 Vl
1787 3356 1967 3413 Nonas
2002 3357 2102 3415 Oc-

531 3440 670 3494 tobr.
701 3439 949 3509 migravit
971 3441 1038 3495 ad
1070 3442 1372 3496 Dominum.
1407 3443 1506 3498 llic
1529 3444 1797 3500 ordinavit
1819 3447 2102 3516 episcopos

521 3539 771 3598 quatuor,
817 3531 1162 3601 presbyteros
1209 3533 1490 3598 tredecim,
1547 3534 1802 3590 diaconos
1842 3544 1971 3591 tres.
2003 3537 2102 3592 llic

523 3628 632 3674 trrs
657 3620 914 3690 epistolas
964 3622 1264 3677 decretales
1295 3623 1440 3688 fecit,
1470 3633 1524 3678 et
1567 3624 1622 3679 in
1653 3624 1766 3689 illa,
1795 3641 1953 3695 quam
1978 3628 2101 3681 uni-

525 3711 699 3764 versis
725 3711 995 3781 episcopis
1019 3727 1116 3782 per
1137 3713 1486 3783 Campaniam
1522 3722 1579 3769 et
1615 3715 1864 3770 Tusciam
1898 3717 2099 3771 consli-

523 3800 654 3853 tntis
673 3800 1082 3870 scripsit(epist.
1108 3803 1184 3872 ὅ),
1209 3803 1524 3858 solemniter
1551 3804 1812 3860 celebrari
1838 3807 2097 3876 prmeepit

524 3888 720 3944 festum
752 3889 1079 3947 lnventionis
1105 3902 1306 3947 sancta“:
1337 3895 1535 3959 erucis,
1560 3911 1681 3965 qua:
1704 3897 1816 3952 suis
1844 3898 2096 3966 tempori-

521 3981 620 4036 bus
673 3997 704 4035 v
749 3982 930 4038 Nonas
956 3983 1081 4038 Maii
1108 3984 1320 4039 iuventa
1347 3995 1430 4040 est
1477 3986 1562 4056 (de
1593 3987 1750 4042 Cons.
1793 3990 1918 4046 dist.
1946 3989 2001 4054 3,
2041 4007 2091 4045 c.

520 4069 758 4143 Crucis).
790 4070 1052 4128 Similiter
1092 4074 1145 4128 in
1169 4074 1356 4129 eadem
1381 4076 1634 4146 prmcepit
1660 4078 1746 4146 (de
1772 4077 1928 4132 Cons.
1966 4081 2092 4134 dist.

517 4159 570 4222 ὅ,
601 4177 650 4216 c.
677 4162 912 4233 Manus).
937 4179 1126 4220 omnes
1158 4163 1440 4220 haereticus
1467 4166 1535 4220 ad
1574 4167 1982 4222 conversionem
2005 4185 2095 4224 ve-

517 4253 749 4318 nientes,
774 4255 820 4308 si
847 4255 899 4308 in
934 4255 1040 4311 ﬁde
1067 4256 1123 4311 S.
1161 4257 1442 4313 Trinitatis
1485 4256 1741 4328 baptizati
1771 4271 1973 4325 essent,
1998 4276 2096 4331 per

519 4359 710 4400 manus
756 4345 1150 4415 impositionem
1201 4365 1323 4406 esse
1371 4351 1836 4407 reeonciliandos:
1883 4362 1940 4409 et
1990 4357 2091 4411 hoc

2203 3255 2506 3311 noscuntur,
2539 3255 2658 3298 ante
2689 3245 3098 3308 accusationem,
3139 3254 3230 3296 aut
3276 3242 3573 3313 regularau
3601 3244 3669 3293 ad
3696 3258 3769 3308 sg-

2202 3338 2394 3391 nodum
2427 3339 2745 3390 vocationem
2773 3352 2975 3400 eorum,
3024 3344 3079 3388 et
3128 3335 3367 3402 relqua.
3402 3333 3567 3404 Multa
3613 3334 3771 3386 adhuc

2201 3425 2254 3480 in
2279 3426 2468 3481 eadem
2497 3426 2564 3479 ad
2590 3427 2729 3480 idem
2761 3425 3096 3494 probandum
3139 3426 3438 3494 sub,ungit.

2516 3515 2748 3571 XXXIII.
2777 3542 2847 3556 -—-
2886 3515 2944 3572 S.
3001 3515 3465 3570 MELCIIIADES.

2673 3609 2848 3679 (Anno
2896 3606 3091 3664 Christi
3128 3609 3229 3663 3H
3242 3609 3282 3678 .)

2270 3703 2614 3768 Melcbiades,
2672 3701 2888 3757 natione
2933 3700 3080 3764 Afer,
3113 3701 3256 3755 sedit
3301 3703 3477 3755 annos
3529 3710 3765 3768 quatuor,

2199 3813 2412 3853 menses
2437 3805 2666 3866 septem,
2716 3794 2832 3851 dies
2879 3804 3022 3850 octo.
3057 3792 3183 3848 Fuit
3231 3802 3417 3848 autem
3451 3791 3765 3861 temporibus

2198 3889 2454 3944 Maxentii
2481 3899 2534 3944 et
2558 3887 2834 3944 Volusiani
2877 3897 2931 3942 et
2957 3885 3139 3941 Ruﬁni
3173 3883 3484 3941 consulum.
3516 3883 3615 3939 llic
3637 3883 3763 3938 ordi—

2197 3987 2349 4042 navit
2389 3987 2667 4056 episc0pos
2715 3983 2987 4049 undecim,
3033 3981 3384 4053 presbyteros
3413 3989 3642 4051 septem,
3671 3980 3763 4033 die

2197 4095 2362 4138 conos
2388 4080 2647 4149 quinque,
2679 4087 2733 4132 et
2781 4093 2833 4131 tv
2874 4076 2996 4132 ldus
3046 4075 3362 4131 Decembris
3412 4071 3663 4143 migravit
3704 4070 3760 4122 ad

2195 4169 2504 4227 Dominum.
2533 4169 2636 4225 Iste
2671 4177 2872 4234 autem,
2929 4167 2984 4222 in
3035 4165 3263 4237 epistola
3310 4179 3480 4235 quam
3528 4163 3760 4234 Hispanis

2193 4266 2459 4337 episcopis
2497 4264 2713 4326 direxit,
2763 4277 2857 4317 eos
2906 4261 3144 4332 rogando
3195 4268 3253 4315 et
3302 4260 3644 4316 obsecrando
3687 4257 3754 4311 in-

2193 4355 2413 4421 struxit,
2439 4363 2499 4408 ut
2530 4354 2703 4424 primo
2724 4366 2934 4420 semper
2950 4349 3132 4406 omnia
3154 4349 3449 4420 diligenter
3474 4349 3751 4418 inquirant,

518 4446 938 4502 sacramentum,
974 4435 1224 4493 videlicet
1249 4455 1440 4500 manus
1466 4441 1845 4512 impositionis,
1875 4459 1976 4501 nec
1997 4446 2090 4501 de-
2116 4499 2165 4514 “
2191 4457 2248 4502 et
2284 4463 2406 4502 cum
2451 4443 2660 4514 justitia
2723 4453 2778 4499 et
2834 4443 3099 4498 charitate
3153 4439 3456 4505 deﬁniant,
3505 4439 3752 4494 neminem

469 4549 487 4566 ο
517 4523 671 4590 bere,
711 4540 810 4580 nec
863 4525 979 4581 ﬁeri
1030 4543 1188 4597 posse
1231 4529 1301 4585 ab
1346 4530 1482 4594 aliis,
1514 4546 1677 4601 quam
1711 4533 1778 4588 ab
1823 4534 2090 4606 episcopis

516 4615 674 4679 dixit,
711 4625 766 4670 et
798 4616 955 4672 aliter
997 4630 1381 4690 praesumptum
1425 4622 1635 4678 irritum
1658 4633 1709 4680 et
1740 4640 1970 4681 vacuum
1993 4626 2088 4682 ha-

513 4705 773 4770 bendum,
805 4722 903 4761 nec
930 4707 1071 4761 inter
1094 4707 1460 4764 ecclesiastica
1479 4709 1600 4778 jura
1643 4714 2017 4782 reputandum.

587 4793 642 4848 In
682 4793 770 4847 illa
819 4810 950 4852 vero
988 4795 1234 4866 epistola,
1285 4813 1449 4868 quam
1489 4799 1782 4856 Gallicanis
1818 4802 2088 4874 episcopis

509 4882 804 4942 destinavit
837 4886 1010 4958 (epist.
1038 4888 1118 4959 2),
1147 4896 1204 4942 et
1237 4887 1306 4943 de
1344 4891 1718 4947 haereticorum
1747 4895 2087 4964 susceptione

512 4974 654 5028 idem
681 4976 886 5031 servari
928 4979 1225 5044 mandavit,
1271 4989 1326 5036 et
1362 4981 1432 5036 ab
1465 4983 1900 5040 accusationibus
1924 4985 2085 5040 cleri-

509 5077 698 5121 corum
725 5073 782 5120 et
802 5067 1176 5138 episcoporum
1207 5070 1458 5138 infames,
1484 5081 1542 5128 et
1578 5082 1804 5130 caeteros
1823 5091 1960 5146 quos
1981 5091 2080 5130 an-

511 5166 810 5214 tecessores
835 5162 916 5216 sui
962 5166 1317 5222 removendos
1361 5181 1501 5237 saepe
1541 5169 2002 5238 prtescripserant,
2025 5178 2084 5226 et

510 5247 627 5317 ipse
678 5253 942 5319 removit,
997 5256 1255 5312 dicens:
1308 5258 1413 5324 Qui
1461 5275 1640 5314 eorum
1689 5261 1978 5315 castitatem
2031 5272 2080 5316 et

506 5340 811 5408 gravitatem
874 5346 1069 5397 imitari
1118 5347 1296 5403 uolunt
1323 5389 1339 5414 ,
1394 5366 1484 5404 nec
1535 5366 1622 5406 eos
1661 5353 1906 5420 impetere
1958 5368 2077 5422 pos.

504 5440 645 5490 sunt.

574 5521 669 5575 lita
713 5531 916 5590 autem,
961 5537 1123 5592 quam
1172 5527 1370 5585 direxit
1413 5531 1684 5602 episcopis
1717 5545 1816 5602 per
1841 5529 2078 5586 Alexan-

524 5607 537 5620 ·
575 5608 586 5618 ’
640 5624 671 5628 -ν
752 5618 764 5626 ·
817 5609 1090 5658 πανηιιιηι
1127 5617 1432 5668 constitutis
1477 5621 1648 5675 Inoist.
1683 5621 1759 5674 Il.
1806 5620 2080 5674 prohibuit

2116 4499 2168 4558 D

2190 4546 2319 4594 ante
2345 4552 2533 4593 verum
2583 4544 2639 4591 et
2681 4534 2887 4605 justum
2930 4533 3194 4605 judicium
3231 4532 3620 4593 condemnem,
3647 4528 3751 4584 nul-

2189 4625 2300 4682 lum
2326 4625 2648 4696 suspicionis
2685 4625 2912 4681 arbitrio
2943 4623 3207 4692 judicent,
3246 4623 3344 4679 sed
3384 4622 3623 4693 primum
3644 4634 3753 4696 pro-

2190 4716 2343 4782 bent,
2371 4723 2427 4772 et
2469 4725 2655 4787 postea
2679 4714 2999 4770 charitative
3026 4713 3354 4769 sententiam
3385 4711 3681 4781 proferant,
3710 4719 3755 4763 et

2189 4808 2334 4880 quod
2371 4808 2474 4864 sibi
2509 4807 2627 4863 ﬁeri
2655 4807 2866 4872 nolunt,
2895 4806 3049 4861 alteri
3080 4821 3186 4868 non
3219 4804 3464 4860 inferant
3491 4803 3642 4872 (τοι.
3670 4802 3752 4869 tv).

2188 4907 2244 4954 et
2270 4900 2553 4970 episcopos
2597 4915 2704 4955 non
2735 4897 2984 4968 judicent
3027 4906 3120 4954 aut
3163 4897 3540 4953 condemnant
3573 4896 3758 4964 absque

2186 4992 2446 5049 Romanae
2483 4992 2626 5048 sedis
2669 4991 3024 5056 auctoritate;
3067 4989 3211 5059 quod
3253 4989 3303 5044 si
3338 4988 3602 5053 fecerint,
3645 4985 3758 5041 irri-

2186 5092 2300 5140 tum
2323 5083 2448 5148 erit,
2487 5091 2544 5138 et
2592 5080 2854 5138 facientes
2897 5078 3410 5137 condemnabuntur
3443 5099 3456 5132 :
3493 5079 3622 5149 quia
3671 5078 3761 5131 hoc

2182 5174 2521 5246 privilegium
2551 5173 2653 5244 ipsi
2695 5172 2955 5228 Romanae
2981 5169 3093 5227 sedi
3121 5184 3152 5223 a
3179 5169 3533 5240 temporibus
3559 5177 3764 5238 spesn-

2184 5263 2356 5319 Iorum
2388 5263 2592 5318 servari
2638 5271 2898 5318 statutum
2937 5269 3055 5326 est;
3084 5259 3231 5330 quia,
3256 5260 3522 5329 quamvis
3552 5265 3761 5314 cuncto-

2185 5369 2305 5408 rum
2352 5352 2714 5423 apostolorum
2767 5367 2864 5425 par
2913 5351 3103 5407 electio
3153 5348 3317 5414 foret,
3374 5351 3544 5405 beato
3595 5358 3762 5404 tamen

2184 5444 2344 5500 Petro
2369 5458 2689 5500 concessum
2720 5453 2805 5500 est
2830 5453 2889 5498 ut
2916 5443 3036 5498 aliis
3062 5442 3470 5512 praemineret,
3498 5451 3560 5496 et
3583 5450 3764 5495 causas

2182 5544 2239 5591 et
2262 5536 2731 5608 interrogationes,
2770 5550 2891 5607 qua:
2922 5534 2988 5590 ad
3018 5533 3296 5606 querelam
3332 5533 3618 5598 venirent,
3645 5543 3766 5602 pru-

2183 5625 2373 5676 denter
2397 5626 2730 5682 disnoneret.‘
2756 5625 2900 5681 Idem
2947 5625 3239 5682 praedictus
3275 5627 3558 5695 pontifex,
3588 5623 3644 5678 in
3670 5633 3762 5674 ca-
