3992 6306
511 307 539 388 t
561 306 656 372 ιδῃ
1262 314 1557 396 sponso.
1597 319 1688 374 se
1729 321 1904 378 suae.
1948 322 2038 379 tx.
2069 353 2109 363 —

2212 323 2541 386 .UCTORES
2579 331 2744 388 ΔΝΜ
2779 331 3070 392 lNCERTl.
3645 341 3786 398 «εει

517 421 936 518 scopos__viginti
991 431 1192 494 septem
1217 445 1264 490 ,'
1292 432 1639 502 presbyteros
1693 434 1878 506 viginti
1934 436 2092 506 quin-
2123 440 2167 498 Α
2199 440 2251 494 in
2291 447 2602 502 coemeterio
2638 445 2696 502 S.
2741 449 2982 518 Agnetis.
3024 452 3223 507 Deinde
3270 451 3410 508 facto
3442 455 3514 508 ab
3567 456 3786 510 Arianis

517 525 654 580 quo,
703 513 956 570 diaconos
1003 531 1094 572 sex
1125 531 1140 569 :
1168 518 1257 586 qui
1306 519 1470 576 Nonis
1520 522 1770 581 Octobris
1819 527 2096 582 confessor

515 600 665 655 obiit.

953 695 1190 752 XXXVI.
1215 731 1285 740 —
1308 700 1364 757 S.
1401 701 1658 761 JULIUS.

1011 789 1182 852 (Anno
1213 791 1410 848 Christi
1448 795 1599 867 356.)

588 873 801 941 Julius,
858 879 1076 936 natione
1133 883 1447 952 Romanus,
1505 904 1569 943 ex
1625 899 1779 960 patre
1831 891 2096 959 Rustico,

516 967 654 1021 sedit
705 983 876 1024 annos
927 973 1272 1041 quindecim,
1325 993 1538 1034 menses
1583 980 1752 1047 duos,
1805 984 1920 1040 dies
1979 1002 2096 1041 sex.

516 1056 641 1112 Fuit
703 1069 880 1116 autem
943 1068 1273 1136 temporibus
1338 1070 1638 1128 Constantii
1694 1077 1931 1132 haeretici
2006 1079 2098 1133 lilii

515 1145 886 1218 Constantini,
938 1169 969 1208 a
1031 1159 1309 1214 consulatu
1373 1161 1629 1218 Feliciani
1693 1156 1758 1220 et.
1801 1167 2096 1226 Maximini.

517 1233 615 1324 llic
667 1239 852 1294 decem
905 1259 1118 1300 menses
1155 1249 1206 1302 in
1259 1251 1449 1306 exsilio
1501 1253 1703 1324 degens
1749 1256 1945 1312 inultas
2007 1259 2104 1312 tri-

515 1323 819 1418 bulationes
858 1341 944 1388 est
989 1349 1179 1403 passus
1217 1355 1230 1392 :
1283 1349 1404 1409 post
1462 1323 1690 1398 mortem
1741 1355 1924 1410 autem
1967 1363 2104 1418 pne-

516 1415 644 1505 dicti
692 1417 992 1478 Constantii
1025 1426 1091 1479 ad
1131 1427 1313 1482 sedem
1358 1445 1510 1485 suam
1541 1442 1626 1487 est
1665 1449 1935 1491 reversus.
1965 1415 2103 1505 Qui,

515 1504 906 1576 imperantibus
960 1513 1277 1573 Constantio
1329 1529 1384 1575 et
1451 1523 1745 1580 Constante
1808 1504 2104 1598 Augustis,

515 1598 701 1658 Roma:
755 1621 876 1661 cum
946 1619 1162 1666 centum
1218 1621 1272 1669 et
1337 1615 1569 1670 sedecim
1619 1618 1886 1690 episcopis
1941 1635 2104 1692 syno-

515 1692 640 1748 dum
686 1695 905 1764 habuit,
962 1701 1015 1754 in
1061 1718 1164 1773 qua
1212 1705 1370 1763 ﬁdem
1421 1707 1476 1761 in
1525 1707 1744 1764 Nicaeuo
1789 1711 2021 1766 concilio
2074 1726 2106 1766 a

2197 535 2446 602 concilio,
2482 538 2630 596 Felix
2659 541 2742 596 vir
2768 545 3065 600 catholicus
3095 555 3178 601 est
3218 546 3515 618 depositus,
3543 559 3601 603 et
3630 561 3786 616 extra

2200 625 2469 685 civitatem
2505 632 2730 700 ejectus,
2766 645 2820 690 et
2867 637 3125 712 habitavit
3160 639 3211 692 in
3255 640 3512 708 praediolo
3561 657 3668 695 suo
3705 644 3788 710 via

2199 715 2478 775 Portuensi
2513 740 2526 776 :
2568 721 2814 779 Liberius
2860 734 3040 779 autem
3091 727 3434 782 consentiens
3464 728 3790 783 Constantio

2199 807 2474 876 lucretico,
2521 813 2588 866 ad
2639 814 2819 867 sedem
2862 814 3114 870 reduetus
3153 825 3265 880 est;
3300 834 3404 872 non
3456 826 3648 872 tamen
3685 818 3794 890 ipse

2201 899 2564 970 rebaptizatus
2594 910 2695 967 est,
2744 903 2836 958 sed
2884 905 3245 974 rcbaptizandi
3276 922 3608 960 consensum
3655 921 3792 975 prae-~

2199 989 2338 1054 buit,
2361 1001 2414 1046 et
2441 993 2612 1046 tenuit
2633 992 2928 1048 Romanam
2956 995 3133 1050 sedem
3157 1004 3340 1064 postea
3364 998 3526 1050 annis
3556 1007 3796 1070 septem,

2201 1087 2256 1132 ct
2288 1079 2386 1134 fuit
2413 1079 2600 1137 Romae
2646 1089 2753 1138 tam
2787 1084 2838 1137 in
2872 1085 3018 1139 clero
3045 1100 3206 1156 quam
3239 1086 3290 1140 in
3339 1086 3544 1156 populo
3600 1102 3792 1156 magna

2201 1171 2523 1240 persecutio.
2569 1170 2850 1229 Ordinavit
2876 1185 3055 1229 autem
3083 1175 3362 1246 episcopos
3393 1176 3794 1238 novemdecim,

2203 1260 2552 1332 presbyteros
2579 1264 2898 1332 octodecim,
2927 1265 3178 1321 diaconos
3207 1266 3466 1335 quinque.
3515 1264 3670 1321 Obiit
3704 1281 3791 1317 au-

2205 1363 2311 1406 tem
2349 1367 2441 1406 vnt
2471 1351 2696 1407 Kalend.
2730 1351 2874 1408 Maii.
3351 1363 3354 1366 ’

2275 1440 2397 1508 Qui,
2437 1453 2727 1514 antequam
2753 1444 3078 1500 Arianorum
3111 1445 3497 1501 communione
3541 1445 3802 1516 praes-ari-

2205 1542 2358 1589 calor
2377 1536 2739 1608 essetfactus,
2764 1537 3058 1593 Athanasio
3103 1547 3156 1593 et
3189 1540 3400 1593 cmteris
3426 1537 3802 1594 Orientalibus

2205 1626 2520 1683 orlhodoxis
2560 1630 2832 1700 episcOpis
2875 1630 3200 1686 decretalem
3255 1631 3545 1700 epistolam
3609 1631 3804 1683 direxit

2207 1717 2399 1788 (Epist.
2432 1717 2505 1790 l),
2533 1719 2584 1774 in
2610 1736 2714 1790 qua
2738 1720 3144 1792 diligentissime
3169 1721 3616 1776 conciliiNicaeni
3646 1720 3802 1774 ﬁdem

515 1787 771 1880 trecentis
817 1797 871 1842 et
913 1793 1213 1869 octodecim
1260 1797 1578 1854 orthodoxis
1613 1800 1880 1871 episcopis
1918 1817 2110 1858 corro-
2135 1818 2181 1878 Β
2209 1787 2568 1875 commendat,
2594 1787 2668 1879 iet
2711 1826 2809 1880 pro
2836 1787 2966 1880 ipsa
3008 1811 3269 1866 servanda
3317 1812 3623 1866 ostendens
3671 1825 3807 1880 prr-

513 1878 757 1936 boratam
813 1883 1185 1943 confirmando
1235 1891 1518 1959 exposuit,
1588 1901 1644 1948 et
1704 1902 1894 1949 contra
1953 1894 2099 1950 illam

513 1987 706 2029 omnes
755 1977 1052 2035 sentientes
1105 1981 1346 2036 omnium
1402 1984 1622 2040 decreto
1679 1986 2106 2042 anathematiza-

515 2063 613 2124 vit.
663 2065 844 2122 Hicin
897 2070 1072 2138 prima
1114 2072 1372 2140 epistola,
1417 2089 1580 2144 quam
1607 2077 1874 2132 universis
1914 2077 2106 2133 Orien-

516 2156 713 2214 talibus
758 2159 1023 2231 episcopis
1067 2163 1296 2228 direxit,
1349 2166 1720 2237 multipliciter
1766 2183 1830 2222 ac
1879 2170 2108 2225 rationa-

516 2245 700 2302 biliter
771 2263 864 2305 eos
910 2266 939 2305 a
983 2251 1268 2324 calumniis
1333 2255 1562 2311 fratrum
1631 2257 1970 2314 documentis
2026 2275 2130 2314 re»

518 2340 733 2396 trahere
787 2344 1024 2410 nititur,
1061 2361 1369 2417 proponens
1421 2349 1502 2404 eis
1561 2350 1726 2404 multa
1780 2366 1848 2405 ex
1906 2351 2108 2408 Nieaeni

517 2432 730 2486 concilii
794 2435 1073 2506 capitulis,
1135 2448 1189 2492 et
1234 2453 1301 2494 ex
1371 2455 1590 2496 suorum
1643 2443 2108 2510 praedecessorum

516 2521 749 2578 decretis
794 2527 1124 2584 conﬁrmans
1169 2537 1224 2584 et
1281 2530 1395 2600 ipse
1434 2531 1626 2587 eadem
1681 2548 1805 2588 cum
1859 2535 2110 2592 omnibus

519 2616 828 2682 apostolica:
871 2618 1068 2690 regulus
1124 2622 1399 2692 subjectis.
1457 2624 1512 2678 In
1562 2641 1622 2680 ea
1675 2640 1801 2680 vero
1851 2627 2110 2697 epistola,

518 2725 679 2780 quam
728 2712 931 2768 eisdem
964 2712 1330 2780 Orientalibus
1373 2719 1642 2788 episcopis
1677 2719 1949 2775 luereticis
1979 2721 2114 2776 scri-

517 2801 657 2869 psit,
703 2803 907 2860 diserto
935 2822 996 2862 ac
1041 2807 1210 2862 libero
1237 2824 1332 2864 ore
1359 2825 1454 2864 eos
1491 2811 1556 2866 de
1605 2812 1918 2876 insolentia,
1951 2828 2111 2882 quam

519 2904 709 2949 contra
761 2897 1058 2952 Romanam
1122 2900 1415 2956 Ecclesiam
1461 2902 1798 2970 habuerant,
1833 2907 2027 2976 arguit,
2061 2914 2116 2960 ct

495 2984 708 3039 .multis
769 2988 1050 3056 capitulis,
1109 2991 1399 3046 multorum
1447 2995 1770 3050 auctoritate
1826 2997 2110 3063 subnixis,

520 3082 576 3128 et
615 3075 669 3128 in
715 3091 776 3130 ea
804 3079 1025 3148 positis,
1057 3094 1150 3144 eos
1179 3081 1375 3150 injuste
1407 3083 1767 3140 Athanasium
1795 3094 1849 3141 et
1881 3095 2110 3142 caeteros

2207 1898 2372 1952 mium
2409 1909 2462 1953 et
2502 1913 2737 1969 plenam,
2785 1900 3179 1956 studiosissime
3219 1913 3670 1970 unumquemque
3707 1897 3802 1953 de-

2207 1987 2337 2043 bere
2365 1996 2575 2044 certare
2619 1989 2884 2044 hortatur.
2931 1989 3030 2044 llic
3071 1990 3221 2054 item,
3263 1997 3560 2058 antequam
3612 1987 3804 2040 ἰκετεδὶ

2204 2079 2421 2134 Arianae
2448 2080 2758 2145 assentiret,
2807 2080 3086 2149 epistolam
3137 2079 3515 2135 universaliter
3549 2077 3806 2132 omnibus

2207 2169 2423 2240 scripsit
2479 2171 2750 2242 episcopis
2777 2169 2970 2241 (Epist.
3016 2171 3096 2243 2),
3159 2172 3211 2226 in
3236 2185 3338 2240 qua
3397 2183 3498 2225 eos
3549 2171 3816 2242 hortatur"

2206 2272 2260 2318 ct
2292 2271 2492 2328 monet,
2534 2273 2591 2318 ut
2633 2264 2808 2318 nullus
2839 2264 3119 2334 episcopus
3159 2279 3256 2334 pro
3301 2261 3642 2332 quibuslibet
3682 2275 3802 2330 perv

2211 2355 2627 2421 turbationibus,
2665 2357 2788 2410 dum
2823 2357 3018 2410 durare
3067 2355 3288 2426 poterit,
3332 2369 3487 2408 suam
3531 2351 3802 2422 relinquat

2209 2446 2524 2510 ecclesiam;
2577 2461 2674 2501 nec
2734 2447 2966 2515 quietem
3040 2445 3356 2500 monasterii
3421 2443 3598 2515 magis
3640 2444 3807 2511 eligat

2211 2551 2370 2604 quam
2399 2552 2496 2606 pro
2525 2537 2722 2606 populo
2751 2537 2852 2592 sibi
2881 2537 3169 2592 commisso
3209 2536 3462 2590 laborare
3509 2536 3805 2589 contendat

2212 2628 2525 2704 [intendat],
2571 2630 2645 2684 ita
2689 2629 2828 2684 inter
2881 2637 3075 2684 caetera
3107 2629 3336 2692 dicens:
3372 2625 3583 2680 Fatuos
3627 2627 3806 2678 Ισοηιὲο

2215 2738 2339 2774 num
2386 2721 2606 2775 insidias
2653 2737 2927 2788 respuere,
2967 2729 3014 2773 et
3061 2717 3246 2778 Patres
3291 2717 3468 2789 sequi,
3499 2727 3551 2770 et
3581 2714 3806 2769 Patrum

2214 2814 2461 2868 terminos
2530 2830 2633 2868 non
2700 2801 3032 2882 transgredi,
3092 2820 3244 2881 prout
3301 2809 3560 2863 Dominus
3616 2810 3806 2870 dedit.

2215 2919 2546 2978 satagamus,
2595 2908 2650 2960 id
2699 2917 2802 2972 est,
2860 2915 2914 2959 ut
2967 2913 3173 2959 nostras
3220 2904 3465 2958 ecclesias
3511 2903 3810 2969 relinquere

2217 3019 2321 3056 non
2370 3017 2733 3071 praperemus,
2781 2999 2906 3053 dum
2951 2998 3108 3052 malis
3171 2998 3412 3050 resistere
3473 2995 3808 3054 valebimus,

2217 3101 2310 3148 aut
2355 3091 2572 3162 populos
2618 3091 2763 3146 nobis
2812 3091 3112 3145 commissos
3143 3087 3429 3158 negligere,
3460 3095 3553 3138 aut
3581 3085 3812 3156 quietem

523 3166 818 3224 catholicos
855 3171 1135 3242 episcopos
1177 3187 1206 3224 a
1258 3174 1474 3229 sedibus
1519 3175 1790 3244 expulisse
1842 3178 2110 3243 convicit,
2140 3169 2185 3230 C
2216 3185 2437 3255 amplius
2484 3183 2698 3253 eligere,
2750 3199 2907 3253 quam
2955 3197 3048 3252 pro
3099 3181 3171 3234 eis
3217 3179 3487 3241 laborare.
3539 3193 3634 3247 pro
3693 3177 3813 3246 qni-

521 3272 577 3318 et
623 3266 840 3322 eosdem
895 3267 996 3321 hac
1042 3268 1109 3322 de
1136 3283 1296 3324 causa
1343 3279 1565 3324 vocatos
1612 3271 1906 3341 culpabiles
1931 3281 2112 3326 osten-

523 3352 633 3425 dit],
664 3355 787 3424 quia
818 3355 977 3412 toties
997 3357 1174 3412 vocati
1208 3358 1392 3413 venire
1415 3359 1754 3425 distulerint,
1781 3361 1852 3414 ita
1884 3361 2108 3418 dicens:

525 3444 666 3501 Sane
713 3447 1044 3514 manifestum
1105 3460 1180 3504 est
1231 3468 1316 3506 eos
1383 3469 1535 3506 suum
1583 3452 1817 3521 conﬁteri
1879 3455 2110 3519 crimen,

530 3536 621 3606 qui
684 3539 835 3592 toties
882 3542 1088 3596 evocati
1123 3542 1332 3613 .absque
1389 3543 1674 3598 ineritabili
1727 3561 1887 3598 causa
1942 3547 2113 3599 uenire

531 3628 872 3696 distulerint,
928 3641 975 3686 et
1010 3635 1270 3703 purgandi
1311 3652 1364 3688 se
1411 3635 1674 3690 voluntate
1721 3653 1826 3692 non
1871 3647 2108 3692 utuntur.

527 3717 626 3784 llic
675 3720 836 3776 etiam
899 3724 1206 3789 constituit,
1257 3737 1316 3780 ut
1377 3727 1554 3782 nullus
1611 3728 1841 3784 clericus
1894 3743 2110 3784 causam

528 3811 824 3880 quimlibet
871 3814 923 3868 in
964 3817 1176 3883 publico
1220 3818 1451 3883 diceret,
1481 3819 1581 3874 nisi
1631 3821 1684 3874 in
1733 3821 1981 3876 ecclesia.
2017 3819 2114 3875 llic

527 3901 800 3956 ordinavit
845 3903 1124 3974 episcopos
1155 3923 1342 3962 novem
1361 3949 1374 3973 ,
1399 3911 1748 3981 presbyteros
1776 3912 2109 3974 octodecim,

529 3991 782 4048 diaconos
820 4003 1069 4064 quatuor.
1117 3997 1218 4064 Qui
1269 3999 1401 4054 obiit
1441 3999 1722 4056 confessor
1767 4002 1940 4072 pridie
1992 4002 2113 4057 ldus

527 4083 751 4153 Aprilis.

919 4177 1178 4235 XXXVII.
1195 4213 1263 4222 —
1291 4181 1347 4237 S.
1388 4182 1724 4238 LIBERIUS.

1045 4272 1216 4344 (Anno
1257 4272 1451 4329 Christi
1477 4275 1631 4346 552.)
1675 4301 1678 4304 ~

605 4361 871 4430 Liberius,
902 4365 1124 4421 natione
1145 4367 1436 4432 Rullianus,
1461 4383 1525 4422 ex
1555 4381 1704 4439 patre
1734 4370 1994 4440 Augusto,
2025 4387 2110 4426 se-

531 4453 611 4508 dit
641 4470 812 4511 annos
839 4456 1169 4526 quindecim,
1203 4474 1414 4513 menses
1440 4470 1664 4530 septem,
1699 4462 1813 4516 dies
1836 4471 1963 4518 tres.
1993 4462 2114 4516 Fuit.

2215 3277 2307 3330 bus
2377 3277 2535 3329 etiam
2609 3277 2813 3328 animas
2883 3289 3072 3345 ponere
3127 3271 3390 3325 debemus.
3463 3269 3531 3323 Et
3578 3266 3816 3322 inferius

2215 3370 2268 3434 in
2325 3369 2510 3423 eadem
2575 3368 2705 3423 dicit
2755 3367 2854 3436 (7-,
2884 3382 2939 3436 q.
2975 3366 3029 3430 l,
3067 3379 3117 3420 c.
3170 3361 3524 3433 Suggestum)
3555 3377 3570 3413 :
3602 3359 3816 3430 Sugge-

2212 3469 2349 3514 stum
2396 3476 2614 3530 ramique
2663 3460 2808 3512 nobis
2849 3468 2956 3522 est,
2996 3457 3134 3528 quod
3187 3471 3281 3526 pro
3331 3455 3609 3525 pra'teritis
3663 3453 3815 3506 labo-

2213 3551 2358 3604 ribus
2403 3559 2450 3603 et
2480 3549 2905 3618 infestationibus
2955 3547 3193 3602 nonnulli
3244 3532 3466 3600 uestrum
3506 3545 3814 3612 assignatas

2212 3639 2347 3704 sibi,
2399 3648 2446 3692 et
2494 3656 2524 3692 a
2569 3637 2680 3693 Deo
2745 3639 3050 3692 commissas
3122 3635 3418 3705 relinquunt
3479 3634 3656 3704 plebes
3683 3675 3700 3698 ,
3765 3645 3812 3686 et

2213 3729 2402 3799 fratres
2451 3727 2624 3791 plures
2681 3727 2758 3798 [in
2812 3727 2990 3795 futuro
3045 3724 3243 3797 plures]
3309 3724 3598 3794 relinquere
3655 3722 3812 3776 velint

2213 3836 2332 3882 eus,
2383 3836 2512 3888 quas
2553 3820 2689 3872 tueri
2717 3818 2898 3872 debent
2933 3815 3213 3882 ecclesias,
3262 3825 3310 3869 et
3359 3833 3453 3886 pro
3495 3813 3683 3867 oribus
3715 3813 3810 3865 sibi

2213 3910 2501 3962 commissis
2550 3907 2791 3962 laborare
2830 3905 3124 3977 negligant,
3177 3916 3223 3959 et
3274 3904 3722 3958 nionasteriorum
3761 3917 3812 3954 se

2211 4001 2373 4071 quieti
2416 3993 2532 4069 jam
2583 3995 2896 4052 contrudere.
2936 3997 3211 4068 festinent,
3262 4005 3312 4050 et
3360 3995 3698 4048 vacationem
3750 3993 3816 4046 ab

2215 4091 2540 4160 episcopatus
2580 4088 2844 4142 laboribus
2881 4086 3099 4157 eligere,
3150 4096 3196 4140 et
3244 4085 3452 4139 silentio
3502 4094 3666 4150 atque
3711 4084 3812 4136 otia

2213 4187 2373 4241 vitam
2437 4185 2621 4255 degere
2679 4183 2844 4252 magis
2910 4190 3086 4251 optant
3146 4175 3470 4251 [appetant],
3541 4193 3709 4245 quam
3761 4176 3812 4226 in

2213 4275 2328 4341 Itis,
2378 4289 2494 4344 qua:
2548 4272 2647 4326 sibi
2690 4272 2968 4325 commissa
3019 4279 3167 4332 sunt,
3218 4283 3560 4338 permanere,
3607 4267 3814 4318 dicente

2213 4365 2437 4419 Domino
2478 4382 2495 4420 :
2537 4383 2555 4416 ι
2592 4363 2816 4429 Beatus,
2845 4363 2933 4433 qui
2980 4359 3380 4432 perseveraverit
3428 4374 3594 4429 usque
3652 4358 3707 4410 in
3758 4357 3818 4422 ῥυ

2217 4472 2332 4510 nem
2387 4455 2602 4526 (Matth.
2643 4470 2698 4517 χ,
2732 4453 2904 4523 xxrv),
2940 4472 2959 4504 ι
2990 4461 3094 4506 etc.
3143 4449 3393 4518 Ideoque,
3437 4447 3638 4516 fratres
3695 4447 3814 4500 cha-

531 4555 710 4600 autcm
746 4547 1074 4616 temporibus
1095 4548 1427 4604 Constantini
1460 4568 1629 4621 usque
1651 4553 1716 4607 ad
1743 4554 2109 4609 Constantium

2221 4548 2414 4601 rissimi
2431 4585 2445 4610 ,
2478 4561 2580 4599 non
2620 4560 2706 4598 vos
2733 4542 3080 4612 afﬂictionum
3127 4539 3426 4593 amaritudo
3447 4556 3480 4590 η
3509 4540 3598 4608 pio
3633 4539 3822 4592 mentis.

531 4638 832 4708 Augustum
884 4639 1219 4704 lucri-ticum,
1249 4642 1340 4712 qui
1379 4643 1687 4711 praedictum
1734 4659 1924 4714 papam
1962 4646 2117 4700 annis

533 4727 707 4782 tribus
735 4728 786 4781 in
813 4728 1002 4782 exsilio
1035 4731 1349 4796 maceravit,
1391 4746 1457 4785 eo
1485 4734 1629 4800 quod
1674 4733 1889 4787 Arianze
1925 4735 2116 4789 han'esi

533 4817 838 4872 consentire
888 4819 1074 4872 noluit.
1122 4804 1319 4874 Deinde
1369 4823 1678 4876 sacerdotes
1705 4823 2032 4893 congregati,
2062 4823 2114 4876 in

534 4907 710 4962 locum
767 4909 996 4975 Lilierii,
1057 4909 1289 4965 Felicem
1371 4913 1740 4982 presbyterum
1805 4914 2114 4984 episcopum

534 4999 942 5054 ordinaverunt.
997 5001 1096 5068 Qui
1128 5001 1310 5055 habito
1333 5003 1684 5072 quadraginta
1730 5015 1932 5073 septem
1961 5004 2115 5076 [qna-

536 5090 784 5158 draginta
813 5091 958 5163 octo]
1007 5093 1382 5162 episcoporum
1437 5094 1683 5152 concilio.
1726 5093 2008 5168 Ursaeium
2061 5104 2117 5150 et

535 5177 813 5234 .Valentem
842 5183 1183 5251 presbyteros
1209 5183 1419 5238 Arianae
1448 5185 1634 5239 ba‘resi
1660 5186 2053 5241 consentientes
2082 5202 2110 5240 a

536 5273 912 5333 communione
958 5290 1078 5338 sua,
1125 5287 1180 5330 et
1219 5285 1364 5337 recte
1411 5276 1770 5340 credentium,
1821 5280 2109 5347 separavit.

537 5365 692 5422 Unde
739 5364 837 5435 ipsi
868 5363 1065 5418 luroris
1103 5366 1216 5421 zelo
1264 5367 1498 5432 accensi,
1537 5367 1760 5430 consilio
1796 5367 1947 5431 inito,
1977 5368 2116 5422 Con-

542 5456 729 5513 stantii
761 5455 1083 5511 auctoritate
1121 5457 1282 5512 missa
1328 5457 1598 5516 Liberium
1628 5461 1696 5516 ab
1745 5459 1937 5519 exsilio
1967 5475 2118 5515 revo-

537 5558 814 5616 caverunt,
839 5549 942 5603 hoc
975 5547 1222 5603 videlicet
1247 5559 1423 5619 pacto,
1459 5561 1518 5605 ut
1556 5551 1917 5619 rebaptizandi
1945 5552 2116 5607 solum

539 5639 918 5694 communione
945 5653 1066 5704 cum
1099 5638 1178 5694 cis
1207 5639 1575 5708 participaret.
1604 5641 1704 5706 Qui
1739 5642 1995 5710 prmdicto
2024 5657 2118 5711 pa-

541 5737 632 5782 cto
663 5728 1316 5798 consentienshrctractus
1338 5739 1416 5784 est
1441 5731 1506 5784 ab
1538 5732 1749 5797 exsilio,
1778 5741 1831 5785 et
1854 5732 2117 5788 habitavit

2218 4647 2399 4690 vestra:
2441 4635 2967 4704 prepositocoarctet
2995 4630 3271 4685 recedere.
3328 4628 3598 4682 Attendite
3644 4629 3814 4697 itaque

2217 4729 2362 4782 vobis
2406 4737 2457 4781 et
2501 4727 2643 4780 omni
2689 4725 2863 4795 gregi,
2917 4725 2974 4776 in
3019 4739 3121 4792 quo
3169 4720 3404 4789 Spiritus
3450 4731 3678 4773 sanctus
3735 4735 3814 4772 ros

2217 4817 2483 4871 constituit
2526 4817 2788 4885 episcopos
2833 4828 3006 4883 regere
3038 4810 3328 4864 Ecclesium
3371 4809 3510 4874 Dei,
3541 4825 3710 4878 quam
3732 4825 3814 4861 ac-

2219 4909 2429 4980 quisivit
2467 4907 2686 4977 praprio,
2715 4905 2969 4975 sanguine
3005 4919 3102 4958 suo
3149 4901 3286 4973 (Act.
3344 4902 3469 4970 xx),
3522 4913 3582 4953 ut
3615 4916 3720 4954 non
3749 4900 3812 4952 sit

2219 5001 2308 5070 qui
2337 5016 2426 5053 uos
2449 4999 2672 5069 decipiat
2695 5014 2758 5058 ac
2783 4997 2998 5058 seducat
3039 4995 3092 5048 in
3128 4993 3446 5048 sublimitate
3474 4989 3810 5063 {subtilitate}

2219 5088 2472 5143 sermonis
2497 5127 2512 5150 ,
2565 5095 2620 5140 ut
2671 5084 2840 5154 plebes
2896 5084 3038 5138 vobis
3097 5082 3402 5136 commissas
3457 5080 3808 5150 relinquatis,

2219 5191 2268 5237 et
2316 5179 2508 5235 alicubi
2553 5176 2762 5250 [alicui]
2792 5185 3002 5247 propter
3043 5173 3374 5245 opprobrium
3421 5173 3692 5226 malorum
3717 5174 3807 5225 lio-

2219 5273 2420 5325 minum
2467 5270 2626 5341 quieti
2673 5285 2763 5322 vos
2801 5267 3056 5329 tradatis,
3109 5275 3164 5319 ut
3212 5281 3299 5318 vos
3343 5262 3678 5316 solummodo
3705 5261 3810 5315 sal-

2221 5363 2380 5428 vetis,
2419 5370 2466 5416 et
2495 5361 2631 5430 ﬁlios
2679 5359 2941 5430 orphanos
2978 5356 3301 5427 relinquatis.
3353 5354 3485 5408 [tem
3537 5355 3590 5407 in
3622 5354 3806 5407 eadem

2221 5455 2290 5510 de
2329 5453 2706 5526 observatione
2737 5447 3290 5512 .canonumeosdem
3345 5447 3418 5501 ita
3463 5454 3682 5509 monet,
3729 5444 3802 5498 di-

2221 5525 2358 5601 cens.
2411 5563 2422 5598 :
2495 5525 2562 5597 In
2609 5541 2753 5596 nullo
2799 5540 3073 5610 patiamini
3114 5527 3568 5608 providentissime
3604 5537 3798 5589 decreta

2222 5652 2480 5694 canonum
2525 5633 2744 5699 violari,
2779 5641 3034 5702 quatenus
3056 5641 3112 5688 ,σε
3158 5627 3496 5684 Nicenorum
3548 5642 3796 5681 canonum

2223 5732 2490 5806 instituta,
2528 5739 2573 5784 et
2605 5744 2720 5798 qua?
2755 5745 2786 5780 a
2829 5725 2974 5781 nobis
2997 5723 3118 5790 ,ψει
3161 5742 3192 5777 a
3219 5723 3686 5794 pra'decessorilm:
3718 5738 3796 5773 uo-
