3948 5448
93 380 240 437 1185

811 388 817 396 ’
878 383 1143 440 PSEUDO
1182 383 1603 442 LUlTPRANDl
1644 381 1773 435 LIB.
1818 375 1903 435 DE
1945 377 2122 436 V’l'l‘lS
2160 382 2322 438 ltOll.
2368 373 2569 440 PONT.

3208 377 3346 446 H86

97 497 224 549 stris
265 495 473 565 provide
508 505 556 548 et
593 496 870 550 salubriter
909 509 1029 553 sunt
1072 498 1308 563 decreta,
1360 499 1664 551 intemerata
1696 499 1740 556 Α
1770 495 1995 547 siasticis
2024 495 2327 559 audiantur,
2368 512 2486 564 qua:
2519 483 2848 566 legib’tts'non
2887 484 3238 562 continentur,
3275 499 3347 553 vel

95 587 275 655 peritia
281 595 434 639 nectat
447 624 460 638 .

500 673 922 754 XXXVIII..—S.
965 675 1167 730 FELIX
1206 675 1270 731 ιι.

591 767 763 836 (Ληῃο
800 765 994 820 Christi
1032 765 1180 836 355.)

161 856 338 922 Felix,
365 858 583 912 natione
612 857 906 922 Romanus,
931 873 994 912 ex
1019 866 1170 928 patre
1196 857 1504 920 Anastasio,
1531 857 1671 913 sedit

85 961 296 1001 annum
325 964 511 1012 unum,
534 963 746 1003 menses
777 957 906 1013 tres,
936 948 1051 1002 dies
1080 948 1231 1003 duos.
1256 947 1355 1002 llic
1375 949 1671 1003 declaravit

90 1037 472 1094 Constantium
503 1039 668 1094 ﬁlium
701 1040 1043 1095 Constantini
1074 1055 1196 1095 esse
1240 1041 1573 1106 litereticum,
1615 1047 1671 1098 et

89 1132 332 1187 secando
361 1132 750 1201 rebaptizatutn
779 1131 845 1186 ab
877 1131 1108 1185 Eusebio
1143 1129 1552 1186 Nicomedientsi.
1604 1132 1669 1187 Et

89 1223 214 1290 quia
247 1223 352 1276 hoc
377 1222 692 1286 declaravit,
729 1222 848 1275 ideo
875 1230 1056 1290 postea
1088 1221 1328 1289 praedicti
1364 1207 1664 1276 Constantii

83 1315 364 1382 praecepto
386 1313 560 1384 capite
591 1313 940 1367 truncaturin
963 1313 1184 1368 civitate
1197 1311 1443 1366 Coranaa
1470 1329 1527 1368 ιιι
1546 1313 1668 1368 ldus

87 1402 432 1457 Novembris.
459 1402 558 1457 llic
585 1401 920 1456 consecravit
955 1402 1234 1470 episcopos
1277 1401 1661 1463 novetndecitn,

86 1493 438 1563 presbyteros
467 1493 653 1563 viginti
686 1503 739 1546 et
766 1509 954 1558 unum,
1001 1493 1258 1547 diaconos
1281 1494 1534 1562 quinque.
1568 1494 1667 1549 llic

85 1585 139 1637 in
170 1585 400 1654 epistola
431 1600 592 1656 quam
625 1584 912 1640 destinavit
942 1583 1263 1649 Athanasio,
1299 1594 1354 1640 ct
1403 1587 1667 1641 universis

81 1671 489 1744 Egyptiornm,
530 1673 928 1728 Thebaidorum
965 1689 1026 1728 ac
1070 1673 1360 1746 Libyorutn
1403 1675 1668 1744 episcopis

79 1763 259 1832 (epist.
294 1764 378 1834 2),
413 1765 654 1835 quaedam
685 1764 916 1834 capitula
947 1782 976 1819 a
1016 1766 1218 1820 sanctis
1243 1764 1514 1831 Patribus,
1557 1776 1665 1821 tam

1772 600 1888 654 qua:
1913 574 2186 652 prohibita:
2237 601 2347 638 esse
2384 594 2690 639 noscuntur.
2723 585 2776 639 8.
2824 584 2888 640 Si
2915 575 3031 655 quis
3061 587 3215 641 aliter
3244 603 3349 642 non

1773 664 2106 746 (requieverit,
2145 664 2246 729 nisi
2275 678 2567 747 episcopum
2598 685 2821 741 accuset,
2855 694 3012 747 supra
3045 688 3226 733 taxato
3249 679 3350 734 hoc

1771 775 1950 820 tenore
1979 753 2137 835 agere
2161 766 2392 831 debebit;
2422 769 2547 837 quia
2591 769 2856 820 aecusatio
2873 769 3024 821 aliter
3053 784 3157 822 non
3184 775 3349 837 potest

1771 861 1886 910 rata
1916 857 2153 910 existere.
2199 856 2342 911 Tunc
2393 859 2560 928 primo
2607 859 2840 912 accusati
2889 875 3102 912 causam
3151 860 3220 912 ad
3243 859 3352 928 pri-

1771 957 1932 1001 mates
1957 957 2229 1000 accusator
2268 949 2513 1002 canonice
2541 948 2772 1016 deferat:
2799 946 2908 1002 nec
2931 967 2960 1002 a
2985 950 3348 1003 communione

1767 1035 2104 1104 prohibeatur
2150 1046 2449 1099 accusatus,
2502 1036 2704 1090 nisi'in
2757 1036 3035 1090 electorum
3081 1038 3346 1107 judicium

1769 1126 2016 1178 canonice
2039 1125 2473 1195 cvocalus,‘infra
2495 1117 2615 1180 tres
2645 1137 2734 1179 aut
2766 1142 2856 1180 sex
2884 1137 2976 1180 aut
3005 1127 3179 1196 plures
3205 1144 3349 1180 men-

1767 1221 1846 1268 ses
1871 1231 1964 1283 pro
2011 1216 2092 1268 his
2133 1214 2264 1286 [suis
2301 1215 2321 1286 ]
2351 1218 2604 1270 rationem
2639 1217 2950 1270 redditurus
2991 1219 3161 1270 venire
3186 1217 3350 1270 distu-

1767 1307 1918 1375 lerit;
1946 1310 2036 1364 scd
2060 1311 2104 1363 si
2133 1312 2308 1364 venire
2339 1327 2439 1364 non
2464 1313 2711 1379 potuerit,
2745 1310 2875 1364 nihil
2908 1313 2954 1366 ei
2983 1311 3202 1364 nocebit.
3248 1309 3350 1363 Ille

1766 1417 1904 1465 vero,
1933 1402 2021 1469 qui
2057 1413 2145 1456 aut
2179 1400 2249 1472 [vi
2297 1401 2410 1474 aut]
2453 1403 2636 1456 timore
2675 1420 2707 1455 a
2732 1403 2852 1456 sede
2879 1402 3080 1469 pulsus,
3109 1411 3198 1454 aut
3227 1403 3338 1455 suis

1769 1490 1918 1544 rebus
1945 1491 2101 1560 fuerit
2150 1492 2492 1562 exspoliatus,
2530 1509 2633 1546 non
2666 1495 2812 1562 prius
2853 1503 3062 1547 vocetur
3089 1495 3158 1546 ad
3185 1510 3347 1562 syno-

1766 1581 1913 1648 dum,
1945 1591 2102 1654 quam
2130 1585 2305 1638 omnia
2328 1568 2523 1652 legibus
2551 1584 2600 1637 ei
2631 1584 3061 1654 redintegrentur,
3093 1593 3143 1637 et
3163 1583 3348 1636 tandiu

1765 1671 1820 1726 in
1846 1673 1965 1727 sede
1991 1674 2203 1743 propria
2223 1673 2437 1742 paciﬁce
2457 1683 2504 1726 et
2535 1674 2836 1742 potestatire
2855 1682 3042 1726 cuncta
3071 1673 3349 1742 disponens

1768 1765 1990 1817 resideat
2030 1765 2126 1831 (3;
2153 1764 2284 1833 «με.
2312 1780 2360 1819 c.
2396 1763 2645 1835 Tandiu),
2701 1766 2932 1835 quandiu
2975 1765 3223 1833 expulsus
3270 1763 3350 1818 vel

79 1853 136 1906 in
165 1852 386 1908 Nicena
429 1856 653 1925 synodo,
695 1872 856 1926 quam
909 1856 962 1909 in
1010 1864 1197 1910 sancta
1237 1854 1480 1911 Romana
1538 1858 1665 1912 sedc
1698 1851 1738 1908 Β
1766 1853 2083 1921 exspoliatus
2112 1870 2288 1906 carere
2313 1855 2452 1908 visus
2477 1864 2550 1908 est
2575 1854 2684 1908 suis
2711 1853 2879 1907 rebus.
2911 1854 3040 1907 Cum
3070 1863 3244 1907 autem
3277 1853 3349 1908 ad

74 1943 381 1998 constituta
412 1944 742 2009 interscruit,
780 1946 975 2014 quibus
1006 1944 1245 2014 praedicti
1281 1944 1518 2016 episc0pi
1551 1945 1664 2000 fulti

73 2033 430 2088 inimicorum
459 2035 679 2090 insidias
721 2035 914 2091 melius
943 2045 1158 2107 possent
1181 2037 1434 2102 evadere,
1461 2053 1582 2107 qua:
1615 2046 1670 2092 ct

71 2137 178 2176 nos
204 2123 336 2177 huic
364 2124 620 2193 opusculo
649 2125 905 2191 inserere,
936 2141 1040 2180 non
1073 2126 1260 2183 inutile
1289 2127 1522 2183 videtur.
1576 2130 1668 2185 Sic

71 2223 266 2268 autem
303 2215 494 2286 incipit
521 2230 535 2268 :

147 2307 199 2358 Ι.
239 2302 333 2358 Est
367 2316 538 2358 autem
567 2307 829 2376 synodicis
849 2307 1111 2362 decretum
1141 2308 1415 2374 institutis,
1442 2319 1497 2362 ut
1520 2325 1668 2364 nemo

67 2396 378 2465 episcopum
399 2406 552 2466 penes
582 2397 858 2451 stt'cularcs
904 2400 1130 2453 arbitros
1158 2411 1384 2465 accuset,
1415 2401 1504 2454 sed
1529 2401 1668 2470 apud

67 2505 314 2542 summos
340 2490 606 2558 primates.
642 2490 698 2543 2.
724 2488 781 2544 Si
807 2491 923 2561 quis
957 2492 1202 2546 adversus
1223 2493 1516 2561 episcopum
1544 2509 1670 2546 cau-

66 2594 188 2630 sam
216 2577 485 2641 habuerit,
518 2594 620 2632 non
642 2579 790 2648 prius
813 2578 946 2632 alios
981 2581 1247 2648 episcOpos
1267 2579 1442 2643 adeat,
1467 2589 1521 2632 ut
1549 2597 1669 2634 eum

66 2678 308 2730 accuset,
335 2685 491 2740 quant
520 2669 856 2738 familiariter
886 2672 934 2723 ei
961 2671 1150 2724 indicet
1190 2687 1342 2726 suam
1379 2670 1667 2741 querelam,

64 2770 116 2814 et
152 2760 222 2813 ab
252 2776 314 2814 eo
337 2770 428 2814 aut
443 2760 646 2829 justam
691 2762 1128 2825 emendationem,
1174 2775 1263 2815 aut
1309 2763 1670 2818 rationabilem

62 2852 336 2920 percipiat
362 2853 769 2916 excusationem,
821 2853 932 2922 ipsa
965 2870 1058 2906 nos
1080 2854 1366 2907 instruente
1406 2852 1670 2908 Veritate:

71 2961 89 2991 ι
120 2939 184 2995 Si
214 2942 503 3010 peccaverit
547 2941 598 2994 in
630 2952 678 2995 te
703 2942 868 3010 frater
891 2953 1031 3005 tuus,
1070 2943 1199 2997 vade
1234 2953 1280 2996 et
1319 2945 1519 3012 corripe
1551 2959 1670 2996 eum

63 3033 215 3086 inter
239 3043 292 3084 te
323 3041 373 3085 et
418 3033 590 3100 ipsum
620 3032 820 3086 solum:
849 3033 894 3086 si
939 3043 988 3087 te
1035 3049 1137 3087 non
1183 3034 1427 3095 audierit,
1481 3033 1672 3086 adhibe

62 3127 211 3179 duos
240 3123 320 3178 vel
353 3134 455 3177 tres
484 3133 667 3177 testes:
703 3132 750 3177 el
776 3123 823 3176 si
850 3140 934 3176 vos
975 3139 1078 3176 non
1105 3123 1350 3184 audierit,
1379 3121 1464 3175 dic
1492 3120 1670 3175 Eccle—

1759 1946 2025 2015 judiciunt
2053 1947 2265 2010 venerit,
2297 1946 2343 1999 si
2364 1945 2580 2000 voluerit
2604 1956 2652 1999 et
2684 1962 2886 1999 necesse
2915 1946 3098 2014 fuerit,
3121 1945 3349 2000 induciae

1769 2035 1815 2088 ei
1861 2036 2050 2103 petenti
2099 2053 2132 2088 a
2182 2035 2434 2104 fratribus
2479 2033 2758 2107 [patribus]
2812 2036 3108 2089 constitqu
3158 2034 3351 2104 absque

1768 2126 2133 2195 impedimento
2195 2127 2588 2191 concedantur,
2635 2136 2684 2180 et
2728 2127 2936 2195 judices
2994 2143 3025 2178 a
3084 2143 3137 2180 se
3204 2123 3352 2178 electi

1769 2221 2070 2274 tribuantur
2107 2223 2162 2274 in
2200 2220 2334 2285 loco,
2385 2222 2521 2274 unde
2550 2230 2623 2274 est
2678 2221 2766 2290 qui
2811 2229 3132 2282 accusatur;
3189 2226 3279 2269 aut
3306 2215 3352 2269 si

1770 2311 2000 2382 aliquam
2033 2310 2205 2383 [alibi]
2236 2312 2522 2366 temeraria:
2550 2311 2898 2364 multitudinis
2948 2311 3048 2363 vim
3090 2309 3346 2368 metuerit,

1768 2401 1938 2454 locum
1962 2402 2061 2455 sibi
2087 2418 2372 2471 congruum
2414 2400 2592 2471 eligat,
2623 2415 2725 2470 quo
2769 2401 2960 2469 absque
2989 2400 3174 2451 timore
3204 2413 3350 2460 suos,

1769 2492 1813 2544 si
1845 2493 2121 2544 necessitas
2188 2492 2563 2560 expoposcerit,
2623 2497 2775 2544 testes
2824 2475 3033 2552 habere,
3076 2499 3121 2540 et
3161 2488 3352 2557 absque

1769 2581 2137 2649 impedimento
2168 2596 2319 2635 suam
2349 2581 2596 2634 canonice
2635 2580 2940 2634 sententiam
2979 2579 3132 2648 ﬁnire
3160 2578 3352 2644 valeat,

1769 2672 1892 2743 quia
1933 2673 2098 2726 multa
2142 2689 2234 2742 per
2281 2672 2660 2741 subreptionem
2706 2671 2905 2725 evenire
2955 2669 3140 2724 solent.
3193 2668 3245 2724 9.
3281 2667 3351 2722 Ut

1770 2764 2086 2832 testiﬁcandi
2146 2764 2356 2816 licentia
2413 2763 2692 2830 denegetur
2738 2761 2839 2825 his,
2899 2760 2987 2829 qui
3039 2757 3355 2811 Christiana

1784 2856 2050 2926 religionis
2081 2865 2129 2909 et
2156 2854 2378 2908 nominis
2415 2854 2687 2924 dignitate,
2716 2861 2765 2906 et
2819 2851 2968 2921 legis,
3010 2850 3202 2904 velsui
3228 2866 3355 2919 pro-

1770 2948 1925 3018 positi
1953 2964 2210 3012 normam,
2258 2947 2334 3001 tvel
2373 2945 2684 3015 regulariter
2714 2944 2976 3014 prohibita
3008 2943 3351 3014 neglexerint.

1775 3037 1859 3090 10.
1899 3035 2126 3090 Multum
2175 3037 2446 3105 derogatio
2484 3038 2751 3104 pra’valet,
2793 3033 3002 3104 quando
3056 3033 3355 3102 derogatori

1772 3126 2037 3179 creditur:
2063 3125 2176 3179 ideo
2204 3126 2365 3179 variis
2405 3123 2812 3178 detractionibus
2850 3119 3355 3195 [detrectatiouibus]

61 3216 168 3268 site
189 3211 415 3282 (Matth.
445 3213 622 3282 XVIII),
655 3231 672 3264 ι
707 3212 760 3264 id
796 3221 892 3275 est,
930 3221 1052 3264 tunc
1087 3227 1274 3263 accusa
1310 3226 1425 3262 eum
1447 3209 1667 3278 publice,
1698 3194 1742 3254 Ο
1773 3227 1927 3288 atque
1948 3217 2371 3271 accusationibus
2397 3233 2498 3270 non
2526 3216 2670 3269 debet
2700 3215 3015 3284 labefactare
3055 3216 3351 3284 primatem,

62 3315 119 3359 et
153 3320 268 3358 non
297 3305 470 3373 prius,
513 3314 560 3357 et
617 3300 836 3370 reliqua.
873 3301 926 3353 5.
973 3299 1032 3354 Si
1057 3301 1172 3370 quis
1219 3299 1515 3368 episwpum
1553 3306 1668 3366 post

63 3378 189 3447 [uec
213 3393 425 3462 elegerit
453 3406 723 3454 accusare,
747 3390 963 3443 summis
988 3389 1297 3458 primatibus
1317 3388 1670 3457 episcotroruns

63 3500 237 3539 suam
279 3483 469 3536 indicet
496 3497 730 3545 causam,
766 3491 810 3533 et
853 3498 957 3534 non
1001 3480 1361 3544 sa’cularibus,
1395 3480 1484 3548 qui
1507 3480 1672 3548 magis

71 3574 153 3625 ad
192 3588 401 3642 pacem,
425 3588 581 3640 quam
613 3572 681 3623 ad
718 3571 984 3640 judicium
1026 3586 1112 3623 eos
1145 3578 1400 3630 revocent,
1427 3578 1481 3620 ut
1503 3569 1672 3621 chario

65 3674 163 3716 tas
208 3663 268 3714 in
305 3660 564 3722 omnibus,
597 3670 643 3712 et
679 3659 743 3712 ab
792 3659 1031 3712 omnibus
1075 3657 1420 3711 custodiatur.
1454 3656 1513 3711 Si
1551 3657 1664 3726 pri-

67 3762 256 3804 mates
284 3750 372 3819 (5,
401 3766 452 3819 q.
517 3748 573 3814 2,
619 3765 665 3802 c.
721 3745 779 3802 Si
824 3745 1127 3818 primates),
1180 3754 1270 3798 aut
1319 3747 1672 3816 episcoporum

65 3851 423 3895 accusatores
465 3856 582 3893 cum
621 3840 695 3893 eis
745 3837 1027 3909 paci/icare
1084 3836 1419 3906 familiariter
1461 3837 1674 3891 minime

61 3939 329 4003 poterunt
347 3947 366 3995 ;
395 3940 516 3983 tunc
541 3941 766 4000 tempore
785 3927 1015 3999 legitimo
1033 3943 1119 3980 eos
1136 3926 1204 3980 ad
1224 3927 1480 3996 synodum
1510 3941 1673 3978 cano-

64 4025 200 4077 nice
231 4033 570 4076 convocatam
614 4037 715 4075 non
745 4020 884 4090 infra
913 4027 1132 4090 angusta
1172 4027 1404 4087 tempora
1428 4019 1675 4070 canonice

66 4124 392 4176 convocent,
417 4123 464 4167 et
487 4113 633 4182 prius
656 4112 729 4166 eis
746 4111 925 4182 [quam
949 4109 1048 4182 est]
1063 4125 1154 4177 per
1174 4110 1365 4179 scripta
1387 4107 1674 4178 signiﬁcent

61 4206 214 4275 quid
247 4207 322 4260 eis
361 4215 644 4276 opponant,
670 4214 725 4258 ut
754 4203 820 4257 ad
845 4202 1228 4274 responsionem
1248 4201 1421 4271 parati
1449 4201 1673 4254 veniant.

62 4299 130 4352 4.
170 4295 322 4350 Nam
351 4299 396 4350 si
439 4306 529 4350 aut
571 4297 618 4350 vi
649 4305 739 4350 aut
765 4295 947 4349 timore
983 4295 1131 4364 ejects"
1171 4279 1388 4363 fuerint,
1433 4302 1522 4346 aut
1565 4294 1677 4346 suis

64 4389 247 4442 rebus
295 4387 586 4456 exspoliati,
645 4401 737 4440 nec
787 4385 1031 4438 canonice
1081 4385 1151 4436 ad
1201 4388 1458 4453 synodum
1505 4383 1677 4437 vocari

61 4487 308 4551 possunt
326 4494 345 4542 ;
365 4476 671 4547 respondere
685 4474 888 4529 annalis
902 4474 1105 4538 debent,
1129 4483 1404 4542 antequam
1431 4471 1678 4523 canonice

1768 3308 1858 3362 sed
1880 3309 2043 3378 magis
2077 3307 2293 3360 Patrum
2321 3307 2510 3377 regulis
2527 3307 2782 3368 roborari,
2815 3323 2876 3359 ne
2899 3305 3057 3374 facile
3077 3315 3166 3358 aut
3194 3304 3359 3374 indif-

1770 3396 1994 3467 ferentcr
2004 3398 2262 3466 suscipere
2277 3397 2634 3450 accusationes
2647 3406 2949 3466 pra'sumat,
2965 3396 3163 3449 dicente
3184 3394 3334 3448 Domi

1771 3505 1838 3543 no
1865 3503 1882 3540 :
1911 3508 1928 3539 ι
1967 3487 2088 3540 Non
2115 3489 2367 3551 suscipias
2411 3503 2582 3541 vocem
2605 3485 3089 3555 mendacii,(Exod.
3121 3486 3287 3554 unt).
3335 3503 3353 3535 ι

1773 3578 1935 3633 Prius
1964 3580 2186 3648 probare
2213 3578 2358 3632 debet
2389 3579 2756 3648 suspicionem,
2791 3587 2838 3630 et
2865 3594 3100 3641 causam,
3129 3587 3218 3630 aut
3248 3593 3354 3647 quo

1773 3668 1949 3720 animo
1974 3667 2071 3719 hoc
2117 3665 2314 3735 faciat;
2343 3676 2390 3720 et
2435 3676 2613 3736 postea
2656 3665 2932 3737 suscipere.
2963 3667 3086 3736 quia
3124 3667 3357 3720 veritatis

1771 3755 2144 3826 professionem
2163 3756 2522 3826 propinquitas
2545 3754 3024 3827 [prOpinquitatisj,
3053 3755 3362 3821 inimicitias,

1773 3846 1998 3911 timoris,
2031 3847 2250 3912 antoris,
2287 3847 2414 3913 odii,
2446 3857 2492 3902 et
2515 3847 2817 3916 cupiditatis
2855 3847 3072 3899 intentio
3112 3845 3361 3912 impedire

1773 3945 1821 3990 et
1861 3936 2080 3990 adversa
2110 3937 2364 4006 fratribus
2398 3937 2634 4007 irrogare
2663 3936 2809 3990 solet.

1846 4027 1932 4082 Η.
1967 4025 2215 4082 Persona:
2235 4028 2592 4082 accusantium
2613 4027 2746 4080 tales
2771 4043 2881 4080 esse
2907 4026 3112 4090 debent,
3139 4043 3362 4096 quorum

1775 4117 1926 4187 ﬁdes,
1958 4118 2300 4182 conversatio,
2349 4127 2396 4171 et
2445 4115 2872 4185 vila'probabilis,
2904 4127 2950 4168 et
2985 4118 3174 4182 absque
3201 4132 3368 4184 repre—

1777 4209 2021 4263 hensione
2047 4209 2139 4273 sit,
2176 4217 2223 4261 et
2247 4208 2337 4278 qui
2367 4206 2597 4259 omnium
2621 4215 2833 4258 careant
2866 4205 3161 4272 suspicione
3189 4218 3208 4255 :
3240 4204 3364 4272 quia

1778 4310 1826 4354 et
1892 4300 1989 4352 hoc
2042 4309 2268 4366 tempore
2330 4295 2574 4364 prtcsenti
2629 4293 2698 4364 [te
2762 4291 3062 4362 praesente],
3121 4301 3175 4344 ut
3242 4292 3365 4344 bene

1783 4391 1970 4452 nostis,
1995 4391 2050 4443 in
2077 4387 2296 4442 Nica'na
2327 4385 2526 4455 synodo
2550 4394 2762 4452 propter
2798 4383 3059 4436 malorum
3091 4382 3360 4434 hominum

1782 4480 2001 4532 insidias
2025 4488 2144 4531 sunt
2183 4477 2295 4529 hwc
2319 4485 2366 4528 et
2395 4474 2502 4527 alia
2531 4489 2689 4544 quam
2715 4471 2868 4541 plura
2915 4471 3088 4525 delata
3123 4469 3359 4541 [deleta].

67 4569 464 4629 restituantur,
511 4575 557 4619 et
602 4582 701 4619 sua
737 4565 911 4618 omnia
957 4564 1030 4617 eis
1075 4562 1309 4632 legaliter
1350 4561 1680 4614 reddantur:
1713 4551 1759 4609 Ι)
1789 4568 2049 4622 primum
2073 4567 2176 4630 5m,
2203 4577 2252 4620 ει
2290 4581 2393 4618 non
2432 4564 2548 4624 alii,
2597 4563 2698 4616 sint
2729 4579 2885 4632 quam
2908 4564 2994 4632 qui
3025 4562 3080 4613 in
3117 4561 3364 4630 pra'dit'ta

64 4672 132 4718 et
211 4659 403 4729 prmsnl
466 4659 614 4728 prius
663 4659 996 4716 restituatur.
1061 4667 1107 4710 et
1143 4665 1318 4725 postea
1358 4671 1461 4708 non
1506 4655 1679 4708 statim

63 4752 180 4807 sed
213 4751 331 4807 ditt.
367 4765 458 4818 per
492 4748 721 4817 spatiosa
764 4758 994 4818 tempora
1022 4748 1130 4802 suis
1179 4748 1478 4815 potestatire
1503 4745 1683 4814 dispo-

65 4845 235 4902 sitis,
263 4852 310 4894 et
341 4841 409 4893 ad
456 4856 608 4894 suam
641 4841 992 4893 necessitatem
1021 4837 1356 4908 prtcparatis,
1385 4842 1452 4890 ad
1484 4848 1685 4904 tempus

68 4934 269 4990 veniat
287 4932 356 4985 ad
385 4947 633 4995 causam;
661 4940 707 4984 et
752 4932 797 4984 si
821 4931 965 4999 juste
1002 4931 1164 4984 visum
1201 4928 1379 4998 fuerit,
1413 4937 1686 4983 accusato-

68 5028 245 5081 ribus
280 5024 583 5092 respondeat
613 5022 742 5076 suis.
772 5022 823 5076 5.
862 5020 1011 5073 Nulli
1041 5022 1226 5092 infami
1248 5031 1402 5091 atqtte
1428 5018 1683 5087 sacrilego

67 5121 150 5173 de
227 5130 532 5184 quocunque
591 5114 792 5182 negotio
843 5112 994 5166 liceat
1060 5115 1304 5168 adversus
1386 5115 1687 5185 religiosum

69 5208 481 5271 Christianum,
508 5205 742 5276 quamvis
777 5203 990 5259 humilis
1016 5207 1318 5276 servilisque
1343 5224 1566 5276 persona
1597 5204 1685 5266 sit,

66 5299 454 5359 testimonium
492 5299 683 5361 dicere,
719 5313 808 5350 nec
866 5296 929 5350 de
969 5300 1200 5368 qualibet
1247 5314 1319 5360 re,
1361 5302 1564 5354 actione
1598 5302 1688 5347 aut

65 5389 437 5438 ςηοηήηίδοηρ
456 5387 806 5432 (Ῐῆνῖοιδηηυηι
832 5387 1079 5428 imi-olor.
1121 5389 1154 5426 η
1209 5387 1261 5425 (ὅ
1284 5389 1398 5426 ποιῖε·
1429 5391 1686 5416 ----"-"“““‘

1785 4657 1986 4728 synodo
2007 4667 2127 4712 sunt
2149 4655 2437 4711 constituti.
2463 4655 2548 4708 12.
2570 4652 2774 4724 Reliqui
2789 4669 2906 4706 vero
2929 4653 3017 4724 qui
3044 4649 3367 4720 metropolim

1785 4749 1957 4803 sedem
1990 4757 2180 4810 tenent,
2215 4744 2589 4816 archiepiscOpi
2613 4752 2870 4807 vocentur,
2895 4753 2942 4797 et
2969 4757 3071 4796 non
3093 4740 3367 4808 primates,

1786 4840 1933 4894 salva
1965 4840 2020 4892 in
2049 4837 2287 4892 omnibus
2332 4834 2635 4907 apostolica:
2692 4833 2830 4888 sedis
2875 4833 3151 4904 dignitate,
3179 4845 3294 4899 qurv
3323 4841 3369 4880 et

1789 4927 1883 5002 [ei]
1914 4929 1978 4982 ab
2013 4929 2125 4995 ipso
2158 4925 2385 4980 Domino
2418 4939 2658 4982 concessa
2707 4921 2922 4993 (Matth.
2959 4920 3093 5003 uti),
3122 4931 3168 4970 et
3197 4928 3374 4987 postea

1789 5036 1822 5071 η
1856 5019 2051 5075 sanctis
2078 5013 2329 5071 Pultibus
2385 5017 2632 5073 roborata
2681 5021 2775 5066 est.
2806 5013 2893 5068 l5.
2953 5009 3134 5066 Primo
3185 5019 3382 5075 semper

1789 5109 1848 5164 in
1873 5109 2104 5166 omnium
2135 5105 2512 5176 episcOporum
2550 5105 2882 5158 accusatione
2929 5113 3177 5174 persona,
3208 5099 3311 5151 vita
3338 5104 3386 5149 et

1790 5203 2126 5259 conversatio
2179 5203 2566 5262 accusantium
2621 5192 2928 5250 enucleatim
2972 5188 3294 5260 iaquiratur,
3345 5197 3390 5238 et

1793 5293 2134 5360 postmodum
2177 5302 2260 5348 ea,
2289 5303 2441 5354 qua;
2478 5281 2811 5353 objiciuntur,
2840 5285 3060 5354 fideliter
3086 5287 3400 5345 pertractan-

1799 5394 1922 5417 ιιι-ρ.
1946 5386 2191 5418 ηυηιιῖηνυ
2224 5375 2361 5414 nihil
2410 5383 2572 5436 "Hggs-
2599 5370 2703 5408 lian
2727 5373 2870 5412 ΑοΙὶοΙ
2916 5375 3011 5414 νιἱοῖ
3041 5368 3402 5405 «rivulis-Lumina
