3948 5612
555 313 693 369 118ἷ

1300 304 1590 360 APPEND.
1631 301 1725 358 AD
1763 299 1936 358 ΒΕΘ.
1969 299 2064 356 IX.
2105 328 2177 341 --
2211 299 2584 361 AUCTORES
2617 300 2782 358 ANNI
2820 301 3118 358 INCERTI.

3688 295 3815 350 1188

551 425 662 480 suis
687 418 1076 478 calamitatibus
1124 416 1244 470 aliis
1293 416 1546 485 derogare
1569 429 1588 468 :
1635 413 1750 466 ideo
1809 426 2132 480 summopere
2162 415 2210 475 Α
2237 411 2395 484 erit],
2422 413 2514 468 sed
2531 414 2730 468 viribus
2753 431 2930 468 carere
2950 431 3052 468 non
3074 424 3148 467 est
3174 411 3417 466 dubium.
3445 407 3545 462 20.
3583 405 3656 462 De
3679 405 3822 460 inda-

553 522 628 568 est
650 509 1060 580 praividendum,
1103 522 1166 561 ne
1213 506 1324 558 ha'c
1376 504 1526 573 fiant.
1579 501 1666 557 M.
1699 498 1895 555 Nullus
1929 515 2125 577 seruus,

557 603 732 658 nullus
759 601 906 665 liber,
938 597 1114 654 nullus
1164 595 1412 664 inﬁdelis,
1452 591 1625 646 nullus
1669 589 1972 644 criminibus
2003 590 2132 642 irre-

555 696 702 758 titus,
725 689 898 745 nullus
917 687 1289 752 calumniator,
1318 682 1494 738 nullus
1514 681 1604 752 qui
1626 678 1912 734 inimicitiis
1935 676 2129 740 studet,

562 783 740 839 nullus
765 781 854 852 qui
880 781 1095 836 libenter
1118 772 1462 850 [frequenter]
1491 773 1684 844 litigat,
1712 781 1761 825 et
1785 771 1856 825 ad
1881 784 2136 825 accusaui

559 874 684 926 dum
716 871 793 926 vel
824 867 1199 924 detrahendum
1228 875 1302 938 est
1333 863 1534 936 facilis,
1558 861 1703 916 nulla
1723 860 1938 932 infamis
1959 876 2136 931 perso-

558 982 648 1029 na,
679 964 756 1018 vel
807 979 936 1032 quos
985 961 1054 1014 ad
1103 956 1457 1013 accusandum
1496 954 1702 1025 publica
1747 953 1972 1007 crimina
2001 951 2136 1022 leges

556 1054 776 1124 publica:
823 1069 926 1106 non
975 1049 1300 1112 admittunt;
1335 1047 1601 1116 episcopos
1644 1058 1894 1097 accusare
1932 1056 2135 1112 prtesu-

558 1155 733 1198 rnant:
785 1142 1034 1215 quoniam
1083 1147 1439 1200 accusatores,
1488 1145 1536 1189 et
1586 1131 1969 1195 accusationes,
2009 1145 2139 1194 quas

557 1232 892 1302 sa't-ulilegcs
923 1247 1025 1284 non
1070 1228 1349 1298 recipiunt,
1396 1242 1500 1296 qua
1549 1222 1752 1276 ratione
1800 1217 2140 1274 sacerdotalis

558 1345 646 1380 eas
676 1326 818 1387 ordo,
859 1324 1086 1393 recipere
1114 1321 1322 1384 debeat,
1376 1316 1603 1372 invenire
1635 1329 1850 1385 nequeo,
1883 1327 1999 1365 cum
2033 1310 2142 1363 hac

558 1429 606 1475 et
658 1421 714 1473 in
769 1414 988 1470 Nica'na
1026 1412 1228 1484 synodo
1271 1410 1535 1482 prohibita
1581 1407 1707 1471 sint,
1748 1414 1795 1460 et
1840 1404 1921 1457 illi
1979 1403 2144 1472 magis

560 1509 826 1569 abistis,
889 1522 992 1559 nou
1039 1504 1126 1558 isti
1177 1502 1241 1556 ab
1302 1500 1406 1555 illis
1454 1496 1693 1569 judicari
1758 1495 1996 1550 debeant.
2078 1492 2147 1559 ις,

560 1596 836 1669 Apostolus
881 1595 1044 1648 dicit:
1107 1611 1121 1643 ι
1179 1587 1487 1660 Spiritualis
1525 1586 1735 1658 judicat
1786 1584 1979 1647 omnia,
2043 1583 2149 1652 ipse

560 1705 680 1744 vero
737 1704 768 1742 a
814 1686 1014 1740 nemine
1045 1683 1322 1754 judicatur
1377 1678 1428 1751 (1
1478 1677 1600 1733 Cor.
1660 1677 1744 1748 ll).
1780 1695 1800 1729 ι
1861 1675 1947 1729 15.
2019 1672 2149 1727 Πίν-

2237 505 2332 558 cies
2382 521 2499 558 vero
2565 507 2946 574 episcoporum,
2999 517 3155 572 super
3208 502 3399 573 quibus
3471 495 3822 560 consuluistis,

2235 596 2468 650 diversas
2516 614 2548 649 a
2610 594 2862 650 Patribus
2925 595 3133 665 regulas
3196 594 3494 648 invenimus
3548 588 3824 642 institutas.

2241 685 2470 750 Quidam
2501 686 2638 739 enim
2678 684 2764 756 (3,
2797 701 2851 755 q.
2877 687 2930 749 5,
2955 701 3004 740 c.
3035 683 3112 739 De
3142 682 3408 751 induciis)
3438 681 3512 734 ad
3541 677 3828 748 repellenda

2238 776 2592 845 imperitorum
2647 776 3090 839 machinamenta,
3152 782 3200 827 et
3258 789 3387 826 suas
3456 771 3829 840 properanda:

2234 867 2622 937 responsiones,
2638 876 2684 920 et
2709 875 2862 921 testes
2887 865 3297 935 conﬁrmandos,
3327 873 3377 918 et
3398 861 3633 916 consilia
3657 877 3826 914 eorum

2237 957 2658 1034 [episcoporum]
2711 968 2762 1014 et
2845 959 3135 1012 amicorum
3185 956 3503 1028 querenda,
3547 968 3748 1008 annum
3790 965 3831 1004 et

2240 1040 2418 1123 [aut]
2468 1066 2561 1106 sea:
2627 1066 2828 1104 menses
2883 1049 3259 1103 mandaverunt
3316 1047 3573 1110 concedi;
3628 1043 3833 1113 quidam

2241 1151 2417 1197 autem
2457 1157 2679 1204 annum,
2723 1142 2778 1194 in
2827 1157 2928 1211 quo
2975 1139 3189 1208 plurimi
3243 1135 3615 1197 concordant;
3670 1133 3830 1185 minus

2243 1249 2360 1288 vero
2387 1249 2545 1304 quam
2572 1248 2663 1286 sea:
2692 1246 2891 1285 menses
2927 1247 3029 1284 non
3053 1229 3262 1300 reperi;
3292 1229 3424 1298 quia
3453 1237 3500 1281 et
3532 1227 3649 1281 hac
3691 1223 3832 1278 (eicis

2244 1323 2452 1378 indulta
2496 1333 2638 1389 sunt,
2693 1331 2889 1394 quanto
2956 1323 3122 1391 magis
3167 1333 3216 1376 et
3273 1320 3496 1374 Domini
3553 1316 3837 1372 sacerdoti-

2249 1421 2342 1472 bus
2372 1417 2397 1471 .9

2319 1507 2418 1562 Hic
2457 1506 2747 1576 praedictus
2772 1520 2912 1577 papa
2940 1503 3101 1558 aliam
3140 1500 3436 1573 epistolam
3467 1497 3693 1567 scripsit
3717 1495 3827 1548 uni-

2249 1598 2424 1653 versis
2453 1597 2820 1668 spiritualibus
2869 1595 3148 1658 fratribus,
3184 1601 3241 1648 et
3288 1591 3517 1659 reliquis
3574 1590 3628 1642 in
3665 1600 3835 1642 sacer-

2251 1690 2414 1745 dotali
2444 1690 2671 1759 collegio
2691 1689 2918 1742 Domino
2948 1684 3283 1742 consecratis
3311 1681 3500 1754 (epist.
3534 1679 3630 1750 2),
3661 1680 3714 1732 in
3735 1693 3829 1748 qua

565 1779 711 1833 retiei
743 1819 758 1842 ,
834 1794 866 1830 a
948 1775 1134 1846 quibus
1188 1772 1406 1825 nimium
1465 1767 1854 1839 opprimimur,
1934 1780 2114 1818 excom

2255 1796 2340 1835 eos
2384 1779 2776 1835 studiosissime
2820 1779 3070 1832 hortatur
3117 1773 3533 1845 persecutiones
3584 1779 3640 1823 et
3671 1769 3833 1823 tribu-

565 1866 932 1937 municatique,
983 1862 1292 1926 homicidre,
1351 1857 1602 1926 maleﬁci,
1656 1856 1819 1928 fures,
1885 1853 2146 1922 sacrilegi,

564 1936 834 2028 raptores,
851 1954 1081 2022 veneﬁci,
1112 1951 1359 2015 adulteri,
1383 1960 1431 2003 et
1454 1949 1543 2019 qui
1582 1956 1787 2017 raptum
1810 1945 2048 2016 fecerint,
2075 1936 2153 1996 vel

564 2052 755 2120 falsum
785 2048 1132 2104 testimonium
1158 2047 1408 2110 dixerint,
1432 2060 1521 2098 seu
1541 2043 1632 2112 qui
1649 2041 1718 2095 ad
1739 2041 2010 2110 sortilegos
2038 2055 2151 2093 ma-

565 2158 754 2212 gosque
783 2138 1158 2200 concurrerint,
1201 2136 1499 2190 nullatenus
1538 2135 1607 2188 ad
1648 2130 2151 2198 accusationemrel

569 2232 637 2284 ad
663 2229 1013 2283 testimonium
1035 2235 1184 2280 erunt
1217 2226 1547 2279 adrnittendi.

639 2319 724 2374 16.
746 2318 867 2372 Non
885 2318 956 2371 ita
973 2318 1025 2370 in
1041 2314 1400 2370 ecclesiasticis
1419 2315 1678 2385 agendum
1693 2314 1932 2384 negotiis,
1947 2314 2077 2367 sicut
2096 2329 2148 2365 in

567 2412 926 2467 sa‘cularibus.
962 2408 1028 2464 In
1061 2408 1402 2466 sa'cularibus
1445 2411 1606 2474 enim,
1653 2420 1924 2481 postquam
1953 2408 2148 2479 legibus

566 2512 776 2555 vocatus
797 2503 1010 2566 venerit,
1033 2509 1079 2554 et
1101 2500 1153 2552 in
1175 2499 1290 2568 foro
1309 2500 1574 2554 decertare
1591 2501 1795 2571 coeperit
1819 2500 2028 2569 aliquis,
2047 2516 2150 2554 non

566 2593 682 2646 licet
707 2603 827 2646 ante
851 2602 1112 2662 peractam
1156 2608 1370 2646 causam
1404 2593 1677 2646 recedere:
1701 2593 1754 2645 in
1785 2593 2148 2646 ecclesiasticis

567 2696 711 2745 vero,
740 2697 899 2734 causa
931 2681 1096 2748 dicta,
1121 2681 1236 2735 licet
1267 2681 1526 2747 recedere;
1554 2682 1599 2736 si
1623 2698 1824 2737 necesse
1851 2682 2032 2752 fuerit,
2056 2693 2147 2736 aut

569 2776 888 2846 pra’gravari
922 2791 976 2829 se
1029 2775 1230 2829 viderit.
1285 2776 1370 2829 17.
1427 2774 1642 2841 Quoties
1685 2776 1957 2846 episcopus
1995 2793 2152 2846 super

566 2869 723 2922 certis
761 2877 1038 2920 accusatur
1087 2867 1415 2931 criminibus,
1465 2867 1510 2920 si
1533 2866 1664 2920 tales
1693 2865 1887 2936 fuerint
1926 2882 2149 2920 accusa-

568 2969 739 3022 tores,
791 2957 1032 3027 quijuste
1075 2967 1120 3011 et
1175 2959 1423 3012 canonice
1461 2959 1621 3027 recipi
1662 2957 1902 3022 debeant,
1951 2956 2148 3027 synodo

571 3048 804 3117 legitima
837 3051 888 3102 in
928 3066 1024 3109 suo
1061 3060 1285 3118 tempore
1323 3058 1658 3120 congregata,
1707 3049 1770 3102 ab
1799 3050 2036 3103 omnibus
2061 3066 2149 3101 ca-

2248 1871 2476 1926 lationes
2499 1871 2768 1940 patienter
2789 1870 3077 1930 sustinere,
3107 1876 3162 1920 nt
3185 1865 3304 1936 ejus
3335 1863 3434 1917 lilii
3462 1861 3826 1918 inveniantur,

2248 1977 2408 2032 quem
2426 1961 2681 2030 quotidie
2705 1959 2919 2012 Patrem
2948 1959 3201 2012 invocant
3222 1955 3393 2010 Deum
3424 1952 3479 2005 in
3503 1949 3681 2011 caelis,
3704 1957 3758 2003 et
3780 1958 3832 2000 ut

2246 2051 2655 2107 delrahentibns
2700 2066 2806 2104 non
2849 2049 3175 2112 detrahant,
3206 2045 3300 2100 sed
3328 2051 3528 2098 cuncta
3563 2041 3617 2094 in
3649 2039 3829 2109 spiritu

2249 2142 2574 2197 humilitatis
2597 2149 2882 2211 peragant,
2907 2147 2960 2192 et
2991 2139 3044 2192 in
3080 2135 3345 2207 patientia
3385 2128 3828 2202 longanimitatls,

2248 2248 2368 2303 qua:
2392 2240 2518 2287 sunt
2542 2232 2806 2293 docenda,
2841 2231 3120 2284 edoceant.

2631 2320 2870 2376 XXXIX.
2894 2351 2965 2361 —
2999 2320 3057 2374 S.
3100 2316 3451 2374 DAMASUS.

2733 2411 2916 2482 (Anno
2953 2409 3146 2463 Christi
3185 2409 3311 2463 567.
3331 2410 3350 2478 )

2321 2507 2604 2570 Damasus,
2650 2503 2869 2558 natione
2905 2501 3198 2572 Hispanus,
3230 2516 3297 2554 ex
3334 2507 3493 2570 patre
3543 2495 3826 2554 nnwniao,

2250 2597 2390 2653 sedit
2433 2596 2629 2660 annos}
2652 2592 2970 2655 octodecim,
3007 2603 3219 2644 menses
3247 2597 3379 2651 tres,
3409 2585 3530 2641 dies
3568 2582 3826 2637 undecim.

2248 2686 2383 2742 Cum
2433 2686 2536 2740 isto
2588 2684 2873 2738 ordinatur
2922 2683 2974 2734 in
3037 2679 3389 2746 contentique
3427 2675 3697 2734 Ursinus;
3740 2673 3825 2727 sed

2250 2777 2394 2834 facto
2416 2776 2647 2831 concilio
2687 2774 3028 2830 sacerdotum
3061 2771 3390 2826 constitutus
3417 2778 3511 2824 est
3547 2769 3823 2829 Damasus,

2250 2870 2373 2940 quia
2417 2866 2627 2931 fortior,
2681 2875 2737 2920 et
2773 2865 2999 2935 plurima
3057 2850 3346 2916 multitudo
3393 2869 3554 2914 erat:
3614 2857 3828 2914 Ursinus

2252 2967 2427 3014 autem
2451 2959 2654 3027 cjcctus
2683 2965 2768 3012 est
2818 2957 2885 3010 ab
2915 2953 3085 3018 Urbe,
3117 2965 3169 3008 ct
3211 2951 3465 3021 Neapolis
3513 2949 3828 3004 conatitutos

2251 3066 2558 3120 episcopus.
2589 3051 2848 3103 Damasus
2871 3056 3046 3100 autem
3070 3055 3257 3124 postea
3290 3042 3561 3099 invidiose
3593 3041 3828 3097 adulterii

572 3142 751 3194 nonice
799 3141 1070 3204 audiatur,
1121 3141 1212 3211 qui
1258 3150 1378 3195 sunt
1425 3141 1478 3194 in
1527 3141 1816 3211 provincia,
1867 3140 2145 3209 episcopis.
2176 3139 2220 3201 C
2253 3143 2528 3212 arguitur;
2568 3153 2622 3194 et
2651 3140 2791 3194 facta
2845 3139 2966 3193 inde
2995 3137 3226 3208 synodo,
3257 3152 3288 3191 a
3323 3135 3689 3206 quadraginta
3722 3140 3831 3188 octo

572 3229 724 3297 Quod
747 3232 789 3284 si
814 3247 916 3285 non
941 3231 1157 3301 legitimi
1179 3231 1369 3301 fuerint
1401 3242 1752 3293 accusatores,
1776 3247 1876 3284 non
1901 3230 2152 3300 fatigetur

570 3323 859 3390 episcopus,
907 3322 1029 3392 quia
1067 3321 1361 3375 sacerdotes
1400 3321 1470 3373 ad
1517 3319 1927 3387 sacriﬁcandum
1974 3319 2158 3392 vocari.

583 3412 852 3485 [vacare]
890 3414 1113 3479 debent,
1162 3429 1266 3466 non
1316 3413 1386 3466 ad
1429 3412 1772 3482 litigandum;
1819 3429 1909 3466 nec
1953 3411 2031 3464 illi
2064 3411 2154 3481 qui

577 3505 750 3558 throni
781 3503 874 3557 Dei
913 3512 1190 3568 vocantur,
1213 3518 1494 3572 pravorum
1523 3502 1793 3555 hominum
1829 3499 2037 3554 insidiis
2063 3501 2154 3553 de-

572 3595 689 3650 bent
741 3595 983 3658 turbari,
1024 3595 1114 3649 sed
1161 3594 1318 3648 libere
1367 3593 1576 3647 Christo
1615 3592 1836 3647 Domino
1877 3591 2146 3661 fanmlari.

573 3688 658 3739 13.
695 3685 944 3751 Quamvis
972 3685 1384 3760 provincialibus?
1411 3685 1666 3754 episcopis
1693 3701 1796 3738 una
1819 3700 1938 3737 cum
1959 3693 2152 3737 ntetroo‘

576 3775 808 3846 politano
839 3792 1018 3828 eorum
1067 3791 1253 3828 causas
1307 3790 1416 3828 sua:
1463 3773 1744 3843 provincia:
1793 3773 2152 3842 episcoporum

573 3863 725 3914 liceat
761 3861 1065 3915 charitative
1109 3871 1157 3914 et
1185 3862 1510 3916 concorditer
1553 3863 1787 3932 agitare;
1820 3877 1920 3915 non
1957 3871 2152 3925 tamen,

571 3953 701 4006 sicut
729 3953 782 4006 in
816 3954 1068 4024 prrvdicta
1095 3952 1293 4022 synodo
1325 3953 1658 4006 constitutum
1685 3961 1782 4015 est,
1807 3951 1925 4005 licet
1963 3951 2152 4019 deﬁni-

579 4063 634 4100 re
659 4045 854 4115 absque
880 4041 1102 4096 Romani
1122 4040 1385 4113 pontiﬁcis
1403 4043 1736 4097 auctoritate.
1763 4042 1916 4107 Quod
1938 4043 1982 4096 si
2008 4058 2154 4097 secus

575 4151 607 4191 α
639 4135 946 4208 quibusdam
963 4142 1339 4203 pra’sumplum
1361 4132 1541 4202 fuerit,
1568 4132 1686 4204 ipsi,
1709 4135 1798 4204 qui
1818 4134 1914 4187 hoc
1935 4135 2150 4203 egerint,

573 4242 686 4280 sua:
716 4222 1135 4294 prasumptionis
1156 4222 1443 4292 suscipiant
1475 4222 1748 4288 damnum,
1777 4223 1950 4290 etilli,
1969 4225 2059 4295 qui
2088 4223 2154 4278 ab

571 4318 644 4372 eis
702 4330 970 4385 perperam
1018 4311 1456 4367 excommunicati
1511 4321 1602 4364 aut
1652 4313 1890 4370 damnati
1937 4314 2152 4381 fuerint,

572 4405 881 4457 auctoritate
909 4402 1067 4471 hujus
1117 4412 1313 4456 sanctte
1348 4402 1506 4465 sedis,
1555 4413 1601 4456 et
1645 4403 1778 4458 beati
1820 4405 2154 4473 pra'ceptoris

2255 3235 2646 3309 [quadraginta
2675 3229 2944 3304 quatuor]
2973 3231 3245 3301 episcopis
3270 3239 3646 3298 expurgatur:
3685 3242 3831 3281 accu-

2253 3334 2460 3380 satores
2487 3333 2663 3376 autem
2690 3321 2807 3388 ejus
2831 3320 3163 3375 Coucordius
3191 3327 3246 3373 et
3275 3317 3538 3373 Callistus
3574 3316 3823 3371 diacones

2253 3429 2282 3470 a
2310 3414 2540 3472 concilio
2579 3420 2705 3467 sunt
2733 3411 2991 3474 damnati,
3042 3419 3098 3464 et
3137 3411 3202 3463 de
3244 3408 3488 3463 Ecclesia
3537 3405 3718 3474 eiecti.
3745 3405 3827 3459 llic

2253 3503 2522 3559 ordinavit
2567 3503 2849 3571 episcopos
2892 3499 3230 3569 septuaginta
3286 3500 3443 3560 duos,
3495 3496 3828 3568 presbyteros

2256 3595 2477 3666 triginta
2503 3603 2557 3648 et
2585 3609 2773 3658 unum,
2801 3591 3059 3646 diaconos
3081 3591 3355 3645 undecim.
3395 3588 3496 3643 llic
3529 3605 3570 3643 ιι
3593 3589 3716 3643 ldus
3736 3588 3825 3641 lle-

2255 3689 2432 3743 ccmb.
2468 3687 2621 3742 obiit.

2324 3779 2423 3835 Hic
2470 3780 2523 3834 in
2579 3777 2828 3850 epistola,
2881 3791 3040 3848 quam
3102 3774 3384 3844 Stephano
3430 3772 3826 3843 archiepiscopo

2254 3870 2612 3934 Mauritaniae,
2643 3879 2699 3924 ct
2721 3869 2990 3924 universis
3016 3865 3288 3923 Africana
3314 3865 3619 3937 provincia:
3646 3865 3824 3934 cpiam»

2253 3961 2336 4030 pis
2379 3960 2670 4014 destinavit
2730 3958 2914 4032 (epist.
2966 3957 3043 4030 5),
3117 3973 3214 4013 eos
3289 3956 3559 4023 instruit,
3619 3956 3825 4026 qualiter

2256 4054 2696 4124 metropolitanos
2751 4053 3031 4122 episcopos
3086 4059 3142 4106 et
3195 4065 3408 4105 summa
3465 4047 3820 4104 ecclesiastica

2255 4147 2468 4215 negotia
2504 4147 2774 4201 discutere
2817 4145 3012 4200 liceat:
3065 4143 3139 4198 ita
3178 4142 3458 4207 videlicet,
3490 4150 3555 4196 ut
3600 4155 3751 4196 nem
3770 4154 3820 4192 et

2253 4238 2334 4290 eis
2361 4236 2520 4301 desit,
2571 4244 2623 4292 et
2655 4251 2846 4290 omnes
2877 4235 2929 4288 in
2977 4233 3311 4306 singulorum
3357 4232 3600 4302 negotiis
3627 4245 3823 4286 coacer-

2254 4329 2406 4391 dent,
2439 4335 2494 4380 et
2523 4335 2714 4380 caetera
2752 4326 2806 4380 in
2831 4329 3019 4380 eadem
3045 4325 3218 4395 ponit,
3246 4339 3371 4394 qua:
3387 4333 3444 4378 et
3475 4333 3822 4380 antecessores

2257 4417 2340 4472 sui
2377 4416 2794 4480 constituerunt,
2837 4415 2890 4470 id
2929 4423 3032 4479 est,
3091 4416 3156 4470 de
3198 4415 3335 4485 ipsis
3387 4416 3668 4486 episcOpis
3710 4425 3824 4484 quos

584 4495 749 4548 nostri
774 4492 1018 4563 clavigeri
1051 4492 1192 4546 Petri
1219 4503 1470 4562 potestate
1513 4493 1784 4548 solvantur
1809 4505 1964 4567 atque
2001 4495 2153 4549 restiu-
2182 4483 2230 4542 D
2257 4506 2498 4562 damnari
2532 4521 2637 4560 ηοη
2689 4505 2866 4571 περαίη⁷
2914 4521 3015 4561 nec
3049 4483 3314 4576 εγηοάξηη
3343 4483 3665 4560 cm'woca'n
3689 4518 3824 4558 eam.

574 4593 809 4637 tuantur.
836 4583 864 4636 1
867 4599 956 4652 pse
979 4585 1116 4637 enim
1145 4582 1399 4636 Dominus
1421 4584 1494 4638 ait
1511 4596 1537 4640 ..'
1565 4587 1906 4656 Qttmcunque
1925 4585 2154 4642 solveris

572 4689 734 4743 super
764 4683 984 4734 terram,
1017 4681 1174 4727 erunt
1200 4673 1372 4727 soluta
1403 4683 1458 4729 et
1489 4674 1541 4728 in
1569 4673 1741 4730 caelis.
1775 4673 1987 4747 (Matth.
2012 4675 2155 4748 ινι).

577 4767 664 4821 19.
698 4763 916 4831 Quoties
943 4763 1166 4834 episcOpi
1189 4779 1242 4818 se
1265 4781 1297 4816 a
1321 4765 1847 4834 comprovincialibus
1871 4768 1945 4820 uel
1976 4785 2009 4822 a
2037 4783 2148 4822 me-

573 4855 889 4925 tr0politano
931 4855 1219 4923 putaverint
1261 4858 1599 4925 pra’grarari,
1625 4867 1716 4911 aut
1765 4874 1852 4911 eos
1888 4868 2151 4927 suspectos

573 4946 872 5009 habuerint,
930 4961 1052 4998 mox
1109 4943 1400 4999 Romanam
1456 4945 1708 5016 appellent
1756 4948 1949 5010 sedem,
1995 4958 2147 5018 atque

573 5039 766 5106 absque
816 5036 924 5090 ulla
969 5037 1287 5101 detentione,
1331 5047 1377 5091 et
1409 5052 1624 5090 suarum
1657 5053 1830 5090 rerum
1861 5037 2149 5103 ablatione,

579 5124 745 5178 libere
778 5125 853 5177 ire
875 5123 1047 5178 liceat.
1080 5124 1144 5178 Et
1176 5127 1304 5179 dum
1332 5125 1636 5195 pra'dict'am
1659 5124 1948 5180 Romanam
1974 5128 2151 5196 appel-

578 5213 801 5267 laverint
826 5212 1137 5279 Ecclesiam,
1168 5227 1258 5270 aut
1287 5217 1349 5270 ab
1371 5233 1431 5270 ea
1459 5233 1512 5269 se
1539 5215 1715 5270 audiri
1737 5218 2146 5286 expoposcerint,

578 5301 753 5356 nullus
780 5317 868 5355 eos
888 5311 979 5355 aut
1000 5309 1468 5372 excommunicare,
1496 5317 1585 5361 aut
1612 5324 1794 5363 eorunt
1811 5308 1956 5362 sedes
1981 5309 2152 5362 subri-

577 5411 718 5465 pere,
751 5404 842 5449 aut
875 5410 1054 5450 eorum
1095 5414 1174 5452 res
1199 5398 1428 5466 auferre,
1458 5409 1549 5454 aut
1599 5399 1802 5471 aliquid
1843 5401 1917 5454 eis
1958 5400 2154 5470 inferre

579 5495 886 5553 prwsumat,
914 5497 1188 5558 antequam
1214 5491 1485 5546 amborum
1515 5491 1745 5567 [eorum]
1771 5509 1936 5548 causa
1958 5493 2149 5548 Roma-

582 5576 633 5612 ni
681 5576 942 5612 ηηηιίηρδο
987 5579 1296 5612 πυριηινῖοηιρ
1345 5581 1576 5612 Canna-nn
1641 5583 1792 5612 θυι-,Ι
1845 5584 1890 5612 ρὲ

2256 4598 2432 4654 nicam
2462 4597 2666 4666 absque
2692 4595 2952 4650 Romanae
2997 4597 3138 4650 sedis
3168 4596 3532 4664 auctoritate;
3574 4598 3644 4652 de
3685 4607 3826 4651 uno.

2256 4688 2376 4744 nica
2398 4687 2682 4742 vocatione
2708 4687 2775 4741 ad
2797 4687 3083 4758 synodum,
3110 4686 3180 4742 de
3207 4688 3465 4746 induciis.
3491 4704 3632 4760 quas
3654 4688 3827 4743 dandas

2256 4794 2351 4833 sex
2382 4779 2644 4833 mensium
2677 4779 2854 4848 spatio
2896 4779 2947 4833 in
2975 4779 3349 4834 criminalibns
3391 4783 3670 4852 epiSCOpis
3691 4795 3823 4835 man-

2256 4873 2368 4934 dat,
2424 4870 2490 4924 de
2537 4870 2942 4925 accusatoribus
2982 4880 3036 4926 et
3066 4871 3316 4934 testibus,
3359 4872 3565 4941 quales
3601 4887 3718 4927 esse
3753 4871 3830 4924 de

2252 4961 2447 5024 beant;
2514 4959 2642 5014 item
2710 4962 2776 5014 de
2821 4959 3168 5030 inscriptione
3214 4960 3645 5018 ealumiiiatoris
3673 5005 3685 5026 ,
3733 4967 3831 5031 qua

2253 5063 2469 5119 semper
2493 5050 2667 5120 primo
2689 5049 2806 5104 ﬁeri
2833 5050 3012 5116 debet,
3038 5060 3092 5104 et
3117 5067 3237 5121 qua:
3257 5052 3568 5109 criminum
3597 5054 3835 5109 discnssit!

2256 5139 2326 5195 ibi
2368 5141 2624 5210 agitanda
2651 5140 2745 5205 sit,
2787 5142 2877 5196 ubi
2899 5151 2955 5196 et
2985 5143 3100 5212 ipsa
3143 5143 3380 5199 crimina
3413 5155 3554 5200 sunt
3584 5146 3832 5200 admissa:

2253 5241 2310 5287 et
2345 5239 2566 5299 canora,
2588 5248 2707 5303 qua:
2741 5233 2898 5303 plane
2916 5234 3028 5304 jam
3053 5235 3104 5288 in
3133 5236 3619 5306 praule‘cessorum
3642 5252 3834 5295 suomm

2257 5321 2492 5377 decretis
2518 5338 2678 5394 supra
2709 5324 3032 5377 notavimus.

2326 5410 2457 5466 Item
2502 5411 2789 5482 praedictus
2839 5426 2976 5482 papa
3026 5413 3188 5468 aliaat
3242 5415 3476 5484 scripsit
3531 5419 3837 5476 decretalcm

2253 5501 2538 5570 epistolam
2576 5501 2848 5572 Prospero
2873 5501 3361 5576 Numidizc‘primaa
3395 5509 3562 5565 sedis
3588 5511 3839 5581 episcopo.
