3948 5750
74 350 97 403 1
112 344 210 402 i8?

850 332 1124 395 PSEUDO
1159 327 1581 387 LUITPRANDI
1618 327 1748 385 LIB.
1793 329 1881 384 DE
1922 326 2104 385 VlTlS
2139 327 2303 385 ROM.
2349 326 2552 386 PONT.

3195 333 3336 391 H90

71 462 158 533 qui
190 454 325 515 nihil
358 451 590 525 amplius
612 459 757 531 sunt,
787 448 870 505 vel
908 455 1155 520 possunt,
1187 459 1349 515 quam
1364 444 1648 514 presbyte-
1678 444 1725 504 Α
1753 440 2098 533 presbyteros
2128 441 2341 512 triginta
2373 450 2429 497 et
2458 458 2643 509 unum,
2666 442 2929 500 diaconos
2956 445 3209 507 sedecim.
3239 445 3338 505 llic

72 555 138 620 ri,
167 554 244 608 ita
274 552 417 606 inter
459 555 654 603 ecetera
686 543 872 601 dicens
899 558 913 594 :
945 539 1121 594 Nimis
1153 538 1269 608 jam
1295 551 1476 591 eorum
1504 533 1651 588 iusti.

70 648 202 703 tntio
225 643 478 715 improba,
522 638 675 692 nimis
695 644 771 692 est
796 650 955 704 prava
979 646 996 683 :
1016 632 1161 702 quia,
1194 639 1249 682 ut
1287 629 1341 681 hi
1365 627 1653 680 desummo

69 736 353 795 sacerdotii
394 730 684 787 ministerio
729 725 930 793 aliquid
956 730 1293 791 prtesumaut,
1341 718 1483 772 omni
1510 724 1653 770 caret

68 829 408 890 auctoritate,
435 834 481 878 et
530 819 697 875 sacris
724 814 1009 871 canonibus
1051 812 1254 869 videtur
1292 825 1402 863 esse
1446 817 1655 861 contra-

70 922 231 986 rium,
253 927 303 973 et
330 929 553 971 vacuum
583 921 739 981 alque
781 908 938 961 inane
975 912 1072 969 est,
1106 899 1359 972 quidquid
1386 901 1439 953 in
1460 896 1657 968 prtcdi-

66 1024 148 1068 cto
182 1010 377 1067 summi
424 1003 704 1061 sacerdotii
749 998 944 1069 egerint
994 992 1306 1049 ministerio.
1358 990 1503 1045 Nam
1550 1005 1653 1043 non

68 1103 318 1172 amplius,
348 1114 507 1170 quam
543 1095 676 1148 duos
704 1091 913 1146 ordines
942 1088 1079 1140 inter
1117 1080 1405 1152 discipulos
1441 1079 1653 1133 Domini

66 1170 177 1251 esse
227 1190 559 1262 cognovimus
608 1185 767 1256 (dist.
800 1183 887 1247 68,
930 1196 979 1235 c.
1031 1172 1465 1244 Cltrorepiscopt').
1504 1170 1656 1226 Unde

68 1290 162 1343 iste
200 1286 385 1340 tertius
430 1277 759 1352 processerit,
791 1273 1030 1343 funditus
1060 1269 1408 1339 ignoramus:
1440 1272 1487 1318 et
1513 1262 1652 1334 quod

68 1381 277 1435 ratione
302 1384 462 1439 caret,
491 1369 769 1439 exstirpari
794 1379 997 1420 necesse
1014 1372 1110 1417 est.
1136 1359 1267 1415 Cum
1287 1357 1424 1413 enim
1453 1356 1653 1426 episco-

66 1472 114 1540 pi
148 1485 259 1522 non
281 1468 405 1527 sint,
434 1464 523 1533 qui
547 1462 718 1514 minus
744 1473 901 1527 quam
925 1472 955 1508 a
987 1453 1173 1516 tribus,
1198 1459 1290 1504 aut
1314 1448 1407 1520 qui
1449 1447 1513 1502 ab
1549 1462 1653 1500 uno

65 1562 142 1616 rel
186 1560 395 1614 duobus
436 1563 555 1609 sunt
597 1549 828 1606 ordinati
874 1544 1150 1616 episcopis,
1189 1558 1281 1596 nec
1321 1540 1657 1596 nominentur

65 1649 322 1719 episcopi,
379 1647 424 1699 si
478 1658 663 1697 nomen
712 1656 814 1693 non
872 1636 1082 1699 habent,
1148 1631 1373 1705 qualiter
1431 1629 1655 1700 o/ﬁcium

66 1738 369 1795 habebunt?
393 1735 599 1790 Idcirco
629 1729 1061 1791 bened.'ctionem,
1092 1739 1251 1796 quam
1291 1720 1532 1793 prazdicti
1568 1735 1655 1774 co-

1754 533 1821 587 de
1844 532 1945 586 hoc
1972 534 2168 589 saeculo
2216 535 2467 604 migravit
2513 550 2607 590 vttt
2642 535 2869 593 Kalend.
2920 537 3117 594 Martii.
3152 539 3335 596 Hicin

1752 625 1979 695 epistola
2043 642 2205 695 quam
2263 625 2559 684 llimmerio
2622 628 3018 687 Tarraconensi
3081 630 3339 703 episcopo

1754 716 1969 786 scripsit
2001 717 2168 787 (epist.
2200 718 2275 789 l),
2306 719 2609 788 baptizatos
2657 721 2725 775 ab
2776 723 2995 779 Arianis
3047 724 3092 779 si
3136 724 3203 779 ad
3245 741 3339 780 ca-

1755 806 2008 860 tholicam
2060 807 2216 863 fidem
2274 808 2551 876 festinent,
2599 814 2775 867 denuo
2819 813 3171 884 baptizandos
3215 829 3339 871 esse

1754 898 2070 966 prohibuit;
2119 901 2245 969 quia
2289 909 2345 955 et
2373 902 2663 971 Apostolus
2711 904 2958 973 prohibet
2989 905 3205 977 (Ephes.
3235 908 3335 977 tv),

1754 997 1832 1063 et‘
1860 1004 2099 1044 canones
2148 992 2546 1058 contradicunt,
2581 1003 2636 1048 et
2689 994 2886 1051 Liberii
2931 1013 3083 1067 papae
3121 1000 3335 1055 decreta

1755 1088 1877 1150 post
1901 1090 2170 1136 cassalum
2217 1082 2560 1140 Ariminense
2592 1088 2880 1141 concilium
2926 1091 2991 1143 ad
3032 1092 3340 1160 provincias

1756 1173 1919 1227 missa
1948 1175 2255 1243 prohibent,
2294 1188 2348 1232 et
2382 1178 2492 1232 sola
2534 1180 2856 1249 episcopalis
2888 1199 3079 1238 manus
3112 1184 3339 1254 imposi-

1756 1264 1903 1319 tione
1947 1265 2333 1321 catholicormn
2394 1271 2681 1325 conventui
2732 1285 2827 1327 eos
2883 1273 3169 1329 sociandos
3219 1289 3341 1331 esse

1755 1353 1969 1408 asserit.
2003 1354 2133 1408 ltem
2164 1355 2215 1408 in
2242 1356 2428 1410 eadem
2458 1356 2709 1424 alIirmat,
2743 1361 2888 1415 nullo
2924 1371 3165 1433 tempore
3189 1365 3336 1429 anni,

1757 1443 1860 1497 nisi
1893 1443 1944 1497 in
1976 1443 2258 1499 Dominico
2289 1445 2513 1501 Pascha:
2549 1457 2606 1501 et
2638 1448 3009 1516 Pentecostes,
3041 1453 3340 1522 quemlibet

1756 1534 2156 1605 baptizandum,
2192 1537 2293 1591 nisi
2321 1553 2443 1592 eum
2490 1540 2678 1595 mortis
2718 1541 3001 1609 cujuslibet
3037 1545 3338 1614 periculum

1758 1634 1964 1695 urgeat.
2004 1625 2204 1679 lterqu
2252 1626 2394 1692 illos,
2424 1628 2515 1696 qui
2546 1629 2613 1682 ad
2656 1632 2980 1700 apostasiam
3030 1638 3336 1702 transeunt,

1757 1723 1813 1770 et
1853 1715 2116 1770 idolorum
2156 1716 2301 1771 cultu
2345 1732 2411 1772 ac
2439 1719 2828 1775 sacriﬁciorum
2881 1725 3341 1781 contaminatione

63 1832 295 1901 episcopi
330 1839 452 1883 ante
478 1842 628 1883 suam
652 1822 1049 1893 prohibitionem
1091 1834 1184 1885 per
1229 1832 1417 1871 manus
1439 1813 1654 1884 imposi-
1681 1800 1729 1859 Β
1757 1805 2087 1876 polluuntur,
2119 1822 2148 1861 a
2182 1823 2409 1877 corpore
2435 1808 2633 1865 Christi
2667 1820 2719 1866 et
2762 1815 3023 1883 sanguine
3062 1815 3219 1885 jubet
3246 1815 3341 1871 ab-

63 1925 260 1975 tionem
311 1920 525 1983 dabant,
580 1915 747 1986 magis
796 1914 1001 1967 videtur
1038 1910 1181 1965 nobis
1222 1907 1407 1963 uulnus
1438 1906 1652 1975 inferre,

61 2032 225 2083 quam
262 2011 483 2065 salutem
512 2008 677 2078 :quia
707 2021 794 2077 qm
820 2002 1160 2074 pontiﬁcatus
1186 2001 1384 2068 apicem
1414 2014 1518 2052 non
1554 1999 1654 2050 ha-

64 2104 278 2165 bebant,
317 2100 575 2171 quomodo
617 2114 699 2160 ea,
730 2111 848 2165 qua:
896 2110 997 2147 non
1044 2091 1317 2152 habebant,
1350 2089 1478 2143 dare
1514 2098 1656 2157 pote-

62 2203 185 2247 rant
214 2190 512 2262 ?quoniam
560 2186 692 2242 nihil
739 2187 792 2240 in
831 2184 989 2238 dante
1026 2191 1156 2246 erat,
1187 2180 1325 2251 quod
1370 2178 1459 2232 ille
1486 2185 1655 2248 posset

61 2285 338 2350 accipere;
368 2291 414 2335 et
445 2288 715 2349 propterea
741 2276 907 2345 ntagis
942 2270 1283 2332 vulnerabant
1309 2270 1503 2338 capita,
1539 2282 1656 2337 qua

59 2392 151 2446 per
176 2389 369 2429 manus
395 2370 774 2440 impositionem
798 2363 1101 2436 tangebant,
1126 2378 1283 2433 quam
1310 2377 1390 2425 ea,
1431 2375 1547 2430 qua:
1581 2360 1656 2415 eis

59 2463 263 2517 collata
297 2477 399 2514 non
422 2466 591 2522 erant,
621 2472 713 2527 per
742 2455 975 2526 aliquam
1010 2449 1413 2506 benedictionem
1446 2449 1653 2501 darent.

60 2553 127 2608 Et
154 2552 248 2607 ubi
289 2549 474 2605 vulnus
508 2547 730 2616 inﬁxum
752 2555 846 2609 est,
878 2558 1080 2599 necesse
1117 2551 1190 2595 est
1219 2539 1465 2593 adhibere
1492 2536 1659 2590 medi-

58 2647 284 2707 rinam;
333 2659 437 2713 qua
472 2640 638 2709 inﬁxa
673 2646 891 2693 sanetur
920 2633 1152 2697 macula,
1187 2633 1243 2685 id
1269 2638 1365 2695 est,
1418 2628 1657 2682 reiterari

60 2752 277 2792 necesse
305 2744 403 2797 est,
442 2732 581 2804 quod
608 2730 832 2802 legitime
865 2738 1044 2783 actum
1068 2735 1164 2781 aut
1196 2722 1449 2777 collatum
1496 2721 1653 2773 mini-

56 2847 141 2884 me
188 2827 533 2898 approbatur,
564 2824 611 2879 si
649 2822 934 2893 perfectum
961 2834 1073 2885 esse
1101 2815 1319 2872 debebit.
1366 2811 1507 2866 Nam
1529 2828 1657 2881 quo-

57 2920 227 2973 modo
254 2919 503 2971 honorent
526 2898 697 2985 posset
725 2912 967 2974 retinere,
1002 2908 1093 2979 qui
1115 2906 1179 2960 ab
1204 2905 1311 2959 alio
1339 2901 1480 2976 [illo]
1510 2918 1657 2956 acce-

54 3011 225 3081 perit,
250 3008 340 3079 qui
362 3014 667 3077 potestatem
683 3002 810 3059 dare
833 3017 936 3055 non
961 3000 1141 3053 habuit
1161 2996 1407 3067 legitime,
1430 2994 1657 3049 invenire

55 3119 167 3156 non
203 3115 447 3170 possum:
474 3113 591 3151 cum
625 3095 714 3150 ille
746 3095 837 3165 qui
882 3089 1232 3164 pontiﬁcalem
1261 3090 1510 3142 honorem
1552 3102 1654 3140 non

55 3192 279 3255 habuit,
301 3186 627 3260 pontiﬁcalia
660 3202 765 3240 non
796 3192 962 3254 potest
990 3184 1122 3252 jura
1143 3180 1370 3233 tribuere
1392 3194 1411 3232 :
1438 3193 1529 3231 nec
1551 3177 1651 3229 hoc

50 3285 161 3337 sibi
197 3289 438 3351 poterant
472 3278 756 3339 vindicare,
788 3275 942 3345 cujus
987 3287 1204 3342 capaces
1238 3285 1330 3340 per
1357 3269 1475 3330 hoc,
1515 3267 1654 3337 quod

52 3372 170 3427 illis
204 3371 504 3433 obstiterat,
527 3383 630 3421 non
651 3366 886 3436 fuerunt.

127 3463 314 3518 Aliam
360 3460 554 3515 iterum
601 3456 821 3525 scripsit
873 3454 1151 3523 episto‘am
1202 3450 1490 3520 pratdictus
1518 3463 1655 3518 papa

52 3554 342 3627 episcopis
370 3566 465 3621 per
508 3549 672 3603 Italia:
702 3547 1006 3619 provincias
1034 3561 1117 3600 eor
1141 3544 1340 3599 stitutis
1369 3541 1543 3613 (epist.
1577 3539 1654 3608 6),

52 3648 110 3699 in
150 3659 267 3713 qua
298 3639 699 3695 accusationem
751 3636 977 3691 fratrum
1027 3650 1123 3704 per
1157 3633 1358 3702 scripta
1391 3631 1506 3685 ﬁeri
1535 3644 1659 3700 pro-

50 3726 244 3798 hibet,
277 3733 349 3787 ita
383 3732 748 3807 inter‘caetera
777 3727 1002 3782 dicens:
1043 3725 1200 3796 Leges
1232 3724 1412 3779 διεσαιὶ
1440 3738 1661 3776 accusa-

48 3837 208 3879 tores
241 3830 525 3893 prwsentes
551 3820 787 3890 exigunt,
813 3827 861 3871 et
893 3832 995 3871 non
1033 3831 1125 3885 per
1159 3815 1352 3884 scripta
1386 3813 1658 3877 absentes;

46 3912 209 3966 unde
233 3908 490 3965 canonica
513 3907 737 3965 Patrum
774 3908 1057 3964 constituta
1087 3922 1193 3960 non
1229 3903 1411 3970 semel,
1439 3902 1528 3957 sed
1553 3919 1654 3956 stc-

44 4004 287 4073 pissime
316 4001 572 4066 clamant,
601 4016 693 4054 nec
734 3997 1115 4063 accusationes,
1141 4011 1232 4050 nec
1256 3994 1549 4049 testimonia
1579 3993 1660 4046 ul-

44 4096 175 4151 lum
210 4110 304 4163 per
328 4093 527 4163 scripta
572 4107 722 4162 posse
763 4089 1019 4160 proferre,
1046 4103 1138 4143 nec
1179 4087 1244 4141 de
1280 4084 1403 4140 aliis
1444 4084 1660 4155 negotiis

42 4187 371 4256 quicunque
395 4182 748 4236 testimonium
780 4179 978 4244 dicant,
1028 4178 1130 4233 nisi
1172 4177 1238 4232 de
1284 4176 1365 4230 his
1408 4190 1526 4246 quae
1564 4174 1659 4229 sub
1694 4192 1705 4202 ·

40 4273 354 4344 ρηεεειιιὶα
384 4288 566 4326 eorum
604 4282 722 4324 acta
749 4286 859 4324 esse
904 4278 1191 4324 noscuntur
1214 4268 1295 4337 (5,
1320 4283 1373 4336 ιι.
1397 4269 1452 4331 2,
1474 4283 1524 4321 c.
1558 4265 1666 4319 Re-

43 4362 291 4434 latum).
329 4362 606 4427 Similiter,
638 4372 683 4415 et
724 4361 815 4431 qui
858 4376 1109 4414 accusare
1150 4358 1315 4412 alium
1343 4356 1551 4425 elegerit
1582 4355 1658 4425 (5,

41 4473 107 4527 q.
147 4456 212 4517 9,
241 4468 291 4508 c.
327 4452 430 4520 Qui
476 4452 771 4522 accusare),
817 4467 1046 4522 pra'sens
1079 4465 1171 4518 per
1213 4464 1287 4512 se,
1328 4457 1375 4501 et
1424 4461 1528 4499 non
1570 4459 1662 4513 per

40 4550 242 4601 alium
269 4553 497 4607 accuset,
520 4544 856 4615 inscriptione
884 4542 1121 4597 videlicet
1148 4540 1420 4611 prwmissa
1449 4551 1469 4589 :
1499 4551 1663 4606 neque

40 4641 217 4694 ullus
274 4652 503 4707 unquam
525 4636 815 4705 judicetur,
853 4647 1131 4706 antequam
1162 4632 1418 4703 legitimos
1446 4645 1665 4684 accusa-

37 4746 208 4789 tores
241 4739 519 4800 pm’sentes
556 4729 766 4794 habeat,
802 4726 1073 4799 locumque
1098 4724 1409 4795 defendendi
1438 4721 1662 4791 accipiat

38 4827 122 4881 ad
151 4821 431 4877 abluenda
456 4820 698 4875 crimina.

129 4914 254 4970 Hic
278 4910 595 4967 sententiam
643 4908 950 4977 Hieronymi
996 4907 1294 4981 presbyteri
1323 4906 1389 4961 de
1419 4903 1666 4963 celebra-

41 5012 225 5065 tione
260 5003 439 5058 missa:
475 5000 837 5067 conﬁrmavit,
863 5001 1134 5062 videlicet,
1172 5007 1232 5053 ut
1261 4999 1345 5054 die
1381 4996 1662 5055 Dominico

40 5095 263 5155 nullus
301 5100 425 5161 post
450 5090 666 5146 tertiam
706 5092 893 5147 horam
922 5092 1030 5150 diei
1070 5092 1356 5148 missarum
1400 5086 1664 5147 solemnia

38 5187 365 5246 celebrare
397 5191 705 5253 praesumat.
753 5180 850 5236 llic
896 5183 1184 5256 pmcepit,
1242 5189 1301 5235 ut
1349 5179 1539 5241 psalmi
1578 5177 1667 5232 die

38 5284 357 5345 noctuque
383 5272 440 5329 in
463 5270 692 5328 ecclesia
721 5283 1064 5335 cantarentur.

558 5359 664 5416 XL.
687 5391 755 5403 -——
780 5358 833 5415 S.
868 5358 1175 5429 SlRlClUS

586 5452 752 5521 (Anno
780 5449 975 5515 Christi
1005 5454 1165 5524 585.)

122 5547 400 5611 Siricius,
424 5544 634 5600 natione
653 5544 938 5613 Romanus,
961 5572 1032 5614 ει
1059 5557 1220 5623 patre
1239 5544 1505 5613 Tiburtia,
1528 5542 1668 5600 sedit

31 5656 254 5702 annos
302 5636 626 5708 quindecim.
676 5647 874 5689 ητεηεεε
940 5639 1245 5705 undecim,
1305 5639 1422 5699 dies
1474 5633 1663 5707 viginti

125 5738 139 5748 Ι
218 5745 309 5750 ___-
394 5728 487 5750 ῐΙΞ-
546 5726 789 5750 η-,ΙξηΑ-σῖι
850 5735 941 5750 Α...
1110 5746 1157 5750 --
1223 5730 1342 5750 ι-ξ-ξ
1391 5743 1402 5750 ι
1512 5731 1627 5750 1---.-

1690 4505 1739 4563 D

1758 1897 1970 1961 scindi;
2005 1898 2448 1967 resipiscentibus
2486 1910 2687 1963 autem,
2730 1912 2784 1955 ct
2827 1905 2892 1957 ad
2940 1904 3172 1958 lamenta
3215 1920 3342 1959 con-

1756 1987 1950 2049 versis,
1984 1989 2355 2055 ptnnitentiam
2388 1989 2441 2042 in
2470 1991 2573 2043 vita
2599 1992 2860 2061 agendam
2892 2009 3035 2059 esse,
3068 2006 3122 2049 et
3152 1996 3204 2049 in
3234 1996 3342 2051 line

1757 2076 1944 2131 ultimo
1968 2078 2422 2132 reconciliationis
2444 2081 2673 2149 gratiam
2700 2082 3035 2137 tribuendam
3062 2100 3181 2139 esse
3204 2101 3347 2155 pra:-

1756 2169 1907 2239 cipit.
1958 2168 2089 2222 Item
2136 2168 2370 2238 puellam
2417 2170 2505 2223 alii
2541 2172 2942 2240 desponsatam,
2991 2190 3057 2229 ne
3101 2175 3239 2229 alter
3287 2176 3342 2230 in

1758 2259 2161 2312 matrimonium
2201 2260 2450 2328 accipiat,
2488 2260 2693 2314 inhibet
2718 2262 2830 2334 (27,
2855 2278 2909 2332 q.
2932 2263 2988 2328 2,
3022 2280 3071 2319 c.
3118 2265 3193 2320 De
3219 2282 3344 2320 con-

1749 2349 1945 2420 jugali)
1973 2368 1984 2402 :
2019 2350 2143 2419 quia
2173 2349 2260 2403 illa
2289 2351 2611 2412 benedictio.
2637 2368 2795 2421 quam
2819 2356 3075 2411 sacerdos
3098 2366 3344 2427 nuptura:

1760 2440 2028 2507 imponit,
2079 2440 2123 2493 si
2178 2441 2605 2507 transgressione
2657 2443 2909 2507 violetur,
2962 2447 3103 2515 apud
3155 2447 3343 2503 ﬁdeles

1757 2529 2037 2598 cujusdam
2065 2530 2334 2601 sacrilegii
2364 2531 2537 2586 instar
2561 2543 2660 2587 est.
2695 2534 2768 2589 De
2804 2535 2890 2592 his
2918 2550 3069 2602 vero,
3097 2538 3187 2607 qui
3218 2548 3341 2595 acta

1755 2621 2077 2691 paenitentia
2120 2632 2376 2690 tanquam
2403 2638 2569 2678 canes
2612 2634 2668 2679 et
2692 2640 2816 2681 sues
2857 2628 2923 2681 ad
2963 2630 3222 2698 pristinos
3249 2647 3342 2687 vo-

1758 2713 1922 2766 mitus
1945 2722 2000 2766 et
2028 2711 2306 2767 volutabra
2334 2713 2580 2779 redeunt,
2610 2726 2663 2769 et
2694 2717 2898 2771 militiae
2935 2719 3210 2790 cingulum
3257 2738 3343 2778 re-

1757 2812 1967 2875 petunt,
1999 2812 2055 2858 et
2092 2803 2489 2859 incontinentes
2514 2806 2753 2861 existunt
2774 2808 2888 2876 ('53,
2924 2826 2978 2879 q.
3004 2812 3056 2875 2,
3082 2828 3130 2866 c.
3154 2812 3232 2867 De
3260 2791 3351 2869 his

1758 2894 1922 2965 vero),
1953 2894 2078 2963 quia
2126 2892 2236 2963 iam
2281 2896 2579 2965 paenitendi
2628 2913 2733 2950 non
2780 2898 2980 2954 habent
3024 2901 3288 2972 refugium
3325 2922 3340 2969 ;

1758 2988 2022 3053 decernit,
2062 2996 2119 3041 ut
2149 2986 2261 3041 sola
2307 2987 2448 3041 intra
2478 2987 3044 3047 ecclesiamlidelibns
3092 2995 3341 3050 oratione

1752 3077 2072 3149 junguntur,
2103 3093 2131 3131 a
2185 3077 2479 3133 Dominicm
2518 3088 2697 3133 autem
2752 3096 2951 3136 mensa:
2982 3084 3231 3138 convivio
3261 3101 3346 3139 sc-

1682 3150 1726 3210 C
1758 3179 2050 3241 parentur:
2090 3170 2494 3225 transeuntibus
2521 3179 2701 3226 autem
2743 3171 2809 3227 de
2856 3172 2961 3228 hac
2989 3173 3099 3229 vita
3144 3175 3347 3231 viatico

1758 3276 1983 3317 munere
2007 3261 2279 3317 subveniri
2304 3261 2479 3329 jubet.

1828 3353 1905 3407 De
1934 3354 2211 3409 monachis
2250 3367 2381 3407 vero
2429 3352 2511 3406 vel
2557 3352 2946 3420 monachabus,
2992 3356 3082 3426 qui
3112 3371 3172 3412 se
3193 3357 3346 3428 prius

1758 3444 2002 3501 clanculo
2039 3444 2225 3500 illicita
2264 3445 2586 3516 contagione
2612 3446 2940 3516 polluerunt,
2972 3456 3028 3502 et
3075 3457 3261 3518 postea
3290 3451 3344 3505 in

1760 3538 2045 3606 abruptum
2075 3537 2419 3590 conscientiae
2445 3538 2824 3606 desperatione
2875 3540 3121 3608 perducti
3150 3542 3216 3596 de
3242 3542 3346 3595 illi-

1759 3630 1880 3684 citis
1904 3627 2277 3697 complexibus
2303 3628 2469 3683 libere
2496 3627 2635 3684 filios
2674 3633 3039 3700 procrearint,
3084 3647 3114 3686 a
3162 3648 3345 3687 mona—

1759 3722 2048 3776 steriorum
2078 3728 2219 3774 coetu
2271 3727 2326 3772 et
2365 3719 2725 3775 ecclesiarum
2768 3722 3125 3777 conventibus
3171 3723 3346 3778 elimi-

1761 3812 1969 3867 nandos
1999 3824 2120 3865 esse
2164 3810 2459 3875 mandavit,
2492 3820 2552 3865 ut
2592 3810 2645 3865 in
2682 3811 2795 3867 suis
2821 3812 3109 3883 ergasnlis
3146 3816 3347 3869 retrnsi

1761 3899 2072 3971 purgatorio
2116 3898 2534 3971 [purilicatorio]
2569 3900 2779 3970 possint
2823 3904 3175 3971 paenitudinis
3222 3904 3347 3975 igne

1760 3992 2009 4063 decoqui,
2033 4002 2092 4047 ut
2113 3993 2193 4048 eis
2219 3992 2411 4048 saltem
2431 3993 2499 4047 ad
2522 4003 2750 4049 mortem
2773 3995 2940 4050 solius
2965 3996 3350 4051 misericordite-

1762 4084 1957 4139 intuitu
1986 4098 2086 4153 per
2110 4083 2509 4139 communionis
2540 4085 2769 4154 gratiam
2796 4086 2969 4154 possit
3014 4087 3346 4157 indulgentia

1760 4173 2055 4230 subveniri.

1833 4266 1909 4318 De
1955 4264 2329 4320 sacerdotibus
2364 4278 2495 4315 vero
2543 4273 2704 4331 atque
2751 4264 2932 4320 levitis
2980 4265 3092 4337 (82,
3137 4266 3265 4322 dist.
3290 4283 3342 4323 c.

1764 4356 2078 4427 Plurimos),
2123 4357 2215 4425 qui
2244 4364 2365 4424 post
2417 4356 2575 4425 longa
2604 4355 3027 4413 consecrationis
3071 4373 3182 4413 suae
3216 4368 3349 4415 tem-

1762 4461 1917 4518 pora,
1949 4454 2057 4499 tam
2084 4446 2153 4501 de
2180 4445 2415 4515 propriis
2442 4444 2726 4519 conjugiis,
2754 4462 2915 4516 quam
2945 4448 3010 4503 de
3040 4450 3179 4517 turpi
3203 4451 3350 4505 coitu

1766 4537 2007 4593 sobolem
2060 4536 2417 4605 procrearint,
2466 4545 2521 4590 et
2566 4536 2773 4591 crimen
2822 4553 2976 4591 suum
3028 4538 3350 4603 defendunt,

1764 4627 1892 4697 quia
1941 4626 1995 4681 in
2042 4626 2225 4683 Veteri
2274 4625 2623 4680 Testamento
2668 4628 3040 4684 sacerdotibus
3088 4630 3356 4684 ministris

1766 4719 2086 4792 procreandi
2136 4717 2365 4774 facultas
2410 4716 2605 4791 legitur
2640 4718 2924 4784 attributa,
2969 4720 3095 4790 quia
3149 4737 3254 4775 non
3280 4738 3349 4776 eat

1766 4811 1871 4866 alia
1914 4810 2118 4879 utique,
2157 4809 2258 4864 nisi
2295 4822 2459 4877 quam
2507 4822 2574 4861 ex
2613 4807 2753 4860 tribu
2798 4808 2924 4863 Levi
2970 4809 3253 4877 quisquam
3283 4810 3351 4865 ad

1768 4900 1864 4956 Dei
1896 4899 2259 4956 ministerium
2287 4897 2467 4954 fuerat
2504 4907 2808 4968 pmceptus
2855 4898 3105 4961 admitti;
3137 4898 3365 4954 mandas

1768 5000 1830 5047 ut
1850 4994 1956 5059 his,
1984 4991 2076 5062 qui
2111 4991 2419 5063 ignorantia
2454 4991 2634 5062 lapsos
2675 4991 3006 5055 sepelierit,
3045 4988 3153 5043 bac
3177 4988 3361 5044 condﬂ

1768 5084 1922 5141 tione
1946 5081 2321 5140 misericordia
2383 5100 2489 5141 non
2539 5089 2795 5150 negetur,
2846 5095 2907 5143 ut
2943 5081 3059 5138 sine
3104 5079 3215 5135 ullo
3260 5081 3364 5138 ho-

1768 5182 1927 5239 noris
1957 5188 2266 5249 augmento,
2300 5176 2359 5235 in
2404 5181 2507 5236 hoc
2551 5189 2660 5244 quo
2700 5175 2909 5239 detecti
2958 5182 3102 5237 sunt,
3132 5175 3373 5243 quandiu

1770 5272 2032 5336 vixerint,
2082 5269 2258 5327 cilicio
2305 5273 2715 5337 perseverent;
2777 5276 2832 5331 si
2888 5281 3061 5328 tamen
3095 5272 3217 5333 post
3258 5264 3376 5320 lucc

1768 5367 2119 5422 continentes
2143 5374 2265 5419 sese
2293 5358 2607 5419 stnduerint
2635 5357 2929 5423 exhibere.
2956 5357 3078 5416 Illos
3105 5368 3252 5421 vero,
3284 5354 3378 5424 qui

1769 5468 1840 5511 se
1863 5457 2050 5514 illicita
2081 5452 2350 5525 privilegii
2390 5446 2748 5510 excusatione
2777 5452 3075 5515 defendere
3114 5444 3381 5510 nituntur,

1769 5550 1928 5605 omni
1952 5543 2322 5602 ecclesiastico
2362 5547 2571 5602 honore
2594 5546 2905 5608 apostolica
2951 5533 3268 5596 auctoritate
3291 5547 3388 5602 Spe

1769 5635 1977 5695 futura:
2002 5637 2301 5708 adeptionis
2333 5630 2614 5708 prohibita
2658 5636 2895 5701 penitus
2934 5630 3128 5705 privat.
3159 5621 3227 5676 Et
3260 5625 3393 5691 quia

1773 5726 1803 5750 Ι.
1832 5747 1841 5750 -
1866 5748 1877 5750 _
1929 5743 2005 5750 .-.-
2036 5744 2053 5750 Α
2074 5746 2091 5750 _
2127 5730 2290 5750 ηιμ.--
2339 5730 2387 5750 2--
2408 5726 2697 5750 __...'n-nlm
2726 5728 2811 5750 -.=-

2408 5725 2697 5750 __...‘n-nlm
2726 5728 2811 5750 -.Z-
2897 5718 3143 5750 l-nm:nt\c
3196 5713 3402 5750 ηηῖιιιοε.
