3948 5460
552 352 687 410 ΗΜ

1282 341 1574 405 AI‘PEND.
1615 339 1708 402 AD
1738 344 1925 401 SIEC.
1973 340 2041 400 IX
2081 375 2148 387 --
2187 338 2560 401 AUCTORES
2596 342 2759 401 ANNI
2792 343 3090 402 INCER'I'I.

3678 341 3803 403 ΗΒ

544 461 958 526 οιὶιιιιῐιιθιδτιιιι
982 472 1273 525 numerosa
1291 457 1560 530 coniugia,
1586 456 1657 512 ad
1684 436 1938 529 praefatas
1964 438 2134 526 digui-
2163 456 2212 516 Α
2240 455 2414 513 dianis
2461 442 2881 512 necessitatibus
2927 457 3287 528 occupantur,
3336 453 3394 510 et
3441 454 3539 525 qui
3574 453 3631 510 in
3656 445 3804 512 carne

553 562 716 618 tates,
738 558 900 623 prout
918 549 1114 621 cuique
1143 546 1323 605 fuerat
1347 547 1586 612 libitum,
1617 544 1970 616 aspirabant;
2000 545 2136 616 quid

553 651 621 703 de
648 642 955 714 huiusmodi
984 642 1056 697 ab
1086 639 1357 697 universis
1382 637 1626 695 ecclesiis
1665 638 1737 694 sit
1777 638 2137 709 sequendum,

552 735 681 806 quid
728 732 1030 799 vitandum,
1079 730 1316 803 generali
1371 730 1812 800 pronuntiatione
1856 728 2137 784 decrevit:

552 828 627 884 ita
662 824 932 890 videlicet,
960 833 1021 879 ut
1041 824 1133 893 qui
1160 839 1192 877 a
1221 822 1453 893 pueritia
1498 837 1668 895 usque
1698 822 1767 876 ad
1803 821 2139 876 tricesimum

542 916 731 981 anatis
761 929 873 973 sua:
901 929 1103 971 annum
1135 912 1491 984 probabiliter
1532 911 1752 977 vixerit,
1787 924 1894 965 una
1930 918 2139 965 tantum

553 1022 723 1065 uxore
751 1014 1064 1070 contentus,
1096 1014 1153 1061 et
1198 1019 1262 1059 ea
1310 1004 1542 1075 virgine,
1591 1012 1647 1057 et
1696 1017 1818 1056 cum
1857 1001 1945 1056 illa
1971 1001 2139 1056 bene-

554 1100 698 1156 dicta
743 1115 774 1155 a
822 1098 1126 1162 sacerdote,
1180 1094 1481 1166 promoveri
1512 1109 1608 1165 per
1656 1092 1896 1165 singulos
1928 1088 2139 1164 gradus

552 1204 706 1246 mora
750 1188 1004 1259 praeﬁniti
1038 1185 1298 1256 temporis
1329 1184 1549 1255 poterit,
1576 1185 1621 1240 si
1650 1184 1705 1239 in
1748 1183 1976 1255 singulis
2004 1184 2141 1239 irre-

551 1279 992 1351 prehensibiliter
1020 1277 1189 1333 vixit:
1220 1276 1371 1332 illum
1416 1275 1832 1344 veroelericum
1872 1274 2020 1347 (dist.
2048 1273 2136 1341 8i,

554 1387 607 1427 ε.
635 1369 927 1441 Quisquis),
961 1368 1053 1439 qui
1102 1374 1204 1423 aut
1237 1366 1455 1423 viduam
1504 1373 1602 1425 aut
1644 1373 1793 1422 certe
1844 1365 2138 1421 secundam

556 1459 845 1532 coniugem
902 1458 1166 1525 duxerit,
1218 1457 1371 1514 omni
1425 1456 1809 1513 ecclesiasticae
1861 1454 2141 1526 dignitatis

555 1553 839 1624 privilegio
868 1568 993 1611 mox
1042 1551 1354 1608 nudandam
1402 1564 1526 1606 esse
1577 1548 1808 1613 censuit,
1861 1547 2000 1603 laica
2038 1546 2141 1601 sibi

530 1651 764 1699 tantum
816 1642 1198 1699 communione
1241 1656 1539 1707 concessa;
1585 1654 1746 1710 quam
1800 1637 1873 1693 ita
1924 1638 2140 1693 demum

556 1733 757 1804 poterit
782 1731 1081 1804 possidere,
1118 1732 1164 1786 si
1187 1730 1321 1785 nihil
1352 1739 1613 1801 praeterea
1644 1728 2142 1803 [postea],propler

537 1824 701 1894 quod
732 1824 872 1878 hanc
898 1822 1112 1893 perdat,
1137 1821 1432 1891 possideat.
1464 1820 1719 1876 Feminas
1748 1834 1879 1874 vero
1907 1818 1977 1873 ab
2017 1831 2140 1871 om-
2173 1804 2214 1862 Β

557 1915 718 1969 nibus
737 1913 951 1969 clericis
978 1912 1209 1969 exclusit
1231 1912 1378 1983 (dist.
1404 1913 1494 1979 8i,
1521 1928 1570 1968 c.
1602 1909 1880 1981 Feminas)
1911 1910 2014 1965 uisi
2048 1924 2144 1965 eas

561 2013 789 2067 tantum,
822 2019 958 2073 quas
1009 2013 1232 2073 propter
1277 2003 1423 2058 solas
1452 2002 1916 2057 necessitudinum
1948 2014 2136 2057 causa:

559 2094 807 2151 habitare
836 2110 960 2148 cum
989 2094 1179 2149 iisdem
1214 2094 1452 2165 synodus
1478 2091 1700 2148 Nicaena
1734 2090 1999 2163 permisit.
2032 2090 2131 2144 Ma.

561 2182 763 2237 nachos
786 2191 967 2236 autem
1011 2180 1121 2252 (l6.
1149 2196 1202 2251 q.
1228 2182 1278 2245 1,
1321 2196 1369 2235 c.
1400 2178 1733 2250 Monachos),
1765 2194 1905 2249 quos
1932 2180 2142 2233 morum

562 2273 803 2343 gravitas
831 2281 885 2326 et
914 2271 1038 2329 vita:
1070 2286 1135 2325 ac
1177 2270 1296 2325 ﬁdei
1344 2269 1613 2324 institutio
1641 2277 1827 2324 sancta
1869 2282 2145 2324 commen-

562 2364 675 2430 dat,
707 2363 1030 2418 clericorum
1066 2360 1259 2437 ciliciis
1300 2361 1582 2432 aggregari
1611 2361 1901 2424 concessit,
1940 2370 2143 2428 tempo-

562 2456 711 2511 ribus
740 2455 995 2525 prteﬁxis,
1035 2455 1118 2510 vel
1155 2454 1381 2525 singulis
1401 2453 1658 2525 gradibus
1687 2454 1941 2509 servatis.

631 2544 764 2600 Illud
807 2559 1020 2615 quoque
1066 2545 1305 2600 decrevit
1354 2544 1520 2615 (dist.
1555 2543 1644 2609 50,
1676 2559 1727 2600 c.
1782 2542 2002 2615 Illud),
2051 2553 2137 2610 ut,

562 2633 701 2689 sicut
751 2633 1125 2703 ptenitentiam
1176 2634 1335 2703 διεςάο
1384 2633 1636 2703 cuiquam
1666 2633 1987 2688 clericorum
2034 2650 2140 2689 non

565 2723 721 2789 licet,
759 2721 831 2777 ita
867 2732 920 2777 et
961 2731 1082 2793 post
1119 2706 1510 2793 pomitudinem
1545 2736 1612 2777 ac
1647 2721 2140 2778 reconciliationem

562 2812 690 2867 nulli
736 2830 973 2884 unquam
1024 2814 1184 2869 liccat
1232 2814 1493 2869 honorem
1538 2812 1825 2868 clericatus
1870 2812 2137 2882 adipisci:

561 2908 711 2977 quia,
739 2907 989 2976 quamvis
1027 2908 1133 2962 sint
1166 2907 1405 2963 omnium
1439 2914 1787 2976 peccatorum
1821 2905 2144 2975 contagione

563 2998 839 3059 lllUlltlall,
879 2998 1021 3051 nulla
1060 3006 1238 3053 tamen
1293 2998 1490 3054 debent
1537 2997 1897 3068 gerendorum
1951 3011 2139 3052 sacra-

563 3101 871 3144 mentorum
908 3090 1268 3145 instrumenta
1300 3088 1610 3159 suscipere,
1642 3087 1735 3157 qui
1766 3086 1983 3142 fuerant
2011 3102 2139 3142 vasa

563 3178 839 3233 vitiorum.
875 3178 978 3233 Sed
1020 3179 1144 3248 quia
1176 3182 1228 3233 in
1260 3179 1566 3251 huiusmodi
1604 3178 1622 3250 (
1650 3178 1778 3233 dist.
1808 3177 1898 3244 50,
1930 3193 1979 3232 c.
2013 3176 2145 3243 Qui-
2171 3160 2217 3222 C

562 3269 835 3341 cunque),
909 3285 1030 3324 ciunt
1101 3270 1603 3341 reprehenduntur,
1638 3268 1772 3325 .sola
1829 3269 2149 3341 ignorantiae

562 3362 843 3416 excusatio
883 3361 1018 3417 solet
1065 3360 1323 3426 obtendi,
1367 3362 1468 3417 hac
1509 3361 1819 3418 conditione
1847 3362 2146 3432 paenitendi

565 3450 785 3505 cuilibet
821 3451 1032 3521 digamo
1055 3491 1071 3517 ,
1108 3459 1163 3506 et
1197 3452 1373 3508 vidua:
1409 3452 1605 3507 marito
1642 3452 1879 3509 indebite
1915 3453 1983 3507 ad
2021 3467 2151 3524 gra-

569 3540 697 3604 dum
746 3541 1041 3611 quemlibet
1091 3552 1341 3613 promoto
1376 3543 1587 3598 veniam
1628 3542 1868 3608 relaxat,
1905 3552 1962 3599 et
1997 3544 2143 3599 omni

564 3648 661 3703 spe
709 3632 1065 3703 promotiouis
1101 3633 1195 3688 ﬁlii
1224 3634 1472 3703 adempta
1491 3674 1505 3698 ,
1537 3634 1591 3688 in
1620 3649 1727 3703 quo
1752 3634 2023 3689 invenitur
2050 3649 2143 3689 or-

563 3726 719 3791 dine,
753 3734 1007 3795 perpetua
1039 3725 1333 3781 stabilitate
1365 3734 1700 3795 permaneat.

634 3816 928 3871 Pnedictus
954 3831 1090 3886 papa
1117 3824 1335 3886 propter
1363 3814 1560 3871 multas
1584 3814 1996 3885 praesumptivas
2016 3830 2144 3871 cau-

565 3921 689 3969 sas,
731 3920 851 3973 quze
887 3905 1000 3959 suis
1041 3904 1371 3974 temporibus
1407 3912 1780 3970 emerserant,
1817 3903 2139 3961 decretalem

567 3995 850 4065 epistolam
890 3995 1164 4052 Africanis
1200 3995 1477 4073 episcopis
1517 3995 1805 4051 destinavit
1841 3995 2014 4066 (epist.
2049 3995 2141 4067 4),

571 4087 625 4142 in
660 4102 767 4159 qua
801 4088 1090 4158 praecepit,
1125 4098 1182 4142 ut
1213 4101 1373 4142 nemo
1401 4096 1556 4142 extra
1586 4087 1974 4142 conscientiam
2004 4088 2149 4144 sedis

2237 557 2395 615 sunt,
2427 549 2539 604 Deo
2569 549 2787 620 placere
2813 564 2921 605 non
2952 556 3194 620 possunt.

2308 638 2451 694 Idem
2479 650 2681 697 saneta:
2707 641 2983 696 memoria:
3023 640 3314 711 prmdietus
3352 653 3498 711 papa
3531 640 3692 695 aliam
3722 642 3805 697 de-

2238 729 2499 785 cretalem
2542 729 2828 801 epistolam
2856 731 3074 800 scripsit
3116 730 3442 789 orthodosis
3472 731 3493 800 (
3516 731 3671 800 epist.
3694 730 3727 784 ι
3754 734 3805 800 ),

2237 835 2338 892 per
2384 820 2628 876 diversas
2671 820 2986 891 provincias
3033 821 3396 893 degentibus:
3439 822 3498 876 in
3526 836 3671 892 qua,
3699 823 3809 892 quia

2240 912 2407 967 multa
2439 922 2630 967 contra
2662 912 3091 969 ecclesiasticum
3117 928 3386 969 canonem
3424 914 3792 984 prazsumehau

2239 1010 2348 1068 tur,
2384 1004 2640 1072 prmcepit
2672 1011 2729 1058 et
2764 1003 3008 1078 monuit,
3047 1011 3109 1059 ut
3145 1003 3434 1073 indignus,
3476 1010 3533 1056 et
3566 1016 3671 1056 non
3702 1002 3811 1056 dili-

2240 1099 2431 1162 genter
2459 1092 2839 1155 examinatus,
2879 1106 2984 1146 non
3017 1091 3282 1147 eﬂiciatur
3313 1090 3638 1161 episcopus,
3672 1099 3728 1144 et
3756 1106 3815 1146 ue

2240 1185 2602 1241 sacerdotium
2632 1184 2789 1241 detur
2814 1184 2954 1250 illis,
2984 1198 3216 1253 quorum
3248 1182 3419 1247 ﬁdes,
3450 1182 3749 1252 baptismus
3771 1190 3818 1236 et

2239 1276 2349 1330 vita
2392 1276 2639 1331 nescitur
2670 1294 2684 1329 :
2721 1283 2779 1332 et
2817 1291 2885 1331 ne
2921 1276 3207 1347 necphyti,
3245 1275 3365 1330 sive
3396 1273 3560 1339 laici,
3596 1274 3819 1335 inconsi-

2241 1367 2426 1421 derate
2453 1366 2664 1421 diaconi
2697 1374 2791 1419 aut
2827 1365 3130 1436 presbyteri
3157 1364 3509 1429 ordinentur,
3538 1377 3666 1419 cum
3688 1362 3822 1419 dicat

2239 1455 2530 1526 Apostolus
2560 1473 2573 1511 :
2605 1455 2799 1511 Manus
2823 1456 3015 1510 nemini
3043 1456 3148 1511 cito
3168 1455 3486 1525 imposueris
3515 1452 3565 1522 (1
3594 1451 3727 1507 Τίιι.
3748 1454 3816 1525 v).

2312 1546 2445 1601 Item
2476 1547 2903 1617 praenominatus
2928 1562 3064 1618 papa
3095 1546 3263 1603 aliam
3305 1545 3520 1601 Italicis
3561 1544 3819 1616 episcopis

2243 1638 2466 1709 scripsit
2493 1639 2778 1709 epistolam
2807 1638 2997 1711 (epist.
3027 1638 3063 1692 2
3086 1638 3105 1710 )
3125 1679 3140 1704 ,
3173 1638 3229 1693 in
3259 1653 3372 1709 qua
3397 1652 3458 1693 se
3486 1637 3571 1693 eis
3596 1636 3819 1692 Iovinia-

2244 1745 2372 1785 num
2411 1730 2702 1801 Epicurum
2745 1732 3027 1802 sociosque
3063 1729 3183 1800 ejus
3220 1731 3517 1786 damnasse
3556 1728 3821 1793 notiﬁeat,

2244 1820 2336 1891 qui
2382 1820 2715 1892 virginitatis
2751 1822 3034 1891 praemium
3078 1818 3498 1883 annihilabant,
3540 1826 3599 1874 et
3635 1816 3823 1888 jejunis

2245 1912 2701 1971 condemnabant.

2617 2004 2755 2060 XLI.
2786 2035 2856 2046 —
2886 2004 2946 2061 S.
2993 1994 3451 2061 ANASTASIUSs

2713 2097 2908 2167 (Anno
2953 2094 3149 2151 Christi
3191 2095 3367 2167 598.)

2314 2188 2632 2243 Anastasius
2651 2229 2667 2254 ,
2699 2188 2921 2244 natione
2948 2188 3225 2243 Romanus
3244 2228 3260 2252 ,
3291 2203 3360 2242 ex
3394 2196 3557 2258 patre
3580 2185 3825 2252 Maximo,

2244 2280 2384 2335 sedit
2412 2295 2585 2336 annos
2618 2287 2760 2347 tres,
2794 2280 2912 2336 dies
2942 2280 3150 2337 decem.
3184 2279 3288 2335 llic
3315 2279 3603 2335 ordinavit
3638 2280 3828 2349 episco-

2244 2384 2342 2441 pos
2383 2370 2676 2436 undecim,
2716 2373 3071 2443 presbyteros
3112 2385 3344 2436 novem,
3391 2370 3659 2425 diaconos
3685 2371 3825 2440 qu'm—

2244 2475 2369 2531 que.
2396 2460 2497 2516 IIic
2524 2460 2831 2516 Germaniae
2857 2470 2913 2516 et
2940 2460 3269 2533 Burgundize
3302 2461 3559 2532 regionis
3582 2460 3827 2530 episcopis

2243 2552 2523 2621 epistolam
2577 2552 2820 2622 scripsit,
2856 2552 2907 2607 in
2949 2568 3057 2622 qua
3091 2566 3283 2608 eorum
3328 2551 3609 2606 consultis
3643 2552 3827 2605 ratione

2243 2654 2394 2699 certa
2440 2645 2800 2717 .respondet;'
2850 2644 3098 2701 videlicet
3139 2643 3471 2717 [apostolica
3529 2644 3829 2699 auctoritate

2246 2736 2467 2790 mandat
2491 2744 2546 2791 et
2572 2735 2824 2806 prohibet
2852 2735 2937 2806 (de
2958 2733 3120 2789 Cons.
3152 2734 3283 2790 dist.
3315 2733 3377 2799 9,
3411 2750 3466 2790 e.
3500 2733 3825 2803 Apostolics),

2246 2843 2345 2892 ne,
2398 2842 2523 2883 eum
2572 2828 2625 2882 in
2668 2827 2896 2883 ecclesia
2942 2834 3125 2882 sancta
3170 2826 3475 2897 Evangelia
3530 2826 3827 2887 recitantur,

2246 2918 2556 2974 sacerdotes
2597 2927 2654 2973 et
2698 2918 2880 2973 cancri
2906 2917 3096 2973 sedere
3120 2925 3511 2988 praesumant;-
3545 2916 3644 2971 sed
3686 2930 3826 2970 vene-

2247 3010 2495 3067 rabiliter
2536 3011 2688 3065 curvi
2732 3009 3011 3065 Dominica
3058 3011 3222 3064 verba
3261 3008 3483 3063 intente
3529 3007 3830 3071 andiant,et

2249 3101 2479 3157 ﬁdeliter
2509 3101 2752 3156 adorent.
2788 3100 3056 3156 Similiter
3100 3100 3364 3170 prohibet
3417 3098 3829 3153 transmarinum

2249 3194 2522 3249 hominem
2555 3194 2623 3248 ad
2654 3193 2913 3248 honorem
2944 3192 3233 3248 clericatus
3260 3190 3489 3245 admitti
3538 3189 3559 3259 (
3584 3189 3708 3243 dist.
3736 3187 3823 3249 98,

2248 3297 2297 3339 c.
2330 3282 2698 3337 Trasntariuos
2721 3281 2774 3353 ),
2823 3282 2924 3337 nisi
2954 3282 3191 3352 quinque
3220 3289 3319 3336 aut
3344 3294 3418 3335 eo
3458 3279 3697 3350 amplius
3728 3279 3828 3347 epi-

2246 3389 2531 3444 scoporum
2581 3374 2955 3446 chirographis
2997 3375 3344 3446 designatum
3376 3391 3392 3429 :
3420 3373 3518 3444 qui
3545 3373 3710 3428 multa
3748 3386 3833 3441 per

2246 3463 2648 3532 subreptionem
2677 3462 2896 3518 evenire
2925 3462 3133 3528 solent,
3166 3463 3293 3519 ideo
3333 3471 3393 3519 et
3441 3463 3569 3517 lucc
3613 3476 3831 3516 summo-

2246 3567 2375 3621 pere
2398 3552 2638 3607 cavenda
2668 3561 2814 3607 sunt.
2842 3552 2973 3608 Item
3001 3551 3357 3618 Manichtcos.
3387 3553 3486 3625 qui
3518 3562 3648 3609 tunc
3670 3560 3829 3613 erant,

2247 3656 2353 3695 non
2386 3640 2758 3710 recipiendos,
2785 3656 2887 3696 nec
2915 3658 3037 3697 cum
3068 3643 3150 3698 eis
3189 3642 3475 3698 ullatenus
3519 3642 3829 3711 participan-

2245 3732 2369 3787 dum
2400 3745 2520 3785 esse
2550 3731 2804 3797 mandat,
2832 3733 3147 3803 priusquam
3176 3732 3247 3789 ad
3277 3742 3498 3805 rectam
3526 3742 3832 3791 convertan-

2246 3832 2332 3877 tur
2364 3823 2543 3878 ﬁdem.
2578 3822 2679 3878 Hic
2704 3824 2840 3879 obiit
2866 3840 2901 3879 v
2929 3824 3156 3880 Kalendi
3183 3824 3339 3880 Maii.

2604 3914 2756 3970 XLII.
2782 3945 2855 3956 —
2887 3914 2946 3971 S.
2989 3914 3483 3974 INNOCENTIUS.

2731 4005 2751 4076 (
2773 4005 2923 4061 Anno
2950 4005 3152 4062 Christi
3174 4006 3307 4061 ωε.
3335 4009 3356 4077 )

2318 4094 2696 4160 Innocentius,
2728 4097 2948 4150 natione
2976 4097 3249 4161 Albanus,
3283 4114 3355 4153 ex
3396 4107 3560 4168 patre
3586 4098 3828 4155 Inuocau-

566 4174 895 4245 apostolicae,
924 4176 1028 4231 hoc
1054 4184 1157 4241 est,
1189 4175 1472 4246 primatis,
1501 4175 1697 4230 audeat
1723 4176 2031 4247 episeopmn
2059 4194 2147 4233 or-
2249 4186 2356 4253 tio,
2388 4187 2528 4247 sedit
2555 4202 2730 4243 annos
2755 4187 3094 4259 quindecim,
3146 4205 3368 4246 menses
3404 4192 3581 4256 duos,
3626 4191 3739 4246 dies
3758 4191 3828 4244 rio

565 4266 784 4332 dinare;
815 4266 941 4337 quia
973 4265 1393 4337 in‘tegrumsdicit
1417 4280 1537 4323 esse
1552 4266 1836 4337 judicium,
1864 4268 2004 4338 quod
2032 4268 2150 4339 plu-
2249 4279 2469 4351 ginliel
2509 4297 2694 4336 υηιηη,
2742 4281 2839 4337 mc
2882 4283 3207 4339 deﬂentem
3250 4284 3546 4355 epismlam
3588 4285 3828 4340 υερωιερ

568 4355 828 4445 rimorum
858 4355 1127 4445 sententia
1156 4364 1517 4445 consequatur
1538 4356 1697 4426 (dist.
1725 4357 1816 4422 64,
1842 4373 1892 4415 c.
1921 4357 2086 4413 Extra
2105 4357 2145 4429 ).
2251 4368 2533 4441 Eugubino
2575 4371 2829 4441 episcopo
2850 4372 3065 4443 scripsit
3087 4373 3258 4445 (epist.
3293 4374 3346 4445 l)
3364 4416 3380 4438 ,
3411 4376 3466 4429 in
3495 4390 3602 4444 qua
3633 4390 3753 4429 eum
3772 4374 3828 4428 de

569 4442 699 4497 “cm
731 4459 800 4498 ἰθ
831 4459 969 4499 ""“5
998 4444 1284 4515 episcopus
1311 4444 1626 4537 θΡῘξεορξηιι
1658 4446 1914 4501 ordinare
1944 4462 2148 4516 ιινειξειι-
2180 4506 2226 4537 n
2253 4461 2433 4516 multis
2460 4442 3111 4532 consulentemjeatholice
3136 4442 3390 4527 instruit,
3433 4442 3826 4537 itavinripiens:

571 4544 684 4590 mat
718 4546 950 4626 propter-7
987 4537 1355 4607 arrogantiam
1379 4534 1499 4603 {ne
1532 4534 1789 4626 furtivum
1825 4539 2145 4597 beneﬁcium
2180 4534 2226 4565 υ
2255 4547 2315 4603 Si
2344 4552 2604 4611 instituta
2648 4552 2998 4608 ecclesiastica
3021 4595 3036 4620 ,
3086 4555 3164 4610 ita
3217 4567 3273 4610 ut
3315 4574 3348 4609 a
3393 4558 3563 4611 beatis
3592 4534 3829 4626 «ponetis

568 4626 871 4701 praesuitum
908 4625 1174 4689 videatur,
1205 4626 1331 4695 quia
1361 4634 1417 4680 et
1444 4626 1498 4681 in
1530 4624 1742 4689 Nicaeus
1773 4628 1978 4698 synodo
2005 4630 2141 4699 (can.

2251 4648 2371 4693 sunt
2400 4640 2598 4694 tradita
2622 4676 2638 4705 ,
2666 4641 2870 4713 integra
2897 4643 3079 4698 vellent
3107 4662 3319 4701 servare
3348 4646 3573 4702 Domini
3598 4624 3829 4702 soceris-

568 4713 636 4786 4)
831 4714 1114 4770 deﬁnitum
1151 4728 1272 4770 esse
1308 4723 1541 4809 constat.
1576 4716 1711 4809 Item,
1737 4758 1754 4783 ,
1790 4717 1995 4788 siquis
2022 4730 2150 4809 post
2250 4738 2367 4793 tes;
2398 4728 2545 4783 nulla
2574 4731 2869 4797 diversitas,
2897 4733 3042 4788 nulla
3068 4737 3294 4791 varietas
3324 4738 3380 4791 in
3412 4739 3546 4809 ipsis
3570 4740 3828 4792 ordinatas

569 4805 943 4860 remissionem
974 4815 1314 4876 peccatorum
1346 4807 1618 4878 cingulum
1647 4808 1851 4871 militiae
1876 4808 2150 4865 saecularis

548 4896 851 4980 habuerit,
886 4898 952 4951 ad
992 4897 1198 4953 clerum
1238 4898 1452 4954 admitti
1492 4916 1599 4955 non
1641 4900 1818 4959 debet.
1863 4900 2145 4969 Similiter,

572 4974 632 5051 ut
672 4988 899 5044 clericus
939 4979 1472 5063 mulierem'viduam
1519 5009 1624 5073 non
1670 4995 1829 5057 ducat
1860 5010 2142 5064 uxorem,

573 5077 845 5146 praecepit.
889 5078 1086 5133 lterum
1114 5121 1129 5144 ,
1173 5090 1233 5135 ut
1268 5081 1436 5138 laicus
1460 5122 1474 5145 ,
1512 5084 1604 5153 qui
1643 5084 1859 5141 duxerit
1893 5087 2142 5154 viduam,

576 5177 681 5217 non
717 5165 1030 5221 admittatur
1064 5169 1132 5223 ad
1170 5169 1395 5225 clerum.
1430 5170 1599 5239 Item,
1641 5181 1701 5237 ut
1734 5175 1812 5239 de,
1840 5175 2019 5233 aliena
2055 5190 2147 5232 ec.

568 5251 737 5309 'elesia
766 5255 1016 5312 ordinare
1043 5258 1300 5317 clericum
1327 5262 1507 5328 nullus
1545 5276 1804 5337 usurpet,
1835 5269 1922 5331 vel
1955 5270 2024 5325 ab
2052 5287 2146 5328 ec-

575 5342 737 5433 clesia
770 5342 1035 5412 abiectum
1064 5352 1354 5424 suscipiat,
1387 5364 1443 5410 et
1470 5357 1748 5417 venientes
1776 5375 1805 5414 a
1836 5358 2147 5419 Novatianis

616 5439 623 5442 ”
659 5431 723 5451 -.ξ
783 5441 794 5450 ⁸
817 5434 937 5460 ἏΙΙΑ.¹
963 5453 989 5456 --
1418 5444 1430 5456 Ι
1598 5446 1601 5447 ⁷

906 5452 915 5458 .
946 5455 952 5458 .
1001 5453 1021 5460 ,-
1057 5453 1152 5460 -.Α-
1192 5457 1264 5460 .---

2249 4827 2295 4870 et
2325 4820 2803 4875 consecrationibus
2832 4822 3131 4877 haberetur.
3163 4822 3270 4879 Sed
3298 4825 3427 4880 dum
3458 4830 3826 4898 unusqaiqu.

2251 4925 2353 4963 non
2377 4910 2518 4977 quod
2558 4913 2855 4981 traditum,
2896 4914 2989 4968 sed
3028 4917 3171 4985 quod
3211 4918 3311 4971 sibi
3351 4906 3521 4974 visum
3561 4921 3702 4989 fuit,
3738 4922 3827 4974 bes

2247 5000 2509 5054 existimat
2534 5018 2646 5057 esse
2667 5004 2942 5058 tenendum
2966 5022 2985 5070 ;
3008 5005 3129 5060 inde
3148 5007 3357 5063 diversa
3382 5010 3443 5064 in
3465 5011 3687 5065 diversis
3709 5012 3827 5065 locis

2247 5088 2326 5145 vel
2351 5090 2618 5157 ecclesiis,
2648 5104 2738 5146 aut
2767 5098 2931 5149 teneri
2946 5136 2959 5158 ,
2988 5107 3081 5151 aut
3107 5090 3367 5154 celebrari
3385 5101 3655 5168 videntur,
3684 5120 3746 5156 es
3770 5102 3825 5168 ﬁt

2249 5182 2562 5238 scandalum
2588 5184 2814 5255 populis.
2847 5187 2951 5252 Qui
2978 5188 3104 5242 dum
3137 5191 3376 5246 nesciunt
3400 5193 3716 5248 traditiones
3742 5214 3823 5245 es-

2253 5277 2424 5348 tiquas
2450 5278 2682 5332 humana
2709 5283 3111 5352 prmsttmptione
3137 5296 3418 5355 corruptas
3438 5328 3454 5351 ,
3486 5299 3679 5357 patent
3705 5290 3821 5347 sibi.

2257 5376 2347 5420 aut
2383 5367 2612 5420 ecclesiis
2652 5368 2967 5424 [παρείης]
3007 5390 3111 5428 non
3139 5378 3449 5442 convenire,
3477 5390 3573 5433 aut
3603 5380 3669 5432 ab
3705 5397 3818 5449 epe~
