3992 6306
168 360 313 423 “93

967 349 1238 410 PSEUDO
1277 346 1697 406 LUITI‘RANDI
1739 343 1868 400 LIB.
1912 344 1999 399 DE
2040 343 2219 400 VITIS
2259 342 2423 400 “OM.
2463 339 2663 398 PONT.
2711 353 2716 356 '

3301 339 3326 392 1
3341 338 3442 400 l9}

167 492 296 532 cum
349 470 772 531 consuluerunt,
827 465 1010 521 facere
1065 465 1314 521 debeant.
1375 461 1427 514 I.
1490 458 1753 515 Videlicet
1781 462 1828 521 Α
1859 471 2083 526 ungere,
2117 457 2344 512 licenter
2375 463 2619 526 possunt.
2661 449 3054 507 Paenitentibtts
3083 456 3266 506 tamen
3309 451 3446 506 illud

168 566 396 624 mandat
425 577 612 634 pacem
641 567 768 631 post
798 557 1046 613 confecta
1079 555 1341 627 mysteria
1371 552 1602 607 dandam
1631 562 1754 604 esse

170 659 281 726 (de
310 654 469 710 Cons.
515 652 644 708 dist.
689 649 760 714 2,
789 663 839 703 c.
877 645 1110 715 Pacem)
1155 655 1215 698 ut
1260 659 1374 714 per
1401 642 1506 696 hoc
1545 646 1756 695 constet

62 783 92 811 _.
165 743 430 814 populum
463 739 530 796 ad
556 739 736 796 omnia
757 777 770 803 ,
799 751 919 807 quae
945 735 998 790 in
1028 733 1304 806 mysteriis
1327 739 1582 802 aguntur,
1613 743 1754 798 prae-

169 835 356 889 buisse
385 842 730 888 consensum.
757 824 815 881 2.
861 826 996 881 Item
1024 822 1281 895 przecepit
1319 830 1380 876 ut
1419 821 1571 891 prius
1605 817 1759 874 obla.

166 925 352 980 tiones
379 923 434 978 in
460 921 624 976 missa
671 915 1138 981 commendentur,
1176 921 1369 985 postea
1401 927 1532 967 vero
1569 925 1758 967 eorum

163 1011 433 1075 nomina,
481 1023 712 1080 quorum
764 1006 1068 1063 oblationes
1119 1003 1649 1074 sunt,,recitentur.
1701 1002 1756 1056 5.

168 1099 310 1154 Item
339 1100 407 1154 de
445 1095 831 1168 consignandis
874 1094 1206 1159 infantibus,
1249 1094 1380 1149 dicit
1413 1091 1760 1148 manifestum

167 1204 464 1256 esse,-non
508 1189 579 1244 ab
607 1187 716 1242 alio
746 1201 910 1257 quam
963 1185 1034 1242 ab
1081 1185 1336 1256 episcopo
1382 1183 1500 1240 ﬁeri
1547 1184 1758 1238 licere:

171 1280 328 1348 quia,
381 1278 510 1334 licet
553 1277 859 1349 presbyteri
904 1275 1388 1340 sintvsacerdotes,
1417 1271 1764 1343 pontiﬁcatus

172 1379 358 1424 tamen
384 1368 595 1439 apicem
625 1380 734 1422 non
763 1365 966 1423 habent
985 1364 1010 1437 (
1031 1364 1096 1420 de
1121 1363 1280 1419 Com.
1308 1364 1436 1420 dist.
1466 1363 1522 1430 4,
1552 1378 1601 1418 c.
1634 1359 1764 1417 Pre-

169 1460 456 1532 sbyteros).

247 1551 304 1605 4.
348 1549 590 1606 Sabbato
615 1563 749 1606 vero
773 1547 1266 1620 esse-ieiunandum
1289 1547 1501 1604 ratione
1529 1547 1766 1606 evidenti

171 1629 640 1715 demonstrat'(de
682 1642 842 1699 Com.
869 1643 1019 1699 dist..
1043 1643 1098 1708 ὅ,
1129 1658 1179 1698 c.
1229 1641 1519 1713 Sabbato):
1557 1643 1683 1714 quia
1719 1643 1802 1698 si-

171 1745 333 1794 sexta
381 1737 519 1792 feria
559 1743 778 1807 propter
813 1735 1124 1806 passionem
1173 1735 1384 1789 Domini
1421 1733 1765 1804 jejunamus,

1857 545 2066 602 infundi
2105 562 2212 601 non
2244 555 2438 617 potest,
2463 545 2589 614 quia
2617 559 2792 614 genus
2815 551 2902 598 est
2925 543 3272 600 sacramenti.
3307 542 3448 600 Nam
3517 529 3524 535 ’

1855 637 2056 706 quibus
2115 637 2327 708 reliqua
2385 643 2728 692 sacramenta
2802 644 3109 707 negantur,
3173 637 3447 708 quomodo

1857 743 2022 784 unum
2051 744 2221 800 genus
2247 737 2468 800 putatur
2493 742 2653 799 posse
2677 728 2948 784 concedi?

1865 861 1872 868 .
1928 819 2061 874 Item
2100 820 2445 890 praescriptus
2483 833 2619 889 papa
2655 817 2816 872 aliam
2847 818 3106 874 Vietricio
3151 817 3448 876 Rothoma-

1859 911 2011 982 gensi
2054 911 2309 982 episcopo
2345 911 2566 981 scripsit
2594 909 2873 981 epistolam
2903 911 3074 983 (epist.
3122 909 3180 982 2)
3225 922 3451 984 propter

1860 999 2165 1068 quosdam,
2198 999 2382 1068 quieo
2420 999 2474 1053 in
2506 1007 2750 1068 tempore
2791 999 3096 1069 ignorantia
3129 1001 3214 1058 vel
3245 1003 3450 1058 desidia

1861 1106 1971 1158 non
2007 1091 2264 1146 tenebant
2285 1089 2714 1147 ecclesiasticam
2743 1091 3110 1163 disciplinam,
3137 1101 3193 1148 et
3215 1093 3450 1164 plurima

1864 1196 1972 1236 non
2015 1181 2391 1252 pmsumenda
2436 1181 2874 1251 praesumebant;
2927 1182 3118 1253 inqua
3146 1185 3366 1240 mandat
3393 1193 3452 1240 et

1865 1272 2152 1343 przecipit:
2188 1274 2239 1327 I.
2285 1273 2365 1329 Ne
2394 1282 2548 1330 extra
2571 1257 2992 1344 .metropolitani
3030 1275 3266 1346 episcopi
3322 1291 3451 1332 con-

1865 1361 2151 1418 scientiam
2173 1361 2318 1419 ullus
2344 1363 2540 1418 audeat
2565 1363 2823 1418 ordinare
2839 1362 3154 1434 episcopum
3183 1365 3331 1435 (dist.
3359 1364 3447 1430 64,

1865 1467 1918 1508 c.
1952 1451 2164 1524 Extra).
2196 1451 2472 1524 Integrum
2507 1454 2652 1508 enim
2684 1452 3081 1523 estjudicium,
3115 1457 3259 1526 quod
3282 1456 3452 1528 pluri-

1869 1556 2082 1608 morum
2123 1544 2408 1618 sententiis
2437 1543 2812 1600 confirmatur.
2856 1543 2968 1611 Nec
2994 1561 3136 1602 unus
3165 1547 3452 1618 episcopus

1867 1643 2163 1702 praesumat
2199 1635 2450 1690 ordinare
2481 1635 2792 1706 episcopum
2817 1675 2831 1700 ,
2863 1649 2933 1690 ne
2961 1635 3219 1692 furtivum
3247 1637 3456 1694 beneﬁ-

1871 1725 2016 1780 cium
2053 1725 2355 1796 prtestitum
2393 1726 2663 1782 videatur.
2707 1725 2822 1782 iloc
2853 1736 2910 1780 et
2946 1741 2976 1780 a
3001 1725 3216 1784 Nicatna
3246 1729 3454 1800 synodo

171 1828 474 1885 Sabbatum
520 1813 938 1900 praetermittere
983 1842 1088 1883 non
1131 1826 1407 1892 debemus,
1457 1827 1582 1897 quia
1623 1827 1766 1882 inter
1794 1818 1840 1878 Β
1866 1819 2221 1875 constitutum
2260 1828 2423 1889 atque
2464 1818 2769 1874 definitum.
2798 1819 2854 1874 2.
2885 1819 3044 1886 Item,
3089 1819 3135 1875 si
3166 1821 3288 1890 quis
3331 1830 3455 1890 post

171 1918 456 1974 tristitiam
492 1918 761 1988 passionis
790 1926 849 1972 et
877 1916 1120 1972 laetitiam
1169 1915 1585 1972 resurrectionis
1610 1917 1762 1971 vide-

175 2017 268 2063 tur
322 2008 632 2063 inclusum:
682 2015 739 2062 et
776 2005 1047 2076 apostolos
1089 2013 1304 2061 constat
1339 2005 1506 2060 biduo
1557 2005 1663 2060 isto
1707 2005 1764 2060 in

175 2113 416 2154 maerore
443 2097 642 2162 fuisse,
673 2097 818 2166 quod
844 2111 949 2152 non
985 2103 1069 2150 est
1094 2095 1316 2150 dubium
1347 2094 1401 2148 in
1433 2103 1638 2150 tantum
1668 2110 1762 2152 eos

166 2188 448 2258 jejunasse
470 2188 635 2243 biduo
670 2195 998 2253 memorato,
1033 2195 1092 2240 ut
1133 2185 1352 2240 traditio
1379 2185 1637 2241 Ecclesiae
1667 2187 1766 2240 ha-

171 2278 302 2332 beat
352 2279 457 2334 isto
486 2277 649 2334 biduo
687 2285 1027 2332 sacramenta
1073 2277 1287 2347 penitus
1315 2293 1421 2332 non
1474 2277 1760 2332 celebrari.

173 2366 310 2435 Qua:
340 2367 511 2423 forma
550 2367 736 2438 utique
769 2382 866 2438 per
896 2367 1133 2439 singulas
1162 2376 1246 2422 est
1284 2368 1511 2422 tenenda
1557 2368 1762 2423 hebdo-

174 2461 400 2525 madas,
437 2468 661 2530 propter
693 2459 776 2525 id,
807 2461 950 2530 quod
987 2460 1586 2515 commcmoratio‘diei
1626 2460 1764 2516 illius

176 2565 394 2622 semper
427 2559 514 2606 est
558 2551 900 2607 celebranda.
950 2550 1104 2618 Quod
1152 2551 1206 2606 si
1245 2559 1466 2620 putatur
1509 2551 1674 2606 semel
1711 2558 1768 2605 et

175 2656 288 2696 uno
315 2640 550 2696 Sabbato
567 2641 943 2711 jejunandum,
978 2655 1110 2711 ergo
1128 2649 1186 2695 et
1209 2641 1485 2696 Dominica
1500 2649 1555 2696 et
1578 2641 1767 2710 quinta

174 2728 313 2785 feria
340 2729 508 2785 semel
537 2731 590 2786 in
626 2729 836 2785 Pascha
874 2729 1062 2800 utique
1089 2729 1195 2785 erit
1220 2729 1562 2788 celebranda.
1596 2731 1649 2784 5.
1691 2730 1768 2784 De

174 2819 446 2876 fermento
491 2831 668 2877 autem
704 2821 848 2892 quod
873 2835 906 2876 a
951 2835 1089 2891 papa
1119 2821 1424 2878 confectum
1453 2821 1640 2878 Romae
1671 2836 1768 2891 per

175 2911 365 2968 titulos
411 2912 690 2968 Dominica
737 2913 824 2968 die
851 2927 950 2984 per
993 2913 1233 2984 acolytos
1260 2912 1596 2980 mittebatur,
1639 2913 1767 2982 quia

175 3000 296 3071 ipsa
353 3002 442 3057 die
503 3002 806 3073 presbyteri
875 3009 1104 3073 propter
1166 3002 1379 3072 plebem
1436 3001 1539 3056 sibi
1587 3001 1765 3055 credi-

176 3103 292 3147 tam
313 3108 432 3148 cum
457 3093 572 3163 ipso
604 3092 902 3149 convenire
915 3108 1025 3150 non
1053 3091 1323 3163 poterant,
1348 3092 1491 3149 diem
1519 3092 1646 3148 alibi
1673 3107 1770 3162 per

1866 1911 2241 1968 remissionem
2267 1921 2612 1981 peccatorum
2649 1911 2922 1982 cingulum
2959 1911 3166 1983 militiae
3191 1911 3456 1968 secularis

1865 2004 2138 2070 habuerit,
2182 2004 2254 2058 ad
2299 2004 2614 2060 clericatum
2645 2005 2856 2060 admitti
2901 2005 3194 2076 prohibuit.
3229 2007 3285 2063 5.
3318 2006 3452 2062 Item

1861 2089 2152 2161 praecepit,
2183 2101 2262 2163 ut,
2306 2092 2354 2148 si
2395 2091 2540 2148 forte
2585 2107 2763 2149 causa:
2793 2093 2878 2149 vel
2904 2096 3282 2151 contentiones
3312 2095 3458 2152 inter

1865 2184 2287 2251 clericos,.tam
2341 2185 2638 2254 superioris
2684 2200 2847 2255 quam
2895 2185 3171 2243 inferioris
3223 2187 3456 2254 ordinis,

1865 2283 2071 2329 exortae
2118 2273 2320 2330 fuerint
2370 2273 2483 2345 (11,
2511 2288 2566 2344 q.
2609 2275 2662 2341 1,
2693 2289 2746 2330 c.
2789 2275 2851 2331 Si
2887 2292 3006 2346 quae
3031 2275 3230 2348 cauus)
3255 2317 3271 2342 ,
3301 2275 3456 2346 juxta

1866 2361 2140 2420 Nicmnam
2185 2365 2458 2435 synodum,
2499 2367 2842 2437 congregatis
2883 2367 3124 2438 ejusdem
3161 2368 3458 2438 provinciae

1868 2455 2137 2525 episcopis
2181 2455 2420 2525 jurgium
2471 2457 2815 2523 terminetur,
2843 2472 2944 2512 nec
2981 2458 3099 2513 sine
3143 2458 3459 2528 prmjudicio

1867 2543 2129 2600 Romanae
2156 2543 2414 2610 Ecclesiae
2442 2544 2604 2599 alicui
2635 2545 2798 2600 liceat
2838 2545 3043 2600 relictis
3070 2546 3154 2601 his
3204 2546 3460 2602 sacerdo-

1869 2636 2045 2703 tibus,
2077 2637 2170 2706 qui
2210 2638 2265 2692 in
2309 2637 2518 2693 eadem'
2533 2639 2810 2708 provincia
2841 2638 3139 2695 Ecclesium
3184 2639 3280 2693 Dei
3323 2647 3460 2694 nutu

1868 2728 2201 2798 gubernant,
2234 2729 2302 2782 ad
2329 2727 2467 2784 alias
2509 2728 2797 2785 convolare
2839 2729 3170 2800 provincias.
3210 2729 3366 2797 Quod
3411 2732 3461 2786 si

1869 2821 1992 2891 quis
2021 2821 2161 2876 l'orte
2205 2822 2642 2892 pmsumpserit,
2684 2837 2808 2878 eum
2855 2823 2923 2877 ab
2952 2820 3128 2878 cilicio
3170 2821 3461 2878 clericatus

1869 2911 2178 2967 submoveri
2198 2952 2214 2977 ,
2238 2919 2293 2966 et
2319 2911 2641 2982 injuriarum
2671 2925 2822 2966 reum
2850 2911 2919 2966 ab
2945 2911 3203 2977 omnibus,
3222 2906 3460 2980 judicari

1864 3000 2047 3071 jussit.
2099 3001 2160 3057 Si
2203 3012 2382 3075 autem
2433 2999 2665 3072 majores
2709 3015 2890 3058 causa:
2936 3001 2990 3056 in
3030 3001 3213 3055 medio
3257 2999 3464 3056 fuerint

1873 3091 2139 3148 devoluta:
2168 3091 2236 3147 ad
2283 3092 2466 3148 sedem
2499 3091 2870 3161 apostolicam,
2910 3092 3053 3146 sicut
3082 3090 3306 3163 synodus
3348 3097 3462 3146 sta—

175 3185 464 3255 parochias
491 3201 598 3240 non
625 3200 746 3242 esse
775 3184 1099 3252 faciendum,
1129 3186 1254 3257 quia
1291 3193 1634 3241 sacramenta
1659 3201 1766 3238 non
1793 3171 1839 3233 C
1873 3182 1997 3247 tuit,
2047 3191 2171 3254 post
2211 3182 2518 3254 episcopale
2557 3167 2822 3252 judicium
2846 3179 3160 3238 referendas
3205 3194 3286 3240 ea:
3339 3193 3464 3239 esse

175 3276 337 3349 longe
375 3285 503 3333 sunt
547 3278 830 3346 portanda.
871 3277 926 3332 6.
954 3278 1030 3332 De
1056 3277 1141 3343 his
1165 3291 1294 3333 vero
1322 3277 1644 3348 haptizatis,
1673 3275 1767 3346 qui

176 3378 368 3437 poSIea
409 3366 671 3422 daemonio
693 3407 708 3431 ,
736 3374 830 3420 aut
866 3367 994 3421 vitio
1031 3367 1246 3437 aliquo,
1285 3376 1378 3421 aut
1417 3376 1640 3437 peccato
1689 3367 1762 3421 in-

180 3458 519 3512 terveniente
541 3459 896 3528 arripiu’ntur,
929 3458 1083 3522 dicit,
1116 3471 1217 3512 nec
1241 3474 1269 3512 a
1295 3459 1632 3530 presbytero,
1666 3471 1769 3513 nec

179 3561 213 3601 a
241 3545 469 3602 diacono
497 3548 696 3603 debere
734 3561 838 3601 nec
873 3559 1034 3615 posse
1060 3546 1390 3616 consignari,
1423 3546 1528 3601 nisi
1559 3546 1767 3616 episco-

177 3652 284 3708 pus
307 3632 674 3708 praeceperit:
709 3637 836 3706 quia
873 3651 1068 3692 manus
1107 3637 1444 3706 imponenda:
1475 3651 1582 3692 non
1619 3645 1765 3702 sunt,

180 3727 286 3781 nisi
313 3727 598 3798 episcOpus
621 3726 1000 3782 auctoritatem
1023 3727 1234 3782 dederit
1257 3727 1310 3782 id
1335 3724 1620 3794 eiIiciendi,
1644 3740 1767 3797 pro-

177 3827 368 3888 pterea
384 3818 510 3889 quia
525 3817 684 3890 longe
696 3817 906 3890 positus
925 3817 1210 3876 didiculter
1222 3833 1364 3890 saepe
1375 3819 1442 3874 ad
1457 3819 1767 3890 episcOpum

181 3909 372 3965 deduci
401 3917 599 3980 potest.

253 4001 304 4054 7.
349 4000 426 4056 De
478 4001 867 4071 pteniteutibus
901 4010 1082 4058 autem
1132 4003 1219 4076 (de
1243 4003 1400 4058 Cons.
1445 4002 1571 4059 dist.
1613 4005 1668 4071 '5,
1715 4018 1766 4060 c.

181 4089 262 4146 De
289 4091 696 4164 pauitantibus),
726 4093 820 4162 qui
848 4107 914 4148 ex
937 4093 1282 4164 gravioribus
1306 4093 1629 4160 commissis,
1659 4095 1772 4150 sive

180 4195 250 4236 ex
289 4179 612 4248 levioribus,
643 4182 1020 4252 paenitentiam
1055 4194 1280 4254 gerunt,
1317 4184 1472 4254 juxta
1521 4184 1773 4239 Romana:

193 4271 460 4327 Ecclesia:
486 4273 931 4330 consuetudinem
973 4276 1162 4346 quinta
1209 4275 1345 4331 feria
1394 4286 1522 4332 ante
1564 4276 1770 4332 Pascha

178 4363 568 4436 remittendum
595 4365 674 4422 eis
693 4380 814 4422 esse
833 4367 1190 4434 demonstrat,
1209 4368 1255 4422 si
1280 4369 1420 4423 nulla
1449 4369 1773 4425 interveniat

180 4456 466 4527 aegritudo.
507 4456 565 4512 Si
592 4472 721 4513 vero
749 4459 872 4528 quis
909 4459 962 4514 in
987 4460 1360 4530 aegritudinem
1390 4461 1672 4528 inciderit,
1717 4471 1772 4517 et

1869 3273 2170 3330 mandavit.

1883 3422 1889 3428 ,
1938 3364 1994 3419 4.
2038 3363 2170 3421 Item
2200 3365 2255 3420 in
2287 3365 2476 3421 eadem
2505 3365 2758 3432 sancivit,
2795 3364 2938 3420 sicut
2963 3371 3021 3419 et
3058 3362 3276 3420 Siricius
3313 3359 3461 3418 fece-

1868 3466 1976 3523 rat,
2004 3465 2064 3512 ut
2086 3456 2318 3512 clericus
2337 3457 2555 3512 viduam
2579 3457 2861 3512 mulierem
2890 3469 2996 3510 non
3020 3453 3182 3510 ducat
3209 3467 3457 3518 uxorem,

1869 3567 1939 3608 ne
1960 3553 2065 3608 hoc
2094 3550 2406 3622 prmjudicio
2433 3551 2723 3620 impeditus
2761 3550 2828 3606 ad
2880 3548 3242 3605 sacerdotium
3272 3561 3462 3616 perve-

1870 3644 1991 3700 nire
2017 3658 2125 3700 non
2155 3642 2346 3714 possit.
2375 3641 2430 3696 5.
2464 3641 2617 3706 Item,
2649 3655 2718 3696 ne
2746 3639 2940 3706 laicus,
2973 3637 3068 3709 qui
3098 3646 3224 3692 ante
3258 3635 3464 3706 baptis-

1869 3749 2018 3791 mum
2037 3775 2053 3800 ,
2081 3749 2176 3789 seu
2199 3741 2424 3804 postea,
2456 3732 2738 3788 mulierem
2770 3731 2988 3787 viduam
3031 3730 3186 3787 duxit
3209 3743 3458 3792 uxorem,

1813 3881 1816 3884 .
1869 3837 2057 3898 postea
2089 3825 2410 3881 admittatur
2448 3825 2516 3878 ad
2559 3824 2764 3880 clerum
2811 3823 3086 3894 praecepit,
3115 3823 3241 3893 quia
3268 3821 3463 3877 eodem

1763 3939 1773 3962 ι
1867 3919 2000 3976 vitio
2028 3918 2246 3975 videtur
2285 3917 2542 3973 exclusus
2574 3915 2724 3988 (dist.
2763 3915 2853 3980 54,
2895 3931 2946 3971 c.
2974 3914 3037 3971 Si
3072 3913 3232 3985 quis).
3275 3913 3333 3967 In
3365 3911 3465 3967 ba-

1868 4012 2068 4083 ptismo
2110 4011 2255 4068 enim
2299 4017 2526 4082 peceata
2567 4008 2936 4074 dimittuntur,
2991 4023 3099 4070 non
3141 4015 3322 4062 tamen
3369 4018 3463 4060 ac-

1870 4113 2044 4175 ceptae
2074 4103 2264 4160 uxoris
2306 4101 2642 4159 consortium
2688 4099 2984 4154 relaxatur.
3019 4100 3074 4153 6.
3106 4097 3258 4161 Item,
3315 4111 3384 4150 ne
3415 4095 3463 4150 is

1873 4196 1965 4266 qui
1989 4196 2282 4252 secundam
2311 4193 2462 4250 ducit
2497 4206 2739 4254 uxorem,
2772 4190 3004 4246 clericus
3032 4190 3149 4252 ﬁat,
3179 4187 3306 4258 quia
3333 4191 3465 4242 scri-

1873 4294 2022 4355 ptum
2072 4293 2203 4340 est:
2242 4303 2260 4336 ι
2292 4283 2463 4339 Unius
2493 4281 2677 4336 uxoris
2706 4281 2882 4334 virum
2933 4277 2983 4350 (Ι
3009 4277 3144 4331 Tim.
3185 4276 3268 4341 tn)
3313 4295 3369 4342 »ς
3407 4286 3466 4332 et

1878 4377 2077 4430 iterum
2103 4392 2116 4427 :
2143 4373 2464 4428 Sacerdotes
2494 4371 2599 4426 mei
2621 4368 3030 4426 semelnubant.
3059 4368 3112 4422 7.
3142 4367 3294 4431 Item,
3316 4375 3375 4421 ut
3400 4369 3468 4422 de

1878 4467 2053 4522 aliena
2100 4463 2332 4519 ecclesia
2379 4463 2634 4520 clericum
2678 4462 2938 4517 ordinare
2983 4460 3161 4516 nullus
3219 4468 3462 4531 usurpet,

181 4561 358 4615 usque
383 4545 462 4602 ad
486 4547 921 4620 desperationem
949 4549 1258 4614 devenerit,
1293 4551 1340 4606 ei
1371 4561 1458 4607 est
1483 4562 1609 4611 ante
1640 4562 1772 4608 tem-
1801 4518 1851 4578 Β
1879 4557 1980 4612 nisi
2048 4556 2165 4626 ejus
2230 4556 2515 4625 episcopus
2577 4554 2827 4624 precibus
2885 4561 3141 4607 exoratus
3205 4549 3470 4606 concedat

180 4650 288 4704 pus
323 4634 543 4700 Pascha:
598 4637 970 4702 relaxandum,
1000 4653 1067 4692 ne
1108 4640 1175 4694 de
1219 4639 1319 4696 hoc
1349 4641 1544 4696 sacculo
1569 4643 1774 4710 absque

181 4728 568 4783 communione
594 4728 856 4785 discedat.
889 4731 942 4786 8.
973 4731 1047 4785 De
1067 4733 1176 4786 hoc
1205 4748 1332 4788 vero
1355 4775 1368 4798 ,
1402 4732 1543 4801 quod
1567 4732 1620 4786 in
1653 4732 1776 4802 Epi-

183 4815 328 4870 stola
402 4816 592 4876 Jacobi
655 4819 894 4891 legitur:
960 4820 1274 4890 Inﬁrmatur
1327 4824 1442 4894 quis
1495 4825 1550 4877 in
1631 4825 1774 4879 vobis

185 4907 330 4973 (Jac.
356 4907 448 4980 v)?
470 4917 602 4975 etc.,
625 4911 756 4966 dicit
785 4927 891 4967 non
921 4927 1040 4967 esse
1069 4915 1288 4969 dubium
1310 4916 1375 4969 de
1388 4917 1777 4983 mgrotautibus

189 4997 438 5058 tidelibus
480 5001 854 5071 accipiendum
900 5019 1022 5060 esse
1047 5046 1061 5072 ,
1101 5014 1155 5060 et
1201 5005 1645 5078 intelligendum,
1681 5009 1775 5078 qui

186 5099 381 5146 saneto
410 5091 532 5148 oleo
561 5093 872 5149 chrismatis
897 5097 1122 5167 perungi
1151 5105 1396 5165 possunt,
1437 5113 1544 5168 quo
1574 5097 1640 5152 ab
1664 5099 1777 5168 epi-

187 5197 356 5252 sc0po
379 5193 720 5251 consecrato,
753 5201 862 5241 non
901 5186 1075 5243 solum
1114 5189 1500 5253 sacerdotibus,
1535 5191 1629 5245 sed
1662 5205 1780 5246 om-

187 5271 352 5326 nibus
382 5272 459 5326 uti
487 5272 812 5330 Christianis
838 5274 965 5330 licet
991 5276 1047 5331 in
1072 5291 1169 5332 sua
1191 5293 1521 5349 suorumque
1542 5281 1780 5336 necessi-

192 5371 337 5427 tate;
365 5370 420 5417 et
449 5365 592 5434 quod
617 5366 954 5438 presbyteris
977 5367 1140 5423 licere
1165 5384 1268 5424 non
1292 5379 1376 5426 est
1397 5372 1641 5436 dubium,
1664 5373 1780 5444 epi-

191 5453 374 5524 scopis
397 5470 526 5537 lcsse
551 5456 789 5523 licitum,
814 5473 922 5514 non
965 5469 1047 5516 est
1075 5462 1381 5532 ambiguum
1414 5463 1562 5535 (dist.
1590 5465 1679 5530 95,
1725 5480 1774 5519 c.

191 5539 387 5614 Illud).
418 5544 524 5600 Sed
555 5545 622 5603 de
661 5549 992 5620 presbyteris
1028 5549 1230 5606 idcirco
1264 5552 1467 5608 dictum
1507 5561 1612 5620 est,
1652 5555 1779 5623 quia

191 5632 434 5706 episcopi
465 5638 910 5708 occupationibus
940 5638 1060 5694 aliis
1092 5641 1331 5710 impediti
1359 5641 1425 5696 ad
1454 5656 1640 5699 omnes
1668 5643 1782 5699 Ian-

195 5727 390 5797 guidos
419 5729 498 5799 ire
525 5745 630 5786 non
655 5743 914 5802 possunt:
945 5733 1012 5788 ad
1035 5748 1174 5802 quos
1195 5743 1374 5790 autem
1405 5735 1589 5791 volunt
1621 5735 1700 5792 ire
1727 5744 1781 5792 et

555 5819 832 5884 ῬΑτεωι..
879 5826 1172 5888 CXXIX.

1880 4647 2029 4716 (dist.
2064 4645 2134 4699 ’54
2160 4686 2174 4708 ,
2202 4660 2252 4699 c.
2283 4646 2342 4700 Si
2370 4645 2530 4715 quis).
2576 4643 2688 4698 Iloc
2735 4643 2902 4698 etiam
2951 4641 3189 4713 synodus
3245 4637 3464 4694 Niczena

1879 4737 2160 4792 constituit
2193 4735 2336 4808 (can.
2378 4735 2610 4805 16,17),
2644 4744 2702 4790 ut
2742 4723 3010 4804 abjectnm
3046 4733 3116 4788 ab
3155 4731 3328 4787 altero
3361 4729 3470 4784 cle-

1883 4827 2055 4882 ricum
2083 4826 2250 4880 altera
2273 4825 2502 4880 ecclesia
2535 4839 2640 4880 non
2665 4825 2912 4894 recipiat.
2937 4823 2988 4878 8.
3013 4823 3142 4878 Item
3167 4831 3222 4876 ut
3256 4821 3470 4888 venien-

1887 4929 1968 4975 tes
1991 4935 2020 4972 a
2049 4917 2382 4982 Novatianis,
2411 4917 2496 4973 vel
2535 4917 2929 4982 Montensibus,
2954 4930 3050 4985 per
3077 4927 3272 4969 manus
3301 4913 3470 4982 impo-

1878 5011 2128 5086 sitionem
2175 5009 2562 5079 suscipiantur,
2613 5009 2742 5078 quia
2782 5009 2910 5064 licet
2950 5007 3016 5061 ab
3045 5005 3354 5072 haereticis,
3413 5004 3468 5058 in

1879 5101 2082 5158 Christi
2126 5109 2307 5156 tamen
2359 5102 2579 5155 nomine
2620 5109 2748 5155 sunt
2792 5099 3088 5169 baptizati,
3123 5107 3322 5169 praeter
3372 5112 3468 5151 eos

1880 5193 1969 5264 qui
2001 5207 2030 5247 a
2053 5191 2221 5256 nobis,
2248 5192 2317 5247 ad
2363 5192 2486 5248 illos
2527 5197 2870 5271 transeuntes
2916 5189 3176 5260 baptizati
3203 5195 3349 5244 sunt.
3379 5187 3466 5251 Ili,

1880 5285 1927 5341 si
1965 5283 2345 5353 resipiscentes
2387 5283 2454 5339 ad
2499 5298 2598 5338 nos
2647 5282 2926 5346 redierint,
2959 5282 3059 5338 sub
3099 5280 3260 5354 longa
3295 5279 3469 5352 paeni-

1883 5374 2067 5432 tentia:
2091 5371 2467 5428 satisfactione
2493 5372 2816 5427 admittendi
2845 5379 2990 5427 sunt.

1949 5463 2003 5520 9.
2045 5463 2196 5528 Item,
2225 5463 2445 5518 omnino
2466 5462 2670 5518 servari
2699 5460 2868 5530 jubet,
2894 5470 2954 5515 ut
2985 5462 3292 5518 sacerdotes
3313 5466 3370 5516 et
3393 5457 3472 5514 le-

1882 5555 2005 5611 vitae
2030 5571 2154 5613 cum
2185 5555 2446 5611 uxoribus
2476 5554 2588 5610 suis
2617 5569 2722 5625 non
2753 5562 2947 5611 coeant
2981 5554 3129 5625 (dist.
3167 5554 3256 5617 51,
3289 5567 3338 5607 c.
3372 5550 3472 5605 Te-

1884 5650 2024 5721 nere)
2065 5649 2234 5720 :quia
2274 5651 2318 5705 si
2349 5649 2625 5716 sacerdos,
2669 5650 2756 5705 cui
2809 5648 3000 5705 orandi
3034 5655 3089 5701 et
3124 5642 3470 5702 sacriﬁcandi

1877 5737 2004 5811 jnge
2025 5739 2384 5810 oiliciumest,
2411 5741 2613 5796 carnali
2639 5739 3076 5809 concupiscentia
3102 5736 3260 5792 fuerit
3281 5743 3472 5806 conta-

2959 5834 3038 5894 38
