3992 6306
561 297 700 360 1195

1272 291 1693 360 ᾸΡΡΕΝΒῘᾺΙ)
1734 301 1912 361 διΕΟ.
1953 304 2044 360 IX.
2083 335 2113 346 -

2221 304 2562 362 tUC'I'OBES
2603 303 2766 362 ANK!
2799 303 3091 362 INCERTI.

556 419 812 482 minatus,
842 428 950 487 quo
983 415 1186 486 pudore
1224 415 1536 471 sacrificare
1574 417 1882 488 usurpabit,
1907 427 2004 474 ant
2039 432 2145 488 qua
2175 424 2222 484 Α
2252 419 2619 484 committant,
2650 434 2756 473 non
2787 417 2890 476 alia
2919 418 2986 474 de
3024 434 3186 474 causa
3219 419 3338 478 fieri
3373 421 3522 483 dicit.
3577 423 3688 480 uisi
3726 425 3852 493 quia

555 510 904 575 conscientia,
927 524 1036 578 quo
1057 508 1250 563 merito
1273 508 1518 563 exaudiri
1539 523 1600 564 se
1621 523 1780 580 posse
1798 510 1993 576 credit,
2021 525 2147 567 cum
2245 509 2468 566 latentia
2505 522 2732 581 peccata
2777 527 2881 568 non
2923 512 3128 568 habent
3174 511 3488 568 vindictam.
3533 513 3661 570 Non
3704 518 3850 572 enim

553 603 755 658 dictum
790 601 861 658 sit
894 619 907 655 :
943 599 1136 654 Omnia
1169 599 1368 654 munda
1391 601 1636 678 mundis;
1667 601 2015 672 coinquinatis
2049 618 2147 656 auo

2243 599 2499 657 mulieres
2521 601 2670 658 viros
2689 615 2816 656 suos
2836 601 2993 658 facile
3019 602 3088 656 de
3109 599 3393 664 adulterio,
3423 601 3572 657 sicut
3595 602 3706 656 viri
3737 619 3853 658 mu-

550 703 652 748 tem
681 702 728 747 et
769 689 1068 759 inﬁdelibus
1093 689 1224 744 nihil
1256 701 1334 746 est
1364 691 1618 746 mundum
1637 694 1664 746 1'
1695 690 1827 762 (Tit.
1852 694 1919 764 l.)
1952 691 2040 748 I0.
2066 692 2145 748 De
2244 690 2402 747 lieres
2433 699 2690 750 accusant
2719 710 2734 746 :
2763 693 2970 748 ideirco
3005 693 3247 750 virorum
3274 693 3489 748 latente
3519 694 3851 761 commisso,

549 782 833 838 monachis
863 789 1046 837 autem
1076 779 1186 851 (l6,
1225 795 1281 852 q.
1312 782 1364 847 1,
1390 797 1441 836 c.
1474 783 1549 836 De
1575 781 1901 853 Monachis),
1939 785 2033 856 qui
2073 786 2142 840 ad
2243 797 2351 839 non
2378 782 2536 840 facile
2558 785 2843 856 quisquam
2867 798 3058 840 eorum
3087 799 3154 840 ex
3191 783 3605 856 suspicienibus
3633 785 3852 842 submo-

550 871 1106 928 clericatus-ordinem
1119 872 1490 941 pervenerint,
1516 870 1690 941 jubet,
1708 889 1815 929 non
1831 875 2027 931 debere
2046 889 2142 932 eos

2247 883 2434 940 vetur;
2475 875 2886 932 submovcbitur
2911 883 3124 941 autem,
3153 876 3200 932 si
3227 876 3346 946 ejus
3369 877 3644 949 flagitium
3689 877 3850 930 fuerit

548 980 577 1018 a
608 963 773 1034 priori
806 963 1086 1034 proposito
1109 963 1329 1018 deviare
1365 981 1380 1018 :
1413 964 1540 1033 quia
1563 965 1707 1020 sicut
1729 967 1780 1020 in
1810 968 2141 1022 monasterio
2239 966 2533 1022 detectum.
2565 966 2673 1023 Sed
2713 968 2963 1038 quamvis
2987 983 3087 1038 par
3111 969 3186 1024 sit
3215 985 3408 1036 causa,
3444 971 3736 1026 interdum
3768 981 3850 1030 ta-

547 1058 669 1124 l’uit,
703 1059 824 1114 ideo
849 1059 994 1128 quod
1017 1057 1107 1112 diu
1143 1057 1400 1124 servavit,
1432 1057 1594 1114 modo
1623 1060 1676 1114 in
1720 1059 1934 1115 meliori
1965 1061 2137 1133 gradu

546 1151 752 1220 positus
776 1163 886 1206 non
914 1151 1073 1208 debet
1104 1150 1373 1206 amittere.
1425 1151 1513 1206 11.
1554 1151 1687 1208 Item
1712 1153 1952 1218 mandat,
1981 1169 2048 1209 ne
2068 1169 2136 1210 ex

546 1239 862 1304 curialibus,
888 1239 940 1296 id
960 1247 1064 1306 est,
1094 1239 1186 1309 qui
1217 1239 1486 1310 aliquibus
1505 1241 1736 1312 publicis
1765 1241 2136 1302 functionihus

547 1331 819 1401 occupati,
838 1331 961 1401 jure
991 1332 1058 1387 ad
1080 1332 1287 1388 curiam
1315 1335 1515 1388 retrahi
1540 1344 1790 1404 possunt,
1818 1336 1884 1390 ad
1906 1333 2132 1392 clerica-

544 1431 657 1475 tum
684 1421 1043 1477 admittantur
1087 1422 1236 1494 (dist.
1285 1422 1375 1489 51,
1421 1439 1472 1479 c.
1518 1423 1885 1498 Frequenter).
1927 1427 2016 1482 £2.
2059 1429 2134 1484 De

537 1511 838 1582 virginibus
875 1511 1085 1577 velatis,
1133 1512 1178 1568 si
1222 1521 1408 1583 postea
1455 1515 1668 1585 publice
1709 1519 2010 1588 nupserint,
2048 1519 2132 1574 vel

539 1601 786 1660 clanculo
812 1613 1080 1674 corruptae
1111 1603 1333 1670 fuerint,
1364 1607 1664 1672 mandavit,
1693 1623 1799 1663 non
1836 1610 2128 1664 admitten-

538 1695 636 1750 das
663 1710 784 1752 esse
801 1696 870 1752 ad
897 1698 1162 1768 agendam
1184 1698 1581 1770 pmnitentiam,
1615 1702 1716 1758 nisi
1746 1701 1822 1769 hi,
1852 1703 2048 1773 quibus
2069 1717 2129 1758 se

2238 1073 2362 1114 men
2397 1060 2718 1130 probatione
2747 1069 2998 1116 cessante
3023 1061 3277 1118 vindictae
3311 1063 3449 1118 ratio
3472 1065 3841 1134 conquiescit.

2305 1148 2362 1204 4.
2402 1148 2552 1204 111ιιιη
2581 1163 2710 1205 vero
2751 1149 2864 1220 (25.
2894 1165 2950 1219 q.
2981 1149 3038 1217 4,
3066 1165 3117 1206 e.
3149 1149 3354 1221 Illud),
3404 1151 3500 1222 qui
3544 1167 3747 1218 preces
3767 1153 3842 1206 di-

2233 1247 2365 1303 ctat,
2398 1248 2454 1294 et
2490 1237 2719 1308 alicujus
2767 1247 2996 1296 mortem
3026 1239 3112 1296 vel
3156 1241 3476 1312 sanguinem
3511 1241 3587 1295 de
3611 1251 3774 1296 reatu
3813 1260 3841 1295 a

2234 1327 2572 1399 principibus.
2600 1327 2810 1400 poscit,
2848 1329 3144 1405 immunem
3174 1345 3297 1388 esse
3341 1330 3498 1395 dicit,
3549 1331 3682 1394 ideo
3722 1333 3840 1400 quia

2234 1419 2507 1488 principes
2547 1433 2821 1488 nunquam
2860 1419 2978 1475 sine
3019 1419 3327 1490 cognitione
3353 1421 3720 1489 concedunt;
3752 1423 3841 1477 sed

2235 1509 2302 1564 ad
2327 1508 2542 1578 judices
2562 1508 2851 1566 commissa
2875 1508 2996 1578 ipsa
3026 1507 3108 1563 vel
3137 1509 3368 1564 erimina
3395 1524 3626 1580 semper
3659 1511 3840 1566 remit-

2196 1642 2206 1651 .
2233 1609 2378 1666 tunt,
2403 1609 2463 1656 ut
2485 1601 2698 1672 cognita
2731 1615 2894 1660 causa
2919 1601 3207 1656 vindicent.
3245 1601 3376 1666 Quae
3399 1616 3530 1656 cum
3558 1601 3837 1670 quaesitori

2234 1693 2433 1749 fuerint
2455 1693 2727 1766 delegata,
2755 1701 2850 1750 aut
2869 1693 3157 1759 absolutio,
3182 1701 3278 1748 aut
3301 1693 3589 1748 damnatio
3615 1709 3722 1764 pro
3747 1710 3834 1749 ne-

529 1785 845 1856 junxerant,
887 1787 955 1842 de
993 1789 1196 1844 mundo
1239 1791 1569 1846 recesserint
1599 1791 1712 1864 (27,
1739 1809 1794 1864 q.
1829 1795 1880 1860 I,
1909 1811 1960 1850 c.
1995 1794 2128 1860 Qua,-
2159 1785 2202 1844 B
2233 1783 2366 1855 gotii
2395 1783 2657 1854 qualitate
2675 1782 2984 1853 profertur;
3012 1794 3067 1839 et
3093 1784 3219 1837 dum
3251 1783 3430 1854 legum
3467 1783 3525 1838 in
3557 1783 3837 1854 improbos

533 1873 787 1945 Christo),
811 1875 936 1945 quia
959 1874 1074 1944 jam
1102 1877 1172 1932 de
1203 1875 1354 1934 Iaicis
1379 1879 1639 1936 adulteris
1659 1882 1774 1938 haec
1804 1881 1978 1938 forma
2004 1897 2120 1938 ser-

534 1972 714 2018 vatur.
746 1963 1026 2021 Sententia
1052 1973 1235 2022 autem
1278 1967 1384 2023 ista
1409 1968 1564 2024 valde
1591 1985 1780 2026 severa
1803 1981 1861 2027 et
1888 1973 2126 2028 timenda

531 2055 714 2122 nimis,
748 2072 910 2127 quam
937 2058 1228 2114 multorum
1253 2073 1384 2114 casu
1419 2061 1622 2116 nostris
1658 2063 1999 2133 temporibus
2027 2077 2124 2119 ne-

531 2148 780 2204 cessario
823 2149 1058 2220 mitigari
1099 2152 1372 2222 oportuit;
1411 2152 1648 2224 alioquin
1690 2155 1845 2210 multi
1891 2157 2127 2213 salubris

528 2235 861 2308 poenitentiae
877 2241 1072 2296 solatio
1091 2243 1334 2299 destituti
1359 2241 1544 2318 [forte]
1569 2246 1930 2317 impaenitenti
1957 2250 2125 2305 corde

527 2331 694 2386 vitam
733 2331 969 2388 finirent.
1013 2335 1100 2390 15.
1140 2335 1236 2392 His
1263 2337 1444 2394 autem
1468 2339 1793 2410 virginibus,
1827 2355 1951 2411 quae
1982 2355 2124 2396 non-

525 2421 654 2475 dum
683 2421 870 2478 velata:
891 2434 1019 2480 sunt
1045 2424 1160 2497 (27,
1187 2441 1241 2496 q.
1277 2427 1328 2494 1,
1359 2442 1408 2482 c.
1443 2425 1528 2482 Ne
1558 2428 1724 2500 vero),
1748 2431 1845 2487 sed
1875 2430 1930 2486 in
1952 2430 2122 2501 virgi-

529 2513 714 2569 nitatis
745 2523 922 2570 tamen
951 2519 1228 2588 proposito
1267 2534 1326 2574 se
1362 2533 1682 2590 permanere
1711 2521 2121 2589 simulaverunt,

533 2607 578 2662 si
615 2607 754 2665 forte
783 2612 1088 2682 nupserint,
1137 2613 1416 2683 aliquanto
1460 2617 1703 2686 tempore
1742 2615 2123 2686 paenitentiam

532 2702 796 2770 agendam
828 2717 948 2759 esse
973 2703 1105 2760 dicit
1136 2722 1150 2758 :
1181 2705 1306 2775 quia
1333 2707 1553 2776 sponsio
1592 2721 1781 2762 earum
1822 2722 1854 2761 a
1893 2707 2122 2762 Domino

527 2793 808 2848 tenebatur
840 2813 854 2849 :
883 2797 1009 2866 quia
1032 2796 1078 2852 si
1107 2797 1298 2864 viduae,
1329 2815 1450 2870 qum
1471 2815 1501 2854 a
1525 2800 1812 2857 vididuatis
1847 2803 2124 2874 proposito

529 2885 926 2956 discesserunt,
960 2887 1113 2960 juxta
1139 2889 1458 2961 Apostolum
1488 2893 1891 2950 damnationem
1921 2895 2122 2952 habent

527 2977 580 3047 (l
633 2977 770 3032 Tim.
818 2979 897 3050 v),
943 2981 1068 3050 quia
1121 2983 1354 3053 primam
1401 2983 1560 3040 fidem
1602 2986 1811 3042 irritam
1856 2987 2118 3054 fecerunt,

523 3075 726 3137 quanto
748 3069 920 3142 magis
931 3069 1184 3141 virgines,
1202 3088 1322 3144 qute
1339 3073 1537 3145 prioris
1555 3075 1929 3147 promissionis
1952 3075 2110 3133 fidem

523 3155 774 3229 frangere
800 3168 1011 3217 conata:
1033 3159 1196 3216 sunt?

593 3248 656 3327 1._
688 3248 818 3304 Item
841 3248 1266 3321 praenominat'us
1291 3265 1428 3323 papa
1453 3251 1614 3308 aliam
1655 3253 1874 3325 scripsit
1904 3253 2113 3324 epist:-

524 3341 630 3394 lam
659 3340 929 3411 Exuperio
957 3341 1226 3399 Tolosano
1257 3342 1514 3414 episcopo
1554 3342 1728 3416 (epist.
1777 3345 1834 3400 5.
1873 3375 1942 3385 —-
1980 3345 2106 3402 dist.

520 3429 610 3492 82,
660 3443 708 3484 c.
743 3427 1112 3502 Proposuisti),
1145 3431 1198 3486 in
1231 3447 1338 3502 qua
1367 3433 1416 3488 ei
1447 3433 1720 3500 rescribit,
1766 3433 1888 3490 illos
1929 3435 2111 3490 diaco-

519 3534 705 3582 couos,
735 3530 828 3575 aut
855 3521 1202 3594 presbyteros
1222 3564 1236 3591 ,
1266 3539 1404 3595 quos
1425 3539 1548 3580 esse
1574 3525 1974 3582 incontinentes
2013 3526 2109 3582 filii

520 3611 764 3679 generati
791 3612 1168 3681 prodiderunt,
1193 3615 1340 3668 omni
1371 3614 1576 3670 honore
1597 3615 1966 3672 ecclesiastico
1988 3630 2109 3672 esse

519 3701 600 3769 pri
612 3701 834 3766 vandos,
866 3703 1007 3758 sicut
1029 3713 1085 3758 et
1109 3703 1337 3777 Siricius
1359 3720 1495 3776 papa
1521 3705 1762 3769 fecerat;
1791 3724 1891 3764 nec
1914 3709 1981 3764 ad
2009 3709 2108 3764 ali-

519 3792 660 3859 quod
693 3792 797 3846 tale
820 3793 1184 3849 ministerium
1224 3795 1591 3854 admittendos
1633 3813 1775 3864 esse,
1818 3801 1963 3870 quod
1991 3801 2105 3858 sola

520 3883 856 3938 continentia
910 3894 1127 3955 oportet
1155 3885 1476 3956 impleri.'2.
1509 3887 1606 3945 His
1635 3898 1812 3946 autem
1837 3894 1928 3962 qui
1958 3895 2106 3949 omni

518 3986 764 4047 tempore
813 3977 1216 4034 incontinentiae
1247 3979 1613 4050 voluptatibus
1655 3984 1848 4052 dediti,
1893 3995 2106 4044 tantum

517 4067 570 4122 in
603 4079 847 4125 extremo
880 4068 1004 4124 vitae
1027 4084 1138 4125 sua:
1163 4071 1540 4140 paenitentiam
1568 4074 1726 4129 simul
1766 4084 1822 4130 et
1863 4078 2104 4133 reconci-

486 4161 790 4216 .liationem
851 4163 1249 4219 communionis
1287 4163 1620 4235 exposcunt;
1664 4166 1912 4236 quamvis
1947 4167 2104 4237 juxta

515 4255 750 4322 priorem
773 4253 1220 4310 consuetudinem
1244 4255 1565 4323 poenitentia
1591 4256 1810 4326 quidem
1839 4258 2104 4314 concede-

517 4353 682 4406 retur,
738 4344 831 4398 sed
881 4345 1190 4400 communio
1237 4353 1558 4415 negaretur;
1609 4361 1733 4402 cum
1783 4349 2102 4417 poenitentia

515 4434 950 4490 communionem
981 4435 1141 4491 tribui
1161 4433 1343 4506 jussit.
1378 4446 1435 4491 ut
1465 4434 1548 4491 vel
1578 4437 1633 4492 in
1663 4439 1948 4509 supremis,
1971 4455 2097 4512 per-

516 4525 762 4580 mittente
792 4525 1073 4582 Salvatore
1118 4535 1326 4592 nostro,
1358 4543 1385 4582 a
1423 4540 1682 4599 perpetuo
1723 4531 1891 4587 exitio
1921 4532 2090 4589 vindi-

515 4625 725 4670 Ctuttur.
1227 4618 1232 4622 ⁷

584 4709 637 4762 5.
679 4706 755 4762 De
795 4707 880 4762 his
921 4721 1076 4774 vero,
1115 4709 1206 4778 qui
1240 4720 1334 4764 aut
1364 4716 1634 4764 tormenta
1669 4710 1782 4767 sola
1823 4721 2098 4779 exercent,

523 4807 615 4851 aut
644 4798 809 4853 etiam
844 4797 1131 4867 capitalem
1170 4799 1497 4854 sententiam
1542 4800 1841 4870 proferunt,
1873 4815 2099 4872 respon-

509 4892 602 4946 ‘dct
631 4891 742 4963 (‘23,
771 4908 826 4962 q.
850 4893 904 4958 4,
942 4907 991 4948 c.
1048 4891 1342 4958 Quaesitum
1390 4893 1512 4965 est),
1551 4893 1686 4948 nihil
1728 4907 1759 4948 a
1801 4893 2098 4965 majoribus

515 4983 798 5039 definitum
825 5001 979 5052 esse;
1023 4986 1144 5040 ideo
1175 4985 1302 5056 quia
1333 4986 1694 5040 meminerant
1722 4986 1818 5042 has
1861 4995 2097 5057 potesta-

517 5087 598 5134 tes
629 5079 794 5133 fuisse
819 5096 848 5132 a
882 5079 991 5134 Deo
1019 5094 1326 5145 concessas,
1358 5087 1412 5132 et
1432 5087 1652 5150 propter
1673 5079 1964 5136 vindictam
1996 5097 2093 5136 no-

515 5167 724 5222 xiorum
762 5169 997 5236 gladium
1023 5171 1190 5226 fuisse
1212 5171 1559 5241 permissum,
1583 5179 1639 5224 et
1665 5170 1760 5225 Dei
1786 5172 2094 5228 ministrum

509 5267 698 5312 natum
728 5273 846 5314 esse
865 5245 921 5314 in
955 5261 1262 5331 hujusmodi
1293 5261 1584 5328 vindicem,
1611 5270 1666 5318 et
1691 5262 1763 5318 ita
1791 5277 1850 5318 se
1885 5271 2094 5332 tenere,

513 5359 647 5409 SIClN
682 5365 853 5422 usque
883 5353 955 5421 ad,
977 5352 1152 5422 ipsum
1183 5365 1458 5410 servatum
1488 5361 1604 5422 est,
1638 5368 1705 5409 ne
1733 5363 1827 5409 aut
1849 5355 2096 5426 discipli-

512 5461 638 5502 nam
681 5453 908 5508 evertat,
954 5453 1049 5498 aut
1093 5453 1279 5499 contra
1323 5446 1703 5501 auctoritatem
1753 5446 1965 5500 Domini
2021 5446 2099 5500 vi-

511 5535 703 5592 deatur
737 5537 922 5593 venire
948 5535 1127 5608 (Rom.
1161 5535 1299 5608 xui).
1335 5536 1493 5594 Viros
1533 5547 1713 5594 autem
1759 5553 1880 5593 cum
1916 5537 2097 5591 uxori-

511 5629 609 5682 bus
637 5629 894 5682 adulteris
922 5644 1025 5683 non
1047 5615 1340 5683 convenire
1367 5627 1477 5697 (52,
1505 5643 1558 5697 q.
1590 5628 1640 5692 5,
1665 5643 1714 5683 e.
1747 5626 2093 5694 Christiana),

512 5717 649 5769 sicut
689 5728 744 5772 et
792 5719 919 5788 ipsae
951 5735 1074 5774 cum
1107 5719 1235 5786 ipsis
1268 5719 1490 5786 faciunt,
1535 5721 1580 5773 si
1628 5719 1726 5788 ipsi
1772 5706 2094 5774 adulterium

2229 1884 2516 1930 exercetur
2541 1874 2855 1940 auctoritas,
2894 1873 3000 1929 erit
3031 1873 3263 1928 dictator
3283 1874 3568 1930 immunis.
3611 1874 3669 1928 6.
3715 1872 3833 1926 ιιιυε

2228 1979 2378 2028 vero,
2408 1963 2500 2034 qui
2541 1963 2937 2021 interveniente
2965 1965 3214 2034 repudio,
3242 1964 3332 2019 alii
3364 1978 3424 2019 se
3470 1963 3830 2018 matrimonio

2229 2055 2556 2125 copularint,
2578 2052 2812 2114 afﬁrmat
2838 2055 2955 2111 sine
2982 2053 3145 2109 dubio
3168 2055 3222 2109 in
3239 2063 3470 2124 utraque
3493 2063 3664 2124 parte
3689 2053 3834 2108 adul-

2229 2156 2374 2204 teros
2408 2162 2530 2204 esse
2569 2166 2584 2203 :
2626 2148 2753 2218 quia
2792 2148 3040 2217 quamvis
3068 2147 3378 2218 conjugium
3404 2147 3722 2204 desolatam
3751 2145 3828 2201 vel

2227 2235 2544 2292 dissolutum
2580 2250 2701 2292 esse
2727 2235 3007 2300 videatur,
3059 2251 3162 2290 non
3197 2245 3423 2306 possunt
3464 2245 3656 2290 utinen
3684 2235 3830 2290 adul-

2230 2324 2329 2379 teri
2361 2339 2468 2379 non
2499 2324 2690 2389 videri,
2721 2323 2812 2395 qui
2846 2339 3014 2379 uxore
3033 2324 3248 2380 vivente
3276 2324 3344 2379 ad
3373 2324 3543 2380 aliam
3575 2325 3826 2396 copulam

2224 2415 2550 2471 festinarunt
2589 2414 2964 2486 (Mattlt.'xtx)
2996 2433 3009 2468 :
3045 2415 3098 2469 in
3151 2423 3383 2481 tantum,
3433 2426 3497 2470 ut
3549 2417 3720 2472 etiam
3749 2417 3826 2472 Ine

2223 2519 2505 2575 personat,
2537 2505 2735 2577 quibus
2775 2505 2913 2562 tales
2954 2504 3258 2575 conjuncta:
3299 2515 3447 2572 sunt,
3483 2509 3826 2564 commisisse

2226 2601 2510 2656 videantur
2532 2597 2886 2654 adulterium.

2296 2691 2427 2747 Item
2446 2691 2611 2746 Felici
2627 2689 2934 2746 Nuceriano
2955 2692 3207 2764 episcopo
3227 2693 3666 2763 pnenominatus
3687 2707 3824 2762 papa

2225 2783 2386 2840 aliam
2411 2783 2628 2855 scripsit
2647 2784 2978 2842 decretalem
3023 2787 3304 2857 epistolam
3333 2787 3510 2859 (epist.
3538 2787 3622 2857 4),
3642 2788 3696 2840 in
3717 2803 3822 2856 qua

2222 2873 2272 2929 ei
2302 2873 2599 2943 indigentia
2627 2873 2951 2930 clericorum
2975 2877 3384 2946 querimoniam
3413 2875 3666 2942 facienti,
3699 2893 3821 2932 cum

2223 2962 2434 3032 aliquos
2485 2977 2704 3020 murcos
2748 2963 3034 3038 [mutilos],
3078 2963 3290 3036 aliquos
3336 2965 3589 3036 digamos
3618 2965 3819 3021 habere

2223 3055 2448 3122 diceret,
2477 3055 2784 3126 respondet,
2827 3057 2880 3112 1.
2921 3055 3094 3122 illum,
3136 3058 3228 3126 qui
3273 3056 3462 3114 volens
3491 3066 3709 3126 partem
3741 3056 3818 3110 di.

2140 3131 2186 3194 C
2217 3143 2312 3214 giti
2349 3144 2433 3202 sui
2462 3145 2787 3210 absciderit,
2813 3145 2970 3216 juxta
3001 3160 3240 3202 canones
3268 3161 3374 3202 non
3407 3160 3573 3216 posse
3599 3146 3814 3202 admitti

2215 3235 2284 3288 ad
2305 3235 2542 3301 clerum;
2589 3235 2740 3290 illum
2775 3250 2936 3301 vero,
2964 3237 3050 3293 cui
3079 3236 3262 3306 aliquo
3303 3251 3436 3291 casu
3477 3235 3739 3306 contigit,
3765 3243 3817 3288 et

2212 3327 2469 3384 clericum
2515 3328 2835 3400 fieriposse,
2867 3338 2923 3387 et
2964 3330 3245 3386 inventum
3289 3329 3452 3398 abjici
3495 3346 3604 3384 non
3653 3343 3815 3398 posse

2211 3421 2445 3476 asseruit
2468 3420 2617 3492 (dist.
2645 3421 2733 3487 55,
2767 3437 2819 3477 c.
2845 3421 2949 3488 Qui
2986 3423 3244 3492 partem);
3271 3422 3400 3491 quia
3423 3421 3478 3476 in
3509 3420 3604 3476 illo
3623 3421 3813 3475 volun-

2214 3522 2297 3569 tas
2322 3523 2406 3570 est
2427 3513 2701 3586 judicata,
2736 3517 2790 3571 in
2827 3516 2932 3571 isto
2974 3531 3107 3572 vero
3147 3529 3304 3572 casus
3334 3515 3554 3572 veniam
3585 3518 3808 3570 meruit.

2208 3605 2264 3660 2.
2303 3605 2557 3678 Digamos
2599 3616 2816 3674 autem,
2853 3607 2994 3663 sicut
3029 3615 3084 3662 et
3111 3607 3360 3677 superius
3407 3605 3678 3675 scriptum
3705 3618 3808 3672 est,

2207 3698 2431 3754 omnino
2445 3697 2774 3769 ahjiciendos
2795 3712 2916 3755 esse
2939 3696 3232 3752 mandavit.
3254 3695 3308 3752 '5.
3333 3697 3526 3753 Laicos
3546 3707 3732 3752 autem
3752 3697 3810 3751 il.

2209 3789 2289 3847 los
2310 3791 2458 3863 (dist.
2483 3791 2572 3860 51,
2597 3806 2648 3848 c.
2678 3791 3012 3864 Designata),
3027 3792 3094 3847 ad
3109 3791 3401 3848 clericatus
3422 3799 3629 3846 sortem
3651 3805 3810 3861 posse

2208 3881 2420 3937 admitti
2459 3896 2566 3937 non
2595 3883 2784 3948 vetuit,
2813 3883 2905 3953 qui
2940 3883 3018 3938 sic
3050 3899 3111 3939 se
3137 3891 3258 3953 post
3283 3881 3623 3952 baptismum
3651 3882 3806 3938 insli-

2208 3979 2452 4039 tuerunt,
2499 3982 2560 4027 ut
2595 3986 2784 4028 eorum
2812 3972 2996 4044 opinio
3024 3974 3078 4029 in
3107 3972 3254 4030 nullo
3283 3971 3526 4037 vaciliet,
3557 3983 3615 4028 et
3646 3973 3803 4028 cleri-

2206 4063 2287 4118 cis
2334 4077 2400 4118 ac
2447 4062 2729 4120 monachis
2782 4062 3134 4129 adhaeserint,
3182 4073 3239 4120 et
3295 4063 3670 4120 concubinam
3717 4071 3805 4120 aut

2205 4153 2454 4224 pellicem
2498 4169 2605 4208 non
2652 4155 2922 4218 noverint,
2952 4154 3087 4209 etin
3121 4153 3282 4210 bonis
3322 4154 3590 4225 operibus
3617 4154 3804 4226 vigila-

2205 4245 2339 4300 rint.
2361 4243 2485 4301 Illos
2513 4260 2640 4302 vero
2673 4245 2765 4316 qui
2816 4245 3023 4301 militiae
3049 4247 3383 4310 servierunt,
3408 4257 3508 4302 aut
3537 4248 3592 4302 in
3631 4263 3798 4304 sacu-

2205 4333 2406 4390 laribus
2431 4335 2610 4390 causis
2639 4333 2862 4406 agendis
2901 4335 3102 4391 versati
3128 4344 3280 4401 sunt,
3311 4345 3408 4391 aut
3446 4335 3800 4394 administra-

2202 4431 2350 4488 rnnt,
2372 4423 2726 4480 assumendos
2753 4439 2874 4480 esse
2892 4425 3190 4494 prohibuit.

2269 4515 2414 4570 Idem
2436 4516 2724 4586 praedictus
2745 4533 2882 4588 papa
2907 4519 2957 4572 in
2981 4516 3070 4572 illa
3090 4517 3340 4588 epistola,
3369 4532 3540 4588 quam
3565 4518 3798 4574 Maximo

2200 4619 2255 4667 et
2277 4610 2486 4667 Severo
2512 4612 2782 4685 episcopis
2810 4612 3104 4669 destinavit
3146 4614 3319 4684 (epist;
3368 4612 3450 4684 5),
3501 4611 3796 4684 jubetprr-

2199 4705 2449 4775 sbyteros
2486 4705 2626 4772 illos,
2671 4707 2764 4776 qui
2808 4706 2862 4761 in
2903 4706 3241 4778 presbyterio
3289 4706 3432 4764 ﬁlios
3475 4722 3796 4778 procreasse

2201 4796 2476 4863 dicuntur,
2528 4797 2728 4854 debere
2776 4797 2831 4852 in
2877 4799 3058 4854 medio
3101 4798 3394 4867 collocari,
3423 4799 3794 4870 discussisque

2199 4889 2593 4960 objectionibus
2618 4907 2740 4962 quae
2769 4891 2898 4961 ipsis
2951 4891 3288 4964 presbyteris
3313 4891 3722 4963 impinguntur,
3750 4891 3792 4946 si

2203 4982 2451 5038 convinci
2481 4991 2757 5054 poterunt,
2802 5001 2834 5039 a
2885 4984 3206 5041 sacerdotali
3246 4983 3424 5056 ofﬁcio
3473 4985 3790 5041 removeri:

2203 5074 2329 5144 quia
2371 5075 2464 5145 qui
2500 5075 2673 5130 sancti
2715 5089 2822 5132 non
2853 5084 3000 5141 sunt,
3036 5084 3225 5134 sancta
3255 5083 3499 5132 tractare
3529 5091 3645 5131 non
3673 5089 3794 5146 pos-

2201 5177 2328 5224 sunt
2391 5167 2539 5240 (dist.
2598 5169 2698 5232 8|,
2747 5183 2798 5224 c.
2852 5166 3296 5237 Maximitinnus).
3356 5167 3572 5222 Laudat
3635 5168 3793 5223 etiam

2204 5260 2258 5314 iu
2304 5261 2496 5314 eadem
2543 5258 2766 5323 laicum,
2819 5258 2912 5329 qui
2959 5273 2991 5314 a
3032 5259 3228 5315 talibus
3275 5257 3582 5314 Ecclesiam
3619 5258 3791 5332 pollui

2199 5365 2307 5406 non
2347 5352 2568 5423 patitur.

2270 5442 2416 5499 Idem
2438 5458 2580 5516 saepe
2599 5443 2774 5500 dictus
2795 5441 3061 5514 pontifex,
3080 5445 3140 5498 in
3163 5443 3390 5514 epistola
3410 5458 3583 5515 quam
3607 5445 3791 5516 Apulis

2198 5535 2492 5608 episcopis,
2537 5534 2854 5592 Macedonio
2895 5535 3150 5592 videlicet
3190 5545 3246 5591 et
3287 5535 3523 5594 Marino.
3575 5536 3789 5607 scripsit

2197 5628 2374 5699 (epist.
2401 5626 2457 5697 6)
2482 5668 2496 5693 ,
2525 5612 2822 5697 ιιι-ωορρίι,
2851 5627 2896 5692 si
2921 5628 3228 5683 constiterit
3269 5626 3528 5684 clericum
3555 5643 3660 5698 pro
3681 5627 3789 5682 suis

2199 5718 2516 5774 criminibus
2556 5719 2728 5789 egisse
2770 5720 3162 5788 paudtentiam,
3201 5721 3271 5774 ab
3307 5721 3458 5776 omni
3501 5720 3784 5776 derit-atus
