3948 5392
169 349 303 409 "97

950 346 1221 411 PSEUDO
1259 354 1681 413 LUITI‘IiANDI
1724 356 1854 413 LIII.
1902 352 1992 416 DE
2031 361 2209 420 νισι-18
2252 358 2418 422 ROM.
2458 358 2657 425 ΡΟΝΤ.

3292 365 3431 430 1198

161 471 342 526 oliicio
387 467 766 524 removendum
798 487 810 522 :
857 469 929 523 ita
969 470 1197 534 scilicet,
1241 471 1286 525 si
1323 480 1446 541 post
1481 472 1748 540 pmnitcn-
1775 472 1823 533 Α
1851 472 1980 541 piat,
2006 476 2147 542 quod
2170 477 2431 544 Bonosus,
2450 482 2740 548 antequam
2763 477 3133 546 damnaretur,
3153 481 3434 554 ordinasse

165 565 299 618 tiam
342 562 413 617 ad
458 560 718 631 majorem
761 564 988 634 gradum
1037 563 1260 620 tendere
1308 564 1518 619 nititur.
1587 561 1656 618 Et
1695 563 1751 618 in
1853 565 2221 631 cognoscitur.

159 657 356 712 eadem
403 657 580 726 arguit
616 655 936 727 episcopos,
985 655 1076 725 qui
1122 655 1248 708 dum
1290 663 1384 709 aut
1427 652 1616 710 amicis
1659 662 1754 709 aut

159 749 594 818 obsequentihus
635 748 864 818 gratiam
911 757 1172 818 praestare
1214 747 1483 812 nituntur,
1532 745 1751 818 religio-

163 856 290 896 nem
339 841 565 908 violant,
593 841 918 910 ordinesque
966 849 1351 910 corrumpunt;
1394 847 1450 893 et
1474 839 1554 893 sic
1576 839 1757 894 evenit

162 941 226 984 ut
267 931 473 1002 indigni
516 931 718 1001 quique
741 931 980 985 honores
1010 929 1309 998 suscipiant
1331 927 1754 991 ecclesiasticos,

161 1031 222 1074 et
255 1022 616 1076 admittantur
656 1020 994 1091 ad,cierum,
1031 1021 1124 1089 qui
1165 1033 1266 1075 nec
1301 1019 1445 1073 inter
1477 1017 1643 1073 laicos
1677 1017 1760 1074 di-

161 1127 332 1182 gnum
365 1112 541 1165 locum
571 1111 772 1169 habere
801 1119 1098 1165 merentur.

239 1222 377 1277 Item
421 1222 476 1277 in
519 1221 766 1292 epistola,
791 1235 952 1291 quam
981 1220 1249 1292 episc0pis
1271 1234 1368 1291 per
1389 1219 1757 1276 Macedoniam

163 1314 484 1368 constitutis
529 1311 750 1382 scripsit
797 1312 970 1384 (epist.
1019 1313 1111 1382 7),
1165 1311 1344 1366 dicit:
1395 1308 1515 1365 Non
1560 1320 1759 1380 oportet

163 1421 325 1474 grave
347 1405 515 1459 videri
535 1405 648 1473 (55,
673 1421 728 1475 q.
753 1404 810 1471 9,
834 1420 882 1460 c.
909 1403 1099 1475 Grave)
1124 1405 1481 1475 cujuscunque
1499 1403 1762 1475 judicium

166 1495 490 1560 retractari;
517 1495 644 1566 quia
673 1499 861 1549 veritas
887 1495 1157 1564 exagitata
1185 1495 1378 1565 saepius
1400 1495 1567 1564 magis
1591 1493 1765 1564 splen-

164 1587 332 1641 descit
360 1588 421 1642 in
446 1587 580 1653 luce,
606 1597 653 1641 et
674 1587 930 1659 pernicies
954 1597 1194 1641 revocata
1224 1588 1278 1641 in
1297 1586 1561 1657 judicium
1587 1588 1763 1640 acrius

164 1678 474 1748 poenitentia
518 1677 833 1750 [gravius'et
865 1677 977 1732 sine
1005 1676 1296 1749 paeniteat]
1341 1679 1762 1741 condemnatur;

163 1783 217 1824 et
246 1772 455 1841 {metus
485 1773 691 1826 divinus
720 1781 794 1826 est
814 1771 1076 1841 justitiam
1108 1771 1299 1839 swpius
1331 1771 1607 1826 recenseri.

240 1833 380 1916 Item
423 1861 478 1915 in
521 1859 646 1925 illa,
692 1833 856 1930 quam
896 1833 1212 1915 Florentino
1238 1855 1606 1915 Tiburtinensi
1653 1859 1766 1929 epi-
1796 1833 1841 1893 Β

167 1967 341 2021 scopo
383 1953 533 2008 misit
562 1953 734 2023 (epist.
765 1952 844 2022 8),
895 1953 1116 2007 mandat
1156 1954 1419 2008 terminos
1454 1968 1483 2007 a
1518 1951 1768 2008 Patribus

167 2045 500 2099 constitutos
536 2044 754 2098 transiri
800 2058 905 2099 non
941 2053 1232 2113 oportere:
1261 2045 1386 2114 quia
1415 2042 1567 2099 nefas
1592 2054 1694 2110 est,
1723 2045 1768 2099 si

165 2132 318 2200 quod
363 2131 501 2188 alter
537 2147 751 2204 semper
785 2134 1112 2203 possederit,
1161 2133 1297 2189 alter
1337 2134 1586 2199 invadat;
1627 2134 1768 2204 quod

172 2219 499 2288 prmdictum
525 2221 839 2291 episcopum
872 2231 1132 2278 memorat
1157 2220 1376 2289 fecisse,
1398 2222 1523 2293 quia
1550 2220 1770 2278 alterius

171 2306 500 2378 parochiam
526 2310 818 2366 invaserat.

246 2419 382 2476 Item
419 2422 472 2476 in
508 2422 734 2492 epistola
762 2423 941 2480 Probo
977 2425 1231 2495 episcopo
1256 2425 1461 2480 directa
1492 2425 1660 2497 (epist.
1689 2425 1768 2496 9),

162 2507 325 2577 jubet
367 2510 650 2568 mulierem
697 2513 763 2567 de
808 2514 1126 2583 captivitate
1163 2527 1438 2569 reversam
1469 2554 1484 2581 ,
1529 2514 1728 2569 marito
1755 2554 1769 2579 ,

171 2599 270 2669 qui
309 2597 421 2668 jam
457 2600 604 2656 aliud
635 2601 835 2657 inierat
871 2601 1200 2674 coniugium,
1229 2603 1440 2659 restitui
1468 2616 1483 2656 :
1515 2604 1640 2673 quia
1670 2603 1772 2659 ﬁde

170 2693 451 2748 catholica
496 2691 823 2764 sull‘ragante
865 2693 992 2750 illud
1035 2695 1228 2750 statuit
1268 2709 1389 2752 esse
1427 2694 1768 2767 conjugium,

167 2783 324 2854 quod
358 2794 476 2840 erat
502 2785 755 2856 primitus
781 2787 957 2857 gratia
998 2786 1182 2842 divina
1207 2787 1515 2854 fundatum,
1545 2801 1772 2843 conven-

169 2887 402 2945 tumque
429 2877 674 2933 mulieris
716 2878 964 2934 secundm
998 2879 1181 2950 priore
1222 2880 1512 2950 superstite
1563 2894 1663 2934 nec
1691 2879 1772 2933 di—

169 2964 356 3019 vortio
394 2963 592 3032 ejecta,
639 2966 786 3022 nullo
811 2968 972 3022 modo
995 2983 1155 3038 posse
1181 2981 1302 3026 esse
1326 2969 1627 3040 legitimum
1655 2968 1768 3041 (54,

165 3071 230 3126 q.
263 3057 284 3110 I
319 3068 375 3111 et
398 3057 456 3124 2,
484 3072 534 3113 c.
565 3057 693 3112 Cum
721 3059 818 3127 in).

248 3165 385 3221 Item
434 3167 487 3221 in
532 3167 623 3223 illa
650 3208 666 3234 ,
711 3183 874 3239 quam
912 3169 1134 3226 Aurelio
1171 3170 1607 3241 Carthaginiensi
1650 3171 1766 3242 epi-

169 3268 346 3323 sc0po
389 3257 610 3326 scripsit
635 3257 805 3327 (epist.
838 3258 950 3328 12),
994 3268 1256 3329 quantum
1297 3259 1512 3325 doleat,
1562 3273 1622 3315 se
1661 3274 1768 3315 non

169 3360 339 3414 posse
363 3347 672 3417 exprimere
707 3348 858 3414 dicit,
899 3351 1043 3419 quod
1068 3349 1387 3416 Ecclesiam,
1414 3360 1470 3406 et
1499 3350 1770 3421 praecipue

170 3435 488 3506 episcopos,
523 3444 669 3492 tanta
701 3439 1022 3508 indignitate
1061 3449 1117 3496 et
1152 3440 1401 3497 molestia
1436 3442 1659 3497 tractari
1695 3442 1770 3499 le-

169 3530 272 3593 gat
315 3531 371 3578 et
409 3524 612 3592 audiat,
655 3526 783 3581 dum
810 3526 968 3583 facile
1008 3543 1202 3585 manus
1241 3531 1612 3602 imponuntur,
1640 3531 1767 3586 dum

169 3616 520 3688 negligenter
559 3619 821 3678 sacerdos
873 3636 1118 3679 summus
1164 3622 1408 3693 eligitur,
1465 3632 1523 3680 et
1581 3623 1768 3679 clerici

171 3705 675 3764 ecclesiasticorum
721 3711 1036 3782 dogmatum
1076 3718 1260 3784 regula
1303 3714 1511 3778 nutriti,
1539 3715 1623 3770 vel
1668 3715 1766 3770 ho-

171 3799 381 3865 norati,
425 3800 567 3856 inter
608 3801 801 3856 altaria
836 3801 1036 3858 Christi
1061 3813 1406 3873 respuuntur,
1435 3806 1588 3874 quasi
1617 3805 1769 3861 nefas

172 3889 256 3943 sit
301 3889 369 3945 ad
414 3891 706 3962 primatum
753 3893 939 3949 venire
987 3907 1085 3964 per
1131 3895 1399 3951 ordinem.
1461 3894 1595 3950 Nam
1642 3912 1768 3952 cum

173 3981 306 4034 laici
350 3990 404 4036 et
443 3983 697 4038 monachi
739 3985 1096 4054 undecunque
1143 3985 1370 4056 abrupte
1414 3987 1482 4042 ad
1514 3988 1646 4042 tanti
1677 4003 1767 4044 sa-

171 4071 409 4126 cerdotii
448 4071 731 4144 collegium
776 4085 1147 4142 assumuntur,
1175 4077 1426 4133 videntur
1453 4089 1508 4135 et
1538 4079 1616 4135 illi
1641 4095 1770 4136 con-

173 4162 392 4228 temni,
446 4164 514 4219 de
559 4164 758 4234 quibus
794 4175 1111 4235 oportuerat
1151 4167 1316 4240 eligi;
1379 4178 1436 4225 et
1491 4170 1577 4226 isti
1629 4171 1768 4226 male

173 4253 503 4321 intromitti,
550 4257 642 4326 qui
689 4266 885 4326 praeter
933 4259 1175 4314 ordinem
1230 4261 1535 4332 irrumpunt
1591 4265 1769 4335 potius

168 4359 345 4415 quam
381 4345 667 4417 eligantur.

249 4461 383 4514 Item
408 4462 548 4516 idem
572 4463 912 4532 supradictus
937 4479 1075 4534 papa
1098 4464 1404 4522 Alexandro
1429 4468 1766 4524 Antiocheno

1926 652 2061 710 Item
2097 657 2289 712 scribit
2325 657 2592 715 universis
2635 659 2902 730 episcopis
2942 659 2995 714 in
3037 658 3308 718 Toletana
3352 671 3445 734 sy—

1855 744 1999 800 nodo
2037 745 2348 802 constitutis
2391 746 2566 818 (epist.
2594 747 2712 819 QI),
2758 757 2814 803 et
2852 748 3018 815 dicit,
3060 751 3204 820 quod
3246 752 3312 808 de
3348 767 3440 807 or-

1857 834 2222 890 dinationibus
2274 837 2343 892 ab
2387 837 2660 908 Hispaniae
2716 839 2986 909 episcopis
3046 840 3229 897 illicite
3286 841 3444 898 factis

1857 921 2036 979 fuerat
2075 924 2279 994 aliquid
2319 928 2614 982 secundum
2657 928 2922 998 majorum
2961 930 3304 986 traditionem
3331 940 3443 987 sta-

1860 1017 2138 1080 tuendum,
2180 1017 2282 1072 nisi
2325 1019 2682 1088 perpenderet
2723 1021 2846 1074 inde
2885 1021 2936 1074 in
2974 1020 3218 1076 ccclesiis
3254 1033 3443 1090 qnam-

1858 1104 2121 1174 plurimas
2161 1110 2600 1177 perturbationes
2644 1111 2955 1164 movendas.
3005 1111 3071 1164 Et
3113 1113 3446 1168 enumeratis

1861 1193 1990 1261 illis,
2037 1210 2158 1265 qua:
2199 1197 2385 1254 illicite
2421 1208 2571 1268 gesta
2620 1215 2742 1255 esse
2782 1210 3131 1272 cognoverat,
3173 1201 3450 1274 subjungit

1863 1284 1934 1339 ita
1959 1301 1975 1339 :
2011 1284 2142 1352 Qua:
2168 1288 2213 1340 si
2243 1288 2452 1358 singula
2480 1289 2806 1344 discutienda
2836 1291 3166 1356 mandemus,
3198 1307 3301 1345 non
3330 1307 3446 1345 mo-

1862 1375 2008 1430 dicos
2043 1385 2212 1430 motus
2251 1386 2343 1432 aut
2380 1378 2636 1432 scandala
2677 1377 3113 1448 Hispaniensibus
3146 1379 3450 1449 provinciis,

1862 1467 2051 1537 quibus
2081 1467 2277 1522 mederi
2307 1468 2566 1539 cupimus,
2596 1470 2660 1523 de
2687 1470 2861 1523 studio
2891 1469 3270 1524 emendationis
3296 1471 3451 1524 indu-

1865 1573 2061 1612 cemus.
2113 1556 2320 1613 Idcirco
2351 1559 2659 1613 remittenda
2687 1559 2797 1613 hac
2825 1560 2997 1626 potius
3025 1570 3290 1629 putamus.
3339 1557 3452 1614 Sed

1865 1649 2257 1719 providendum
2287 1664 2408 1706 esse
2436 1650 2740 1708 mandavit.
2771 1667 2839 1706 ne
2867 1649 3121 1721 deinceps
3153 1650 3273 1706 taiia
3303 1664 3455 1706 comi-

1869 1741 2175 1797 mittantur.

2292 1836 2470 1892 XLIII.
2505 1868 2579 1879 —
2617 1837 2676 1892 S.
2716 1831 3030 1894 ZOSIMUS.

2374 1929 2548 1998 (Anno
2577 1927 2774 1984 Christi
2803 1927 2953 2002 H7.)

1943 2017 2213 2086 Zosimus,
2247 2020 2462 2076 natione
2489 2021 2731 2088 Grzeeus,
2772 2037 2835 2078 ex
2881 2033 3033 2095 patre
3058 2023 3334 2091 Abramio,
3367 2026 3457 2082 sea

1871 2111 1950 2167 dit
1981 2126 2181 2167 annum
2213 2128 2413 2179 unum,
2457 2127 2673 2170 menses
2703 2124 2835 2182 tres,
2883 2115 3002 2172 dies
3030 2117 3299 2173 undecim.
3331 2102 3459 2200 ‘:IIic

1872 2204 2146 2260 ordinavit
2172 2205 2457 2275 episcopos
2486 2216 2628 2271 octo,
2665 2210 3012 2279 presbyteros
3040 2209 3247 2275 decem,
3280 2194 3464 2286 diago-

1872 2309 1972 2351 nos
1995 2304 2124 2352 tres.
2162 2295 2382 2352 Solutus
2405 2309 2486 2353 est
2507 2310 2686 2354 autem
2710 2301 2775 2355 de
2798 2302 3069 2371 ergastulo
3089 2274 3460 2380 corporis?!"

1872 2383 2101 2440 Kalend.
2132 2383 2397 2442 Januarii.
2455 2386 2555 2444 Hic
2583 2389 2868 2458 epistolam
2903 2387 3112 2448 Hesitio
3142 2377 3458 2464 [Hesychia]

1873 2471 2193 2532 Salonitano
2237 2478 2493 2549 episcopo
2538 2481 2756 2549 scripsit
2794 2481 2969 2552 (epist.
3001 2482 3088 2555 I),
3138 2468 3191 2538 id
3239 2476 3358 2560 qua
3390 2484 3463 2560 de

1873 2567 2175 2633 monachis,
2212 2581 2442 2637 quorum
2481 2571 2713 2626 solitudo
2741 2573 2931 2641 quavis
2961 2572 3263 2642 frequentia
3290 2558 3467 2643 major

1870 2663 1976 2720 est,
2002 2664 2056 2710 et
2078 2657 2144 2712 de
2165 2657 2322 2714 Iaicis
2341 2660 2406 2713 ad
2430 2661 2744 2731 episcopum
2777 2658 3155 2720 festinantibus
3181 2665 3436 2735 praecepit

1873 2759 1941 2798 ne
1970 2745 2090 2815 quis
2119 2761 2306 2802 eorum
2337 2758 2527 2804 contra
2568 2749 2788 2806 Patrum
2821 2763 3088 2824 prmcepta
3108 2793 3123 2819 ,
3165 2753 3256 2824 qui
3285 2753 3452 2810 eccle-

1870 2836 2108 2894 siasticis
2137 2838 2440 2910 disciplinis
2467 2855 2566 2912 per
2594 2844 2839 2899 ordinem
2870 2859 2976 2900 non
3005 2845 3194 2901 fuisset
3225 2845 3464 2901 imbutus

1869 2925 2020 2996 (dist.
2051 2926 2143 2993 56,
2173 2944 2220 2983 c.
2256 2927 2361 2994 Qui
2389 2929 2802 3003 ecclesiasticis),
2857 2941 2911 2987 et
2959 2934 3219 3004 temporis
3263 2948 3460 3005 appro-

1869 3017 2086 3074 batione
2124 3019 2322 3076 divinis
2360 3021 2642 3092 stipendiis
2681 3024 2752 3078 sit
2789 3025 3059 3092 eruditus,
3099 3024 3368 3083 ullatenus
3395 3025 3463 3082 ad

1867 3125 2137 3167 summum
2175 3111 2430 3168 Ecclesia:
2481 3114 2845 3171 sacerdotium
2885 3110 3126 3188 aspirare
3168 3131 3464 3189 praesume-

1794 3185 1841 3249 C
1873 3208 1986 3268 ret;
2022 3210 2077 3257 et
2107 3217 2212 3258 non
2239 3204 2414 3258 solum
2448 3205 2500 3259 in
2527 3219 2592 3260 eo
2617 3207 2843 3263 ambitio
2873 3185 3119 3264 ineliicax
3143 3185 3462 3272 haberetur,

1874 3306 2060 3345 verum
2103 3299 2158 3346 et
2194 3293 2536 3350 ordinatores
2563 3295 2703 3365 ejus,
2756 3306 2815 3350 ut
2859 3306 3114 3354 carerent
3152 3313 3217 3354 eo
3245 3299 3459 3362 ordine,

1871 3399 2031 3453 quem
2058 3384 2306 3439 ordinem
2338 3395 2529 3440 contra
2561 3399 2826 3457 praecepta
2859 3386 3077 3443 Patrum
3116 3389 3458 3445 crediderant

1871 3475 2302 3545 przesumendum
2330 3475 2479 3544 (dist.
2508 3478 2596 3542 59,
2623 3494 2674 3533 c.
2707 3478 2811 3544 Qui
2838 3479 3246 3552 ecclesiasticis).

2245 3569 2427 3624 XLIV.
2462 3599 2528 3610 ——
2557 3569 2615 3626 S.
2656 3571 3082 3628 BONIFACIUS.

2367 3663 2550 3734 (Auno
2590 3663 2784 3719 Christi
2822 3665 2970 3734 419.)

1940 3751 2268 3819 Bonifacius,
2286 3754 2506 3811 natione
2518 3754 2814 3821 Romanus,
2833 3769 2898 3810 ex
2920 3762 3072 3826 patre
3084 3755 3326 3812 iocunde
3343 3771 3466 3826 pre-

1869 3843 2107 3915 sbytero,
2131 3845 2272 3901 sedit
2292 3859 2466 3903 annos
2489 3853 2622 3913 tres,
2657 3861 2872 3902 menses
2897 3855 3042 3914 octo,
3080 3847 3198 3904 dies
3231 3856 3460 3916 septem.

1869 3935 1968 3990 Hic
1990 3935 2041 3990 in
2065 3937 2415 3994 contentione
2435 3950 2544 3992 una
2568 3937 2653 3994 die
2674 3953 2795 3993 cum
2817 3937 3026 3993 Euialio
3047 3939 3350 3994 ordinatur.
3396 3937 3466 3992 Et

1869 4024 1974 4081 fuit
1994 4027 2096 4083 ista
2113 4028 2377 4085 dissensio
2397 4027 2451 4083 in
2467 4027 2615 4084 clero
2629 4043 2846 4086 menses
2861 4039 3064 4100 septem
3092 4037 3147 4083 et
3179 4030 3295 4085 dies
3307 4029 3464 4099 quin-

1871 4117 2065 4173 decim.
2100 4117 2341 4174 Eulalius
2368 4134 2499 4175 vero
2522 4121 2809 4176 ordinatur
2837 4120 2892 4174 in
2923 4119 3151 4174 ecclesia
3190 4117 3461 4172 Constans

1872 4207 2101 4273 tiniana,
2132 4207 2442 4264 Bonifacius
2481 4208 2533 4262 in
2564 4207 2790 4263 basilica
2829 4202 2976 4260 Julii.
3009 4204 3245 4261 Placidia
3279 4215 3461 4259 autem

1868 4297 2130 4366 Augusta,
2173 4295 2720 4363 Ravennaejresidens
2767 4309 2889 4348 cum
2928 4294 3038 4348 filio
3073 4309 3172 4348 suo
3217 4294 3462 4365 Augusto

1871 4384 2263 4451 Valentiniano,
2298 4387 2525 4442 audiens
2559 4387 2681 4451 hoc,
2713 4389 2855 4456 quod
2891 4387 3075 4444 Roma:
3113 4386 3316 4444 factum
3348 4387 3462 4442 fue-

1872 4488 1975 4544 rat,
2007 4477 2245 4535 Honorio
2273 4479 2518 4551 Augusto
2559 4478 2844 4535 Mediolani
2887 4481 3095 4536 sedenti
3134 4480 3458 4536 notiticavit.

166 4550 429 4621 episcopo
469 4552 687 4622 scripsit
717 4555 886 4623 (epist.
920 4556 943 4609 I
979 4556 1052 4609 αι·
1083 4556 1177 4627 20)
1208 4567 1260 4610 ει
1309 4559 1549 4624 mandat,
1595 4567 1674 4623 ιιι,
1718 4559 1762 4614 Si
1793 4549 1843 4609 Ῑ)
1871 4567 2025 4624 Unde
2057 4577 2305 4640 uterque,
2351 4549 2517 4626 missa
2555 4570 2821 4640 imperiali
2870 4572 3214 4635 auctoritate,
3269 4572 3459 4626 ambos

168 4657 286 4695 una
334 4643 608 4710 provincia
647 4644 913 4714 imperiali
947 4645 1152 4714 judicio
1191 4645 1540 4716 dijudicatur,
1570 4659 1765 4704 metro-

164 4734 403 4805 politani
437 4744 617 4791 tamen
645 4737 880 4806 episcopi
906 4740 1197 4793 secundum
1235 4739 1525 4809 pristinum
1559 4756 1762 4796 morem

165 4826 579 4897 provinciarum
624 4828 962 4886 solummodo
1004 4841 1377 4887 numerentur.
1421 4832 1553 4889 Item
1585 4835 1635 4888 in
1667 4849 1761 4889 ea-

164 4919 298 4972 dem
341 4915 513 4970 eidem
558 4917 854 4986 prtecepit,
903 4935 970 4975 ne
1016 4921 1130 4992 ipse
1169 4921 1493 4978 Arianorum
1537 4924 1764 4979 clericos

161 5022 297 5062 cum
347 5008 633 5064 sacerdotii
681 5017 776 5060 aut
823 5010 1108 5067 ministerii
1153 5011 1453 5083 eujuspiatn
1502 5014 1766 5085 dignitate

159 5097 472 5167 suscipiat:
503 5097 782 5169 quoniam,
807 5103 1052 5169 quamvis
1083 5102 1344 5173 baptisma
1368 5118 1556 5161 eorum
1590 5113 1765 5160 ratum

157 5204 292 5245 esse
335 5189 708 5258 permittatur,
752 5203 859 5244 non
896 5180 1156 5260 Spiritum
1181 5202 1430 5250 sanctum
1466 5204 1646 5252 tamen
1672 5209 1766 5251 eos

160 5279 377 5326 lusi-ore
415 5292 531 5320 cum
571 5277 671 5328 iIIn
717 5276 1040 5324 hanlicmntn
1067 5282 1308 5324 linriimm
1331 5283 1608 5324 cncnnntni
1635 5283 1765 5325 illic.

1870 4661 1938 4718 de
1975 4661 2120 4718 Urbe
2149 4662 2343 4734 expelli
2379 4660 2680 4731 jusserunt.
2711 4663 2818 4718 sed
2844 4674 3030 4734 postea
3063 4656 3302 4719 Eulalius
3336 4677 3456 4717 om-

1869 4751 2000 4808 nino
2041 4752 2298 4822 expulsus
2339 4760 2441 4818 est,
2482 4762 2539 4809 et
2579 4754 2634 4807 in
2677 4752 3031 4825 Campaniam
3054 4754 3298 4819 missus;
3338 4754 3460 4808 ideo

1869 4843 1998 4912 quia
2042 4839 2282 4898 Sabbato
2318 4840 2542 4900 Pascha:
2570 4852 2758 4898 contra
2787 4844 3022 4901 edictum
3071 4831 3459 4914 imperatorum

1871 4933 2107 4990 uiliciqu
2157 4932 2430 5005 pontificis
2479 4935 2846 5005 praesumpsit,
2895 4951 2962 4994 eo
2991 4935 3134 5008 quod
3177 4928 3462 4990 ordinatus

1870 5022 2049 5082 fuerat
2082 5025 2137 5080 in
2185 5025 2412 5083 basilica
2458 5027 2949 5086 Constantiniana:
2982 5025 3293 5085 Bonifacius
3332 5031 3464 5083 vero

1868 5129 2143 5175 consensu
2189 5128 2245 5175 et
2276 5128 2552 5193 przecepto
2601 5118 2990 5186 imperatorum
3022 5122 3090 5176 '~in
3123 5117 3329 5174 Urbem
3381 5123 3467 5172 est

1870 5213 2200 5275 revocatus,
2255 5214 2310 5262 et
2363 5206 2420 5262 in
2472 5207 2600 5264 sede
2649 5205 2934 5265 stabilite-ri
2964 5203 3311 5266 constitutus.
3366 5207 3468 5274 llic

1867 5297 2147 5346 nrdinouit
2185 5297 2472 5346 ρηίερηηορ
2522 5295 2738 5334 irini-Ita
2787 5304 2904 5336 ene;
2935 5297 3308 5335 inmeiat-same
3348 5303 3467 5328 nm.-
