3948 5538
492 326 643 386 1199

1211 325 1500 416 Aruerat).
1539 323 1629 381 AD
1672 323 1845 381 s.-r:c.
1886 324 1979 409 Ix.
2019 354 2087 365 —

2191 323 2500 383 coronas
2533 323 2699 381 sum
2734 291 3032 380 lNCEllTl.

3632 321 3760 380 1390

506 452 594 496 tus
641 436 916 497 tnultoties
965 435 1225 506 judicium
1273 436 1711 506 sub;erl’ugerat,
1764 434 1905 490 intra
1965 449 2085 505 pro-
2114 436 2292 504 Aeris
2320 434 2537 505 (Ezeclt.
2590 438 2805 507 χχχιιι).
2855 436 2987 491 Item
3035 434 3305 506 prohibet,
3354 448 3423 487 ne
3454 433 3761 503 quemlibet,

504 533 744 588 vinciam
788 530 1058 603 synodum
1091 531 1486 602 aggregandam
1518 548 1530 584 :
1569 539 1646 594 ut,
1685 529 1730 584 si
1769 528 1858 584 ille
1898 516 2088 585 adesse

508 624 742 681 voluerit
793 638 1055 695 prmsens,
1110 622 1156 678 si
1202 620 1446 687 conlidit,
1495 622 1564 676 ab
1608 620 1822 692 objecta
1864 635 2088 691 respon-

507 705 672 777 deat';
722 712 766 768 si
814 710 1006 769 adesse
1052 709 1389 785 neglexerit,
1439 709 1752 765 dilationem
1811 709 2089 789 sententia:

506 804 575 858 de
601 802 847 857 absentia
879 818 986 857 non
1017 801 1259 857 lucretur
1285 819 1297 855 :
1329 802 1455 872 quia
1486 802 1833 857 manifestum
1856 811 1941 857 est
1962 816 2088 857 con-

500 883 646 950 ﬁteri
671 909 795 949 eum
821 892 889 949 de
913 894 1163 959 crimine,
1194 894 1285 964 qui
1319 894 1525 950 indulto
1563 903 1618 949 et
1643 893 1803 950 toties
1844 893 2088 966 delegato

496 984 705 1056 judicio
746 985 1009 1057 purgandi
1052 1001 1111 1041 se
1155 984 1431 1040 voluntate
1465 1000 1570 1040 non
1594 993 1793 1041 utetur.
1838 982 2087 1038 Praedicti

503 1090 656 1146 papae
720 1075 1075 1144 temporibus,
1126 1074 1241 1145 ipso
1289 1075 1663 1131 consentiente
1714 1083 1770 1129 et.
1811 1074 2086 1141 laudante,

498 1158 786 1223 Honorius
826 1154 1103 1238 Augustus
1148 1167 1214 1221 de
1259 1167 1644 1222 constitutione
1686 1165 1914 1221 Romani
1955 1180 2089 1236 pon-

504 1260 693 1327 tilicis,
720 1269 780 1315 ut
814 1258 933 1314 sine
969 1258 1267 1315 ambitione
1295 1257 1470 1323 ﬁeret,
1499 1257 1575 1313 ita
1616 1255 1868 1323 instituit,
1899 1256 2087 1312 dicens
2136 1286 2141 1293 ε

495 1352 597 1435 .(ln
649 1351 897 1421 rescripto
945 1351 1017 1405 ad
1056 1350 1268 1422 epist.i
1318 1347 1905 1422 Bonifacii):Denique
1952 1364 2089 1419 pra:-

502 1444 714 1498 dicante
750 1441 1072 1496 beatitudine
1102 1452 1215 1508 tua,
1247 1442 1303 1497 id
1338 1442 1408 1497 ad
1443 1451 1751 1497 cunctorum
1779 1440 2087 1495 clericorum

501 1537 745 1591 notitiam
773 1535 1008 1591 volumus
1034 1535 1324 1606 pervenire,
1349 1541 1431 1597 ut,
1461 1533 1505 1586 si
1528 1531 1655 1604 quid
1686 1531 1822 1602 forte
1848 1530 2088 1602 religioni

2188 527 2279 597 qui
2333 528 2718 584 ecclesiasticis
2764 528 3021 600 gradibus
3071 544 3168 598 per
3219 527 3469 582 ordinem
3530 539 3636 580 non
3672 525 3765 587 luit

2188 616 2436 696 initiatus
2483 616 2632 690 (dist.
2683 617 2775 683 59,
2821 632 2872 673 c.
2927 615 3262 688 Ordinatus),
3311 616 3380 670 ad
3430 614 3767 685 episcopatus

2188 707 2421 788 oﬂlcium
2461 708 2743 788 pervenire
2789 708 3094 779 patiantur;
3142 723 3243 763 nec
3278 707 3457 771 illum,
3489 706 3585 777 qui
3615 707 3765 777 virgi-

2188 816 2315 854 num
2357 784 2566 856 incestu
2608 784 2843 871 pollutus
2875 810 2995 856 esse
3036 801 3349 855 asseritur:
3392 809 3447 852 et
3490 797 3586 868 qui
3617 798 3766 855 talem

2187 894 2541 959 ordinaverit,
2575 893 2898 966 dignitatem
2946 894 3315 966 episcopatus,
3366 892 3517 948 sicut
3559 902 3616 946 et
3663 893 3769 960 ipse

2187 985 2490 1050 ordinatus,
2517 1000 2626 1040 non
2653 984 2941 1040 obtinebit.
2975 984 3105 1039 ltem
3128 984 3307 1055 jubet,
3342 992 3404 1038 nt
3438 997 3770 1052 unaquaque

2186 1074 2463 1146 provincia
2501 1091 2600 1130 suo
2641 1075 3054 1145 metropolitano
3088 1076 3159 1131 sit
3194 1084 3477 1139 contenta,
3513 1086 3570 1129 et
3616 1089 3770 1128 unus~

2187 1169 2417 1239 quisque
2445 1175 2737 1225 contentus
2777 1167 2883 1223 sibi
2918 1168 3193 1223 concessis
3235 1166 3511 1222 limitibus
3550 1167 3605 1220 in
3646 1164 3770 1220 alte-

2188 1258 2302 1314 rius
2343 1258 2625 1330 provincia
2677 1255 2816 1314 nibil
2860 1267 3153 1329 praesumat
3205 1273 3222 1311 :
3276 1272 3383 1312 nec
3431 1256 3676 1312 emeritis
3718 1259 3769 1311 in

2188 1348 2302 1405 suis
2345 1348 2592 1405 ecclesiis
2634 1348 2905 1420 peregrini
2932 1358 2987 1404 et
3022 1348 3267 1405 extranei
3297 1338 3769 1420 prmponanturad

2186 1438 2559 1494 exclusionem
2606 1453 2796 1494 eorum
2839 1439 2931 1510 qui
2976 1440 3115 1495 bene
3171 1440 3238 1495 de
3302 1454 3538 1495 suorum
3583 1437 3771 1494 civium

2184 1520 2499 1584 testimonio
2526 1536 2808 1583 merentur
2835 1526 2986 1599 (dist.
3016 1528 3104 1593 6i,
3138 1543 3187 1584 c.
3221 1526 3307 1583 Ne
3333 1528 3622 1600 emeritis).
3644 1524 3769 1582 Item
3801 1578 3807 1582 .

492 1641 627 1695 tum,
673 1628 812 1703 quod
859 1644 963 1684 non
1010 1639 1272 1700 optamus,
1323 1626 1556 1681 humana
1605 1636 1745 1681 sorte
1786 1626 2084 1697 contigerit,
2178 1613 2353 1685 jubet,
2386 1627 2446 1671 ut
2481 1616 2661 1673 nullus
2690 1616 2874 1672 invitis
2902 1618 3061 1673 detur
3088 1618 3380 1689 cpisc0pus
3417 1620 3496 1686 (c.
3537 1615 3773 1690 Nullus),

502 1722 671 1776 sciant
711 1714 891 1775 omnes
932 1720 998 1774 ab
1036 1718 1408 1774 ambitionibus
1442 1734 1552 1772 esse
1579 1717 1928 1789 cessandum;
1960 1717 2085 1772 etsi
2186 1706 2290 1762 niSi
2334 1706 2468 1762 Cleri
2530 1714 2586 1761 Cl
2636 1705 2812 1776 PICbiS
2860 1714 2915 1762 ει
2981 1706 3187 1761 ordinis
3232 1722 3548 1763 consensus
3596 1716 3651 1760 ei
3690 1708 3776 1760 d6-

500 1812 607 1866 duo
636 1822 821 1867 contra
856 1811 941 1888 fas
979 1811 1268 1868 temeritate
1312 1819 1545 1865 certante
1587 1809 1789 1881 fuerint
1833 1809 2085 1874 ordinati,
2120 1799 2163 1858 Β
2191 1800 2451 1857 siderium
2500 1798 2842 1870 inquiratur:
2888 1807 3015 1854 tunc
3058 1799 3194 1888 alter
3233 1798 3304 1855 de
3346 1799 3525 1854 altera
3553 1798 3777 1870 eligatur

500 1900 706 1957 nullum
728 1918 794 1956 ea:
816 1902 898 1956 his
924 1900 1165 1971 futurum
1184 1902 1394 1971 penitus
1423 1899 1743 1955 sacerdotem
1768 1911 1788 1951 :
1814 1898 1904 1953 sed
1933 1898 2082 1953 illum

501 1991 674 2045 solum
700 1993 757 2046 in
787 1992 908 2047 sede
935 1990 1225 2063 apostolica
1258 2007 1685 2061 permansurum,
1716 2007 1868 2061 quem
1899 2006 1964 2045 ea:
1988 2006 2087 2045 nu-

498 2102 644 2140 mero
668 2072 984 2140 clericorum
1015 2101 1147 2139 nova
1177 2084 1508 2139 ordinatione
1534 2083 1770 2138 divinum
1796 2083 2084 2154 judicium,

499 2185 549 2229 et
586 2165 941 2230 universitatis
971 2192 1255 2230 consensus
1283 2175 1517 2247 elegerit.
1550 2173 1648 2230 llic
1676 2175 1843 2230 etiam
1885 2175 2088 2231 consti-

501 2266 626 2333 tuit,
659 2275 719 2322 ut
748 2265 893 2322 nulla
932 2266 1134 2322 femina
1164 2277 1259 2322 aut
1285 2266 1547 2322 monaclia
1574 2265 1775 2337 pallam
1817 2273 2085 2322 sacratam

503 2357 869 2429 contingeret,
920 2365 1014 2412 aut
1049 2356 1279 2422 lavaret,
1311 2365 1405 2412 aut
1445 2356 1727 2434 incensum
1762 2370 1862 2426 per
1910 2356 2085 2412 eccle-

426 2512 429 2515 λ
501 2448 667 2516 siam,
711 2449 821 2505 nisi
852 2448 1110 2515 ministri,
1143 2455 1403 2519 portaret.
1457 2446 1743 2503 Probibuit
1786 2447 1977 2514 etiam,
2019 2462 2088 2503 ne

503 2556 719 2611 servus,
745 2548 840 2598 aut
884 2528 1048 2596 curiae
1075 2539 1364 2606 obnoxius,
1395 2537 1628 2597 clericus
1660 2538 1834 2596 ﬁeret.

864 2630 1020 2687 XLV.
1047 2661 1118 2671 —
1151 2629 1209 2688 S.
1248 2628 1729 2688 C(ELESTINUS.

1003 2723 1179 2798 (Auno
1221 2723 1416 2780 Christi
1445 2722 1598 2796 425.)

575 2815 924 2883 Ctelestinus,
969 2814 1189 2872 natione
1228 2813 1527 2881 Romanus,
1568 2830 1634 2871 ex
1677 2821 1834 2885 patre
1878 2813 2087 2882 Prisco,

500 2910 641 2966 sedit
696 2923 869 2966 annos
912 2920 1057 2974 oeto,
1104 2923 1322 2964 menses
1366 2906 1575 2974 decem,
1624 2907 1742 2963 dies
1783 2908 2091 2979 septemde-

499 3001 629 3059 cim.
691 2999 795 3056 llic
856 2998 1127 3055 ordinavit
1195 2998 1482 3070 cpiscOpos
1546 2998 1903 3071 quadraginta
1967 3014 2086 3066 sex,

497 3093 846 3165 presbyteros
913 3091 1129 3162 triginta
1187 3090 1323 3147 duos
1350 3130 1367 3158 ,
1428 3091 1684 3148 diaconos
1754 3090 2084 3147 duodecim:

2191 1888 2448 1954 ecclesia,
2467 1888 2514 1944 si
2541 1888 2610 1943 de
2630 1888 2870 1944 civitatis
2898 1888 3068 1959 ipsius
3092 1886 3330 1955 clericis,
3360 1889 3454 1943 cui
3478 1898 3565 1945 est
3585 1889 3778 1960 episeo-

2189 1996 2291 2053 pus
2336 1977 2917 2059 ordinandus,lnullns
2962 1979 3155 2050 dignus
3202 1978 3372 2050 (quod
3411 1980 3644 2035 evenire
3678 1993 3777 2033 non

2189 2072 2485 2145 credimus)
2531 2070 2772 2143 potuerit
2813 2071 3066 2127 inveniri.
3118 2066 3364 2125 Primum
3415 2069 3562 2125 enim
3600 2068 3679 2123 illi
3706 2085 3779 2122 re-

2188 2163 2445 2233 probandi
2497 2173 2653 2233 sunt,
2704 2174 2759 2219 ut
2794 2164 2963 2237 aliqui
2999 2163 3065 2220 de
3108 2164 3297 2219 alienis
3337 2163 3556 2220 clericis
3604 2164 3777 2218 merito

2187 2254 2543 2326 prwferantur
2567 2296 2582 2324 ,
2634 2256 2921 2328 habeatque
2970 2257 3327 2328 unusquisque
3395 2271 3515 2310 sum
3587 2254 3777 2308 militis

2189 2348 2419 2416 fructum
2463 2346 2519 2400 in
2558 2345 2797 2413 ecclesia,
2826 2348 2880 2401 in
2916 2362 3019 2417 qua
3048 2346 3201 2401 suam
3242 2363 3338 2415 per
3371 2344 3565 2415 ofﬁcia
3612 2344 3777 2398 omnis

2189 2422 2443 2508 transegit.
2468 2446 2691 2493 (etatem.
2724 2435 2803 2491 Sit
2834 2435 3063 2507 facultas
3088 2435 3292 2491 clericis
3323 2433 3619 2500 renitendi,
3654 2433 3700 2489 si
3728 2451 3777 2487 se

2190 2528 2412 2585 viderint
2433 2529 2754 2600 pra’gravari
2768 2546 2789 2596 ;
2811 2537 2867 2584 et
2885 2543 3022 2599 quos
3042 2528 3142 2584 sibi
3173 2528 3341 2599 ingeri
3370 2543 3440 2583 ex
3473 2538 3777 2583 transverso

2190 2618 2562 2689 cognoverint,
2592 2635 2696 2675 non
2729 2620 2953 2695 timeant
2995 2618 3253 2675 refutare.
3283 2618 3344 2673 ln
3376 2619 3578 2674 eadem
3622 2618 3776 2672 etiam

2187 2709 2365 2781 jubet,
2400 2718 2458 2764 ut
2489 2711 2558 2766 ab
2596 2709 2795 2765 illicitis
2827 2709 3164 2768 abstineatur
3191 2707 3665 2772 ordinationibus,
3706 2708 3778 2762 ita

2179 2801 2417 2858 ‘dicens‘:
2456 2800 2653 2857 Nullus
2680 2818 2746 2857 ea:
2773 2802 2944 2867 laicis,
2974 2800 3152 2856 nullus
3179 2802 3453 2873 digamus,
3483 2801 3665 2856 nullus
3693 2803 3779 2870 qui

2190 2893 2259 2949 sit
2293 2903 2384 2949 aut
2417 2893 2574 2963 fuerit
2608 2893 2777 2949 viduae
2803 2893 3050 2960 maritus,
3087 2892 3385 2956 ordinetur,
3429 2893 3527 2947 sed
3571 2894 3779 2961 ἐπερη-

2190 2970 2459 3041 hensibilis
2488 3026 2502 3050 ,
2549 2995 2597 3040 et
2630 2985 2837 3056 qualem
2879 2983 3028 3056 elegit
3065 2983 3340 3054 apostolus
3378 2982 3442 3055 (1
3488 2981 3630 3038 Tim.
3666 2984 3776 3049 ut}.

2191 3074 2265 3145 Et
2288 3075 2514 3131 inferius
2542 3075 2674 3130 dicit
2704 3092 2717 3128 :
2749 3073 2816 3129 Et
2855 3075 2901 3129 si
2929 3092 3048 3145 qua:
3073 3084 3193 3128 sunt
3231 3072 3396 3143 facta:
3426 3073 3777 3128 ordinationes

502 3142 756 3259 rrnigraavit
825 3142 1013 3242 autem,
1067 3185 1135 3241 ad
1177 3183 1454 3241 Christum
1522 3201 1618 3240 vttt
1682 3183 1807 3241 Idus
1859 3181 2081 3255 Aprilis.

2191 3142 2427 3232 illicitat,
2476 3166 2854 3239 remoueantur,
2899 3164 3147 3234 quoniam
3185 3170 3334 3218 stare
3384 3178 3497 3217 non
3548 3169 3775 3234 possunt,

500 3275 601 3332 llic
628 3276 925 3333 Gallicanis
951 3275 1221 3346 episcopis
1253 3274 1539 3347 epistolam
1568 3275 1766 3331 direxit
1797 3276 1969 3347 (epist.
2003 3274 2083 3346 4),

496 3366 555 3420 in
594 3380 701 3436 qua
733 3374 919 3421 monet
950 3379 1066 3431 eos,
1118 3374 1178 3420 ut
1223 3366 1574 3437 presbyteros
1618 3365 1761 3431 illos,
1806 3365 1900 3435 qui
1944 3364 2086 3420 indi-

500 3454 817 3524 sciplinatas
859 3454 1188 3526 quaestiones
1236 3454 1291 3510 in
1337 3453 1577 3509 medium
1624 3451 1967 3522 aﬂ‘erebant,
2031 3462 2089 3509 et

492 3545 716 3601 veritati
773 3544 1119 3602 adversantia
1178 3545 1583 3616 prtedicabant,
1631 3553 1686 3601 et
1732 3544 2086 3602 ecclesiarum

500 3635 830 3691 dissensioni
871 3635 1186 3702 studebant,
1230 3635 1548 3706 corripiant,
1579 3642 1636 3691 et
1673 3649 1778 3690 non
1814 3633 2089 3705 patiantur

493 3739 597 3796 eos
620 3724 823 3780 habere
846 3724 1086 3781 liberum
1123 3740 1222 3796 pro
1262 3724 1538 3782 voluntate
1583 3739 1930 3781 sermonem:
1961 3723 2088 3795 quia

503 3832 611 3873 non
659 3816 821 3872 debet
876 3817 1175 3888 discipulus
1219 3817 1288 3873 ad
1340 3818 1624 3889 doctorum
1675 3816 1932 3887 injuriam
1984 3815 2088 3873 sibi

498 3907 782 3964 vindicare
823 3907 1148 3962 doctrinam.
1190 3908 1339 3963 Idem
1381 3907 1514 3964 dicit
1569 3918 1629 3964 ut
1673 3908 1910 3980 episcopi
1952 3923 2090 3980 prte-

500 4000 678 4057 dictos
736 3997 1086 4071 presbyteros
1136 3998 1266 4053 talia
1327 3998 1508 4069 eloqui
1557 4015 1663 4054 non
1706 4000 2028 4070 permittant
2069 4017 2085 4055 :

502 4089 629 4161 guia
658 4090 715 4144 in
745 4089 943 4145 talibus
992 4089 1169 4145 causis
1212 4106 1316 4144 non
1348 4100 1495 4145 caret
1541 4091 1873 4145 taciturnitas
1914 4092 2075 4162 suspiv

497 4184 670 4252 cione,
708 4183 835 4254 quia
865 4193 1167 4249 ,occurreret
1205 4183 1417 4249 veritas,
1448 4182 1495 4238 si
1532 4181 1744 4253 falsitas
1770 4181 2086 4253 displiceret.

501 4271 692 4328 Merito
720 4290 965 4349 namque,
994 4272 1192 4345 inquit,
1221 4289 1383 4329 causa
1419 4289 1514 4329 nos
1544 4272 1775 4345 respicit,
1805 4273 1851 4329 si
1880 4272 2088 4329 silentio

498 4362 768 4444 faveamus
809 4364 1000 4419 errori.
1053 4436 1059 4441 Ι
1540 4433 1544 4437 ι

504 4529 513 4537 .
568 4455 704 4511 ltem
748 4457 1017 4528 episcopis
1051 4472 1149 4529 per
1178 4457 1543 4515 Viennensem
1590 4464 1646 4515 et
1679 4456 2085 4515 Narbonensem

500 4547 835 4619 provinciam
887 4550 1197 4624 constitutis
1244 4550 1408 4606 aliam
1453 4549 1744 4607 destinavit
1800 4549 2083 4622 epistolam

501 4638 679 4710 (epist.
707 4639 787 4712 2),
833 4640 889 4695 in
919 4652 1025 4712 Qua
1068 4641 1312 4706 mandat,
1357 4655 1426 4696 ne
1455 4640 1593 4695 ultra
1623 4639 1892 4711 quoslibet
1930 4638 2083 4694 illum

501 4745 710 4788 morem
740 4731 1025 4802 patiantur
1071 4728 1325 4796 scrvare,
1372 4730 1657 4795 videlicet,
1705 4738 1766 4783 ut
1801 4730 2085 4785 credentes

500 4836 561 4877 se
596 4828 811 4878 sanctae
856 4820 1158 4892 Scriptum
1201 4820 1361 4877 ﬁdem
1407 4834 1513 4875 non
1552 4834 1648 4891 per
1678 4817 1962 4888 Spiritum,
1989 4818 2084 4874 sed

497 4926 601 4982 per
644 4895 884 4968 litteram
925 4911 1314 4983 completuros,
1349 4918 1496 4965 stent
1545 4910 1599 4964 in
1647 4908 1875 4965 ecclesia
1921 4907 2083 4980 pallio

499 5002 703 5068 amicti,
740 5011 795 5058 et
830 5002 1045 5059 lumbos
1081 5001 1334 5068 accincti,
1360 5001 1503 5056 sicut
1541 4999 1794 5056 lucernas
1833 5000 2087 5056 ardentes

503 5080 881 5151 cumrbaculo
913 5093 968 5148 in
1005 5080 1259 5149 manibus
1296 5107 1404 5148 non
1450 5099 1681 5147 tenent:
1730 5090 1894 5163 rudes
1940 5091 2085 5146 enim

504 5180 742 5236 ﬁdelium
790 5172 1002 5240 mentes
1041 5184 1109 5239 ad
1156 5181 1282 5239 talia
1322 5197 1429 5239 non
1467 5181 1665 5238 debent
1706 5181 1909 5237 induci.
1950 5181 2085 5237 ltem

506 5271 562 5325 in
588 5272 775 5327 eadem
802 5274 957 5345 jubet
983 5274 1239 5351 neoalicui
1269 5275 1323 5331 in
1352 5274 1543 5330 ultimo
1575 5273 1873 5345 postulanti
1909 5272 2087 5344 paeni-

506 5359 678 5414 tentia
705 5361 1000 5431 denegetur
1026 5365 1140 5436 (26,
1167 5381 1220 5435 q.
1241 5366 1297 5432 6,
1322 5381 1375 5422 c.
1402 5364 1773 5438 Agnouimus);
1803 5364 1931 5434 quia
1953 5378 2082 5419 vera

511 5450 581 5505 ad
603 5448 891 5504 Ῐδοῐηίηιιπι
927 5458 1205 5506 "inversi"
1238 5457 1293 5500 ἶι·
1320 5456 1527 5512 ιιηιιὶιῐιίε
1569 5457 1870 5508 nnsitnrnm
1902 5466 2085 5504 manu!

2187 3275 2282 3314 nec
2306 3257 2689 3313 discussionem
2717 3267 2948 3313 nostram
2978 3252 3363 3329 subterfugere.

2255 3350 2387 3406 Item
2415 3348 2708 3423 prazdictus
2730 3364 2870 3422 papa
2901 3348 3170 3404 universis
3199 3348 3484 3418 episcopis
3520 3362 3621 3418 per
3645 3346 3776 3416 Apo-

2186 3441 2314 3498 liam
2345 3451 2401 3497 et
2426 3440 2731 3497 Calabriam
2782 3440 3090 3496 constitutis
3144 3439 3445 3510 epistolam
3501 3439 3778 3495 destinavit

2188 3532 2477 3608 (epist.'5),
2509 3534 2563 3588 in
2595 3528 2705 3604 qua
2756 3532 3042 3604 praecepit,
3076 3544 3142 3585 ne
3194 3530 3290 3585 ulli
3332 3530 3620 3586 sacerdoti
3663 3543 3778 3585 suos

2186 3624 2618 3681 canones‘liceat
2642 3623 2891 3695 ignorare
2913 3620 3059 3694 (dist.
3089 3612 3246 3687 58,c.
3280 3619 3444 3674 Nulli
3448 3624 3492 3689 J',
3516 3635 3622 3676 nec
3645 3618 3779 3690 quid-

2186 3732 2349 3788 quam
2381 3715 2560 3773 l'acere
2606 3716 2750 3786 quod
2801 3715 3023 3771 Patrum
3075 3713 3248 3784 possit
3292 3713 3508 3784 regulis
3550 3713 3775 3768 obviare.

2185 3807 2343 3873 item,
2368 3823 2436 3863 ne
2455 3809 2576 3878 quis
2600 3808 2796 3862 laioum
2821 3805 2889 3862 ad
2912 3806 3155 3861 ordinem
3183 3804 3489 3859 clericatus
3518 3803 3773 3860 admittat.

2186 3896 2343 3963 Item,
2374 3897 2516 3968 quod
2543 3896 2772 3968 populus
2802 3896 2872 3952 sit
2898 3896 3172 3951 docendus
3201 3894 3353 3966 (dist.
3388 3892 3488 3959 69.,
3514 3910 3569 3948 c.
3604 3893 3780 3948 Docen-

2188 3987 2332 4059 dus),
2354 4003 2461 4044 non
2490 3982 2819 4058 sequendus,
2848 3999 3069 4056 eosque,
3093 3985 3140 4040 si
3166 3986 3425 4040 nesciunt
3450 3982 3586 4054 quid
3611 3984 3777 4044 liceat,

2188 4076 2566 4149 quidve‘non,
2599 4094 2698 4134 nos
2736 4091 3104 4142 commonere,
3156 4092 3262 4133 nec
3320 4075 3410 4131 bis
3462 4086 3776 4131 consensum

2188 4170 2432 4242 praebere
2459 4169 2719 4226 debemus
2748 4188 2762 4224 ε
2801 4168 3049 4240 Quisquis
3077 4184 3193 4223 vero
3223 4177 3454 4222 conatus
3490 4167 3654 4236 fuerit
3675 4175 3776 4218 tcu-

2188 4272 2301 4316 tare
2320 4260 2599 4332 prohibita,
2620 4261 2804 4315 sentiet
2830 4276 3102 4316 censuram
3142 4259 3286 4314 sedis
3333 4248 3650 4329 apostolica!
3687 4256 3776 4309 ati-

2190 4354 2330 4407 nime
2352 4352 2676 4422 defuturam.
2705 4350 2873 4419 Quem
2895 4352 3032 4406 enim
3058 4350 3173 4406 sola
3193 4349 3585 4405 admonitionis
3611 4358 3775 4402 aucte-

2192 4444 2345 4499 ritate
2366 4460 2469 4499 non
2497 4443 2831 4516 corrigimus,
2872 4459 3078 4499 necesse
3120 4452 3196 4499 est
3241 4452 3297 4497 ut
3336 4459 3436 4512 per
3463 4444 3772 4499 severitatem

2114 4514 2164 4575 ί)
2189 4546 2554 4610 congruentem
2584 4536 2776 4608 regulis
2799 4536 3136 4591 uindicemus.

2587 4626 2772 4684 XLVI.
2809 4657 2881 4667 —
2918 4624 3268 4682 S.‘SIXTUS
3295 4625 3383 4681 lll.

2678 4718 2851 4790 (Anno
2895 4716 3090 4773 Christi
3131 4716 3282 4788 452.)

2263 4810 2450 4867 Sixtus
2478 4810 2687 4878 tertius,
2721 4810 2941 4866 natione
2970 4809 3267 4875 Romanus,
3299 4824 3369 4865 ex
3400 4818 3564 4878 patre
3604 4808 3771 4871 Sixto,

2190 4902 2330 4959 sedit
2351 4915 2523 4957 armos
2542 4909 2922 4969 octo,menses
2951 4908 3092 4967 octo,
3123 4900 3238 4955 dies
3265 4898 3774 4955 novemdccimJlic

2191 4993 2463 5049 ordinavit
2488 4993 2769 5063 episcopos
2796 4992 3188 5064 quinquaginta
3224 4993 3387 5059 duos,
3432 4994 3772 5064 presbyteros

2190 5085 2516 5149 octodecim,
2546 5084 2805 5141 diaconos
2842 5084 3145 5155 duodecim.
3198 5083 3322 5150 Hic,
3372 5085 3503 5155 quia
3549 5082 3773 5154 Ερίιιὶιαε

2189 5174 2338 5229 nimn
2387 5172 2677 5244 quemdam
2739 5173 2973 5233 nobilem
3024 5185 3073 5240 ι,
3099 5188 3263 5244 queui
3292 5174 3496 5231 Bassus
3521 5172 3770 5230 excursa!

2188 5263 2520 5335 ingenuitate
2565 5273 2621 5322 et
2667 5265 2884 5336 praediis
2929 5266 3164 5337 prepriis
3213 5268 3435 5335 privare
3484 5267 3767 5326 nitebatur,

2188 5354 2331 5425 apud
2356 5352 2787 5411 Valentinianum
2809 5356 3105 5426 Augustum
3135 5355 3272 5410 adeo
3285 5354 3454 5424 juvit,
3479 5366 3539 5409 ut
3564 5364 3769 5408 utrum-

2190 5463 2293 5502 oue
2319 5444 2437 5502 eius
2471 5447 2712 5504 munitus
2736 5443 3097 5506 chima‘rsnbo
3124 5446 3410 5515 retineret,
3446 5461 3478 5500 a
3516 5446 3768 5512 pernitiem
