3992 6306
228 418 355 480 F20!

1009 437 1280 497 PSEUDO
1318 439 1738 500 LUITPRANDI
1779 445 1905 501 LIB.
1949 447 2034 504 DF
2079 453 2262 512 VlTIS
2301 457 2469 514 ΗΘΜ.
2511 459 2707 516 ΡΟΝΤ.

3353 476 3372 527 1
3385 475 3492 531 “20?.

225 557 406 596 manat
432 542 688 601 Ecclesia:
714 547 957 615 dederat,
986 553 1128 623 apud
1153 555 1452 627 Augustum
1475 556 1804 614 Valentinia—
1837 565 1875 623 Α
1909 579 2004 633 per
2027 566 2401 640 Campaniam,
2432 581 2486 628 ct
2517 575 2568 629 iit
2601 577 2872 634 universis
2902 583 3194 648 provinciis
3216 590 3487 643 constitu-

218 647 353 685 nuut
377 643 686 699 accusatus,
724 637 864 706 quod
891 639 1297 714 Chrysogonam
1340 649 1628 718 quamdam
1671 669 1802 708 con-

217 733 490 779 secratam
543 736 885 799 stuprasset:
931 744 988 789 et
1019 745 1223 792 tantum
1262 741 1387 797 inde
1420 745 1696 814 Augustus
1747 759 1804 804 et

215 823 400 869 ntater
433 816 551 884 ejus
576 821 788 875 accensi
826 834 970 890 sunt,
1019 836 1078 880 ut
1121 843 1150 882 a
1196 833 1486 900 supradicti
1517 819 1802 906 pontificis

213 908 620 978 communione,
645 919 700 966 et
726 928 918 984 magna
949 932 1074 986 pars
1102 922 1283 990 populi
1319 940 1441 979 cum
1482 928 1562 983 eis
1593 945 1652 985 se
1678 922 1800 987 sus?

212 999 536 1066 penderent.
568 1001 906 1076 Quapropter
933 1010 1344 1074 Valentinianus
1366 1018 1640 1092 Augustus
1665 1040 1802 1095 prat—

209 1085 346 1141 dicti
369 1091 639 1157 pontiﬁcis
658 1099 977 1155 auctoritate
997 1099 1259 1172 synodum
1280 1085 1596 1182 congregari
1611 1085 1797 1182 jussit,

211 1173 270 1229 in
317 1193 444 1246 qua,
504 1181 628 1238 licet
658 1185 816 1241 aliter
856 1191 1084 1247 evadere
1129 1207 1332 1262 posset,
1384 1199 1571 1272 fugere
1615 1203 1802 1261 volens

209 1271 597 1340 suspicionem,
631 1292 816 1333 coram
858 1283 1251 1357 quinquaginta
1301 1304 1392 1345 sex
1430 1271 1697 1364 episcopis
1742 1310 1802 1352 se

207 1364 552 1432 expuit-gavit.
593 1367 703 1423 Nec
732 1369 852 1425 ideo
879 1388 936 1429 se
973 1381 1313 1449 expurgavit,
1346 1383 1442 1437 sed
1476 1393 1534 1438 ttt
1559 1385 1681 1441 aliis
1703 1403 1801 1458 per

207 1449 338 1514 hoc,
357 1453 446 1521 qui
479 1455 771 1525 noluerint,
799 1460 1026 1519 formam
1053 1477 1106 1522 et
1133 1471 1438 1541 exemplum
1466 1474 1648 1543 daret;
1675 1449 1798 1534 cum

204 1555 274 1594 ex
299 1543 500 1612 scripto
513 1548 767 1603 etordine
781 1554 1023 1622 synodali
1051 1569 1280 1626 constet,
1299 1561 1446 1618 illum
1473 1565 1671 1623 debere
1693 1569 1801 1624 cri-

206 1645 335 1685 men
372 1635 626 1703 probare,
654 1640 744 1710 qui
775 1641 979 1711 objicit,
1001 1655 1057 1701 et
1085 1650 1176 1718 qui
1210 1667 1314 1706 non
1341 1642 1621 1722 probanda
1645 1658 1800 1714 detu-

203 1721 653 1794 lerit,jacturam
687 1747 745 1786 se
776 1736 1048 1794 sustinere
1093 1721 1378 1814 intelligat.
1425 1746 1622 1804 Bassus
1671 1767 1800 1807 vero

203 1826 236 1866 a
266 1815 521 1884 prmdicta
548 1822 758 1889 synodo
795 1834 876 1880 est
908 1827 1217 1896 damnatus,
1246 1841 1299 1888 et
1341 1848 1372 1888 a
1417 1834 1798 1898 Valentiniano

201 1903 448 1974 Augusto
474 1912 832 1982 proscriptus.

213 1997 216 2000 ’
277 1995 377 2054 llic
398 1997 765 2060 Orientalibus
793 2007 1060 2082 episcopis
1082 2012 1278 2070 direxit
1302 2017 1585 2086 epistolam
1615 2021 1787 2093 (epist.

202 2085 308 2157 1),
340 2089 399 2184 in
437 2105 544 2161 qua
590 2095 671 2150 eis
719 2099 994 2166 rescribit,
1037 2119 1065 2158 a
1099 2119 1206 2174 quo
1237 2117 1292 2160 et
1328 2085 1564 2178 qualiter
1595 2085 1793 2184 priedi-

199 2188 355 2234 ctum
379 2180 621 2255 jurgium
651 2198 842 2244 contra
871 2206 994 2247 eum
1043 2194 1116 2250 sit
1164 2198 1483 2266 excitatum,
1511 2212 1566 2258 et
1596 2180 1703 2274 quo
1737 2214 1792 2260 et

194 2271 349 2341 quali
388 2271 493 2349 fine
518 2275 588 2348 sit
629 2281 1016 2350 terminatum;
1072 2281 1334 2357 adjiciens
1365 2292 1415 2347 in
1445 2271 1634 2350 eadem
1678 2298 1792 2366 epi-

197 2363 337 2416 stola
367 2365 556 2431 multa,
587 2369 782 2438 quibus
811 2373 1051 2445 episcopi
1094 2379 1160 2434 de
1211 2381 1419 2452 reliquo
1463 2387 1653 2442 muniti
1710 2363 1788 2442 itt-

188 2449 371 2519 justas
391 2457 760 2524 oppositiones
787 2471 842 2516 et
870 2466 1224 2535 malignorum
1272 2449 1648 2532 accusationes
1701 2493 1788 2533 se-

195 2556 331 2597 cure
360 2543 584 2614 rejicere
615 2549 830 2607 valeant
865 2571 878 2606 :
923 2569 1044 2625 qua:
1077 2557 1278 2615 idcirco
1307 2561 1396 2617 hic
1442 2580 1549 2618 non
1596 2566 1788 2622 inseri-

195 2647 340 2697 mus,
383 2636 507 2705 quia
555 2642 802 2709 superius
851 2646 1038 2701 eadem
1081 2663 1322 2722 persche
1373 2654 1626 2710 adnotata
1664 2673 1785 2716 esse

191 2729 565 2787 meminimus.
597 2733 847 2793 Prtedicti
878 2756 1030 2812 papa:
1063 2747 1396 2815 temporibus
1429 2758 1548 2804 erat
1595 2751 1784 2808 Hiero-

191 2817 419 2889 solytuae
447 2824 662 2895 quidam
693 2831 978 2902 episcopus
1007 2845 1054 2898 ιι,
1086 2837 1306 2892 nomine
1353 2837 1743 2912 Polycltronius
1765 2883 1782 2909 ,

188 2911 290 2980 qui
323 2911 689 2982 imprudentia
719 2924 1014 2978 senectutis
1041 2924 1092 2978 in
1125 2928 1435 2996 superbiant
1452 2911 1688 2999 ductus,
1721 2951 1780 2992 se

193 3001 560 3059 univcrsalem
589 3011 900 3078 pontificem
931 3029 1053 3070 esse
1088 3016 1518 3092 aliirntabat,qui
1549 3023 1780 3082 clericos

190 3089 266 3144 de
299 3107 618 3167 quacunque
647 3102 925 3169 provincia
952 3107 1018 3159 ad
1048 3121 1106 3162 se
1142 3108 1422 3167 venientes
1446 3089 1775 3172 inconside-

191 3191 334 3247 rate,
366 3193 555 3242 etnon
588 3188 704 3243 sine
734 3193 909 3261 pretio
944 3194 1136 3252 levitas
1165 3206 1222 3254 et
1265 3202 1573 3258 sacerdotes
1627 3205 1773 3260 ordi-

1826 1929 1872 1987 B
1902 1934 2168 1990 ditescere
2213 1947 2460 2007 quaerunt
2513 1956 2528 1993 :

1909 657 1976 712 tis
2006 658 2174 729 (epist.
2201 661 2274 727 l),
2303 663 2354 717 in
2391 681 2496 735 qua
2531 668 2694 722 mttlta
2733 671 3040 740 prohibuit,
3066 692 3184 744 qua:
3234 689 3288 733 et
3335 693 3488 735 ante-

1903 763 2145 806 cessores
2180 768 2308 809 suos
2335 757 2678 825 prohibuisse
2713 776 2855 830 saepe
2904 779 3066 834 supra
3119 770 3482 834 meminimus,

1905 835 2166 896 Videlicet
2196 847 2470 916 praecepit,
2496 864 2564 902 ne
2591 849 2685 915 illi,
2716 853 2806 920 qui
2835 869 2864 906 a
2901 855 3133 911 dominis
3161 858 3276 914 suis
3314 857 3483 916 liber-

1904 937 2068 986 tatent
2119 937 2376 1006 consequi
2434 940 2659 996 minime
2713 953 3026 1012 potuerunt,
3072 956 3128 1002 et
3179 950 3272 1018 qui
3319 953 3484 1007 etiam

1901 1021 2151 1094 originali
2191 1026 2352 1081 alicui
2383 1030 2680 1087 conditioni
2737 1033 2936 1104 alligati
2991 1046 3138 1102 sunt,
3189 1041 3258 1098 ad
3299 1057 3483 1096 sacer-

1903 1111 2034 1166 dotii
2062 1113 2335 1186 fastigium
2367 1120 2736 1188 provehantur
2773 1125 2922 1193 (dist.
2955 1127 3059 1190 54,
3100 1144 3148 1185 c.
3183 1129 3485 1187 Admittun-

1900 1200 2033 1268 tur),
2057 1201 2159 1256 nisi
2189 1203 2327 1260 forte
2350 1220 2536 1263 eorum
2559 1209 2750 1278 petitio
2777 1223 2870 1267 aut
2917 1214 3166 1271 voluntas
3194 1219 3487 1276 accesserit

1901 1294 1993 1360 qui
2024 1291 2228 1362 aliquid
2257 1295 2310 1349 in
2343 1311 2439 1352 eos
2468 1299 2572 1353 sibi
2601 1300 2878 1356 vindicant
2904 1306 3208 1373 potestatis.
3241 1307 3294 1364 2.
3324 1306 3484 1365 Jubet

1900 1379 2062 1434 etiam
2109 1384 2418 1452 apostolica:
2455 1388 2600 1442 sedis
2627 1393 2976 1456 auctoritate,
2999 1396 3068 1448 ab
3099 1389 3485 1458 ecclesiasticis

1900 1469 2090 1528 ciliciis
2112 1483 2167 1528 et
2192 1478 2519 1534 sacerdotali
2573 1482 2794 1537 nomine
2829 1471 3030 1550 arceri,
3063 1487 3107 1542 si
3149 1488 3241 1557 qui
3291 1504 3354 1544 ex
3404 1491 3486 1542 vi-

1901 1563 2128 1620 duarum
2159 1567 2388 1634 ntaritis,
2425 1579 2519 1626 aut
2555 1573 2753 1642 quibus
2795 1570 2997 1631 fuerint
3039 1595 3328 1635 numerosa
3358 1597 3488 1636 con-

1894 1652 2064 1726 jugia,
2099 1667 2224 1714 sunt
2249 1645 2493 1716 admissi.
2545 1663 2600 1716 5.
2647 1665 2898 1721 Deccrnit
2954 1669 3156 1726 acriter
3209 1671 3484 1728 vindican-

1901 1747 2027 1804 dam
2058 1765 2178 1807 esse
2217 1751 2271 1806 in
2333 1768 2428 1809 eos
2477 1755 2706 1812 clericos
2769 1759 2896 1828 (H,
2933 1776 2986 1830 q.
3023 1761 3092 1826 4,
3116 1777 3164 1816 c.
3197 1759 3308 1816 Nec
3337 1761 3480 1832 hoc),

1900 1839 1991 1910 qui
2031 1843 2332 1898 usurariam
2385 1847 2670 1915 pecuniam
2727 1861 3018 1916 exercent,
3070 1862 3127 1906 et
3175 1853 3243 1908 in.
3292 1853 3483 1909 fenore

2584 1955 2937 1998 commoneus
2979 1945 3146 2000 etiam
3195 1946 3348 2009 illttd,
3398 1955 3479 2009 ttt,

1893 2023 2036 2078 sicut
2083 2041 2190 2079 non
2248 2041 2368 2090 suo,
2414 2026 2489 2080 ita
2528 2044 2633 2083 non
2675 2044 2743 2084 ex
2783 2031 2963 2088 alieno
3017 2034 3236 2088 nomine
3283 2035 3480 2104 aliquis

1891 2107 2217 2169 clericorum
2244 2131 2502 2172 exercere
2528 2117 2687 2174 fenus
2735 2129 2992 2186 attentct,
3040 2124 3167 2192 quia
3220 2124 3481 2180 indecens

1891 2215 1975 2260 est
2003 2207 2211 2262 crimen
2241 2223 2398 2262 suum
2423 2209 2724 2266 commodis
2752 2210 2946 2267 alienis
2975 2213 3286 2285 impendere
3313 2215 3475 2285 (dist.

1888 2296 1980 2362 46,
2005 2312 2056 2352 c.
2091 2295 2280 2362 Sicut).
3245 2361 3250 2366 ε

1959 2388 2092 2444 Item
2148 2390 2199 2443 in
2250 2389 2396 2456 alia,
2454 2407 2618 2462 quam
2679 2393 2948 2449 universis
2999 2395 3164 2451 Italia:
3207 2397 3478 2467 episcopis

1889 2483 2109 2552 scripsit
2138 2469 2310 2554 (epist.
2334 2485 2414 2554 2),
2447 2494 2505 2539 ut
2543 2485 2831 2556 diligenter
2857 2485 3184 2544 Maniebatos
3219 2489 3475 2544 studeant

1887 2573 2308 2644 circumquaque
2338 2574 2687 2644 investigare,
2733 2586 2788 2632 et
2823 2593 2854 2631 a
2890 2577 3136 2646 plebibus
3172 2579 3275 2634 sibi
3317 2595 3471 2635 com-

1887 2663 2070 2718 missis
2115 2679 2374 2734 separare
2413 2666 2708 2720 mandavit.
2747 2666 2978 2738 Scripsit
3013 2668 3179 2724 etiam
3221 2671 3474 2729 omnibus

1882 2754 2148 2824 episc0pis
2171 2769 2266 2824 per
2291 2753 2530 2810 Siciliam
2559 2757 2866 2812 constitutis
2888 2759 3171 2828 epistolam
3197 2759 3366 2842 (epist.
3391 2762 3470 2832 4),

1885 2845 1939 2900 in
1990 2862 2096 2916 qua
2130 2847 2312 2916 arguit
2347 2861 2442 2903 eos
2478 2848 2572 2918 qui
2604 2849 2658 2903 in
2697 2859 3038 2906 sacramento
3069 2850 3180 2916 illo,
3210 2851 3353 2923 quod
3389 2853 3471 2908 in-

1883 2947 1966 2994 ter
1985 2948 2182 2994 uetera
2209 2938 2463 2996 Ecclesia:
2486 2949 2824 2996 sacramenta
2848 2941 3062 3016 [ordine
3081 2943 3469 3017 exsecutionis]

1877 3028 2176 3100 principale
2196 3037 2299 3096 est,
2320 3029 2372 3084 id
2392 3038 2477 3084 est
2505 3031 2558 3085 in
2590 3031 2880 3101 baptismo,
2912 3048 2944 3088 a
2977 3031 3237 3089 Romanae
3280 3033 3470 3089 Eccle-

1877 3119 1974 3176 sia:
2037 3120 2429 3176 consuetudine
2490 3121 2911 3192 discrepabant,
2966 3123 3042 3178 ita
3091 3132 3153 3179 ut
3213 3125 3468 3209 baptismi

1881 3219 2286 3266 sacramentum
2323 3213 2670 3268 numerosius
2705 3213 2763 3268 in
2797 3214 2886 3294 die
2916 3215 3251 3286 Epiphaniae,
3300 3215 3466 3288 quam

190 3271 402 3339 nabat,
462 3291 563 3332 nec
613 3279 928 3352 episcopum
991 3287 1287 3356 quemlibet
1351 3292 1554 3362 absque
1615 3295 1777 3367 digno
1807 3273 1854 3336 θ
1884 3303 1937 3358 in
1978 3302 2228 3360 Paschali
2271 3311 2516 3375 tempore
2555 3282 2928 3370 celebrarent;
2959 3271 3171 3360 bullam
3214 3271 3464 3362 differen-

189 3378 425 3420 munere
447 3375 848 3428 consecrabat:
888 3386 943 3430 et
981 3377 1023 3431 si
1065 3380 1134 3434 ad
1173 3380 1457 3438 ecclesiam
1509 3384 1652 3442 illius
1693 3403 1778 3443 re-

187 3455 372 3526 gionis
402 3473 689 3533 rogaretur
715 3471 1163 3538 consecrandam,
1193 3489 1300 3529 non
1329 3476 1492 3546 dabat
1539 3481 1777 3536 auctori-

189 3550 326 3605 tatis
347 3565 458 3608 suat
492 3553 747 3624 faculam,
776 3560 878 3614 nisi
906 3561 1092 3617 decem
1121 3566 1237 3620 auri
1269 3567 1438 3623 libras
1473 3572 1776 3642 accepisset

189 3643 246 3696 in
278 3648 790 3704 remunerationem.
834 3649 986 3708 Unde
1017 3653 1201 3712 Sixtus
1228 3672 1364 3728 papa
1389 3658 1574 3717 Romae
1608 3679 1774 3734 syno-

187 3732 321 3787 dum
351 3743 476 3791 octo
502 3737 878 3814 episcoporum
909 3747 1284 3817 congregavit,
1325 3757 1380 3803 et
1417 3732 1772 3821 Euphemium

183 3823 527 3898 episcOpum,
560 3845 652 3901 qut
683 3830 1100 3908 Polychronimn
1131 3838 1197 3893 de
1226 3841 1504 3908 praedictis
1545 3843 1775 3902 infama-

186 3923 458 4000 verat,qut
487 3919 678 3976 eadem
712 3938 896 3980 coram
928 3927 1182 3984 omnibus
1211 3929 1494 4000 fateretur,
1529 3935 1773 3993 introdu-

182 3999 287 4063 xit.
323 3997 441 4078 Quo
492 4010 656 4080 facto,
689 4022 801 4072 tres
837 4019 1140 4091 episcopos,
1174 3997 1504 4098 totidemque
1550 4029 1773 4102 presby-

185 4107 336 4156 teros
366 4140 384 4167 ,
435 4110 492 4158 et
540 4105 676 4162 duos
731 4109 988 4167 diaconos
1043 4113 1284 4182 electos,
1339 4117 1769 4189 Hierosolymam

181 4195 473 4252 miserunt.
504 4199 607 4268 Qui
631 4206 976 4274 congregatis
1021 4206 1163 4262 illius
1212 4209 1450 4282 regionis
1496 4214 1769 4286 episcopis

182 4283 555 4360 [septuaginta
585 4289 728 4364 sex],
758 4303 816 4349 et
853 4295 1177 4353 introductis
1201 4301 1562 4372 quadraginta
1617 4283 1768 4361 testi-

181 4376 307 4443 bus,
344 4379 436 4449 qui
459 4378 616 4450 juxta
645 4383 930 4454 Euphemii
969 4389 1368 4446 accusationem
1398 4393 1579 4447 omnia
1613 4409 1765 4450 com-

180 4469 484 4540 probarunt
511 4487 638 4527 vera
670 4490 790 4531 esse
836 4477 902 4533 de
959 4477 1340 4550 Polychrouio,
1392 4483 1567 4548 ipsunt
1613 4484 1769 4560 Poly-

180 4562 472 4618 chronium
511 4563 862 4633 damnarunt,
893 4579 946 4625 et
989 4571 1343 4643 Euphemium
1392 4576 1593 4643 etiam;
1641 4577 1764 4634 ideo

178 4653 310 4721 quia
357 4655 470 4725 ipse
517 4659 830 4728 pontificem
879 4677 1033 4718 suum
1083 4677 1451 4732 accusaverat,
1507 4670 1599 4741 qui
1639 4688 1762 4727 eum

178 4757 616 4804 consecraverat.
675 4751 783 4806 Sed
836 4751 1230 4826 Polychronius
1265 4767 1474 4829 postea,
1542 4773 1766 4835 propter

177 4841 615 4908 compassionem
665 4853 722 4899 et
769 4845 1166 4918 cleemosynam
1224 4866 1358 4920 quas
1405 4852 1616 4910 civibus
1652 4857 1766 4912 suis

178 4926 420 4986 obsessis
449 4944 788 5004 erogaverat,
822 4948 1106 4994 revocatus
1153 4951 1208 4995 et
1254 4943 1534 4999 restitutus
1593 4954 1678 5000 cst
1731 4963 1759 4998 a

180 5016 336 5075 Sixto
365 5020 417 5074 in
439 5022 724 5092 pristinam
748 5028 949 5082 sedem.

666 5114 873 5172 XLVII.
901 5150 970 5158 —
995 5119 1052 5173 S.
1081 5119 1214 5177 LEO
1242 5122 1281 5176 1.

684 5207 857 5275 (Anno
885 5210 1079 5264 Christi
1117 5211 1266 5282 HO.)

247 5293 381 5358 Leo,
412 5299 628 5354 natione
658 5299 886 5365 Tuscus,
939 5317 1004 5356 cx
1058 5311 1210 5372 patre
1259 5303 1568 5372 Quintiano,
1625 5311 1766 5365 sedit

178 5400 350 5440 annos
385 5389 574 5458 viginti
611 5399 667 5446 et
696 5407 884 5456 unum,
917 5408 1160 5448 mensem
1203 5411 1388 5461 unum,
1426 5396 1540 5453 dies
1586 5400 1773 5470 trede:

177 5476 304 5530 eiut.
353 5477 768 5563 llic_ordinavit
813 5493 1024 5538 centum
1077 5493 1132 5539 et
1181 5487 1472 5558 nonaginta
1522 5491 1759 5563 quinque

179 5567 419 5639 [centum
448 5553 502 5626 et
523 5575 801 5645 octoginta
818 5575 1078 5647 quinque]
1099 5577 1760 5653 episcopos,presbyteros

175 5670 356 5716 autetn
393 5666 663 5738 octoginta
687 5676 742 5720 et
772 5683 958 5722 unum.
991 5668 1086 5723 llic
1117 5668 1345 5727 feliciter
1367 5672 1500 5727 obiit
1539 5690 1590 5727 tv
1639 5673 1759 5730 ldus

174 5751 393 5818 Aprilis.
424 5754 519 5808 llic
557 5755 837 5824 epistolam
866 5759 1156 5813 destinavit
1187 5763 1453 5820 universis
1493 5765 1758 5833 episcopis

247 5857 272 5884 ³
306 5845 438 5901 Vide
469 5857 598 5903 tom.
625 5847 642 5902 Ι
666 5849 898 5914 Coucil.,
930 5866 1053 5921 pag.
1087 5853 1206 5906 705.

1881 3394 2010 3450 tiam
2039 3395 2324 3452 credentes
2351 3410 2471 3452 esse
2503 3396 2644 3451 inter
2689 3396 2831 3452 diem
2854 3410 2960 3466 qua
2989 3394 3239 3452 Christus
3269 3396 3466 3452 adora-

1881 3495 1970 3559 tur
2001 3503 2030 3541 a
2065 3488 2261 3558 magis,
2284 3497 2341 3544 et
2366 3489 2508 3542 diem
2533 3502 2637 3558 qua
2668 3489 2781 3559 ipse
2813 3477 3110 3544 resurrexit
3141 3504 3172 3543 a
3196 3489 3457 3554 mortuis;

1873 3591 1999 3632 cum
2028 3577 2248 3648 proprie
2281 3577 2334 3632 in
2371 3587 2548 3634 morte
2571 3577 2851 3642 Crueifixi,
2879 3588 2934 3634 et
2976 3579 3028 3633 itt
3061 3579 3461 3634 resurrectione

1874 3667 2076 3723 mortui
2103 3667 2344 3738 potentia
2379 3667 2722 3740 baptismatis
2753 3683 2948 3723 novam
2989 3678 3302 3725 creaturam
3329 3685 3462 3726 con-

1874 3759 2100 3820 diditex
2119 3759 2325 3826 veteri,
2355 3768 2415 3814 ut
2443 3761 2496 3820 in
2526 3759 2941 3821 renascentibus
2987 3769 3044 3816 et
3083 3775 3231 3817 mors
3258 3759 3473 3822 Christi

1873 3861 2128 3921 operetur
2161 3859 2219 3907 et
2247 3851 2358 3905 vita
2388 3850 2474 3921 (de
2498 3849 2657 3910 Cons.
2691 3850 2746 3906 d.
2778 3849 2832 3914 4,
2862 3866 2912 3908 c.
2955 3847 3212 3920 Proprie;
3243 3857 3298 3904 et
3320 3866 3369 3904 e.
3397 3847 3461 3905 Si

1871 3939 2029 4012 quis).
2063 3939 2228 3997 Trina
2260 3940 2406 3996 enim
2433 3941 2737 3996 submersio
2777 3941 3084 3997 tridttanattt
3124 3941 3324 4003 Christi
3373 3955 3461 3996 se-

1871 4030 2144 4099 pulturant
2176 4031 2436 4093 imitatur,
2468 4039 2528 4087 et
2554 4031 2622 4086 ab
2652 4033 2809 4103 aquis
2850 4033 3084 4088 elevatio
3121 4031 3460 4102 resurgentis

1869 4130 1954 4176 est
1983 4121 2157 4177 instar
2183 4122 2252 4177 de
2280 4114 2546 4193 sepulcro.
2590 4123 2708 4195 Ipsa
2734 4139 2864 4194 ergo
2904 4124 3141 4192 qualitas
3170 4125 3327 4178 docet
3363 4137 3456 4177 ce-

1871 4212 2144 4269 lebranda:
2196 4213 2529 4284 generaliter
2570 4214 2758 4285 gratia:
2803 4214 2944 4268 dictu
2987 4213 3289 4283 legitimum
3329 4227 3454 4268 euut

1868 4319 2009 4368 esse,
2045 4297 2098 4358 in
2123 4319 2232 4374 quo
2257 4312 2380 4358 orta
2408 4311 2498 4358 est
2536 4310 2593 4356 et
2635 4303 2810 4356 virtus
2847 4301 3108 4365 muneris,
3153 4311 3210 4356 et
3243 4302 3456 4372 species

1868 4394 2119 4450 actionis.
2175 4395 2408 4452 Additur
2469 4398 2652 4454 antem
2720 4409 2853 4450 sane
2912 4393 3039 4451 huic
3092 4393 3454 4448 observantia:

1865 4485 2032 4542 etiam
2061 4485 2410 4542 Peutecostes
2443 4501 2510 4544 ex
2554 4487 2786 4542 adventu
2829 4484 3064 4558 Spiritus
3093 4485 3268 4540 sancti
3299 4499 3453 4540 sacra

1869 4579 2207 4643 solemnitas,
2239 4594 2361 4648 quae
2397 4580 2463 4634 de
2508 4577 2780 4648 paschalis
2825 4576 2948 4632 festi
2996 4578 3196 4651 pendet
3223 4576 3452 4631 articulo

1869 4668 1955 4724 (de
1977 4667 2138 4725 Cons.
2170 4671 2224 4724 d.
2253 4670 2309 4734 4,
2333 4685 2383 4725 c.
2413 4669 2530 4724 Duo
2556 4669 2833 4740 tempora).
2863 4668 3013 4724 Alios
3037 4684 3167 4724 vero
3188 4669 3303 4725 dies
3326 4667 3450 4730 huic

1866 4758 2224 4814 observantia:
2249 4759 2553 4814 miscendos
2580 4774 2700 4814 esse
2725 4759 3022 4828 prohibuit.

1939 4851 2171 4924 Scripsit
2209 4853 2352 4908 idem
2396 4844 2685 4922 prtedictus
2740 4867 2877 4922 papa
2922 4850 3181 4908 Januario
3228 4849 3450 4921 Aquile-

1867 4942 2037 5014 giensi
2087 4943 2340 5014 episeopo
2396 4943 2678 5016 epistolam
2729 4943 2900 5012 (epist.
2946 4941 3128 5012 5),,in
3178 4955 3284 5011 qua
3323 4954 3445 4994 eum

1864 5043 2191 5100 commonet,
2232 5049 2302 5089 ne
2331 5032 2658 5105 presbyteri,
2685 5032 2804 5087 sive
2835 5031 3074 5095 diaconi,
3103 5029 3186 5085 vel
3224 5031 3466 5098 subdiay

1868 5127 2011 5192 coni,
2038 5142 2133 5181 aut
2157 5125 2445 5196 cujuslibet
2463 5125 2670 5181 ordinis
2697 5124 2884 5182 clerici
2912 5124 3094 5194 qui.ad
3121 5125 3445 5180 catholicam

1867 5215 2028 5271 iidem
2067 5231 2229 5286 quam
2266 5215 2590 5286 jampridem
2629 5214 2964 5279 amiserant,
2988 5228 3205 5272 rursum
3246 5215 3448 5270 reverti

1863 5305 2107 5360 ambiunt
2127 5305 2205 5376 (2,
2222 5321 2277 5382 q'.
2299 5305 2424 5373 7,,c.
2451 5303 2900 5368 Salubera'imum;
2925 5304 2977 5368 1,
2999 5319 3054 5375 q.
3074 5305 3126 5370 1,
3142 5319 3192 5360 c.
3215 5303 3448 5376 Omnis).

1865 5397 1916 5449 itt
1938 5395 2262 5452 catholicam
2287 5395 2723 5450 communionem
2749 5394 3102 5465 recipiantur,
3129 5397 3448 5466 priusquam

1859 5503 2074 5545 errores
2098 5503 2251 5552 suos,
2270 5495 2323 5542 et
2349 5488 2494 5556 ipsos
2522 5495 2772 5542 auctores
2801 5487 3026 5552 erroris,
3059 5503 3089 5542 a
3119 5503 3178 5543 se
3198 5488 3446 5542 damnari

1860 5581 1976 5632 sine
2014 5578 2120 5633 ulla
2174 5579 2530 5652 ambiguitate
2572 5578 2848 5634 fateantur
2889 5595 2902 5633 :
2952 5581 3079 5649 quia
3125 5579 3445 5635 inferiorum

1859 5672 2109 5726 ordinum
2159 5672 2329 5742 culpat
2377 5671 2443 5724 ad
2492 5671 2669 5727 nullos
2729 5659 2901 5744 magis
2969 5665 3266 5726 referenda:
3319 5681 3445 5725 sunt

1866 5779 2026 5832 quam
2059 5765 2123 5821 ad
2155 5763 2366 5819 desides
2403 5752 2838 5835 ncgligcntcsque
2881 5773 3138 5830 rectores,
3172 5762 3261 5834 qui
3310 5759 3442 5838 uitil-
