3948 5430
480 415 641 484 Ῑεοδ

1215 425 1508 487 APPEND.
1548 427 1640 482 AD
1680 427 1854 484 SJEC.
1897 427 1989 483 IX.
2029 459 2099 469 —
2138 424 2510 485 AUCTORES
2546 422 2711 489 ANK!
2744 424 3037 483 INCERTI.

3624 422 3744 483 1291

496 552 608 603 tam
644 557 787 613 saepe
817 540 1063 597 nutriunt
1106 541 1507 611 pestilentiam,
1549 542 1674 597 dum
1712 542 2076 597 necessariam
2104 548 2153 607 Α
2182 541 2250 597 in.
2278 540 2614 597 matrimonio
2649 558 2752 597 non
2800 541 2996 610 fuerint
3032 556 3051 596 :
3095 535 3222 611 quiis
3249 540 3404 614 aliu‘d
3450 548 3528 597 est
3578 549 3746 610 nupta,

494 640 840 697 dissimulant
867 637 1122 694 adhibere
1148 637 1499 693 medicinam.

566 733 700 788 Item
750 730 817 787 ad
854 728 1063 786 Rustici
1109 728 1475 785 Narbonensis
1517 729 1754 800 episcopi
1803 727 2074 783 consulta-

494 823 673 880 tiones
726 819 1078 890 respondens,
1131 817 1415 889 epistolam
1465 819 1682 888 scripsit
1729 818 1901 890 (ερὶιι-
1945 816 2074 886 95)ν

493 911 730 970 suadens
754 911 827 977 ei,
857 918 917 966 ut
943 909 1200 967 sanandis
1237 908 1398 981 azgris
1441 909 1781 980 spiritualem
1822 908 2078 963 adhibeat

493 1001 847 1068 medicinam,
876 1010 933 1056 et
961 1000 1177 1057 dicente
1215 999 1499 1072 Scriptura
1529 1021 1542 1056 :
1595 1001 1723 1058 Noli
1766 1019 1877 1058 esse
1896 1003 2076 1072 justus

494 1091 718 1150 multum
758 1092 956 1166 (Et-cie.
984 1096 1106 1164 vn),
1149 1092 1333 1150 mitius
1356 1107 1477 1148 cum
1520 1093 1601 1149 eis
1634 1103 1775 1163 agat,
1823 1093 1914 1164 qui
1960 1092 2078 1150 zelo

490 1182 767 1254 pudicitiae
804 1182 1023 1238 modum
1064 1183 1318 1238 videntur
1356 1184 1661 1240 excessisse
1704 1184 1980 1249 vindictae,
2010 1199 2080 1240 ne

492 1271 762 1338 diabolus,
795 1274 887 1344 qui
914 1272 1115 1346 decipit
1140 1273 1437 1340 adulteros,
1465 1275 1531 1330 de
1569 1274 1817 1331 adulterii
1844 1274 2079 1331 exsultet

493 1361 780 1417 ultoribus.
838 1362 1005 1429 Item,
1063 1364 1191 1433 quia
1234 1364 1526 1434 prmdictus
1579 1364 1869 1438 cpiscopus
1912 1365 2077 1421 nimia

494 1452 827 1509 adversitate
898 1453 1148 1510 turbatus
1216 1455 1556 1511 vacationem
1611 1456 1680 1512 ab
1736 1456 2078 1527 episcopatus

496 1543 776 1601 laboribus
821 1548 1164 1617 peroptabat,
1214 1555 1269 1603 ct
1318 1547 1485 1603 vitam
1519 1547 1573 1602 in
1627 1546 1842 1603 silentio
1875 1556 1931 1602 ct
1966 1547 2079 1603 otio

492 1630 692 1711 degere
742 1639 947 1711 magis,
987 1654 1151 1711 quam
1204 1640 1258 1693 iu
1311 1639 1399 1694 his
1454 1654 1572 1710 qua:
1630 1638 1735 1696 sibi
1784 1640 2077 1695 commissa

492 1727 732 1796 fuerant,
758 1744 1079 1800 permanere
1107 1729 1342 1795 dicebat,
1374 1739 1685 1785 commonet
1726 1743 1850 1786 eum
1880 1730 2075 1799 praedi-

489 1827 612 1875 ctus
634 1833 776 1890 papa
819 1833 1143 1889 permanere
1172 1819 1225 1874 in
1256 1834 1420 1891 opere
1447 1819 1675 1886 credito,
1713 1828 1768 1875 et
1797 1820 1851 1875 in
1893 1818 2079 1875 labore

488 1920 772 1983 percepto,
801 1921 856 1968 et
880 1921 1195 1971 constanter
1222 1920 1412 1968 tenere
1443 1911 1738 1982 justitiam,
1762 1922 1818 1967 et
1844 1911 2078 1982 benigne

488 2010 755 2072 prmstare
780 2002 1148 2059 clementiam.
1192 2002 1328 2057 Odia
1356 2002 1493 2056 enim
1532 2001 1685 2074 (dist.
1718 2002 1808 2068 86,
1840 2018 1891 2057 c.
1918 2000 2078 2074 Odio)

490 2101 609 2145 sunt
638 2092 877 2147 habenda
919 2102 1153 2163 peccata,
1183 2108 1286 2146 non
1308 2092 1564 2147 homines.
1595 2089 1928 2162 Corripiendi
1957 2101 2077 2146 sunt

490 2179 705 2245 tumidi,
744 2179 1003 2235 tolerandi
1050 2182 1291 2250 inﬁrmi,
1346 2190 1396 2235 et
1451 2181 1590 2252 quod
1644 2182 1699 2235 in
1746 2182 2078 2251 peccantibus

491 2269 719 2323 severius
781 2270 1031 2340 castigari
1080 2282 1282 2323 necesse
1340 2266 1437 2335 est,
1493 2286 1596 2325 non
1658 2269 1916 2325 stevientis
1970 2268 2078 2340 ple-

490 2359 735 2415 ctendum
772 2371 847 2415 est
888 2360 1089 2427 animo,
1138 2360 1228 2415 sed
1275 2360 1546 2417 medentis.
1595 2360 1726 2416 Item
1755 2360 1810 2414 in
1839 2359 2026 2414 eadem
2061 2378 2073 2414 :

490 2448 543 2503 i.
579 2447 748 2503 Nulla
774 2446 911 2504 ratio
942 2451 1068 2504 sinit
1095 2449 1245 2522 (dist.
1276 2450 1365 2515 62,
1398 2464 1448 2504 c.
1480 2448 1691 2519 Nulla),
1732 2458 1784 2506 ut
1813 2450 1949 2505 inter
1968 2450 2078 2519 epi-

490 2555 675 2610 scopos
701 2539 1015 2606 habeantur,
1040 2540 1129 2612 qui
1162 2556 1254 2594 nec
1276 2557 1308 2594 a
1332 2538 1536 2595 clericis
1560 2549 1680 2595 sunt
1721 2539 1891 2604 electi,
1924 2556 2015 2593 nec
2044 2556 2077 2593 a

487 2627 721 2699 plebibus
750 2638 875 2685 sunt
905 2627 1137 2699 expetiti,
1184 2644 1276 2684 nec
1303 2644 1337 2682 a
1376 2627 1782 2698 provincialibus
1826 2629 2077 2700 episcopis

489 2732 609 2774 cum
666 2718 1052 2789 metropolitani
1107 2719 1322 2791 judicio
1390 2720 1656 2774 constituti
1715 2718 2072 2792 [consecrati].

492 2808 665 2875 Unde,
727 2826 846 2865 cum
890 2826 1027 2879 saepe
1076 2811 1297 2881 quwstio
1342 2810 1407 2865 de
1458 2810 1596 2864 male
1623 2821 1831 2881 accepto
1882 2811 2078 2865 honore

476 2892 770 2971 nascatur;
809 2905 927 2975 quis
973 2904 1243 2975 ambigat,
1292 2918 1620 2974 nequaquam
1670 2903 1786 2958 istis
1828 2918 1940 2957 esse
1976 2901 2074 2955 tri-

490 2994 776 3062 buendum,
803 2996 945 3067 quod
976 3011 1079 3051 non
1106 2995 1323 3051 docetur
1349 2994 1511 3063 fuisse
1538 2992 1790 3048 donatum
1813 2993 1838 3048 ?
1887 2991 1948 3048 Si
1988 2992 2077 3062 qui

489 3097 664 3142 tamen
693 3086 869 3143 clerici
897 3087 961 3142 ab
1008 3087 1123 3142 istis
1157 3086 1606 3156 pseudoepiscopis
1653 3086 1706 3139 in
1738 3086 1812 3141 eis
1849 3086 2077 3140 ecclesiis

488 3180 723 3234 ordinati
749 3190 893 3245 sunt,
918 3195 1035 3250 qua:
1061 3179 1131 3232 ad
1160 3179 1397 3247 proprios
1431 3179 1698 3247 episcopos
1727 3176 2071 3247 pertinebant,

486 3280 534 3325 et
559 3272 822 3329 ordinatio
844 3287 1025 3328 eorum
1049 3286 1169 3325 cum
1193 3285 1446 3325 consensu
1474 3280 1521 3323 et
1541 3270 1749 3340 judicio
1782 3270 2071 3337 prwsiden~

486 3362 615 3416 tium
639 3361 784 3433 facta
811 3371 907 3429 est,
938 3370 1103 3432 potest
1128 3369 1243 3415 rata
1269 3359 1473 3425 haberi,
1498 3360 1573 3414 ita
1595 3369 1649 3414 ut
1680 3360 1735 3414 in
1764 3359 1890 3428 ipsis
1915 3358 2076 3413 eccle-

486 3453 579 3509 siis
625 3464 967 3525 perseverent.
1018 3451 1187 3508 Aliter
1233 3461 1410 3506 autem
1450 3451 1771 3506 consecratio
1814 3466 1947 3504 vana
2001 3459 2076 3504 est

489 3546 753 3613 habenda,
801 3562 918 3619 qua:
962 3562 1052 3602 nec
1082 3545 1197 3605 loco
1231 3544 1455 3616 fundata
1495 3552 1592 3609 est,
1629 3559 1723 3599 nec
1768 3544 2076 3599 auctoritate

490 3638 712 3694 munita.
1118 3646 1124 3655 '
1542 3652 1545 3657 ‘

559 3726 617 3782 2.
656 3726 789 3784 ltem
812 3727 966 3793 dicit,
996 3727 1233 3784 alienum
1262 3742 1383 3784 esse
1424 3743 1454 3782 a
1482 3725 1872 3783 consuetudine
1897 3724 2072 3781 eccle-

487 3818 708 3874 siastica
736 3817 886 3890 (dist.
915 3817 1005 3885 50,
1036 3833 1086 3873 c.
1125 3818 1417 3889 Alienum),
1450 3827 1531 3884 ut,
1569 3818 1663 3889 qui
1700 3818 1752 3873 in
1795 3818 2077 3888 presbyte-

486 3909 590 3965 rati
619 3908 842 3974 honore,
878 3918 973 3964 aut
1010 3910 1249 3966 diaconii
1294 3913 1465 3979 gradu
1507 3909 1710 3965 fuerint
1747 3908 2070 3975 consecrati,

484 3997 542 4053 bi
567 4013 667 4070 pro
687 3998 915 4055 crimine
942 3998 1123 4073 aliquo
1162 4012 1260 4054 suo
1297 4014 1394 4070 per
1438 4012 1631 4055 manus
1674 4000 2074 4069 impositioncm

486 4091 787 4146 remedium
846 4091 1116 4162 accipiant
1164 4090 1485 4165 pmnitendi.
1542 4091 1594 4146 '5.
1644 4091 1777 4145 Item
1826 4092 2070 4145 eamdem

487 4181 660 4256 legem
686 4182 1035 4241 continentiae
1070 4183 1206 4239 dicit
1245 4197 1366 4240 esse
1411 4183 1678 4239 ministris
1712 4182 1919 4249 altaris,
1952 4198 2074 4253 quae

482 4273 754 4344 episcopis
786 4281 946 4345 atque
980 4274 1335 4350 presbyteris.
1374 4274 1506 4331 Item
1547 4275 1681 4332 dicit
1718 4275 1865 4348 (dist.
1899 4275 1990 4343 51,
2018 4292 2067 4331 c.

485 4359 639 4433 Lex),
665 4360 778 4420 non
805 4377 1021 4419 omnem
1051 4364 1335 4421 mulierem
1363 4365 1480 4420 viro
1518 4366 1785 4437 junctam,
1816 4380 1939 4422 esse
1966 4366 2069 4421 viri

482 4464 734 4516 uxorem,
781 4452 907 4521 quia
946 4467 1048 4509 nec
1097 4454 1276 4511 omnis
1332 4454 1475 4510 Illius
1528 4456 1702 4511 haeres
1742 4466 1826 4511 est
1874 4456 2068 4528 patris.

2174 630 2322 685 aliud
2380 631 2691 686 concubina.
2751 631 2806 686 5.
2849 630 3012 697 item,
3067 631 3402 688 ancillam‘a
3465 642 3588 687 toro
3625 632 3748 702 abji-

2172 734 2299 775 cerc
2333 720 2446 793 (52,
2475 736 2532 791 q.
2565 720 2619 786 3,
2647 735 2697 776 c.
2752 720 3056 790 Ancillam),
3105 729 3160 776 et
3205 736 3436 778 uxorem
3468 731 3633 778 certa:
3668 724 3749 778 in;

2174 810 2468 884 genuitatis
2518 812 2805 882 accipere,
2855 827 2962 868 non
3012 811 3305 887 duplicatio
3366 813 3610 888 coan
3651 807 3751 885 at;

2176 903 2272 960 sed
2301 902 2575 974 prolectus
2605 903 2928 961 honestatis.

2248 992 2302 1052 6.
2345 994 2422 1050 De
2452 993 2537 1050 bis
2571 1002 2774 1061 autem,
2805 994 2896 1064 qui
2946 994 2999 1051 in
3027 994 3351 1065 aegritudine
3384 998 3755 1068 penitentiam

2179 1085 2453 1155 accipiunt
2478 1086 2565 1157 (de
2591 1083 2785 1141 Ptenit.
2816 1089 2870 1142 d.
2904 1086 2960 1152 7,
2980 1102 3038 1142 .e.
3070 1086 3289 1157 Nemo),
3328 1096 3387 1144 et
3411 1103 3542 1143 cum
3565 1103 3755 1144 conta-

2179 1175 2381 1231 luerint
2403 1191 2524 1231 eam
2565 1191 2730 1245 agere
2754 1176 2963 1245 nolunt,
2992 1177 3123 1233 dicit
3148 1178 3339 1234 talium
3382 1178 3755 1249 negligentiam

2178 1280 2310 1322 sane
2337 1265 2657 1336 culpandam
2680 1281 2822 1334 esse,
2845 1267 2938 1324 sed
2966 1282 3070 1321 non
3091 1268 3328 1337 pinnitus
3347 1267 3751 1338 desperandum,

2179 1369 2238 1413 nt
2262 1356 2469 1414 crebris
2510 1358 2978 1415 cohortationibus
3012 1359 3246 1427 incitati,
3276 1361 3425 1431 quod
3458 1362 3754 1419 necessario

2179 1434 2578 1518 expetiverunt,
2619 1448 2850 1505 ﬁdeliter
2891 1457 3281 1519 exsequantur.
3320 1448 3376 1503 7.
3418 1448 3500 1503 De
3543 1450 3630 1506 his
3667 1467 3753 1506 su-

2180 1546 2310 1603 tem,
2341 1537 2432 1609 qui
2464 1535 2578 1606 jam
2611 1537 2923 1595 deﬁcientes
2960 1539 3342 1609 pmnitentiam
3382 1540 3676 1612 accipiunt,
3709 1551 3757 1597 ct

2180 1636 2308 1685 ante
2355 1628 2793 1685 communionem
2828 1630 3155 1697 moriuntur,
3208 1631 3353 1687 dicit
3395 1632 3470 1687 ita
3510 1647 3528 1687 :
3560 1632 3755 1689 Horam

2180 1738 2343 1776 causa
2369 1719 2468 1775 Dei
2488 1722 2697 1792 judicio
2726 1724 3035 1778 reservanda
3055 1734 3152 1791 est,
3185 1726 3242 1779 in
3272 1726 3433 1796 cujus
3464 1742 3625 1780 manu
3643 1727 3756 1794 fuit,

2181 1821 2237 1867 ut
2289 1810 2475 1867 talium
2510 1813 2679 1869 obitus
2726 1830 2887 1886 usque
2937 1815 3007 1870 ad
3043 1818 3435 1881 continuationis
3488 1818 3757 1872 remedium

2109 1890 2154 1951 Β
2182 1916 2285 1955 non
2316 1902 2620 1972 diﬂ‘ermur
2670 1902 2794 1975 (24,
2830 1919 2887 1973 q.
2913 1904 2968 1970 2,
3000 1920 3052 1960 c.
3088 1904 3163 1961 De
3187 1908 3604 1978 communione).
3655 1907 3758 1961 Nos

2180 2002 2376 2059 autem,
2405 1993 2593 2064 quibus
2627 1994 2908 2050 viventibus
2937 2013 3038 2052 non
3066 1998 3598 2063 communicavimus,
3631 2013 3756 2052 nor-

2179 2083 2283 2139 tuis
2310 2085 2697 2140 communicare
2739 2102 2845 2141 non
2886 2103 3182 2156 possumus.
3221 2089 3279 2147 8.
3319 2088 3397 2143 De
3436 2089 3526 2144 bis
3564 2099 3755 2154 autem,

2177 2175 2270 2246 qui
2300 2174 2470 2231 nimio
2506 2176 2690 2233 dolore
2732 2187 3055 2250 perurgente
3085 2188 3282 2251 rogant
3310 2179 3417 2235 sibi
3453 2179 3575 2235 dati
3604 2180 3757 2250 ptui-

2180 2264 2401 2321 lentiam
2447 2266 2534 2337 (de
2586 2263 2779 2323 Pwnit.
2817 2269 2870 2324 d.
2913 2271 2962 2332 l,
3020 2285 3071 2324 c.
3120 2269 3499 2342 Pcenitentia),
3544 2278 3603 2325 et
3644 2285 3754 2326 cum

2177 2353 2469 2428 Presbyter
2515 2357 2684 2423 venit,
2734 2358 2958 2415 daturus
3006 2359 3149 2429 quod
3199 2359 3491 2431 petebant,
3538 2360 3585 2414 si
3622 2358 3759 2414 dolor

2178 2440 2495 2516 céssaverit,
2530 2460 2817 2517 excusant,
2845 2460 2902 2507 et
2929 2452 3117 2507 nolunt
3153 2452 3413 2522 accipere
3438 2453 3587 2522 quod
3615 2451 3758 2510 oler-

2178 2548 2287 2607 tur,
2317 2538 2450 2597 dicit
2481 2557 2497 2595 :
2534 2541 2900 2599 Dissimulatio
2923 2544 3035 2599 Itwc
3058 2554 3225 2615 potest
3252 2561 3364 2600 non
3383 2546 3455 2600 de
3478 2554 3757 2614 contenth

2177 2647 2289 2685 esse
2316 2632 2556 2698 remedii,
2586 2632 2677 2687 sed
2707 2633 2772 2687 de
2798 2643 2937 2687 metu
2965 2635 3177 2704 gravius
3204 2635 3577 2707 delinquendi.
3603 2634 3757 2697 Unde,

2178 2737 2296 2775 cum
2322 2721 2621 2791 paenitentia
2653 2724 2885 2778 studiose
2923 2726 3140 2795 petitur,
3185 2742 3292 2779 non
3323 2736 3568 2797 negetur.
3604 2726 3658 2781 9.
3692 2727 3761 2780 De

2178 2813 2265 2869 his
2287 2813 2380 2884 qui
2418 2814 2794 2883 paenitentiam
2829 2814 3059 2885 professi
3087 2824 3239 2882 sunt,
3269 2818 3371 2879 sed
3412 2816 3471 2871 in
3503 2816 3621 2872 l'om
3662 2815 3761 2869 liti-

2178 2919 2308 2974 gare
2333 2903 2617 2975 coeperint,
2668 2905 2748 2961 sic
2786 2904 2919 2960 dicit
2965 2922 2980 2960 :
3028 2905 3190 2960 Aliud
3233 2906 3456 2975 quidem
3489 2917 3566 2961 est
3603 2906 3759 2960 debite

2171 2995 2320 3066 justo
2366 3013 2630 3067 reposcere
2679 2997 2766 3069 (de
2813 2995 3003 3053 Paenit.
3034 2997 3163 3053 dist.
3193 2999 3249 3063 l,
3296 3013 3348 3054 c.
3378 2998 3590 3067 Aliud),
3627 2997 3757 3052 aliud

2179 3087 2394 3155 propria
2435 3086 2770 3157 perfectionis
2804 3104 2981 3144 amore
3020 3098 3393 3151 contemnere;
3428 3090 3524 3144 sed
3564 3088 3757 3142 illunis-

2182 3194 2297 3231 rum
2327 3180 2529 3233 veniam
2554 3180 2901 3249 postulantem
2928 3190 3124 3251 oportet
3152 3181 3317 3235 etiam
3350 3199 3386 3237 a
3413 3182 3599 3237 multis
3620 3181 3758 3236 licitis

2179 3271 2458 3326 abstinere.
2492 3270 2667 3335 Unde,
2694 3272 2742 3325 si
2769 3272 3016 3342 ptcnitens
3042 3273 3194 3326 liabet
3218 3289 3468 3337 causam,
3501 3288 3656 3343 quam
3680 3288 3757 3325 se-

2175 3361 2366 3434 gligere
2403 3362 2538 3432 forte
2573 3380 2675 3418 non
2708 3362 2874 3427 debet,
2922 3364 3106 3418 melius
3133 3366 3333 3434 expetit
3362 3364 3753 3420 ecclesiasticus

2174 3472 2331 3526 quam
2361 3455 2564 3525 forense
2582 3456 2867 3527 judicium.

2250 3545 2336 3601 l0.
2363 3547 2438 3602 De
2478 3546 2562 3602 his
2585 3562 2714 3601 vero
2743 3546 2835 3617 qui
2886 3546 2939 3600 in
2972 3544 3293 3615 paenitentia
3326 3547 3416 3601 vel
3444 3556 3632 3617 postea
3672 3559 3754 3600 ne-

2178 3635 2449 3707 gotiantur
2477 3636 2564 3708 (de
2593 3633 2784 3691 Paenit.
2833 3634 2960 3691 dist.
2984 3634 3037 3698 5,
3068 3650 3119 3691 c.
3162 3632 3471 3707 Qualitas),
3497 3636 3754 3707 subiungit

2176 3728 2362 3784 dicens
2396 3744 2409 3783 :
2436 3728 2680 3794 Qualitas
2709 3727 2843 3783 lucri
2897 3730 3244 3801 negotiantem
3291 3742 3393 3786 aut
3415 3740 3750 3794 excusatam

2174 3820 2369 3889 arguit,
2393 3821 2515 3889 quia
2540 3830 2616 3875 est
2641 3829 2689 3874 et
2712 3820 2956 3875 honestus
2972 3832 3201 3891 quastus
3221 3830 3273 3876 et
3306 3825 3503 3895 turpis.
3549 3822 3750 3879 Venu-

2176 3918 2349 3963 tamen
2374 3911 2641 3979 paenitenti
2663 3909 2843 3964 utilius
2882 3920 2956 3965 est
2984 3910 3262 3980 dispendia
3288 3913 3425 3981 pati,
3450 3929 3612 3983 quam
3629 3912 3751 3982 peri-

2174 4000 2308 4056 culis
2333 4002 2694 4073 negotiationis
2731 4001 3004 4072 obstringi,
3032 4002 3156 4072 quia
3182 4002 3400 4074 didicile
3423 4014 3503 4061 est
3541 4004 3751 4058 senda-

2174 4093 2241 4147 tis
2285 4104 2330 4146 et
2362 4093 2577 4148 ementis
2620 4094 2928 4148 commercio
2959 4110 3065 4148 non
3116 4094 3436 4150 intervenire
3473 4107 3749 4166 peccatum.

2174 4185 2261 4240 ll.
2281 4185 2354 4256 (ο.
2373 4184 2753 4265 Contrarium.)
2772 4183 3107 4241 Contrarium
3121 4187 3262 4241 enim
3276 4198 3356 4243 est
3370 4190 3589 4244 omnino
3604 4187 3748 4243 eccle-

2172 4279 2398 4333 siasticis
2419 4279 2632 4350 regulis,
2659 4294 2778 4333 cum
2808 4277 3013 4335 Paulus
3045 4280 3187 4334 dicat
3210 4295 3230 4335 :
3266 4299 3288 4332 ί
3333 4278 3508 4335 Nemo
3532 4280 3750 4335 utilitatis

2175 4371 2283 4428 Dea
2308 4372 2538 4445 implicat
2551 4388 2606 4426 se
2620 4373 2833 4444 negotiis
2858 4372 3203 4429 sa’cularibtts
3216 4372 3305 4445 (Il
3325 4373 3464 4429 Tim.
3482 4373 3597 4441 nl.»
3616 4372 3750 4428 Unde

2176 4481 2277 4520 non
2297 4474 2371 4520 est
2397 4463 2528 4518 liber
2550 4480 2582 4517 a
2611 4464 2811 4536 laqueis
2839 4464 3071 4531 diaboli,
3088 4466 3183 4536 qui
3205 4482 3263 4521 se
3282 4465 3477 4521 militia
3494 4464 3746 4521 mundam

483 4539 537 4642 ξ.
571 4538 890 4642 liuptiarum
917 4553 1098 4603 autem
1128 4545 1331 4642 hedera
1346 4546 1496 4642 inter
1516 4546 1775 4618 ingenuos
1795 4548 1930 4605 dicit
1951 4564 2071 4607 esse
2102 4580 2152 4642 υ
2175 4558 2394 4616 voluerit
2425 4559 2715 4630 implicare.
2754 4559 2842 4615 t2.
2875 4559 2999 4617 Illos
3026 4558 3120 4629 qui
3163 4560 3220 4615 in
3242 4558 3641 4621 adolescentia,
3661 4564 3745 4610 aut

483 4632 740 4705 legitima,
780 4643 836 4690 ct
858 4635 997 4692 inter
1016 4637 1251 4707 aequales
1282 4637 1394 4709 (52,
1426 4655 1482 4710 q.
1510 4641 1565 4707 2,
1600 4658 1650 4698 c.
1688 4641 1810 4697 Non
1839 4643 2066 4713 omnis);

484 4731 540 4779 ct
568 4738 691 4778 cum
736 4725 971 4781 societas
1015 4729 1327 4798 nuptiarum
1366 4731 1438 4785 ita
1481 4732 1547 4787 ab
1576 4733 1731 4789 initio
1775 4733 2069 4790 constituta

484 4816 556 4873 sit
585 4818 696 4888 (27,
725 4832 781 4887 q.
813 4818 867 4883 2,
899 4834 949 4873 c.
987 4818 1118 4874 Cum
1144 4821 1411 4893 societas),
1442 4833 1501 4877 ut
1524 4831 1722 4894 praeter
1749 4839 1912 4882 sexus
1940 4841 2068 4882 cou-

474 4906 813 4976 junctionem
845 4909 1069 4966 haberet
1104 4911 1156 4965 in
1188 4927 1247 4967 se
1274 4913 1478 4968 Christi
1505 4922 1559 4969 et
1594 4914 1848 4971 Ecclesia:
1874 4931 2061 4972 sacra-

481 5010 661 5059 menta
709 4999 926 5072 (Ephes.
971 5004 1049 5073 v),
1079 5003 1302 5060 dubium
1347 5020 1454 5062 non
1499 5016 1584 5063 est
1628 5023 1750 5064 eam
1782 5008 2063 5065 mulierem

2174 4662 2321 4708 metu
2351 4653 2565 4718 mortis,
2596 4660 2692 4708 aut
2716 4652 3049 4724 captivitatis
3098 4651 3344 4722 periculo
3383 4650 3745 4722 [renitentia

2171 4752 2476 4818 gesserunt,
2530 4744 2662 4801 dicit
2707 4760 2821 4800 rem
2862 4743 3127 4799 venialem
3180 4743 3380 4801 fecisse
3406 4755 3459 4810 ι,
3486 4744 3536 4799 si
3574 4749 3741 4812 postea

2173 4834 2370 4890 timore
2396 4834 2579 4906 lapsus
2624 4834 3031 4893 incontinentize
3081 4833 3276 4891 uxoris
3308 4832 3741 4906 caltulameiege—

2168 4934 2315 4983 runt.
2357 4925 2414 4982 lu
2459 4941 2569 4997 quo
2610 4934 2792 4982 tamen
2838 4926 2987 4990 dicit,
3043 4940 3151 4981 non
3181 4940 3245 4982 se
3279 4926 3525 4997 regulam
3558 4921 3743 4980 consti-

2172 5027 2346 5084 tuere,
2373 5019 2468 5073 sed
2515 5006 2661 5089 quid
2688 5019 2761 5074 sit
2790 5017 3126 5074 tolerabilius
3169 5016 3450 5073 mstimare
3467 5015 3597 5087 quia
3622 5009 3741 5069 nihil

2299 5108 2311 5119 ·
2589 5108 2625 5126 ἰ
2687 5108 2769 5132 ~--=
2817 5108 3198 5164 “minutiam
3224 5107 3421 5180 gessit.
3455 5122 3618 5177 quam
3659 5119 3740 5159 θ’
