3948 5822
156 421 174 475 1
187 421 279 476 205

922 411 1198 470 PSEUDO
1233 407 1657 468 LUITPRANDI
1697 405 1827 463 LIB.
1866 407 1957 464 DE
1990 406 2168 463 VITIS
2207 405 2374 463 ROM.
2416 403 2620 460 ΡΟΝΤ.

3271 401 3408 457 1206

149 529 350 600 gandus
411 537 531 591 est;
581 526 625 581 si
675 524 936 579 innocens
977 524 1049 578 sit
1093 522 1306 585 militia,
1333 530 1390 579 et
1429 523 1717 576 honestum
1748 523 1795 582 Α
1825 521 2056 591 partium
2107 535 2166 575 se
2211 528 2334 574 vota
2377 519 2660 574 diviserint
2699 517 2849 587 (dist.
2905 519 2993 580 65,
3028 532 3076 572 c.
3139 518 3195 572 Si
3227 516 3408 586 forte),

149 621 312 690 possit
348 633 468 675 esse
496 615 828 688 coniugium,
866 614 1184 670 electionem
1222 624 1403 669 tamen
1441 612 1727 668 meliorum

1833 609 2232 680 metropolitani
2277 607 2484 676 judicio
2523 607 2569 662 is
2615 607 2770 662 alteri
2803 605 3147 677 praaferatur,
3177 607 3268 677 qui
3296 623 3410 661 ma-

149 711 472 777 deseruisse,
505 707 911 778 transmigratio
939 715 1045 762 est.
1079 706 1164 761 M.
1193 706 1351 772 Item,
1374 704 1567 776 puellm
1612 717 1731 774 quae
1823 699 2033 770 joribus
2074 707 2130 754 et
2185 697 2378 754 studiis
2417 695 2638 765 juvatur
2676 705 2731 749 et
2775 695 3023 751 meritis:
3054 704 3265 750 tantum
3288 736 3302 760 ,
3348 704 3408 750 ut

148 816 248 870 non
279 808 563 870 parentum
583 806 786 853 coactae
806 797 1036 868 imperio
1074 797 1188 870 (20,
1211 813 1267 868 q.
1306 798 1357 852 1.
1393 811 1443 852 c.
1479 795 1725 863 Puelltr),

147 889 234 945 sed
262 896 564 959 spontaneo
592 886 800 958 judicio
837 887 1167 960 virginitatis
1203 885 1541 956 propositum
1567 894 1732 954 atque

145 979 385 1036 habitum
408 986 781 1048 susceperunt,
811 977 855 1032 si
884 987 1070 1049 postea
1102 977 1318 1048 nuptias
1341 975 1565 1046 eligunt,
1593 988 1731 1045 pne-

147 1068 473 1133 varicantur,
513 1065 727 1120 etiamsi
779 1065 1018 1120 nondum
1067 1066 1239 1137 gratia
1292 1061 1730 1119 consecrationis

144 1161 395 1218 accessit.
443 1160 532 1214 15.
579 1159 657 1213 De
701 1158 790 1214 his
840 1166 1022 1213 autem
1077 1172 1198 1228 qua:
1225 1154 1340 1226 jam
1395 1162 1732 1210 consecrata:

146 1261 284 1315 sunt,
312 1251 359 1308 si
391 1259 579 1323 postea
613 1250 923 1320 nupserint,
955 1249 1158 1318 ambigi
1183 1265 1289 1303 non
1315 1253 1494 1316 potest
1520 1243 1728 1300 crimen

148 1358 401 1414 maguum
442 1338 678 1405 admitti,
732 1340 823 1397 ubi
870 1348 925 1397 et
971 1339 1308 1411 propositum
1355 1336 1626 1393 deseritur
1675 1337 1731 1392 et

146 1436 489 1492 consecratio
517 1435 773 1491 violatur.

213 1525 300 1581 16.
347 1524 424 1583 De
464 1524 702 1598 parvulis
724 1541 754 1578 a
789 1523 1118 1581 Christianis
1143 1521 1462 1593 parentibus
1501 1520 1723 1586 relictis,

145 1617 188 1674 si
216 1616 364 1671 nulla
390 1625 609 1674 exstant
653 1616 850 1672 iudicia
879 1615 965 1686 (de
1006 1613 1166 1669 Cons.
1201 1615 1258 1668 d.
1285 1613 1343 1680 4,
1366 1629 1417 1670 c.
1451 1613 1510 1668 Si
1531 1613 1728 1685 nulla),

146 1708 337 1778 quibus
377 1707 638 1778 baptizati
689 1723 810 1764 esse
868 1706 1260 1777 intelligantur,
1317 1718 1386 1760 ne
1441 1703 1730 1760 manifeste

143 1809 388 1872 pereant,
429 1801 697 1872 agendum
737 1809 821 1856 est
874 1809 934 1853 ut
982 1805 1361 1864 renascantur,
1410 1797 1538 1868 quia
1585 1795 1730 1866 quod

146 1901 354 1962 gestum
385 1907 494 1946 non
526 1891 851 1956 ostenditur,
903 1906 1012 1946 non
1040 1888 1171 1945 sinit
1198 1863 1353 1944 ratio
1383 1863 1444 1943 ut
1471 1863 1728 1944 itera—tum
1759 1863 1808 1924 Β

147 1982 416 2037 videatur.
444 1980 729 2044 Similiter,
773 1980 820 2035 si
843 1979 936 2050 qui
980 1978 1048 2034 ab
1071 1978 1318 2034 hostibus
1345 1977 1556 2050 parvuli
1587 1977 1731 2048 capti

147 2080 288 2136 sunt,
316 2079 524 2127 etcum
561 2067 848 2135 redierint,
875 2077 932 2124 ct
978 2068 1102 2139 ipsi,
1141 2077 1198 2123 et
1235 2067 1418 2123 caeteri
1447 2065 1515 2122 de
1539 2081 1730 2123 eorum

145 2161 468 2232 baptismate
513 2159 952 2216 iucertitudinem
991 2159 1216 2226 habent,
1241 2158 1628 2214 conferendum
1651 2158 1734 2215 eis

145 2251 362 2307 videtur
382 2251 524 2322 quod
555 2250 810 2307 collatum
836 2265 957 2306 esse
981 2250 1246 2316 nescitur,
1276 2249 1404 2321 quia
1434 2264 1544 2305 non
1567 2256 1734 2306 teme-

146 2343 275 2398 ritas
320 2342 761 2413 praesumptionis
813 2341 1127 2407 intervenit,
1175 2341 1268 2398 ubi
1319 2350 1407 2398 est
1452 2341 1732 2414 diligentia

146 2433 386 2503 pietatis.
437 2430 524 2489 17.
578 2432 702 2490 Illos
746 2442 930 2489 autem
978 2433 1068 2503 qui
1116 2433 1335 2489 aliunde
1387 2433 1630 2498 veniunt,
1681 2441 1736 2487 ct

145 2522 454 2593 baptizatos
481 2525 699 2595 quidem
732 2539 792 2581 se
843 2526 1021 2581 sciunt
1047 2525 1132 2597 (de
1156 2525 1313 2582 Cons.
1339 2525 1391 2580 d.
1415 2523 1469 2591 4,
1493 2541 1543 2582 c.
1573 2525 1646 2580 Hi
1671 2526 1734 2580 de

142 2614 375 2684 quibus),
424 2615 521 2670 sed
547 2614 701 2686 cujus
738 2613 863 2670 ﬁdei
909 2613 1205 2685 essentqui
1241 2629 1334 2670 eos
1361 2615 1733 2686 baptizarunt,

145 2717 201 2758 se
239 2705 456 2760 nescire
477 2704 741 2771 fatentur,
785 2704 918 2760 dicit
955 2720 1060 2759 non
1090 2705 1446 2775 baptizandos
1473 2720 1612 2772 esse,
1637 2706 1732 2761 sed

143 2809 238 2864 per
261 2809 460 2850 manus
487 2795 883 2866 impositionem
915 2795 1198 2852 catholicis
1226 2810 1347 2852 esse
1375 2796 1733 2866 copulandos.

146 2883 229 2939 18.
260 2884 347 2938 Illi
378 2893 583 2950 autem,
621 2885 713 2957 qui
746 2885 956 2955 parvuli
988 2885 1270 2954 baptizati,
1299 2893 1353 2942 et
1383 2900 1414 2940 a
1445 2885 1736 2957 gentilibus

143 2974 285 3044 capti
313 2984 458 3043 sunt,
483 2976 528 3030 si
561 2974 763 3031 reversi
803 2974 1243 3030 communionem
1293 2975 1571 3043 petierint,
1607 2991 1735 3045 pos-

142 3071 268 3118 sunt
324 3062 437 3118 sola
479 3079 672 3119 manus
722 3063 1068 3134 impositione
1123 3063 1368 3135 purgari,
1412 3064 1456 3118 si
1485 3065 1737 3121 convivio

141 3151 253 3207 solo
285 3152 591 3224 gentilium,
617 3162 673 3208 et
693 3153 835 3209 escis
858 3153 1219 3209 immolatitiis
1248 3154 1333 3208 usi
1374 3162 1530 3221 sunt;
1561 3155 1605 3210 si
1638 3170 1732 3210 au-

1831 789 2010 846 nullus
2045 789 2230 845 invitis
2267 787 2480 858 populis
2533 796 2589 842 et
2626 801 2731 842 non
2763 787 3070 857 petentibus
3109 786 3408 851 ordinetur,

1829 895 1899 937 ne
1925 881 2118 937 civitas
2144 879 2312 934 invita
2350 878 2664 948 episcopum
2703 892 2810 932 non
2856 887 3102 949 optatum
3152 885 3246 932 aut
3271 891 3406 932 con-

1831 979 2039 1030 temnat
2090 978 2183 1025 aut
2218 970 2414 1034 oderit,
2462 979 2518 1024 et
2550 969 2646 1024 ﬁat
2708 968 2887 1024 minus
2941 968 3192 1040 religiosa
3241 982 3406 1036 quam

1829 1061 2100 1126 convenit,
2155 1061 2242 1118 cui
2289 1075 2396 1116 non
2451 1058 2663 1114 licuerit
2709 1058 2911 1114 habere
2967 1074 3128 1130 quem
3162 1057 3412 1113 voluerit.

1829 1153 1884 1208 5.
1915 1151 2324 1222 Metropolitauo
2351 1165 2480 1206 vero
2525 1148 2778 1205 defuncto
2819 1149 2968 1221 (dist.
3007 1148 3100 1216 63,
3135 1164 3184 1204 c.
3215 1147 3415 1204 Metro-

1830 1239 2112 1312 politano),
2137 1255 2261 1296 cum
2285 1240 2337 1295 in
2369 1238 2487 1308 ejus
2511 1238 2684 1295 locum
2716 1237 2856 1293 alius
2878 1237 3042 1293 fuerit
3069 1238 3417 1308 subrogatus,

1830 1331 2193 1404 provinciales
2262 1329 2500 1401 episcopi
2592 1330 2658 1384 ad
2733 1328 3009 1384 civitatem
3073 1327 3415 1396 metropolim

1832 1423 2122 1480 convenire
2162 1421 2458 1483 debebunt,
2499 1428 2560 1474 ut
2585 1418 2830 1474 omnium
2887 1417 3210 1472 clericorum
3253 1424 3416 1484 atque

1831 1513 2031 1570 civium
2070 1511 2349 1567 voluntate
2399 1510 2668 1576 discussa,
2710 1523 2775 1564 ex
2811 1507 3146 1580 presbyteris
3182 1516 3276 1564 aut
3304 1507 3418 1562 dia-

1831 1605 1985 1662 conis
2005 1603 2148 1659 illius
2178 1601 2424 1658 ecclesiae
2463 1601 2700 1671 optimus
2736 1600 2989 1672 eligatur.
3018 1599 3086 1655 Et
3101 1599 3264 1670 jussit
3293 1612 3419 1671 pro-

1831 1695 2092 1753 vinciales
2118 1695 2187 1750 de
2243 1693 2465 1749 nomine
2503 1691 2925 1762 metropolitani,
2943 1700 2999 1746 et
3028 1689 3282 1747 similiter
3302 1705 3413 1746 me-

1836 1787 2222 1860 tropolitanum
2285 1785 2354 1842 de
2413 1797 2644 1855 persona
2713 1783 3001 1854 cujuslibet
3061 1783 3416 1839 consecrandi

1833 1877 2092 1950 episcopi,
2125 1874 2192 1930 ad
2217 1875 2468 1946 primatis
2509 1872 2716 1930 referre
2758 1873 3030 1939 notitiam,
3068 1880 3128 1928 ut
3149 1872 3420 1928 ordinatio

1833 1970 1936 2026 rite
1959 1966 2286 2024 celebranda
2315 1980 2410 2022 sua
2443 1966 2692 2021 ﬁrmetur
2729 1963 3074 2021 auctoritate.
3104 1964 3157 2018 6.
3189 1962 3263 2018 De
3285 1975 3415 2018 con-

1833 2060 1972 2118 ciliis
2016 2066 2198 2115 antem
2238 2057 2612 2127 episcoporum
2658 2055 2808 2125 (dist.
2840 2055 2929 2120 18,
2953 2068 3003 2108 c.
3040 2053 3118 2108 De
3156 2050 3416 2118 conciliis)

1835 2152 2112 2225 praecepit,
2146 2150 2289 2207 sicut
2337 2149 2509 2206 sancti
2539 2146 2730 2202 Patres
2751 2146 3047 2201 salubriter
3072 2145 3422 2207 ordinarunt,

1833 2252 1894 2300 ut
1915 2243 1997 2299 bis
2021 2256 2119 2314 per
2150 2253 2322 2296 annos
2349 2237 2590 2307 singulos
2623 2235 2985 2291 celebrentur.
3021 2234 3072 2287 7.
3095 2234 3250 2298 Item,
3282 2245 3425 2301 pra:-

1836 2338 2002 2407 cepit,
2034 2343 2095 2389 ut
2122 2333 2430 2404 episcopus,
2489 2330 2581 2401 qui
2630 2328 2870 2384 civitatis
2902 2341 3014 2382 sua:
3049 2322 3426 2382 mediocritate

1837 2427 2090 2496 despecta
2123 2421 2384 2491 majorem
2439 2418 2696 2474 ambicrit
2737 2417 2814 2487 (7,
2841 2431 2896 2486 q.
2923 2415 2978 2480 I,
3007 2428 3055 2469 c.
3098 2413 3160 2469 Si
3180 2412 3340 2483 quis),
3367 2418 3423 2466 et

1836 2514 1903 2570 ad
1932 2516 2105 2585 ipsam
2140 2526 2201 2568 se
2229 2507 2542 2571 contulerit,
2572 2507 2642 2561 ab
2678 2505 2850 2561 aliena
2884 2503 3116 2575 pellatur
3142 2500 3420 2563 cathedra,

1835 2605 1930 2662 sed
1961 2614 2015 2659 et
2045 2602 2252 2659 carebit
2283 2609 2338 2656 et
2367 2599 2606 2669 propria.
2636 2596 2789 2662 Item,
2811 2594 3068 2666 praecepit
3096 2601 3156 2648 ut
3173 2591 3240 2646 ad
3271 2590 3428 2647 exhi-

1836 2696 2066 2750 bendam
2097 2691 2351 2762 perfectae
2383 2686 2730 2744 continentia:
2751 2685 3044 2756 puritatem
3074 2697 3174 2738 nec
3203 2681 3426 2738 subdia-

1838 2783 1992 2839 conis
2027 2780 2246 2838 carnale
2305 2777 2638 2835 connubium
2668 2774 3017 2830 concedatur.
3049 2773 3104 2828 8.
3140 2771 3425 2828 Iuterdixit

1837 2873 2022 2939 etiam,
2083 2884 2152 2926 ne
2205 2868 2404 2938 aliquis
2455 2864 2691 2921 alienum
2748 2863 3007 2919 clericum
3035 2861 3206 2919 invito
3254 2859 3424 2931 ipsius

1838 2963 2094 3034 episcopo
2144 2957 2405 3029 suscipiat
2458 2954 2574 3024 (l9,
2615 2968 2673 3024 q.
2709 2953 2768 3019 2,
2803 2966 2853 3009 e.
2896 2951 3185 3021 Alienum),
3215 2958 3272 3005 et
3312 2963 3418 3005 non

1841 3052 2115 3118 sollicitet,
2165 3049 2270 3104 nisi
2302 3047 2354 3103 id
2385 3046 2528 3100 inter
2567 3039 2790 3099 dantem
2818 3051 2876 3097 et
2899 3040 3255 3111 accipientem
3285 3051 3420 3094 cou-

1839 3142 2071 3199 venerit.

143 3251 250 3296 tem
283 3243 427 3298 idola
457 3244 822 3309 adoraverint,
881 3253 976 3299 aut
1023 3245 1333 3300 homicidiis
1362 3256 1455 3300 aut
1499 3245 1731 3301 fornica-

1907 3233 2041 3289 Item
2075 3233 2267 3288 beatus
2294 3239 2350 3285 et
2395 3229 2821 3296 discretissimus
2849 3240 2987 3298 papa
3018 3222 3220 3279 Nicette
3248 3220 3422 3290 Aqui-

143 3334 386 3391 tionibus
410 3337 765 3392 contaminati
797 3337 929 3402 sint,
959 3337 1027 3392 ad
1051 3338 1487 3394 communionem
1511 3353 1608 3395 eos
1629 3338 1730 3394 nisi

140 3439 237 3495 per
265 3426 648 3497 pmnitentiam
674 3427 945 3498 publicam
977 3429 1186 3484 admitti
1216 3445 1321 3485 non
1350 3439 1586 3500 oportet.

207 3521 262 3575 1.
292 3521 447 3585 Item,
497 3523 787 3579 Anastasio
830 3521 1301 3579 Thessalonicensi
1345 3525 1731 3598 primatipraa-

139 3614 322 3670 dictus
351 3629 488 3685 papa
531 3613 694 3669 aliam
748 3613 1268 3684 scripsitepislolam
1311 3617 1484 3686 (epist.
1513 3616 1629 3688 82),
1667 3617 1720 3672 in

138 3721 241 3774 qua
265 3721 393 3760 eum
415 3705 593 3776 primo
623 3706 823 3778 arguit,
853 3706 980 3776 quia
1017 3705 1254 3762 Atticum
1285 3706 1500 3777 ngypti
1534 3717 1734 3763 metro-

136 3795 446 3866 politanum
502 3794 697 3865 injuste
734 3796 1018 3878 aﬁlixerat,
1054 3805 1109 3853 et
1145 3797 1520 3855 ecclesiastico
1551 3799 1731 3857 ollicio

137 3886 496 3956 privaverat:
537 3887 681 3952 ideo,
731 3887 858 3957 quia
908 3893 1134 3942 vocatus
1183 3884 1372 3942 adesse
1421 3886 1731 3954 distulerat,

139 3979 475 4035 inﬁrmitatis
507 3986 714 4033 tantum
739 3977 1146 4034 excusationem
1173 3976 1490 4044 obtendens,
1513 3986 1571 4034 et
1596 3992 1736 4050 prae-

139 4071 346 4126 fectum
375 4065 572 4140 Illyrici
608 4070 676 4123 ad
703 4067 938 4124 miseriae
957 4067 1237 4124 cumulum
1266 4067 1318 4121 in
1346 4067 1596 4124 eumdem
1633 4068 1728 4124 At-

140 4166 314 4221 ticum
358 4165 704 4230 incitaverat,
745 4179 868 4219 cum
901 4178 930 4217 a
967 4164 1096 4218 sedc
1124 4159 1372 4218 Romana
1417 4161 1732 4233 episc0pum

137 4259 416 4329 deponere
451 4255 555 4310 sibi
581 4256 931 4312 commissum
953 4271 1059 4310 non
1085 4253 1284 4320 fuerat,
1305 4253 1563 4324 praedicto
1597 4268 1734 4323 papa

139 4351 215 4406 ita
275 4359 613 4406 attestante:
654 4347 804 4404 Vices
858 4349 997 4404 enim
1034 4357 1241 4402 nostras
1296 4346 1370 4400 ita
1415 4345 1733 4401 credidimus

137 4458 248 4500 tum
269 4443 545 4504 cltaritati,
575 4451 629 4495 ut
660 4442 713 4496 in
734 4451 937 4512 partem
968 4441 1040 4494 sis
1066 4448 1279 4493 vocatus
1337 4436 1732 4500 sollicitudinis,

136 4552 244 4590 non
277 4536 334 4600 in
360 4533 736 4605 plenitudinem
757 4529 1049 4601 potestatis.
1077 4527 1126 4582 2.
1152 4527 1337 4596 Itaque
1363 4526 1487 4596 quia
1513 4525 1732 4580 modum

137 4639 413 4680 mensura:
449 4637 562 4678 sum
592 4620 842 4686 exierat,
883 4617 1013 4689 quid
1055 4631 1276 4674 scrvare
1305 4615 1470 4671 totius
1500 4629 1728 4685 usurpa-

139 4714 312 4770 tionis
342 4721 618 4784 ampulato
640 4725 864 4767 excessu
905 4708 1116 4774 debeat,
1141 4721 1240 4778 per
1258 4703 1466 4777 singula
1489 4705 1729 4776 pruden-

137 4816 225 4861 ter
249 4805 535 4872 informat,
584 4803 657 4858 ita
679 4803 868 4858 dicens
895 4818 908 4853 :
943 4799 1116 4871 Igitur
1139 4797 1254 4871 (25,
1277 4811 1330 4866 q.
1359 4795 1416 4860 2,
1455 4809 1506 4851 c.
1534 4795 1730 4866 Igitur)

134 4897 432 4954 secundum
457 4905 754 4952 sanctorum
772 4886 1445 4958 canones,metropolitanos
1467 4886 1733 4958 episcopos

127 4991 226 5061 jus
255 4989 472 5044 tradita:
498 4986 598 5043 sibi
623 4985 912 5055 antiquitus
941 4980 1212 5052 dignitatis
1238 4978 1605 5032 intemeratum
1636 4979 1734 5030 Ita-

136 5083 262 5137 bere
285 5080 636 5142 decernimus,
663 5077 738 5130 ita
761 5085 815 5129 ut
839 5090 871 5127 a
893 5071 1202 5144 prwstitutis
1229 5065 1422 5140 regulis
1461 5065 1614 5122 nulla
1640 5074 1731 5119 aut

137 5174 461 5246 negligentia
489 5181 579 5226 aut
626 5166 1033 5241 praesumptione
1081 5161 1372 5219 discedant.
1409 5159 1464 5215 5.
1499 5160 1576 5215 De
1603 5159 1733 5213 sub-

135 5263 435 5322 stituendis
462 5270 644 5318 autem
681 5257 945 5328 episcopis
975 5257 1118 5313 hanc
1153 5251 1357 5310 servari
1389 5248 1556 5318 jussit
1576 5249 1732 5321 (dist.

133 5358 231 5425 32,
266 5371 322 5411 c.
349 5351 645 5425 Omnium),
677 5358 739 5404 ut
789 5363 889 5404 nec
911 5348 1105 5417 laicus,
1137 5360 1238 5402 nec
1271 5343 1600 5415 neopliytus,
1633 5355 1733 5395 nec

133 5444 399 5504 secunda:
434 5441 684 5517 conjugis
717 5439 960 5505 maritus,
1017 5448 1112 5496 aut
1137 5435 1228 5508 qui
1254 5433 1470 5490 viduam
1514 5432 1730 5492 habeat,

130 5537 222 5594 vel
251 5535 526 5603 habuerit,
555 5531 844 5606 episcopus
869 5529 1184 5593 ordinetur;
1215 5534 1271 5581 et
1299 5538 1423 5580 cum
1466 5524 1534 5580 de
1570 5523 1736 5593 ipsius

131 5627 414 5702 episcopis
439 5627 710 5684 electione
749 5620 1087 5690 tractabitur,
1122 5617 1211 5673 ille
1251 5615 1506 5673 omnibus
1528 5627 1735 5686 pratpo-

133 5731 328 5785 nelur,
360 5734 514 5788 quem
543 5714 682 5776 clcri
728 5713 1009 5784 plebisque
1055 5724 1357 5772 consensus
1386 5705 1735 5764 concorditer

1838 3322 2062 3395 legiensi
2108 3322 2364 3392 episcopo
2431 3320 2729 3391 postulanti
2797 3315 3078 3388 epistolam
3137 3312 3428 3368 destinavit

1837 3417 2008 3488 (epist.
2048 3414 2180 3485 77),
2240 3416 2295 3469 in
2351 3427 2461 3484 qua
2507 3425 2607 3482 pro
2660 3409 2996 3480 inspectione
3043 3402 3422 3475 temporalium

1835 3505 2217 3562 necessitatum
2239 3543 2254 3569 ,
2283 3504 2563 3558 curatione
2591 3500 2832 3557 adhibita
2856 3537 2874 3566 ,
2919 3495 3310 3554 deliberatione
3337 3507 3425 3548 sa-

1829 3597 1974 3654 lubri
1989 3595 2268 3652 mandavit
2279 3595 2302 3649 1
2315 3635 2328 3649 .
2347 3603 2405 3650 ut
2421 3594 2696 3659 mulieres,
2710 3605 2832 3663 quia
2841 3590 2973 3647 viris
2984 3587 3219 3660 propriis
3231 3586 3426 3658 captis,

1835 3697 1890 3744 et
1921 3689 1975 3742 in
1999 3685 2371 3756 captivitatem
2413 3683 2683 3749 abductis,
2721 3682 2844 3738 aliis
2884 3679 3102 3736 interim
3131 3684 3430 3747 nupserant

1835 3779 1928 3851 (54
1949 3821 1966 3846 ,
2011 3793 2067 3850 q.
2120 3780 2145 3834 1
2177 3818 2193 3844 ,
2241 3785 2300 3832 et
2339 3777 2376 3832 2
2403 3816 2419 3842 ,
2465 3791 2514 3832 c.
2547 3775 2682 3830 Cum
2703 3774 2856 3846 per),
2905 3771 3178 3843 prioribus
3199 3769 3329 3825 viris
3359 3767 3429 3821 de

1837 3871 2150 3943 captivitate
2179 3869 2439 3941 regressis
2460 3867 2609 3923 reddi
2634 3867 2888 3931 debeant,
2914 3865 3039 3935 quia
3061 3862 3322 3934 scriptum
3344 3868 3431 3915 est

1835 3966 1975 4038 quod
2013 3962 2202 4018 mulier
2246 3979 2280 4017 a
2323 3959 2435 4017 Deo
2471 3960 2719 4031 jungitur
2766 3959 2878 4014 viro
2911 3956 3094 4030 (Prov.
3132 3953 3280 4025 xxx);
3322 3959 3419 4006 et:

1837 4057 1979 4129 quod
2011 4055 2152 4112 Deus
2191 4056 2398 4127 junxit,
2433 4053 2588 4108 homo
2632 4069 2737 4107 non
2777 4058 2980 4121 separet
3028 4046 3244 4119 (Matth.
3285 4042 3424 4113 xu).

1839 4147 1957 4202 Non
1989 4155 2169 4202 tamen
2202 4143 2484 4216 culpabilis
2523 4140 2851 4210 judicandus
2895 4145 3019 4203 est,
3070 4144 3127 4191 et
3165 4143 3424 4202 tanquam

1839 4238 2000 4294 alieni
2041 4237 2181 4307 juris
2230 4249 2490 4306 pervasor
2536 4231 2841 4298 habendus,
2869 4229 2964 4307 qui
2988 4240 3278 4298 personam
3307 4222 3424 4292 ejus

1838 4333 2041 4398 mariti,
2072 4332 2162 4402 qui
2205 4329 2320 4397 jam
2363 4327 2779 4382 existimabatur
2804 4337 2912 4379 non
2941 4336 3082 4386 esse,
3113 4318 3424 4388 assumpsit.

1838 4424 1895 4478 2.
1927 4421 1986 4478 Si
2017 4436 2145 4476 vero
2171 4419 2365 4492 aliqua:
2409 4418 2664 4473 mulieres
2694 4417 2768 4471 ita
2794 4413 3156 4485 posteriorum
3184 4410 3425 4465 virorum

1842 4529 2030 4570 amore
2056 4525 2182 4568 sunt
2206 4521 2377 4583 capta:
2407 4519 2466 4565 ut
2517 4509 2710 4564 malint
2746 4509 2831 4564 his
2865 4507 3142 4562 cohaerere
3167 4516 3330 4573 quam
3356 4501 3424 4554 ad

1838 4607 2140 4678 legitimum
2187 4605 2366 4660 redire
2413 4601 2764 4664 consortium,
2793 4599 2934 4655 dixit
2960 4611 3054 4655 eas
3085 4595 3281 4651 merito
3303 4606 3426 4647 esse

1838 4693 2141 4758 notandus,
2189 4695 2262 4749 ita
2313 4701 2372 4748 ut
2417 4691 2582 4747 etiam
2628 4689 2999 4746 ecclesiastica
3043 4683 3428 4742 communione

1840 4787 2128 4860 priventur
2160 4802 2175 4839 :
2207 4782 2334 4854 quia
2379 4781 2446 4837 de
2493 4795 2551 4836 re
2577 4778 2879 4835 excusabili
2907 4772 3427 4836 contaminationem

1841 4876 2090 4934 criminis
2117 4875 2428 4947 elegerunt,
2465 4871 2813 4930 ostendentes
2850 4871 3070 4930 sibimet
3095 4880 3196 4936 pro
3223 4878 3322 4920 sua
3349 4863 3433 4917 in-

1844 4968 2178 5026 continentia
2213 4966 2501 5038 placuisse,
2533 4964 2677 5033 quod
2720 4961 2869 5033 justa
2921 4960 3174 5022 remissio
3219 4963 3436 5030 poterat

1840 5059 2084 5132 expiare.
2131 5058 2186 5113 5.
2240 5056 2319 5113 De
2344 5057 2453 5125 his,
2481 5054 2574 5127 qui
2614 5053 2684 5109 ad
2727 5055 3036 5115 iterandum
3081 5050 3436 5121 baptismum.

1842 5152 1929 5208 vcl
1955 5159 2104 5205 metu
2133 5149 2308 5205 coacti
2332 5189 2350 5220 ,
2384 5149 2472 5207 .vel
2495 5159 2684 5204 errore
2713 5149 2950 5208 traducti
2979 5152 3107 5206 sunt
3154 5141 3270 5213 (26,
3295 5158 3351 5212 (ε.
3382 5137 3440 5203 7,

1842 5257 1894 5300 c.
1929 5240 2232 5313 Tempora),
2260 5249 2320 5298 et
2347 5250 2537 5300 contra
2566 5237 2855 5300 catholicae
2886 5241 3008 5300 ﬁdei
3039 5240 3440 5293 sacramentum

1844 5339 2024 5410 egisse
2049 5349 2478 5408 cognoscuntur,
2501 5345 2566 5388 ea
2595 5333 2972 5396 moderatione
2999 5326 3188 5390 statuit
3215 5340 3338 5381 cum
3363 5321 3446 5376 eis

1843 5443 1966 5486 esse
1993 5430 2285 5498 agendum,
2320 5440 2383 5486 ut
2406 5442 2505 5502 per
2534 5422 2876 5494 ptenitentia:
2913 5419 3237 5487 remedium,
3266 5423 3321 5469 et
3348 5425 3449 5482 per

1846 5520 2243 5593 impositionem
2290 5535 2488 5579 manus
2518 5515 2868 5591 episcopalis,
2900 5508 3301 5582 communionis
3328 5505 3450 5561 uni-

1845 5622 2008 5668 tatem
2050 5609 2344 5680 recipiant.

1913 5702 2048 5758 Cum
2095 5703 2162 5757 de
2201 5699 2644 5761 ordinationibus
2692 5707 3040 5765 sacerdotum
3097 5693 3149 5748 in
3204 5687 3450 5759 partibus

1844 5784 2216 5822 ρ.....η..;ηη..;ο’
2262 5793 2506 5822 “mnuum:
2571 5787 2818 5822 nis-ml“..-
2886 5783 3180 5822 ,μω-,ζημίαι
3259 5779 3454 5822 ﬂorent
