3948 5820
490 383 621 440 1207

1199 382 1489 438 ΛΡΡΕὶτῐ).
1531 381 1624 438 AD
1663 380 1839 470 SlEC.
1882 379 1972 438 IX.
2013 409 2049 420 —

2171 377 2489 436 UCTOiIES
2525 379 2689 435 ANNI
2727 379 3022 438 INCERTI.

3617 385 3745 456 litt;

487 495 654 570 multa
703 496 891 552 illlcita
915 535 930 562 ,
977 495 1264 565 praedictus
1309 511 1444 565 papa
1497 486 2067 566 universis'episc0pis
2097 498 2140 554 A
2172 495 2367 558 tentiw,
2399 511 2490 548 nec
2527 495 2697 564 gratia
2735 494 3132 548 communionis.
3167 491 3233 548 Et
3265 495 3312 550 si
3345 495 3531 565 aliqua
3555 501 3745 567 agritu-

485 587 726 659 ejusdem
752 589 1042 658 provincia:
1070 589 1286 661 scripsit
1325 590 1500 661 (epist.
1523 590 1614 660 85)
1641 631 1655 654 ,
1705 604 1936 661 arguens
1975 605 2067 644 eos

485 678 636 749 (dist.
667 677 760 745 6I,
806 693 856 733 c.
895 677 1202 749 Miramur),
1250 680 1392 749 quod
1427 679 1778 735 ambientium
1808 695 2068 750 praesum-

483 769 618 841 ptio,
661 777 715 823 et
749 769 1023 839 popularis
1054 771 1314 825 tumultus
1342 771 1614 826 intantum
1641 772 1780 840 apud
1835 786 1931 826 eos
1968 786 2062 825 va-

482 857 648 922 lebat,
679 867 737 911 ut
784 860 1019 928 indignis
1064 860 1371 930 quibusque
1414 862 1683 930 pastorale
1715 861 1986 932 fastigium
2012 870 2068 916 et

481 949 738 1006 Ecclesia:
763 953 1083 1023 gubernatio
1101 955 1445 1020 crederetur;
1472 955 1658 1010 dicens
1688 954 1790 1010 hoc
1811 970 1916 1011 non
1944 968 2089 1010 esse-

479 1039 769 1097 consulere
810 1041 1021 1112 populis
1045 1082 1061 1109 ,
1113 1043 1207 1098 sed
1253 1057 1450 1098 nocere
1482 1060 1497 1109 ;
1537 1059 1636 1100 nec
1677 1055 1936 1116 praestare
1975 1061 2062 1103 re-

478 1145 640 1199 gnum
674 1129 986 1202 [regimen],
1019 1132 1113 1186 sed
1157 1147 1358 1202 augere
1411 1132 1731 1197 discrimen,
1763 1134 1891 1204 quia
1923 1135 2064 1189 inte-

475 1221 646 1291 gritas
676 1222 1077 1289 praesidentium
1126 1222 1272 1277 salus
1318 1232 1402 1278 est
1447 1223 1818 1289 subditorum;
1867 1234 1921 1279 et
1970 1225 2059 1280 ubi

475 1319 560 1366 est
587 1311 928 1368 incolumitas
963 1314 1310 1377 obedientim,
1357 1314 1428 1368 ibi
1472 1330 1605 1370 sana
1649 1324 1735 1369 est
1765 1314 1937 1370 forma
1967 1316 2062 1370 do-

474 1402 688 1458 ctrinm.
730 1403 1071 1474 Principatus
1097 1413 1276 1460 autem
1319 1406 1396 1476 (-I,
1422 1421 1474 1474 q.
1507 1407 1557 1472 I,
1591 1422 1641 1462 c.
1674 1403 2057 1477 Principatus),

474 1504 636 1561 quem
673 1501 766 1548 aut
795 1495 988 1550 seditio
1021 1497 1252 1551 extorsit
1289 1506 1344 1551 et
1384 1497 1636 1564 contulit,
1682 1505 1776 1551 aut
1823 1498 2060 1554 ambitus

472 1587 782 1656 occupavit,
812 1588 1024 1644 etiamsi
1057 1589 1300 1644 moribus
1333 1598 1492 1657 atque
1521 1604 1624 1642 non
1653 1589 1866 1644 actibus
1891 1588 2060 1645 offen-

472 1675 572 1740 dit,
607 1677 778 1747 ipsius
809 1685 988 1734 tamen
1020 1678 1161 1733 lnitii
1184 1679 1268 1733 sui
1297 1688 1380 1734 est
1403 1679 1737 1750 periculosus
1768 1679 2057 1751 [pernicio-

470 1766 588 1839 sus}
615 1768 898 1838 exemplo;
940 1777 996 1824 et
1044 1767 1261 1825 difﬁcile
1313 1780 1396 1825 est
1439 1778 1498 1825 ut
1545 1770 1686 1824 bono
1728 1779 2057 1842 peragantur

2169 586 2308 639 diuis
2347 586 2392 639 vi
2426 587 2502 640 ita
2542 586 2737 654 fuerint
2774 586 3060 655 aggravati,
3109 594 3187 650 ut,
3238 586 3383 654 quod
3429 585 3592 654 paulo
3637 599 3746 643 ante

2166 679 2494 748 poscebatur,
2525 678 2620 732 sub
2663 678 2939 748 praesentia
2985 678 3269 731 sacerdotis
3314 678 3618 748 signiﬁcare
3653 696 3748 733 non

2168 766 2375 821 valeant
2413 768 2715 822 testimonia
2753 768 2827 821 eis
2865 767 3100 836 ﬁdelium
3146 768 3604 820 circumstantium
3641 785 3749 837 pro-

2167 860 2315 915 desse
2343 860 2618 926 debebunt,
2650 871 2704 914 ut
2728 859 2886 915 simul
2925 868 2972 914 et
3018 859 3338 929 paenitentia:
3378 869 3427 912 et
3460 859 3748 912 reconcilia-

2165 951 2320 1006 tionis
2349 952 2651 1022 beneﬁcium
2681 963 3087 1023 consequantur,
3122 960 3333 1006 servata
3376 961 3552 1004 tamen
3581 951 3747 1020 regula

2165 1057 2427 1094 canonum
2473 1051 2811 1116 paternorum
2856 1041 2994 1096 circa
3031 1058 3210 1096 eorum
3251 1057 3510 1111 personas
3534 1080 3550 1106 ,
3584 1041 3672 1110 qui
3701 1042 3747 1094 in

2164 1131 2332 1186 Deum
2367 1151 2399 1187 a
2425 1133 2530 1202 ﬁde
2556 1134 2870 1188 discedendo
2897 1134 3249 1203 peccaverint.

2232 1223 2375 1278 Idem
2407 1239 2540 1294 papa
2575 1225 2627 1278 iu
2658 1225 2884 1294 epistola
2929 1225 2997 1278 ad
3039 1222 3286 1278 Nicotaus
3314 1221 3746 1292 Aquilegicnscm

2161 1315 2472 1385 episcopum
2521 1315 2725 1370 directa
2776 1315 2971 1387 (epist.
3018 1314 3126 1384 84)
3173 1313 3358 1368 dicit:
3393 1311 3456 1368 Si
3481 1313 3747 1382 quisquam

2162 1405 2460 1461 salubribus
2517 1407 2789 1475 pra'ceptis
2834 1405 3142 1475 satisfacere
3186 1404 3558 1458 detrectaverit
3586 1443 3604 1466 ,
3651 1403 3751 1456 site

2161 1496 2249 1550 ille
2290 1497 2358 1550 sit
2408 1496 2651 1562 clericus,
2704 1498 2810 1551 sive
2849 1495 3040 1557 laicus,
3087 1495 3152 1548 ab
3199 1493 3458 1548 Ecclesia:
3514 1493 3751 1548 societate

2160 1587 2409 1658 pellatur.

2231 1680 2360 1735 Item
2389 1721 2406 1744 ,
2456 1681 2508 1734 in
2553 1679 2779 1750 epistola
2825 1679 2892 1734 ad
2941 1679 3261 1733 Dioscorum
3324 1675 3746 1731 Alexandrinum

2159 1772 2474 1841 episcopum
2503 1771 2666 1826 missa
2697 1771 2870 1840 (epist.
2900 1770 2990 1840 79)
3019 1770 3280 1840 praecepit
3305 1779 3367 1822 ut
3414 1768 3470 1822 iu
3501 1767 3753 1822 solemni-

468 1859 646 1926 exitu,
671 1874 791 1928 quae
821 1859 963 1916 malo
984 1868 1116 1915 sunt
1159 1860 1411 1916 inchoata
1439 1861 1725 1931 principio.
1777 1859 1894 1915 Non
1926 1875 2056 1932 ergo
2089 1841 2130 1899 Β
2162 1864 2383 1927 tatibus,
2415 1863 2627 1931 quoties
2655 1861 2961 1925 basilicam,
3002 1861 3070 1915 ad
3097 1876 3263 1930 quam
3295 1861 3427 1923 itur,
3460 1859 3746 1931 praesentia

467 1947 525 2002 in
563 1948 880 2020 cujusquam
925 1964 1157 2020 persona
1199 1950 1622 2020 permittendum
1670 1959 1778 2017 est,
1815 1950 1958 2020 quod
2001 1950 2055 2005 in

467 2037 732 2095 institutis
759 2040 1104 2112 generalibus
1134 2043 1488 2097 continetur:
1516 2057 1616 2098 nec
1664 2042 1933 2112 putandus
1972 2051 2058 2098 est

466 2125 644 2182 honor
669 2127 762 2183 ille
787 2129 1076 2200 legitimus,
1103 2131 1195 2200 qui
1241 2131 1405 2186 fuerit
1457 2141 1648 2187 contra
1691 2132 1884 2186 divinae
1922 2132 2056 2203 legis

463 2223 739 2285 praecepta
785 2217 1040 2274 collatus.
1083 2219 1214 2274 Item
1260 2219 1489 2277 inferius
1525 2237 1541 2275 :
1572 2211 2055 2277 Omnisecclesia-

466 2305 605 2361 stica
655 2306 938 2377 disciplina
988 2309 1323 2376 dissolvitur,
1373 2311 1550 2368 omnis
1596 2310 1734 2367 ordo
1780 2314 2052 2377 turbatur,

465 2397 596 2452 dum
621 2397 673 2453 in
705 2395 968 2467 Ecclesia,
999 2401 1090 2472 qui
1133 2403 1340 2458 nullum
1377 2404 1658 2459 subierunt
1690 2403 2052 2459 ministerium

465 2501 726 2557 perverso
801 2491 1115 2562 eligentinm
1179 2491 1384 2562 judicio
1449 2495 1746 2550 indebitum
1807 2494 2054 2550 obtinent

463 2580 847 2654 principatum.
875 2584 1008 2640 Item
1038 2586 1090 2640 in
1116 2586 1305 2642 eadem
1338 2586 1602 2644 inferius:
1634 2586 1702 2643 Si
1717 2587 1806 2659 qui
1827 2588 2054 2656 episcopi

462 2673 622 2730 talem
644 2677 1055 2731 consecraverint
1081 2679 1404 2733 sacerdotem
1432 2678 1508 2751 (ί,
1537 2693 1590 2749 q.
1627 2679 1680 2744 1,
1711 2687 1764 2734 et
1792 2678 1885 2743 25,
1914 2693 1968 2748 q.
1992 2678 2049 2744 2,

462 2779 516 2820 c.
568 2761 629 2818 Si
671 2766 805 2836 qui),
847 2767 1055 2837 qualem
1103 2755 1214 2824 esse
1262 2787 1366 2824 non
1411 2769 1595 2835 liceat,
1644 2770 1849 2824 etiamsi
1872 2770 2048 2840 aliquo

461 2855 620 2910 modo
649 2855 900 2912 damnum
929 2860 1128 2929 praprii
1154 2860 1366 2916 honoris
1395 2862 1672 2928 evaserint,
1703 2863 2050 2918 ordinationis

461 2954 638 3001 tamen
667 2947 762 3018 jus
793 2948 1013 3006 ulterius
1045 2969 1155 3007 non
1184 2953 1464 3019 habebunt,
1507 2971 1600 3008 nec
1630 2971 1860 3026 unquam
1893 2955 1941 3010 ei
1969 2973 2054 3010 sa-

462 3049 731 3094 cramento
769 3041 1098 3108 intererunt,
1151 3045 1294 3114 quod
1352 3045 1584 3115 neglecto
1633 3047 1808 3103 divino
1842 3047 2049 3117 judicio

460 3126 723 3182 immerito
745 3132 1123 3197 praestiterunt.
1537 3143 1545 3149 ’

2161 1969 2314 2010 novae
2337 1952 2508 2023 plebis
2529 1950 2852 2022 impleverit,
2876 1951 3034 2006 toties
3060 1950 3395 2005 sacrificium
3417 1951 3747 2019 subsequens

2157 2045 2435 2102 oferatnr.

2229 2139 2397 2201 Item,
2444 2139 2497 2193 in
2545 2137 2769 2204 epistola
2821 2135 3089 2190 universis
3123 2134 3441 2206 Campaniae
3488 2132 3746 2204 episcopis

2159 2229 2324 2284 missa
2355 2227 2527 2299 (epist.
2556 2227 2645 2296 78)
2686 2225 2961 2281 interdicit
2993 2241 3058 2280 ne
3085 2242 3113 2280 a
3147 2225 3556 2295 postulantibus
3582 2223 3745 2294 pinni-

2158 2319 2386 2372 teutiam
2427 2317 2691 2386 professio
2735 2315 2950 2386 publice
2996 2317 3272 2371 recitando
3315 2324 3599 2386 quaeratur
3645 2313 3748 2383 (de

2158 2404 2350 2460 Paenit.
2378 2407 2504 2461 dist.
2533 2406 2585 2470 I,
2612 2420 2661 2460 c.
2693 2403 3002 2475 Quamvis);
3030 2406 3158 2474 quia
3189 2403 3396 2459 sufﬁcit
3415 2404 3552 2458 solis
3579 2418 3746 2457 sacer-

2158 2497 2378 2553 dotibus
2407 2496 2863 2551 conscientiarum
2908 2497 3102 2550 delicta
3139 2497 3385 2550 indicare
3409 2493 3746 2551 confessione

2157 2600 2387 2648 secreta.
2433 2588 2642 2644 Sufficit
2680 2588 2826 2644 enim
2863 2588 2949 2642 illa
2981 2587 3252 2643 confessio
3277 2628 3294 2651 ,
3347 2603 3474 2657 quae
3519 2587 3745 2656 primum

2156 2681 2385 2736 Domino
2411 2679 2656 2745 offertur,
2691 2686 2817 2734 tunc
2859 2679 3020 2732 etiam
3060 2678 3358 2744 sacerdoti,
3393 2677 3488 2747 qui
3517 2676 3745 2748 peccatis

2155 2769 2530 2839 paenitendum
2564 2777 2818 2837 precator
2856 2768 3081 2823 accedit.

2226 2851 2390 2925 Item,
2432 2859 2485 2914 in
2518 2858 2604 2912 illa
2635 2857 2883 2928 epistola,
2932 2872 3093 2925 quam
3135 2854 3324 2910 Gallia:
3365 2869 3611 2924 regionis
3646 2868 3742 2922 cpio

2155 2949 2336 3019 scopis
2380 2948 2599 3016 scripsit
2641 2947 2810 3018 (epist.
2871 2946 2980 3016 86),
3038 2944 3269 2998 afﬁrmat
3327 2944 3746 3012 chorcpiscnpos

2155 3055 2262 3093 non
2301 3039 2525 3094 alterius
2565 3037 2852 3108 potestatis
2899 3051 3018 3090 esse
3059 3051 3221 3105 quam
3247 3033 3565 3103 presbyteri
3621 3031 3738 3085 sint.

2155 3127 2331 3184 Cbore
2360 3128 2507 3182 enim
2557 3127 2679 3180 villa
2724 3127 2919 3181 dicitur
2947 3144 2964 3178 -.
2997 3125 3118 3180 inde
3148 3124 3536 3195 cborepisc0pi
3567 3121 3743 3176 villani

535 3216 705 3284 Item,
736 3185 1024 3278 'I'beodoro
1049 3185 1404 3295 Foroiuliensi
1435 3227 1688 3298 episcopo
1715 3227 1874 3283 aliam
1915 3229 2051 3285 seri-
2076 3185 2121 3248 Ο
2155 3219 2458 3290 presbyteri
2515 3217 2912 3288 intelliguntur,
2959 3217 3049 3285 qui
3098 3231 3198 3271 nec
3249 3185 3742 3285 fro-ntcs'signarc,

462 3307 575 3378 psit
603 3309 886 3380 epistolam
931 3312 1102 3385 (epist.
1140 3315 1253 3386 89),
1298 3317 1351 3372 in
1385 3334 1490 3388 qua
1520 3320 1585 3374 de
1614 3319 1718 3385 bis,
1750 3321 1839 3390 qui
1872 3322 1924 3374 in
1951 3336 2049 3375 ex-

463 3402 652 3459 tremis
676 3405 1057 3474 ptenitentiam
1083 3416 1291 3477 petunt.
1330 3424 1453 3464 eum
1491 3414 1571 3466 sic
1601 3411 1817 3467 instruit
1849 3429 1861 3464 :
1890 3412 2053 3468 Solli-

460 3495 710 3551 citudinis
750 3507 857 3552 tute
894 3499 940 3553 is
971 3500 1100 3554 ordo
1129 3518 1240 3557 esse
1259 3503 1530 3570 debuerat,
1569 3513 1624 3559 ut
1649 3521 1766 3560 cum
1791 3516 2052 3576 metropo-

460 3583 628 3641 litano
675 3597 768 3642 tuo
813 3591 1054 3659 primitus
1105 3593 1170 3647 de
1225 3611 1285 3648 eo
1335 3596 1477 3666 quod
1523 3598 2049 3667 ~quaerendumesse

458 3675 752 3743 uidebatur,
774 3680 1061 3750 conferres,
1103 3684 1194 3737 sed
1234 3694 1290 3738 ut
1314 3703 1519 3756 quoquo
1562 3688 1722 3742 modo
1751 3688 2049 3742 instruatur

461 3763 777 3833 ambiguitas
838 3769 1196 3836 consulentis,
1253 3775 1380 3843 quid
1429 3776 1494 3829 de
1539 3777 1850 3846 paenitentia:
1903 3787 2048 3832 statu

457 3853 814 3910 ecclesiastica
857 3857 1044 3912 habeat
1096 3861 1297 3931 regula,
1337 3880 1440 3918 non
1485 3866 1662 3920 tacebo
1705 3866 1851 3938 (dist.
1888 3868 1941 3933 l,
1981 3868 2047 3922 de

459 3938 681 4006 PamiL,
728 3957 778 3997 c.
813 3943 1158 4018 Multiplex).
1209 3949 1474 4006 Mediutor
1517 3953 1615 4007 Dei
1657 3965 1705 4008 et
1750 3955 2043 4024 hominum,

456 4031 612 4086 homo
661 4031 906 4090 Christus
972 4036 1130 4093 Iesus
1191 4044 1483 4110 praepositis
1527 4045 1779 4101 Ecclesia:
1823 4049 2043 4104 tradidit

453 4132 795 4192 potestatem,
861 4138 916 4200 ut
959 4137 1009 4182 et
1053 4131 1344 4199 petentibus
1393 4131 1842 4207 [conﬁtentibus]
1880 4139 2043 4193 actio~

455 4231 575 4270 nem
607 4218 926 4286 ptenitentia:
973 4219 1204 4287 darent,
1245 4231 1294 4278 ot
1333 4223 1539 4279 eosdem
1582 4225 1784 4280 salubri
1825 4227 2043 4298 satisfa-

452 4305 624 4362 ctione
664 4318 914 4378 purgatos
941 4349 958 4376 ,
1007 4312 1076 4365 ad
1121 4316 1537 4370 communionem
1586 4326 2040 4374 sacramentorum

451 4407 547 4463 per
583 4394 813 4464 januam
868 4400 1312 4457 reconciliationis
1377 4405 1732 4461 admitterent.
1797 4407 1856 4462 Si
1922 4409 2041 4479 quis

2154 3326 2255 3364 nec
2304 3309 2358 3363 in
2400 3309 2566 3364 missa
2606 3323 2931 3378 quemquam
2973 3315 3200 3379 possunt
3245 3307 3616 3377 ptenitentcm
3666 3318 3742 3358 rc-

2151 3398 2461 3456 conciliare.
2585 3387 2594 3395 ’
3193 3463 3196 3466 ,

2527 3490 2753 3546 XLVIII.
2785 3523 2854 3532 —
2881 3493 2939 3546 S.
2979 3490 3330 3547 IIILAR‘IUS.

2653 3583 2826 3654 (Anno
2863 3582 3055 3637 Christi
3084 3582 3234 3653 461.)

2219 3673 2480 3740 Hilarius,
2508 3674 2726 3730 natione
2759 3672 2984 3737 Sardus,
3015 3688 3080 3728 ex
3113 3682 3269 3743 patre
3293 3670 3584 3741 Crispino,
3610 3670 3738 3725 sedit

2149 3781 2320 3822 annos
2358 3782 2474 3830 sex,
2521 3781 2737 3822 menses
2768 3775 2902 3830 tres,
2948 3765 3063 3819 dies
3090 3765 3303 3820 decem.
3336 3765 3446 3820 Hic
3476 3764 3738 3820 ordinavit

2147 3858 2432 3929 episcopos
2455 3857 2645 3928 viginti
2673 3858 2829 3922 duos,
2870 3857 3221 3928 presbyteros
3247 3855 3451 3927 viginti
3487 3857 3740 3927 quinque,

2147 3949 2404 4004 diaconos
2455 3961 2573 4003 sex.
2626 3947 2727 4002 Hic
2770 3946 2956 4002 Romae
3005 3946 3305 4001 multorum
3359 3948 3739 4018 episcoporum

2147 4040 2412 4111 synodum
2441 4039 2790 4110 congregavit
2814 4039 2953 4110 (syn.
2983 4037 3244 4104 Romana,
3270 4054 3400 4108 cap.
3425 4042 3491 4104 2,
3512 4039 3570 4104 3,
3590 4038 3664 4108 i),
3687 4035 3741 4090 in

2145 4145 2252 4200 qua
2299 4129 2540 4194 omnium
2567 4128 2964 4183 collaudatione
3005 4129 3431 4191 corroboravit;
3483 4145 3558 4185 ne
3603 4129 3735 4198 quis,

2144 4219 2237 4291 qui
2267 4235 2493 4276 uxorem
2539 4235 2645 4274 non
2676 4219 2960 4290 virginem,
2989 4229 3042 4273 et
3085 4219 3180 4288 qui
3216 4221 3530 4276 secundam
3573 4218 3736 4283 duxit,

2144 4320 2201 4368 et
2230 4311 2385 4367 inscii
2429 4311 2754 4375 litterarum,
2785 4327 2995 4368 necnon
3040 4319 3095 4366 et
3135 4311 3324 4381 aliqua
3370 4313 3739 4367 membrorum

2145 4401 2341 4458 damna
2372 4402 2637 4472 perpessi,
2667 4410 2722 4457 et
2753 4402 2828 4468 bi,
2862 4401 2953 4471 qui
2983 4417 3047 4456 ex
3075 4402 3480 4471 paenitentibus
3510 4411 3649 4464 sunt,
3672 4398 3736 4452 ad

452 4491 628 4538 autem
656 4501 858 4554 eorum,
897 4505 993 4559 pro
1013 4492 1200 4561 quibus
1237 4493 1462 4550 Domino
1497 4497 1876 4567 supplicamus,
1903 4517 2038 4568 quo-
2066 4534 2119 4594 Β
2145 4507 2331 4548 sacros
2352 4493 2573 4547 ordines
2594 4492 2836 4561 aspirare
2857 4490 3280 4555 audeanLItem,
3306 4493 3736 4562 etquodcunque

453 4588 656 4643 cunque
696 4576 1010 4648 interceptus
1051 4582 1320 4638 obstaculo
1366 4602 1397 4638 a
1445 4603 1658 4640 munere
1696 4589 2040 4659 indulgentia:

449 4665 721 4732 praesentis
747 4668 1016 4735 exciderit,
1052 4681 1100 4725 et
1134 4673 1437 4744 priusquam
1469 4676 1538 4730 ad
1569 4679 1853 4733 constituta
1881 4697 2039 4735 reme-

448 4756 540 4810 dia
569 4761 878 4827 pervenerit,
909 4763 1246 4833 temporalem
1285 4766 1442 4821 vitam
1473 4768 1705 4824 humana
1737 4755 2036 4827 conditione

447 4847 667 4918 ﬁnierit,
698 4851 837 4921 quod
859 4869 1074 4910 manens
1102 4856 1156 4910 in
1174 4874 1389 4928 corpore
1419 4877 1521 4915 non
1552 4863 1760 4932 recepit,
1790 4864 2036 4933 consequi

447 4950 636 4994 exutus
685 4959 844 4998 carne
885 4961 990 4998 non
1034 4949 1247 5015 poterit.
1291 4951 1359 5004 Et
1403 4951 1626 5008 inferius
1672 4971 1686 5007 :
1731 4953 1831 5010 His
1861 4967 2034 5011 autem

447 5031 566 5100 (26,
597 5047 652 5100 q.
685 5033 736 5098 6,
767 5049 816 5090 c.
847 5035 948 5090 llis
970 5038 1082 5109 qui)
1118 5041 1206 5110 qui
1251 5041 1306 5094 in
1347 5052 1575 5113 tempore
1618 5047 1938 5102 necessitatis
1985 5057 2032 5102 et

447 5118 668 5203 periculi
708 5125 936 5192 urgentis
966 5126 1220 5183 instantia
1258 5133 1563 5201 prwsidium
1611 5137 1948 5205 pwnitentiw,
1984 5149 2034 5192 et

448 5223 576 5262 mox
601 5214 1036 5273 reconciliationis
1063 5220 1354 5290 implorent,
1380 5241 1472 5278 nec
1496 5228 1788 5296 satisfactio
1817 5230 2034 5284 interdi-

450 5296 642 5385 cenda,
673 5313 763 5352 nec
786 5306 1137 5361 reconciliatio
1159 5310 1464 5382 deneganda
1481 5301 1626 5385 :quia
1653 5317 2030 5374 misericordia:

450 5381 556 5478 ιρεξ
604 5402 1016 5478 nec_mensuras
1061 5413 1333 5465 possumus
1381 5421 1610 5472 ponere,
1663 5423 1754 5461 nec
1799 5417 2031 5478 tempora

451 5471 694 5541 deﬁnire,
716 5476 877 5546 'apud
907 5495 1055 5550 quem
1088 5485 1257 5540 nullas
1287 5492 1487 5558 patitur
1510 5495 1669 5548 venia:
1705 5512 1879 5550 moras
1913 5514 2032 5552 vera

453 5569 741 5635 conversio,
758 5571 959 5626 dicente
999 5573 1287 5644 Propheta:
1317 5600 1335 5632 ι
1366 5583 1498 5638 Cum
1522 5590 2030 5660 conversus(Esech.

633 5657 645 5668 ‘
1820 5657 1827 5660 .

457 5669 510 5674 .74
759 5670 797 5678 ”
891 5661 942 5686 0‘.
975 5667 1116 5694 ’¹.η.μ
1141 5671 1319 5694 .n.-.:---
1351 5690 1356 5691 γ
1445 5676 1456 5686 ⁵
1548 5679 1597 5690 ⁸ο
1639 5681 1649 5690 ⁸
1837 5681 1849 5688 ⁸

1041 5683 1116 5696 η...
1141 5685 1236 5694 .-Α-ς.

2146 4586 2270 4656 quis
2298 4584 2569 4640 commisit
2594 4584 2870 4650 illicitum,
2896 4593 2989 4659 aut
3017 4601 3045 4638 a
3079 4585 3590 4654 praedecessoribus
3627 4584 3736 4639 suis

2144 4679 2352 4735 invenit
2399 4679 2720 4743 admissum,
2766 4679 2812 4734 si
2840 4679 3118 4749 proprium
3155 4678 3276 4734 vult
3316 4679 3501 4734 vitare
3530 4679 3735 4750 pericu-

2143 4772 2276 4837 lum,
2302 4771 2600 4828 damnabit.
2632 4766 2790 4837 Item,
2821 4771 3148 4840 generaliter
3175 4772 3466 4827 interdixit
3514 4789 3578 4827 ne
3616 4771 3732 4842 quis

2144 4877 2383 4931 unquam
2414 4875 2783 4916 successorem
2815 4860 2916 4915 sibi
2939 4860 3236 4930 subrogare
3259 4872 3581 4931 pmsumat.

2212 4953 2363 5027 Item,
2396 4952 2449 5006 in
2474 4952 2579 5006 alia
2608 4951 2860 5022 epistola,
2889 4965 3052 5020 quam
3085 4951 3325 5007 Ascanio
3355 4954 3613 5023 episc0po
3633 4952 3725 5006 de-

2137 5045 2361 5101 stinavit
2397 5042 2568 5116 (epist.
2609 5043 2692 5114 5),
2723 5043 2844 5098 illos
2888 5042 3197 5112 episcopos,
3229 5044 3323 5113 qui
3355 5046 3478 5099 sine
3529 5053 3726 5099 metro-

2136 5134 2363 5206 politani
2402 5149 2672 5190 consensu
2715 5133 3021 5189 consecrati
3069 5131 3296 5198 fuerint,
3325 5144 3481 5189 stare
3509 5148 3727 5189 conces-

2136 5228 2227 5291 sit,
2260 5227 2334 5282 ita
2368 5227 2555 5282 dicens
2583 5245 2594 5280 :
2628 5226 2768 5280 Licet
2813 5225 2888 5291 hi,
2938 5226 3028 5296 qui
3066 5236 3259 5294 prmter
3287 5226 3537 5278 notitiam
3577 5235 3727 5294 atque

2135 5335 2441 5372 consensum
2472 5329 2588 5384 luat
2624 5317 2920 5372 dilectionis
2956 5317 3189 5371 ordinati
3235 5329 3359 5370 sunt
3406 5318 3722 5377 sacerdotes,

2133 5426 2250 5463 cum
2295 5411 2404 5463 suis
2444 5410 2724 5464 debuerant
2775 5409 3075 5464 auctoribus
3124 5407 3451 5472 submoveri;
3501 5424 3565 5458 ne
3602 5406 3724 5474 quid

2135 5509 2309 5554 tamen
2340 5502 2396 5554 in
2418 5502 2718 5556 necessitate
2746 5510 2890 5555 tanta
2923 5502 3264 5555 decernamus
3295 5511 3592 5563 austerum,
3615 5515 3722 5560 eos,

2134 5593 2222 5662 qui
2262 5594 2487 5664 episcopi
2533 5594 2662 5664 facti
2699 5604 2843 5660 sunt,
2896 5595 2970 5649 ita
3022 5594 3259 5662 volumus
3300 5608 3630 5662 permanere,
3681 5590 3725 5642 si

2661 5687 2902 5730 ""«ilsssa
2929 5697 2978 5734 et
3021 5699 3324 5742 sanctorum
3356 5688 3584 5740 Patrum
3611 5695 3719 5737 sta-

3503 5777 3542 5786 "
3619 5773 3718 5805 -υιλ
