3948 5698
162 421 286 479 1209

867 476 872 485 .
911 425 1182 484 PSEUDO
1219 424 1634 483 LUITPRA‘NDI
1677 427 1800 482 LIB.
1844 427 1934 482 D1“.
1975 428 2152 486 VlTlS
2191 431 2358 490 ROM.
2399 433 2628 491 PONT.’

3270 438 3413 493 mo

159 546 328 590 contra
365 535 768 591 ecclesiasticam
795 537 1125 608 disciplinam
1161 540 1350 607 veniat,
1382 541 1515 594 sicut
1553 541 1723 595 hacte—
1751 549 1795 606 Α
1827 555 2013 610 porum
2055 552 2147 597 aut
2179 547 2621 616 presbyterorum
2675 545 2728 601 in
2785 543 3008 601 alterius
3049 545 3289 613 civitate,
3325 550 3412 604 vel

159 645 248 682 nus
273 628 470 687 factum
497 638 592 691 est,
620 637 960 699 perpetretur.

524 736 710 791 XLIX.
741 768 808 777 —
838 736 896 792 8.
935 737 1337 796 SIMPLICIUS.

644 825 816 896 (Anno
852 825 1049 882 Christi
1078 828 1229 897 467.)

220 917 552 986 Simplicius,
600 919 822 974 natione
858 919 1192 985 Tiburtinus,
1241 930 1296 977 et
1340 937 1407 976 ex
1431 928 1586 992 patre
1629 921 1726 977 Ca-

151 1011 304 1074 stino,
341 1011 483 1066 sedit
521 1026 691 1066 annos
717 1012 1046 1080 quindecim,
1093 1027 1333 1068 mensem
1377 1029 1568 1078 unum,
1607 1013 1725 1068 dies

150 1091 489 1156 octodecim.)
517 1102 618 1158 Hic
668 1104 940 1158 ordinavit
987 1105 1275 1177 cpisc0pos
1323 1107 1541 1178 triginta
1591 1123 1718 1172 sex,

149 1193 490 1262 presbyteros
534 1193 924 1264 quinquaginta
964 1203 1109 1260 octo,
1157 1196 1415 1251 diaconos
1449 1197 1718 1252 undecim.

148 1280 241 1334 llic
269 1282 407 1336 obiit
436 1298 486 1336 vi
513 1281 694 1336 Nonas
734 1281 936 1338 Martii.
970 1284 1068 1339 Hic
1095 1286 1379 1340 constituit
1411 1293 1470 1340 ut
1499 1287 1723 1357 presby-

149 1369 240 1438 teri
267 1370 335 1423 ad
367 1367 425 1424 S.
456 1369 700 1436 Petrum,
733 1380 786 1424 et
815 1373 880 1426 ad
925 1372 982 1426 8.
1015 1372 1260 1437 Paulum,
1290 1383 1344 1428 et
1371 1375 1437 1428 ad
1474 1373 1533 1429 S.
1579 1375 1721 1428 Lau-

147 1461 376 1515 rentium
426 1471 708 1517 manerent
749 1471 972 1533 propter
1000 1464 1352 1533 baptismum.
1402 1464 1500 1520 Hic
1526 1464 1719 1520 Joanni

146 1550 447 1604 Ravennati
474 1551 728 1622 episcopo
757 1552 1044 1622 epistolam
1086 1555 1306 1623 scripsit
1337 1554 1507 1624 (epist.
1535 1553 1618 1624 2),
1664 1554 1718 1608 in

143 1653 242 1707 qua
272 1655 396 1692 eum
430 1640 609 1710 arguit
653 1642 794 1710 quod
835 1640 1154 1712 Gregorium
1195 1643 1464 1698 violenter
1511 1645 1720 1714 episeo-

140 1741 260 1795 pum
287 1739 724 1792 consecraverat,
773 1731 958 1786 dicens
995 1731 1146 1785 illum
1170 1731 1500 1802 privilegium
1531 1733 1717 1786 mereri

141 1818 392 1881 amittere,
415 1818 507 1887 qui
527 1818 781 1887 permissa
823 1818 923 1872 sibi
954 1819 1192 1873 abutitur
1221 1830 1476 1889 potestate
1513 1821 1626 1889 (11,
1655 1835 1712 1890 q.

1828 634 1932 686 sub
1965 648 2125 687 manu
2151 637 2386 704 positum
2416 637 2733 700 sacerdotis,
2757 646 2850 691 aut
2887 651 3008 692 eum
3043 640 3134 707 qui
3163 642 3412 696 reconci-

1829 722 2015 777 liatum
2053 739 2111 779 se
2149 739 2269 780 esse
2296 726 2516 793 dixerit,
2563 728 2680 782 sine
2709 728 2944 798 episcopi
2976 729 3062 783 vel
3101 730 3409 801 presbyteri

1828 814 2141 868 testimonio
2165 825 2220 870 et
2253 815 2472 882 litteris,
2506 826 2600 870 aut
2629 817 2682 870 in
2720 817 2977 887 parecbia
3005 819 3288 888 presbyter
3318 826 3410 873 aut

1826 902 2108 972 episcopus
2147 903 2199 956 in
2231 904 2450 958 civitate
2479 906 2762 975 suscipiat.
2792 905 3042 959 Prtedicti
3074 921 3228 975 papa:
3276 914 3410 961 tem-

1824 990 2043 1060 poribus
2093 989 2376 1061 Glycerius
2439 992 2809 1061 imperator-tl,
2855 993 2979 1061 quia
3024 1007 3090 1047 eo
3151 995 3203 1047 in
3263 1003 3403 1049 tem-

1826 1093 1954 1146 pore
1981 1079 2322 1148 episcopatus
2351 1097 2416 1134 ex
2443 1090 2594 1149 parte
2623 1080 2855 1135 maxime
2881 1081 3057 1151 pretio
3093 1082 3214 1150 plus
3241 1098 3404 1152 quam

1825 1169 2018 1222 merito
2051 1170 2417 1240 contingebat,
2448 1172 2684 1226 edictum
2725 1172 2851 1226 inde
2896 1171 3133 1226 instituit
3173 1172 3401 1227 dicens:

1827 1257 1940 1310 Hoc
1964 1257 2212 1312 mansura
2240 1261 2295 1313 in
2330 1277 2496 1316 meum
2531 1260 2641 1330 lege
2663 1261 2955 1324 sumsimus,
2998 1270 3055 1314 ut
3075 1262 3306 1332 quisquis
3333 1262 3404 1315 ad

1821 1349 2172 1418 episcOpatum
2199 1360 2466 1420 potentum
2489 1369 2833 1422 personarum
2855 1351 3056 1406 auxilio
3083 1353 3407 1422 suffragante

1819 1442 2158 1508 perveniens,
2205 1443 2529 1497 swculariter
2561 1443 2856 1512 possideat,
2908 1460 3028 1513 qua:
3079 1442 3407 1497 sreculariter

1820 1528 1976 1597 fuerit
2003 1543 2329 1594 consecutus,
2381 1543 2439 1585 ut
2468 1534 2631 1601 ﬁnitis
2658 1535 2813 1587 unius
2851 1535 2976 1587 anni
3015 1535 3164 1588 metis
3206 1534 3406 1588 noverit

1818 1635 1872 1672 se
1894 1620 2192 1689 episcOpatu
2220 1638 2331 1675 esse
2355 1623 2691 1692 privandum.
2720 1622 2790 1676 Hi
2816 1639 2933 1676 vero
2973 1624 3063 1692 qui
3087 1622 3246 1677 talem
3277 1640 3400 1677 con-

1816 1711 2131 1764 secraverint
2179 1713 2297 1781 pari
2333 1712 2399 1766 de
2425 1713 2732 1766 sacerdotio
2773 1722 2912 1767 sorte
2952 1714 3166 1783 dejecti,
3207 1714 3406 1768 similes

1815 1819 1992 1872 poenas
2022 1806 2316 1858 temerariae
2349 1806 2754 1859 consecrationis
2779 1804 3067 1860 exsolvant.
3102 1802 3250 1858 Cives
3277 1820 3405 1874 quo-

137 1909 192 1973 5,
233 1923 285 1964 c.
339 1907 725 1979 Privilegium).
760 1909 833 1963 Et
869 1909 1096 1964 inferius
1137 1911 1190 1965 in
1237 1911 1426 1974 eadem
1458 1928 1472 1964 ι
1502 1911 1716 1966 Denun-
1746 1908 1791 1966 Β
1817 1910 1915 1960 aue
1941 1894 2351 1965 uniuscujusque
2381 1896 2543 1959 urbis.
2575 1911 2704 1965 quas
2735 1894 3140 1950 acclamationes
3173 1893 3405 1947 ambiat"

139 2000 330 2053 tiamus
376 2009 578 2064 autem,
603 2000 761 2070 quod,
785 2001 852 2070 ,εἰ
875 2001 1094 2066 posthac
1121 2002 1408 2072 quidquam
1449 2002 1553 2056 tale
1591 2019 1726 2071 prce-

130 2091 442 2160 sumpseris,
471 2099 518 2144 et
567 2091 793 2159 aliquem
835 2107 926 2144 seu
973 2091 1294 2160 episcopum,
1334 2109 1425 2146 seu
1466 2093 1726 2162 presbyte-

133 2188 412 2266 rumnaut
459 2180 740 2233 diaconum
781 2181 1000 2234 invitum
1045 2180 1216 2250 facere
1253 2181 1385 2250 forte
1415 2182 1722 2248 credideris,

131 2273 494 2328 ordinationes
517 2274 611 2328 tibi
637 2273 953 2328 Ravennatis
976 2273 1247 2342 Ecclesiae,
1271 2274 1348 2330 vel
1367 2274 1725 2342 Emiliensis,

130 2366 340 2420 noveris
376 2366 711 2435 auferendus.

202 2453 362 2518 Item,
391 2453 555 2507 aliam
597 2454 885 2524 epistolam
938 2454 1158 2524 scripsit
1181 2454 1355 2525 (epist.
1395 2453 1451 2527 5)
1497 2455 1724 2510 Floren-

129 2545 248 2599 tino
297 2539 643 2616 [Florentio],
699 2545 916 2614 Equitio
963 2555 1017 2600 et
1047 2545 1269 2601 Severo
1320 2546 1607 2616 episcopis,
1665 2547 1718 2599 in

128 2631 574 2706 qua'Gaudcntio
611 2637 937 2693 Auliniensis
960 2637 1216 2692 Ecclesite
1263 2638 1552 2702 sacerdoti,
1590 2638 1718 2707 quia

125 2735 324 2782 contra
379 2735 582 2783 statuta
639 2742 906 2781 canonum
959 2735 1014 2782 et
1058 2741 1156 2782 sua
1200 2737 1467 2797 praecepta
1502 2727 1717 2782 illicitas

125 2819 505 2874 ordinationes
530 2827 959 2890 perpetraverat,
988 2813 1156 2874 totam
1192 2820 1406 2890 penitus
1432 2819 1717 2874 ordinandi

122 2919 456 2980 potestatem
488 2908 687 2963 auferri
736 2909 1014 2978 prtecepit,
1045 2918 1098 2964 et
1140 2908 1400 2964 Severum
1442 2909 1495 2963 in
1527 2923 1718 2978 supra-

122 2999 275 3054 dicta
316 2999 545 3054 ecclesia
599 2999 745 3068 fungi
798 2999 889 3054 illo
936 2999 1112 3055 olIieio
1169 2999 1424 3068 iniunxit,
1474 3015 1580 3070 quo
1626 2999 1716 3056 ille

123 3093 335 3146 abusus
363 3101 508 3147 esset
548 3094 845 3148 convictus.
886 3093 1041 3160 item,
1072 3095 1330 3166 praecepit
1378 3103 1437 3149 ut
1468 3095 1716 3149 ministe-

122 3183 210 3236 ria
252 3182 532 3248 Ecclesiae,
574 3198 695 3253 qua;
743 3183 976 3238 alienata
1037 3199 1066 3238 a
1115 3185 1371 3254 praedicto
1409 3183 1714 3239 Gaudentio

1825 1988 1977 2052 tium,
2023 2004 2126 2040 non
2176 2003 2412 2057 persona:
2461 1989 2715 2058 dignitas,
2755 2003 2874 2057 qum
2911 1986 3133 2056 petenda
3173 1994 3268 2048 est,
3313 1985 3405 2037 sed

1823 2076 2075 2130 venalitas
2119 2076 2411 2144 plectenda,
2444 2074 2730 2141 sollicitat;
2773 2078 2943 2130 sciant
2990 2093 3045 2130 se
3072 2084 3278 2146 patrne,
3319 2074 3414 2126 cui

1823 2179 1930 2222 tam
1952 2167 2088 2221 male
2111 2165 2412 2232 consulunt,
2443 2168 2763 2222 habitatione
2789 2167 3077 2237 pellendos,
3107 2183 3168 2220 ac
3199 2167 3264 2218 de
3291 2165 3401 2219 suis

1823 2257 2163 2328 facultatibus
2192 2259 2470 2324 eruendas,
2507 2258 2736 2328 ﬁscoque
2767 2266 2944 2312 nostro
2965 2273 3076 2311 esse
3102 2257 3404 2327 permissos.

2343 2367 2502 2424 LL—
2521 2368 2882 2424 GELASIUS.

2314 2459 2489 2531 (Anno
2528 2459 2724 2513 Christi
2760 2458 2911 2528 492.)

1890 2549 2156 2616 Gelasius,
2205 2550 2422 2605 natione
2477 2549 2627 2614 Afer,
2661 2565 2726 2604 ex
2772 2558 2926 2618 patre
2973 2547 3212 2613 Valerio,
3264 2547 3406 2601 sedit

1821 2653 1990 2692 annos
2021 2650 2277 2708 quatuor,
2321 2640 2540 2693 menses
2563 2647 2710 2703 octo,
2760 2637 2874 2692 dies
2915 2638 3237 2692 octodecim.
3279 2637 3406 2692 Fuit

1817 2739 1996 2785 autem
2048 2732 2380 2806 temporibus
2410 2730 2728 2786 Thcodorici
2765 2730 2905 2799 regis
2952 2739 3008 2784 et
3039 2729 3271 2783 Zenonis
3294 2728 3405 2780 Au-

1817 2823 1980 2891 gusti.
2035 2821 2129 2876 ilic
2178 2822 2450 2876 ordinavit
2502 2821 2781 2891 episcopos
2827 2821 3110 2891 sexaginta
3160 2828 3399 2888 septem.

1815 2913 2400 2985 presbyterostriginta
2429 2913 2582 2974 duos,
2612 2908 2869 2966 diaconos
2896 2913 3048 2965 duos.
3075 2910 3174 2964 Hic
3202 2911 3402 2980 migra-

1815 3007 1892 3060 vit
1927 3005 1992 3060 ad
2022 3005 2296 3061 Christum
2334 3021 2387 3058 ιι
2422 3003 2647 3059 Kalend.
2680 3002 2964 3058 Decembr.
3001 3003 3100 3057 Hic
3148 3001 3401 3071 generale

1814 3100 2088 3154 decretum
2125 3097 2415 3152 destinavit
2440 3098 2506 3151 ad
2535 3097 2816 3152 universos
2853 3095 3136 3166 episcopos
3176 3109 3270 3164 per
3299 3093 3403 3146 Lu-

1815 3189 2046 3252 caniam,
2074 3199 2129 3244 et
2151 3189 2368 3245 Brutios
2389 3198 2445 3244 et
2475 3187 2713 3244 Siéiliam
2741 3188 3064 3243 constitutos
3101 3187 3271 3257 (epist.
3324 3184 3400 3253 l),

120 3273 366 3337 fuerant,
427 3275 687 3330 instantia
736 3276 977 3345 praedicti
1030 3277 1234 3341 fratris,
1270 3276 1320 3331 id
1377 3285 1459 3330 est
1501 3275 1708 3339 Severi,
1741 3254 1784 3315 C
1818 3284 1884 3338 de
1922 3281 2308 3337 ecclesiasticis
2362 3280 2624 3335 institutis
2674 3279 2951 3334 moderate
2997 3254 3117 3348 pro‘
3145 3254 3403 3344 temporis

119 3376 493 3437 przesumptor
517 3382 771 3438 reparare
797 3380 1018 3440 cogatur
1041 3369 1151 3440 (12,
1182 3384 1236 3439 q.
1265 3368 1323 3435 2,
1348 3382 1400 3424 c.
1433 3367 1512 3422 De
1539 3367 1714 3422 reddi-

119 3456 310 3528 tibus).

623 3550 684 3604 L.
711 3579 780 3592 --
808 3548 865 3604 8.
903 3547 1110 3603 FELIX
1133 3547 1221 3602 Ill.

628 3641 800 3713 (Anno
844 3640 1038 3696 Christi
1065 3640 1218 3709 485.)

158 3804 164 3809 _
193 3727 376 3798 Felix,
406 3732 627 3788 natione
657 3733 954 3797 Romanus,
1001 3747 1064 3786 ex
1094 3743 1247 3801 patre
1281 3731 1459 3786 Felice
1489 3731 1714 3802 presby-

111 3835 270 3888 tero,
309 3828 375 3883 de
422 3823 578 3879 titulo
607 3823 873 3888 Fasciolo,
922 3823 1061 3877 sedit
1095 3837 1268 3877 annos
1301 3830 1445 3886 octo,
1498 3834 1712 3874 menses

109 3919 406 3983 undecim,
436 3917 553 3972 dies
599 3915 924 3971 octodecim.
980 3913 1081 3970 llic
1119 3913 1391 3969 ordinavit
1426 3913 1712 3984 episcopos

108 4009 356 4079 triginta
377 4016 432 4061 et
456 4020 646 4070 unum,
675 4005 1024 4076 presbyteros
1051 4003 1243 4075 viginti
1273 4011 1502 4073 septem,
1530 4002 1712 4056 diaco-

107 4113 228 4152 nos
270 4097 531 4166 quinque.
593 4094 722 4149 Fuit
772 4101 952 4149 autem
998 4093 1088 4150 hic
1139 4108 1313 4164 usque
1361 4094 1428 4148 ad
1466 4103 1708 4164 tempora

108 4184 454 4239 Thcodorici
486 4184 648 4252 regis.
704 4182 804 4237 Hic
836 4183 890 4236 in
923 4182 1175 4253 epistola,
1226 4197 1388 4253 quam
1419 4181 1714 4238 destinavit

107 4275 401 4331 universis
429 4274 698 4344 episcopis
743 4287 841 4342 per
875 4273 1122 4328 diversas
1152 4272 1461 4344 provincias
1509 4273 1712 4328 consti-

106 4366 259 4421 tutis
303 4366 474 4434 (epist.
524 4364 595 4435 ι),
640 4362 937 4429 mandavit,
987 4365 1288 4434 episcopos,
1338 4363 1707 4433 presbyteros,

106 4456 412 4517 diaconos,
457 4464 786 4522 spontaneos
829 4467 923 4507 seu
963 4462 1180 4506 coactos
1225 4452 1607 4521 rebaptizatos,
1663 4451 1709 4505 si

107 4545 478 4616 resipiscunt,
510 4559 680 4614 usque
706 4545 773 4598 ad
814 4545 993 4599 exitus
1021 4543 1104 4598 sui
1134 4543 1276 4598 diem
1301 4525 1358 4598 iri
1385 4543 1706 4613 paenitentia

102 4645 382 4707 Oportere
401 4635 608 4704 jacere,
650 4637 724 4690 ita
759 4644 822 4690 ut
865 4650 964 4691 nec
992 4635 1160 4690 etiam
1191 4635 1705 4691 catechumenorum
1739 4610 1786 4668 ί)

99 4731 362 4787 orationi
395 4732 666 4793 intersint,
692 4739 748 4786 et
786 4733 1098 4787 communio
1140 4732 1279 4788 laica
1307 4731 1387 4787 eis
1413 4741 1622 4789 tantum
1658 4735 1712 4790 in

99 4832 302 4878 morte
331 4819 609 4878 reddatur.
641 4822 882 4879 Caeteros
913 4833 1094 4878 autem
1127 4822 1212 4894 (de
1241 4823 1400 4878 Cons.
1430 4824 1558 4880 dist.
1582 4824 1641 4889 4,
1661 4839 1711 4880 c.

99 4913 224 4966 Eos
269 4910 452 4982 quos),
483 4912 534 4966 id
551 4919 636 4967 est
672 4910 899 4967 clericos
925 4911 1040 4968 sive
1065 4909 1383 4976 monachos,
1415 4913 1502 4968 vel
1526 4928 1715 4968 mona-

97 5007 277 5071 chas,
334 5019 429 5059 seu
465 5005 655 5068 laicas,
705 5005 987 5074 utriusque
1033 5020 1198 5061 sexus
1245 5019 1522 5074 personas,
1577 5020 1714 5076 quos

91 5096 390 5152 violentia
429 5104 482 5150 et
515 5094 758 5166 periculo
803 5104 1023 5152 coactos
1071 5097 1408 5153 iterationem
1454 5098 1708 5169 baptismi

1815 3373 2072 3446 qualitate
2103 3372 2449 3444 disponendis
2475 3371 2622 3442 (dist.
2653 3371 2742 3434 55,
2773 3385 2824 3424 c.
2853 3366 3074 3437 Priscis)
3099 3383 3112 3432 ;
3144 3381 3281 3435 quae,
3307 3364 3401 3418 ubi

1815 3463 1958 3518 nulla
1989 3477 2168 3517 rerum
2212 3461 2296 3516 vel
2326 3468 2626 3530 temporum
2652 3465 2909 3528 pernrget
2947 3455 3266 3519 necessitas,
3315 3468 3403 3508 re-

1815 3551 2076 3623 gulariter
2123 3537 2476 3606 custodienda
2514 3549 2788 3619 praecepit.
2842 3546 2950 3602 Sed
3001 3546 3125 3615 quia
3173 3543 3288 3599 suis
3344 3543 3400 3596 in

1815 3644 2148 3714 temporibus
2189 3643 2242 3696 in
2291 3642 2474 3697 multis
2526 3641 2659 3695 locis
2708 3639 2871 3694 Italize
2919 3636 3092 3692 cilicia
3127 3634 3400 3692 clericalia

1815 3735 1942 3790 belli
1970 3733 2236 3803 famisque
2272 3733 2512 3788 incursio
2540 3740 2972 3801 consumpserat,
3004 3729 3076 3783 ita
3107 3736 3168 3781 ut
3198 3740 3400 3795 usque-

1813 3837 2026 3894 quaque
2053 3823 2427 3878 ministrorum
2461 3822 2742 3876 servitium
2771 3819 3050 3884 deﬁceret,
3093 3818 3172 3873 sic
3223 3824 3401 3886 pater-

1813 3930 2006 3971 norum
2037 3908 2303 3970 canonum
2336 3914 2550 3968 decreta
2574 3912 2815 3974 libravit,
2847 3919 2908 3964 ut
2933 3909 3188 3965 clericum
3210 3919 3404 3976 quem-

1812 4009 1944 4064 libet
1971 4023 2002 4062 a
2033 4008 2211 4078 primo
2239 4020 2411 4076 usque
2441 4006 2509 4060 ad
2543 4005 2791 4060 ultimum
2827 4003 3049 4073 gradum
3082 3998 3222 4054 infra
3271 3995 3400 4051 anui

1812 4102 2044 4174 spatium
2093 4100 2520 4171 promovendum
2585 4097 2911 4154 concederet
2955 4094 3102 4163 (dist.
3127 4093 3272 4156 77,c
3336 4089 3399 4144 Si

1810 4191 1973 4263 quis).
2014 4191 2236 4247 Laicum
2264 4206 2393 4246 vero
2429 4189 2570 4264 inl‘ra
2610 4195 2808 4242 annum
2846 4195 2900 4239 et
2925 4198 3018 4239 sex
3072 4195 3304 4243 menses,
3351 4181 3398 4233 si

1813 4283 1947 4338 nihil
1994 4296 2204 4346 eorum,
2249 4296 2370 4349 qum
2415 4293 2686 4333 canonum
2737 4289 2964 4330 censura
3011 4271 3285 4342 prohibet,
3317 4268 3400 4323 eis

1809 4381 2138 4428 occurreret.
2187 4371 2254 4424 Et
2291 4369 2372 4424 his
2410 4367 2693 4429 institutis,
2730 4379 2850 4434 quae
2877 4371 3178 4432 temporum
3207 4372 3395 4413 neces-

1812 4464 1944 4518 sitas
1970 4462 2086 4516 tieri
2119 4459 2441 4529 postulabat,
2472 4448 2819 4528 paternorum
2848 4449 3114 4510 canonum
3156 4461 3396 4504 veterem

1813 4551 2041 4606 formam
2067 4564 2188 4604 esse
2219 4548 2471 4613 instituit,
2521 4547 2648 4616 quia
2684 4559 2792 4598 non
2835 4544 3094 4598 adversus
3131 4539 3397 4606 majorum

1812 4643 1946 4698 scita
1978 4655 2117 4695 nova
2139 4640 2255 4710 lege
2282 4631 2620 4710 pr0ponitur,
2650 4635 2796 4706 quod
2835 4635 2904 4690 de
2930 4630 3260 4688 acccidentis
3298 4629 3396 4683 de-

1812 4731 1985 4787 fectus
2010 4730 2250 4786 remedio
2283 4729 2615 4797 providetur.
2825 4779 2828 4783 ,

1795 4839 1799 4844 ‘
1881 4823 2035 4887 Item,
2062 4821 2343 4892 prohibuit
2372 4829 2433 4875 ut
2459 4822 2511 4876 in
2542 4818 2884 4888 baptizandis
2909 4806 3400 4884 consignandisque

1813 4912 2060 4969 ﬁdelibus
2089 4913 2235 4967 nulla
2280 4914 2458 4979 pretia
2505 4909 2791 4979 exigantur
2821 4911 2975 4981 (l,q.
3018 4908 3072 4970 l,
3115 4920 3164 4958 c.
3214 4901 3400 4969 Bapti-

1813 5006 2044 5070 znndis),
2063 5013 2140 5069 et,
2169 5005 2212 5058 si
2233 5003 2325 5071 qui
2351 5005 2456 5063 hoc
2477 5007 2820 5074 perpetrasse
2844 4999 3041 5057 iuerint
3063 4989 3404 5061 deprehensi,

1813 5101 2018 5172 proprii
2048 5097 2270 5154 honoris
2295 5098 2605 5166 periculum
2635 5101 2762 5146 sunt
2783 5093 3032 5151 subituri.
3067 5087 3200 5140 item
3226 5083 3407 5154 jussit,

1813 5201 1874 5246 ut
1904 5191 2204 5263 presbyteri
2236 5193 2471 5252 modum
2519 5183 2752 5242 debitum
2801 5193 3018 5242 servent
3064 5177 3211 5248 (dist.
3240 5175 3329 5236 95,
3358 5187 3411 5225 c.

1815 5279 2204 5355 Presbyteros),
2237 5278 2538 5346 videlicet,
2561 5287 2664 5328 non
2691 5273 2939 5332 chrisma
2972 5265 3278 5327 coniiciunt,
3311 5273 3417 5355 non

1811 5381 2150 5448 consiguent,
2186 5358 2609 5444 necvpmgsente
2635 5366 2883 5433 quolibet
2909 5357 3176 5440 episcopo.
3205 5357 3306 5409 ιιὶδὶ
3333 5353 3420 5419 l“‘

1811 5467 2045 5524 ineantur
2074 5470 2140 5523 ab
2179 5466 2316 5534 ipSO,
2393 5473 2484 5530 γει
2529 5470 2683 5518 orare
2709 5458 2799 5512 vel
2859 5465 3042 5520 sedere
3087 5449 3411 5520 praesumant

1812 5573 1918 5616 nec
1963 5561 2268 5615 annlvtlmn‘
2307 5572 2322 5586 -

87 5190 339 5246 subisse
369 5187 701 5252 constiterit,
727 5188 812 5241 vel
839 5189 930 5258 qui
970 5189 1152 5258 aliquo
1177 5200 1483 5248 conunento
1525 5206 1583 5246 se
1609 5191 1710 5244 hu-

75 5279 354 5353 jusmodi
403 5272 666 5336 facinoris
707 5283 935 5336 maculis
973 5283 1209 5338 dixerint
1254 5298 1360 5338 non
1394 5284 1603 5348 teneri;
1655 5281 1706 5335 in

78 5369 434 5440 paenitentia
471 5386 571 5441 per
625 5366 920 5426 triennium
952 5373 1148 5428 durare
1201 5374 1466 5441 decernit,
1512 5385 1567 5431 et
1612 5387 1709 5442 per

79 5477 309 5517 manus
366 5458 776 5532 imposilionem
829 5462 895 5516 ad
946 5467 1260 5520 societatem
1312 5466 1477 5536 recipi
1530 5477 1710 5520 sacra-

76 5552 297 5615 menti,
338 5553 427 5606 illo
462 5566 560 5621 per
590 5547 779 5602 omnia
832 5566 1072 5619 servato,
1119 5563 1176 5608 ut
1206 5570 1362 5609 nemo
1400 5571 1588 5612 eorum
1637 5553 1704 5606 ad

72 5641 533 5698 noglnciactjpnm
585 5637 841 5680 militi-nn
879 5649 1223 5684 nonnmithlnr
1249 5648 1510 5686 qnnmIn-n
1568 5646 1625 5664 '"
