3992 6306
529 377 658 432 1211

1233 358 1553 434 Marsua.
1595 377 1688 433 Al)
1725 375 1896 434 suae.
1938 376 2031 432 ix.
2071 405 2140 418 -
2181 371 2552 431 AUCTORES
2587 375 2752 434 ANNI
2791 376 3086 436 INCERTI.

3676 383 3808 440 1212

527 468 809 540 baptizare
838 481 943 522 non
972 464 1232 536 aude-ant,
1273 471 1374 525 nisi
1398 471 1484 527 his
1508 469 1666 541 longe
1693 470 2003 526 constitutis
2028 483 2120 524 ne-
2151 472 2198 528 Α
2227 475 2438 522 ctorum
2481 469 2698 528 nomine
2736 472 2941 542 absque
2982 483 3252 544 praecepto
3304 474 3448 532 sedis
3495 477 3810 546 apostolis:

528 560 756 618 cessitas
782 566 1024 614 extrema
1061 561 1393 632 compellat:
1424 563 1567 631 quod
1603 569 1657 618 ct
1683 561 1834 616 Iaicis
1854 560 2121 616 Christia-

530 651 616 706 nis
663 649 843 708 l‘acere
892 647 1223 722 plerumque
1261 651 1595 707 conceditur.
1643 650 1799 718 Item,
1846 648 2122 720 prohibuit

533 755 603 796 ne
638 739 738 810 ipsi
788 739 842 794 in
898 744 1244 817 presbyterio
1287 742 1534 808 sedeant,
1563 751 1659 798 aut
1695 741 1840 798 sacri
1878 741 2124 812 corporis

531 833 986 904 praerogationem
1017 837 1116 893 sub
1137 846 1430 907 conspectu
1451 834 1690 908 episcopi
1716 834 1798 892 vel
1823 833 2124 906 presbyteri

525 925 614 995 jus
641 925 883 984 habeant
924 929 1237 995 exercendi,
1287 928 1414 984 licet
1453 927 1540 984 his
1567 926 1900 983 absentibus.
1965 923 2123 990 Item,

533 1015 666 1072 dicit
713 1021 1145 1085 observantiam,
1177 1033 1340 1090 quam
1387 1016 1546 1074 sedes
1572 1015 1867 1087 apostolica
1905 1014 1996 1085 pio
2027 1012 2123 1068 de-

534 1117 774 1180 vot:.que
813 1110 1092 1181 proposito
1147 1117 1332 1164 tenere
1372 1107 1552 1164 studet
1583 1107 1671 1178 (de
1717 1104 1875 1162 Cons.
1905 1104 2029 1160 dist.
2070 1103 2124 1168 I,

535 1211 591 1254 c.
644 1198 951 1270 Basilicas),
1000 1213 1120 1254 eam
1165 1212 1492 1268 quemquam
1539 1194 1854 1267 pontiﬁcum
1906 1192 1990 1250 vel
2037 1205 2125 1250 se-

541 1289 825 1360 quentium
855 1289 1128 1356 ordinum,
1167 1289 1405 1344 refutare
1435 1288 1714 1359 indignum
1741 1293 1844 1342 est.

613 1383 769 1448 Item,
796 1380 952 1450 jubet
999 1381 1370 1438 ordinationes
1393 1380 1832 1452 presbyterorum
1860 1384 1916 1433 et
1942 1375 2125 1431 diaco-

544 1489 740 1530 norum
770 1489 878 1530 non
913 1472 1031 1528 ﬁeri
1059 1472 1161 1527 nisi
1189 1472 1357 1528 certis
1386 1469 1574 1528 diebus
1605 1469 1754 1540 (dist.
1787 1468 1878 1534 75,
1899 1481 1948 1522 c.
1983 1465 2126 1536 lin.),

542 1566 598 1622 id
623 1573 729 1632 est,
761 1565 940 1636 quarti
967 1572 1023 1620 et
1043 1563 1259 1635 septimi
1286 1571 1343 1618 et
1368 1561 1560 1618 decimi
1596 1560 1801 1616 mensis
1821 1557 2049 1630 jejunio,
2075 1563 2131 1612 et

541 1655 708 1711 etiam
748 1655 802 1710 in
833 1653 1273 1724 Quadragesimte
1305 1652 1481 1719 initio,
1507 1660 1564 1708 et
1608 1651 1854 1706 mediana
1899 1649 2130 1720 quadra-

2225 561 2628 629 prmsumebant
2647 577 2870 619 sacrare
2896 564 2981 635 (de
2999 562 3159 619 Cons.
3185 565 3237 619 d.
3267 567 3321 631 I,
3346 581 3397 622 c.
3429 566 3504 621 De
3523 567 3808 639 locum).

2175 718 2198 733 Α
2225 649 2378 716 Quod
2423 649 2545 706 ideo
2583 650 2731 713 facit,
2761 652 2889 722 quia
2916 653 3067 708 multi
3095 654 3240 710 eoin
3273 663 3516 734 tempore
3558 657 3734 713 etiam
3761 659 3810 716 in

2225 739 2444 796 nomine
2476 740 2772 797 infidelium
2801 739 3176 800 defunctorum
3212 744 3657 801 constructiones
3685 747 3810 802 tedi-

2228 832 2484 899 licabant,
2520 841 2576 888 et
2611 832 2786 890 sacris
2813 834 3254 904 processionibus
3277 837 3541 892 audacter
3569 835 3814 892 institue-

2224 922 2378 978 bant.
2409 921 2564 989 Item,
2597 923 2755 980 valde
2777 924 2977 996 arguit,
3005 932 3061 980 et
3086 924 3297 981 duriter
3317 925 3594 998 increpat,
3627 934 3689 981 et
3725 927 3817 982 Sub

2226 1016 2449 1074 honoris
2484 1017 2692 1088 proprii
2719 1017 2999 1090 dispendio
3020 1013 3208 1086 jacere
3237 1015 3474 1072 afﬁrmat
3501 1016 3818 1072 sacerdotes

2228 1111 2348 1168 illos
2394 1110 2490 1182 qui
2545 1108 2779 1184 feminas
2828 1109 3000 1166 sacris
3044 1108 3308 1166 altaribus
3371 1109 3720 1174 ministrare,
3769 1119 3821 1164 et

2226 1211 2447 1270 cuncta,
2483 1218 2605 1274 qua:
2632 1217 2740 1259 non
2771 1202 2876 1260 nisi
2913 1202 3155 1258 virorum
3175 1201 3462 1280 Iamulatui
3489 1209 3628 1256 sunt
3656 1199 3820 1270 depu-

2229 1303 2362 1360 tata,
2391 1307 2605 1362 sexum,
2655 1291 2742 1347 cui
2778 1305 2886 1346 non
2921 1281 3200 1362 competit,
3237 1288 3501 1346 exhibere
3531 1288 3746 1344 faciunt
3769 1298 3820 1344 et

2227 1384 2568 1460 permittunt.
2613 1381 2772 1451 Item,
2797 1381 2974 1453 jubet,
3026 1391 3134 1438 tam
3172 1371 3239 1439 de
3285 1381 3506 1438 redditu
3549 1395 3725 1452 quam
3761 1379 3823 1435 de

2228 1475 2502 1532 oblatione
2529 1472 2765 1530 ﬁdelium
2795 1481 3033 1544 quatuor
3077 1471 3191 1528 lieri
3220 1472 3508 1544 portiones
3537 1469 3658 1544 (I2,
3683 1485 3742 1540 q.
3768 1469 3820 1534 ἰ,

2230 1583 2280 1626 c.
2307 1567 2603 1634 Quatuor);
2629 1581 2860 1638 quarum
2893 1580 3002 1622 una
3024 1566 3098 1622 sit
3123 1565 3430 1636 pontiﬁcis,
3459 1564 3644 1622 altera
3673 1564 3828 1620 cleri-

2229 1673 2444 1724 corum,
2476 1657 2638 1714 tertia
2661 1671 2987 1728 pauperum,
3025 1665 3222 1727 quarta
3267 1654 3496 1710 fabricis
3533 1663 3628 1710 est
3667 1653 3827 1724 appli-

541 1745 784 1817 gesimali
839 1745 928 1801 die
986 1743 1208 1800 Sabbati
1255 1744 1402 1800 circa
1452 1757 1732 1812 vesperam
1779 1739 2131 1797 celebrandas
2163 1816 2194 1819 _
2230 1751 2426 1817 cauda,
2452 1758 2512 1806 ei
2537 1749 2680 1806 hanc
2704 1747 2836 1806 huic
2857 1747 3008 1819 operi
3035 1746 3308 1804 veraciter
3355 1753 3728 1817 praereptam
3753 1743 3827 1800 lo-

545 1816 670 1891 έδεθ
695 1835 947 1892 “meim-
975 1835 1228 1905 ViTBilles
1249 1843 1428 1890 τιιηθιη
1461 1834 1575 1905 (9ον
1605 1849 1661 1903 (1ο
1692 1833 1748 1898 is
1794 1847 1847 1888 θ·
1896 1829 2128 1902 Deliam)
2163 1816 2204 1874 Β
2232 1816 2423 1898 eorum
2467 1841 2663 1896 doceat
2721 1816 3050 1896 instauratio
3095 1816 3410 1894 sanctorum
3466 1833 3768 1894 manifesta
3812 1853 3826 1888 :

546 1925 650 1982 nisi
679 1925 734 1982 in
761 1925 1080 1996 Epiphania,
1109 1932 1201 1980 aut
1221 1924 1372 1980 Albis
1400 1922 1776 1986 Paschalilms,
1804 1929 1898 1984 aut
1916 1928 2132 1991 nPOSlO-
2229 1931 2354 2002 quia
2384 1929 2532 2000 nefas
2564 1939 2664 1998 est,
2690 1929 2738 1984 si
2761 1929 2928 1984 sacris
2965 1928 3164 1985 aedibus
3192 1927 3482 1993 destitutis,
3534 1927 3595 1980 in
3625 1923 3831 1979 luerunt

542 2014 719 2071 lorum
748 2015 1010 2071 natalitiis
1039 2015 1218 2071 velare
1245 2013 1544 2085 prohibuit,
1584 2011 1689 2067 nisi
1721 2013 1846 2081 ipsae
1874 2009 2133 2086 languore
2230 2037 2385 2076 suum
2432 2017 2627 2090 ρηεειιι
2671 2017 2936 2089 impendia
2984 2017 3065 2073 In"
3108 2017 3382 2086 designata
3415 2023 3716 2070 conuertat.
3745 2013 3832 2084 1p.

545 2115 812 2175 correptae
837 2105 1147 2174 implorent,
1179 2119 1246 2160 ne
1273 2103 1342 2159 de
1367 2104 1472 2160 hoc
1500 2101 1699 2158 saeculo
1732 2101 1850 2156 sine
1882 2099 1986 2155 hoc
2018 2114 2135 2154 mu-

547 2207 677 2250 nere
707 2207 922 2249 exeant.
953 2193 1236 2250 Prohibuit
1283 2192 1448 2250 etiam
1491 2191 1636 2263 quod
1665 2207 1768 2248 nec
1794 2190 1972 2248 divina
2033 2204 2134 2244 au-

545 2285 772 2342 ctoritas
797 2283 1014 2356 delegit,
1062 2269 1178 2340 nec.
1205 2284 1379 2340 forma
1422 2298 1689 2339 canonum
1718 2281 2027 2354 praestituit,
2080 2288 2138 2336 et

547 2375 622 2430 ita
647 2375 726 2431 eis
750 2375 1116 2432 ecclesiastica
1139 2385 1268 2432 sunt
1295 2375 1575 2431 inferenda
1602 2374 1874 2446 pmsidia,
1904 2381 1965 2428 ut
1994 2361 2131 2427 nihil

549 2466 928 2521 committatur
955 2465 1227 2522 illicitum.
1275 2466 1426 2531 Item,
1466 2465 1624 2536 jubet
1655 2463 1803 2537 (dist.
1829 2463 1920 2532 54,
1944 2479 1996 2521 c.
2033 2462 2135 2520 Ge-

549 2555 788 2629 neralis),
816 2573 884 2614 ne
909 2558 1032 2628 quis
1057 2558 1362 2629 episcopus,
1395 2557 1700 2630 presbyter,
1729 2565 1822 2611 aut
1855 2557 2136 2624 diaconus,

548 2659 642 2702 aut
669 2647 834 2718 aliqui
857 2663 1066 2713 eorum,
1091 2649 1183 2719 qui
1205 2649 1552 2704 monasteriis
1565 2663 1799 2720 praeesse
1819 2655 2136 2714 noscuntur,

549 2752 769 2792 servum
793 2746 887 2792 aut
911 2738 1266 2810 originarium
1297 2739 1602 2796 nolentibus
1621 2739 1858 2796 dominis
1883 2739 2137 2806 retineat,

547 2827 930 2884 ecclesiastica:
949 2829 1217 2895 servituti,
1238 2829 1324 2886 vel
1347 2830 1614 2902 religiosis
1635 2829 2140 2902 congregationibus

549 2918 804 2989 applicet,
847 2918 953 2974 nisi
1002 2920 1344 2976 dominorum
1383 2921 1663 2977 voluntate
1699 2923 1801 2978 sub
1831 2919 2139 2976 testimonio

552 3013 837 3082 scriptura:
865 3014 1015 3082 prius
1050 3014 1436 3082 absolvantur;
1467 3017 1706 3087 alioquin
1739 3018 1947 3088 proprii
1969 3018 2141 3074 hono-

556 3104 632 3159 ris
659 3104 955 3174 perieulum
987 3121 1047 3160 se
1085 3107 1358 3164 subituros
1385 3125 1504 3165 esse
1531 3125 1638 3166 non
1665 3110 1961 3184 ambigant.

624 3195 778 3261 Item,
819 3195 884 3250 de
912 3195 1138 3251 Clericis
1165 3199 1276 3268 (I4,
1317 3214 1369 3268 q.
1397 3200 1449 3261 «1,
1475 3216 1522 3255 c.
1549 3199 1788 3272 Clerici),
1831 3202 1925 3272 qui
1970 3217 2135 3274 nego-

557 3285 874 3342 tiationibus
903 3287 1205 3354 imminent,
1241 3289 1408 3345 dicit:
1445 3289 1678 3346 Proinde
1718 3292 2022 3362 hujusmodi
2048 3303 2139 3347 aut

554 3378 619 3433 ab
650 3378 878 3449 indignis
907 3379 1122 3450 posthac
1158 3382 1442 3450 qua-subus
1477 3383 1710 3438 nouerint
1749 3382 2138 3450 abstinendum,

553 3480 601 3525 et
638 3471 702 3524 ab
732 3472 970 3524 antnibus
997 3471 1275 3542 cujuslibet
1305 3473 1671 3543 negotiationis
1719 3473 1960 3544 ingeniis,
1992 3474 2142 3544 cupi-

554 3564 821 3633 ditateqae
851 3565 1186 3630 cessandum,
1220 3575 1312 3619 aut
1349 3568 1404 3620 in
1443 3583 1752 3636 quocunque
1775 3568 1954 3638 'gradu
1983 3568 2142 3639 positi

555 3655 680 3717 sint,
731 3671 854 3708 mox
886 3674 917 3708 a
969 3653 1297 3710 clericalibus
1336 3656 1514 3726 ofﬁciis
1557 3657 1817 3712 abstinere
1865 3668 2138 3729 cogantur.

559 3743 713 3808 Item,
753 3744 884 3798 dicit
927 3744 1032 3800 illis
1062 3746 1209 3814 (dist.
1240 3746 1331 3811 55,
1354 3763 1402 3801 c.
1437 3745 1610 3818 Usque
1637 3748 1790 3820 adeo)
1823 3748 1915 3818 qui
1939 3749 2142 3804 daemo-

561 3832 668 3888 niis
693 3833 921 3903 aliisque
941 3835 1286 3904 passiouibus
1315 3837 1507 3892 irrctiti
1535 3847 1681 3903 sunt,
1706 3841 1966 3911 mysteria
1989 3855 2143 3896 sacra

565 3933 798 3979 tractare
829 3939 935 3980 non
961 3925 1138 3980 liceat.
1171 3925 1293 3982 Illos
1323 3938 1526 3993 autem,
1557 3930 1650 3999 qui
1682 3945 1741 3986 se
1771 3933 1945 3987 sacris
1982 3933 2146 4004 virgi-

562 4015 721 4070 nibus
749 4024 952 4072 temere
981 4018 1208 4082 sociant,
1239 4026 1292 4072 et
1320 4028 1434 4088 post
1465 4019 1702 4074 dicatum
1744 4021 1852 4078 Deo
1894 4023 2143 4094 proposi-

563 4114 698 4174 tum,
728 4106 931 4162 incesta
965 4107 1334 4178 sacrilegaque
1375 4108 1604 4163 miscent
1642 4108 1868 4175 hedera,
1896 4112 2145 4183 protinus

561 4213 593 4252 a
626 4213 780 4254 sacra
818 4199 1202 4254 communione
1226 4198 1381 4268 jubet
1425 4200 1664 4266 detrudi,
1692 4209 1747 4258 ct
1792 4203 1894 4257 nisi
1923 4218 2020 4274 per
2047 4220 2146 4275 pu-

561 4291 759 4347 blicam
803 4292 1192 4364 probatamque
1239 4295 1616 4364 paenitentiam
1650 4297 1870 4352 omnino
1906 4313 2014 4354 non
2061 4314 2142 4354 re-

559 4387 666 4456 cipi
686 4389 822 4453 ;'sed
851 4388 936 4444 his
966 4389 1036 4451 de
1063 4390 1259 4444 smculo
1286 4391 1712 4459 transeuntibus,
1738 4391 1784 4446 si
1816 4400 1991 4447 tamen
2023 4405 2144 4461 poe-

2232 2125 2347 2164 sam
2393 2107 2732 2164 nihilominus
2791 2107 3074 2177 ascriptum
3142 2105 3462 2177 pauperibus
3509 2105 3829 2175 portionem,

2233 2201 2471 2273 quamvis
2517 2201 2707 2256 divinis
2739 2199 3033 2256 rationibus
3061 2215 3116 2254 se
3155 2197 3487 2268 dispensasse
3510 2206 3831 2252 monstrass-

2236 2309 2328 2348 rus
2347 2281 2466 2348 esse
2491 2291 2766 2357 videatur;
2789 2301 2966 2346 tamen
2993 2299 3187 2360 oportet
3224 2289 3382 2344 etiam
3408 2291 3668 2361 prtesenti
3696 2291 3840 2344 testi-

2238 2384 2487 2453 licatione
2514 2383 2817 2454 pra'dicari,
2839 2391 2886 2438 et
2933 2382 3083 2436 bona:
3118 2381 3279 2452 fama!
3301 2383 3594 2451 prteconiis
3630 2399 3736 2435 non
3758 2391 3836 2434 ta-

2237 2474 2363 2528 ceri.
2388 2472 2472 2539 Et,
2507 2488 2574 2528 ne
2611 2471 2701 2528 illa
2737 2487 2858 2542 qua:
2886 2470 3224 2542 praemiserat
3247 2471 3626 2543 negligantur,
3651 2471 3830 2525 subin-

2238 2564 2346 2620 fert
2400 2581 2416 2618 :
2455 2563 2568 2619 Nec
2598 2562 2910 2618 clericorum
2956 2562 3233 2634 quisquam
3262 2561 3340 2635 (2,
3369 2577 3426 2634 q.
3484 2561 3550 2627 2,
3591 2576 3644 2618 c.
3698 2559 3836 2628 Qua-

2237 2655 2468 2726 propter)
2493 2671 2548 2709 se
2573 2653 2735 2724 hujus
2756 2654 2971 2724 offensa:
2995 2652 3235 2723 futurum
3260 2652 3496 2723 conﬁdat
3526 2652 3835 2712 immunem,

2239 2744 2285 2799 si
2298 2745 2351 2798 in
2367 2745 2548 2816 hisque
2569 2743 3119 2814 salubritersequenda
3135 2743 3584 2820 deprampsimus,
3603 2744 3714 2798 sive
3737 2744 3838 2814 epi-

2239 2851 2475 2904 scopum,
2527 2835 2632 2890 sive
2696 2839 3086 2906 presbyterum,
3127 2835 3233 2889 sire
3293 2835 3589 2889 diaconum
3655 2835 3836 2889 viderit

2239 2928 2593 2992 excedentem,
2621 2926 2667 2981 si
2697 2941 2800 2980 non
2847 2923 3087 2995 protinus
3115 2924 3184 2978 ad
3207 2941 3363 2979 aures
3392 2935 3611 2978 nostras
3638 2923 3840 2993 deferre

2241 3017 2524 3082 curaverit,
2570 3013 2963 3087 probationibus
2999 3014 3261 3068 duntaxat
3309 3024 3672 3084 competenter
3691 3013 3838 3066 adbi-

2245 3108 2381 3170 bitis,
2410 3115 2464 3160 ut
2491 3105 2894 3176 transgressoris
2921 3103 3053 3158 ultio
3079 3103 3198 3174 ﬁat,
3226 3112 3274 3160 et
3302 3105 3511 3159 steteris
3545 3104 3840 3159 interdictio

2243 3198 2600 3269 delinquendi.
3406 3272 3410 3276 δ
3444 3270 3451 3275 ι
3591 3272 3598 3276 .

2315 3291 2450 3348 Item
2490 3291 2544 3346 in
2575 3289 2802 3361 epistola
2835 3288 3035 3346 Siculis
3065 3287 3334 3360 episcopis
3359 3286 3648 3343 destinata
3683 3286 3840 3360 (epist.

2243 3384 2300 3454 2)
2332 3384 2506 3439 dicit:
2547 3381 2849 3436 Prwsulum
2899 3390 3197 3435 nostrorum
3239 3380 3509 3435 emanarit
3559 3380 3856 3434 auctoritas--

2247 3476 2358 3546 (l6,
2385 3491 2440 3545 q.
2465 3473 2521 3537 ‘5,
2544 3489 2594 3528 c.
2623 3471 2970 3540 Prtesulum),
2999 3481 3053 3524 ut
3079 3468 3355 3540 facultates
3377 3468 3627 3525 ecclesia
3659 3468 3845 3539 episco-

2243 3569 2297 3639 pi
2325 3567 2394 3622 ad
2422 3565 2700 3636 regendam
2722 3563 2945 3617 habeant
2973 3570 3315 3633 potestatem;
3344 3561 3421 3614 ita
3443 3570 3639 3615 tamen
3685 3570 3743 3613 ut
3777 3559 3842 3612 ri-

2247 3659 2499 3720 duarum,
2521 3654 2843 3727 pupillorum
2872 3663 3027 3722 atque
3051 3667 3366 3722 pauperum,
3384 3667 3600 3705 necnon
3631 3659 3685 3704 et
3708 3648 3847 3703 cleri-

2246 3766 2427 3806 corum
2472 3747 2734 3818 stipendia
2763 3745 3078 3800 distribuere
3118 3743 3358 3798 debeant.
3392 3743 3534 3798 Item
3573 3741 3842 3797 inferius:

2247 3840 2306 3898 Si
2335 3839 2616 3912 facultates
2648 3835 2902 3892 Ecclesia:
2924 3835 3037 3908 (15,
3070 3850 3126 3904 q.
3164 3834 3224 3900 2,
3248 3848 3299 3889 c.
3337 3831 3714 3902 Facultates),
3744 3848 3846 3886 nec-

2246 3950 2352 3988 non
2390 3940 2438 3987 et
2483 3931 2886 4000 diwceses,quaz
2933 3926 3000 3981 ab
3035 3923 3298 3996 aliquibus
3355 3924 3714 3994 possidentur
3754 3922 3844 3990 epi-

2245 4025 2436 4096 scopis,
2475 4025 2602 4094 jure
2646 4021 2744 4078 sibi
2784 4021 3064 4094 vindicent,
3090 4018 3231 4090 quod
3263 4016 3582 4071 tricennalis
3623 4016 3714 4070 lea:
3736 4032 3846 4068 con-

2247 4116 2401 4171 clusit
2427 4133 2445 4172 :
2471 4116 2598 4186 quia
2637 4114 2714 4168 ita
2761 4114 3140 4184 imperatorum
3179 4119 3389 4163 emanat
3437 4107 3770 4168 auctoritas,
3799 4115 3844 4156 ιιι

2246 4204 2388 4259 ultra
2415 4204 2631 4275 triginta
2654 4219 2820 4258 annos
2848 4201 2978 4256 nulli
2997 4201 3151 4255 liceat
3177 4215 3270 4254 ora
3299 4215 3358 4253 eo
3387 4196 3696 4263 appellare,
3719 4195 3845 4266 quad

2247 4295 2420 4366 legum
2448 4305 2646 4366 tempus
2671 4293 2908 4349 exclusit.

2319 4387 2463 4442 Idem
2493 4400 2629 4458 papa
2677 4385 2915 4441 breviter
2941 4380 3242 4445 adnotavit,
3281 4377 3412 4449 quid
3450 4377 3522 4433 de
3549 4375 3844 4448 Scriptnris

563 4479 846 4543 nituerint,
871 4479 1138 4535 Viaticum
1161 4482 1397 4536 dandum
1420 4495 1541 4538 esse
1560 4483 1848 4540 concessit.
1869 4482 2145 4540 Secundas
2174 4508 2229 4569 D
2255 4480 2454 4536 divinis
2500 4464 2766 4534 catholica
2797 4477 3038 4533 Ecclesia
3078 4473 3362 4544 suscipiat,
3401 4481 3459 4526 et
3501 4471 3640 4541 quid
3677 4471 3846 4569 vitare

563 4569 781 4638 nuptias
810 4568 961 4624 laicis
994 4569 1211 4640 quidem
1235 4585 1341 4626 non
1367 4579 1554 4640 negat:
1590 4571 1658 4628 ad
1683 4571 1936 4628 clericale
1959 4573 2146 4628 venire

560 4661 844 4732 collegium
867 4663 1084 4717 eosdem
1107 4663 1322 4732 penitus
1341 4671 1504 4717 vetat.
1533 4663 1682 4727 Item,
1706 4664 1868 4718 dicit:
1893 4662 2149 4733 Quisquis

561 4752 839 4827 propriam
871 4751 1174 4808 Ecclesiam
1197 4752 1476 4818 deserens,
1508 4753 1576 4808 ad
1617 4751 1798 4818 aliam,
1831 4752 1991 4807 nullis
2033 4753 2150 4807 exi-

559 4841 830 4898 stentibus
867 4841 1069 4908 causis,
1091 4842 1366 4912 putaverit
1403 4842 1811 4908 transeundum,
1839 4851 2151 4914 temcrcque

567 4931 730 4988 fuerit
757 4941 1045 5004 susceptus
1063 4941 1121 4988 et
1142 4942 1454 5002 promotus;
1480 4933 1563 4988 vel
1589 4933 1726 5004 ipse,
1757 4933 1840 4988 vel
1861 4943 2148 5004 susceptor

567 5019 708 5088 ejus,
761 5023 1182 5078 reverendorum
1222 5037 1490 5079 canonum
1541 5033 1706 5095 atque
1753 5033 2145 5095 praceptorum

561 5113 858 5168 constituta
912 5128 1020 5169 non
1073 5113 1316 5186 eﬂ'ugiet,
1351 5131 1473 5186 qua:
1519 5116 1588 5171 de
1651 5115 1959 5186 huiusmodi
2010 5131 2148 5185 pra:-

561 5205 934 5275 sumptOribus
999 5206 1283 5277 praeﬁxere
1339 5208 1626 5265 servanda.
1693 5208 1864 5274 Item,
1919 5207 2146 5265 inferius

565 5295 738 5352 dicit:
771 5294 916 5362 Quos
941 5299 1229 5355 constiterit
1260 5300 1504 5372 indignos
1525 5300 1724 5355 meritis
1763 5316 1971 5355 sacram
2005 5317 2144 5354 mer-

565 5398 712 5444 catos
742 5403 854 5444 esse
879 5389 1047 5458 pretio
1081 5391 1408 5462 dignitatem,
1437 5393 1697 5447 convictos
1725 5399 1924 5461 oportet
1953 5391 2140 5450 arceri.

568 5495 676 5534 non
703 5481 817 5535 sine
837 5478 1070 5550 periculo
1092 5480 1298 5550 facinus
1323 5481 1428 5537 tale
1455 5491 1829 5552 perpetrantes,
1861 5482 1986 5552 quia
2012 5481 2145 5536 dan-

566 5580 668 5626 tem
715 5570 878 5626 simul
915 5582 965 5626 et
1011 5571 1346 5642 accipientem
1393 5573 1664 5628 damnatio
1695 5571 1945 5640 Simonis,
1989 5590 2146 5645 quam

574 5678 732 5716 sacra
754 5663 907 5720 lectio
931 5673 1170 5728 testatur,
1202 5664 1411 5719 involvit
1443 5663 1577 5737 (Act.
1618 5664 1730 5720 vnt‘

646 5751 803 5820 Item,
851 5755 1022 5826 arguit
1054 5769 1147 5810 eos
1176 5754 1268 5825 qui
1317 5769 1484 5810 novas
1531 5755 1780 5812 basilicas
1808 5756 1913 5852 sub
1958 5757 2147 5810 delun-

2255 4572 2470 4627 deheat.
2507 4569 2576 4625 Et
2612 4569 2680 4624 de
2719 4567 2901 4626 Veteri
2929 4565 3281 4622 Testamento
3307 4563 3441 4616 dicit
3475 4577 3490 4615 :
3522 4561 3763 4616 Genesis
3789 4559 3845 4612 Ii—

2253 4664 2410 4719 brum
2477 4676 2670 4727 unum,
2712 4659 2880 4716 Exodi
2931 4657 3128 4713 librum
3159 4651 3362 4718 unum,’
3381 4652 3622 4708 Levitici
3651 4653 3842 4705 librum

2255 4771 2441 4822 unum,
2472 4753 2694 4810 Numeri
2740 4751 2939 4806 librum
2978 4763 3166 4815 unum,
3199 4744 3618 4802 Deuteronomii
3652 4743 3841 4796 librum

2253 4861 2444 4912 unum,
2488 4843 2616 4900 Iesu
2659 4841 2808 4898 Nave
2859 4839 3056 4896 librum
3110 4851 3300 4902 unum,
3335 4833 3596 4890 Iudicum
3653 4832 3846 4886 librum

2255 4952 2446 5002 unum,
2499 4935 2643 4990 Ruth
2675 4933 2872 4988 librum
2899 4945 3090 4995 unum,
3139 4927 3347 4998 Regum
3375 4923 3546 4979 libros
3593 4933 3845 4993 quatuor.

2254 5024 2707 5096 Paralipomenon
2759 5022 2932 5078 libros
2985 5019 3120 5076 duos
3151 5057 3167 5085 ,
3243 5014 3594 5070 Psalmorum
3655 5013 3846 5066 librum

2257 5132 2446 5182 unum,
2491 5113 2800 5170 Salomonis
2846 5112 3014 5168 libros
3042 5118 3172 5175 tres,
3205 5105 3634 5164 Proverbiurum
3665 5102 3762 5157 lib.
3801 5102 3844 5158 l.

2256 5209 2603 5265 Ecclesiastls
2641 5206 2854 5270 librum.
2886 5203 2951 5269 l,
2981 5201 3206 5258 Cantica
3260 5198 3606 5254 canticorum
3653 5194 3847 5249 librqu

2259 5299 2308 5364 I,
2341 5297 2634 5369 Sapientia:
2657 5295 2852 5350 librum
2897 5295 2951 5358 I,
2975 5287 3345 5347 Ecclesiastici
3374 5286 3581 5360 librum
3609 5285 3664 5351 I,
3703 5283 3849 5338 Isaia

2255 5387 2452 5443 librum
2481 5388 2531 5455 I,
2557 5384 2808 5441 Ieremia:
2822 5383 2914 5440 lib.
2944 5385 2999 5447 I,
3021 5379 3321 5436 Ezechielis
3341 5378 3546 5432 librum
3572 5377 3626 5441 1,
3649 5376 3844 5429 Danie-

2255 5481 2322 5536 lis
2372 5479 2568 5534 librum
2602 5477 2654 5542 1,
2683 5474 2821 5531 Osee
2866 5474 3062 5529 librum
3096 5471 3341 5552 I,_Amos
3376 5468 3474 5524 lib.
3505 5469 3562 5533 l,
3612 5465 3848 5520 hlium

2257 5572 2452 5628 librum
2477 5564 2725 5633 I,'Joclis
2770 5567 2967 5622 librum
2993 5565 3048 5629 l,
3087 5562 3273 5618 Midiae
3301 5560 3498 5615 librum
3544 5555 3846 5622 1,]οιιπιλ-

2260 5667 2416 5721 hrum
2447 5665 2500 5728 I,
2531 5659 2742 5716 Nahnm
2793 5659 2989 5714 librum
3023 5659 3075 5722 l,
3118 5655 3371 5710 Habacuc
3421 5651 3624 5706 librum
3657 5650 3710 5714 I,
3751 5647 3843 5703 So-

2263 5753 2684 5828 phonitelibrum
2712 5750 2762 5817 l,
2783 5750 2964 5822 Διςςωί
2988 5749 3185 5804 librum
3219 5747 3264 5812 ι,
3283 5741 3564 5802 Zacharias
3578 5740 3782 5798 librum
3799 5740 3841 5802 l,
