3948 5446
108 448 239 512 1215

901 445 1174 507 PSEUDO
1207 445 1628 505 LUITPBANDI
1666 444 1797 501 LIB.
1839 446 1929 502 DE
1958 440 2147 504 \‘lTIS
2184 446 2351 506 R081.
2393 448 2599 507 PONT.‘

3219 451 3361 509 ηι-ιι

106 560 371 616 Malaehiae
433 560 628 616 librum
680 560 741 627 l;
800 560 1150 617 historiarum
1213 576 1341 616 vero
1393 569 1637 616 veterum
1663 598 1678 625 ,
1712 564 1756 621 Α
1786 558 1981 614 librum
2012 560 2077 617 de
2114 561 2346 616 Infantia
2374 560 2694 628 salvatoris,
2724 569 2780 616 et
2806 561 2872 616 de
2897 559 3191 618 Nativitate
3218 565 3358 635 ejus,

105 648 199 704 Job
236 648 433 704 librum
460 649 513 715 Ι,
551 650 734 707 Tobiae
764 649 960 705 librum
991 652 1041 716 i,
1092 650 1278 707 Eadm:
1318 650 1485 708 libros
1520 651 1677 716 duos,

104 736 291 793 Esther
343 737 539 795 librum
589 739 642 805 l,
690 738 875 794 Judith
906 739 1104 797 librum
1143 740 1195 805 1,
1246 724 1699 796 Μαειωιιωοῑυιή

102 830 265 886 libros
297 831 453 887 duos.
505 831 582 888 De
626 831 925 902 Scripturis
969 842 1154 888 autem
1185 832 1318 888 Novi
1343 831 1679 890 Tcstamcnti

104 924 287 992 recipit
310 923 727 996 Evangeliorum
756 926 925 982 libros
944 926 979 981 4
1001 925 1260 993 Matthaai,
1285 926 1474 993 Marci,
1496 926 1674 989 Lucae.

101 1023 154 1067 et
177 1010 433 1079 Joannis;
474 1014 605 1070 item
646 1015 816 1072 Actus
856 1016 1224 1087 apostolorum
1247 1017 1444 1074 librum
1470 1031 1674 1073 unum:

102 1101 367 1171 Epistolas
438 1120 568 1162 vero
628 1105 782 1162 Pauli
837 1109 1267 1178 quatuordecim,
1325 1107 1683 1179 Apocalypsis

99 1195 317 1252 Joannis
369 1197 566 1254 librum
620 1215 820 1266 unum;
884 1199 1015 1255 item
1068 1201 1361 1257 canonicas
1412 1200 1681 1270 Epistolas

99 1294 328 1355 septem,
380 1285 522 1344 Petri
550 1288 777 1358 apostoli
811 1288 965 1354 duas,
1013 1284 1201 1345 Jac'obi
1233 1304 1428 1355 unam,
1455 1287 1682 1345 Joannis

100 1383 225 1440 tres,
254 1372 410 1432 ludat
442 1376 641 1433 Zelotis
670 1378 896 1449 apostoli
928 1394 1111 1435 uuam.

164 1463 296 1520 Item
321 1477 510 1523 sancta
533 1467 773 1524 Romana
802 1469 1046 1526 Ecclesia
1071 1485 1176 1526 non
1202 1470 1455 1540 prohibet
1482 1469 1682 1541 suscipi

97 1562 338 1610 sanctam
364 1558 630 1629 synodum
656 1558 956 1626 Nicaenam,
992 1560 1046 1616 in
1068 1577 1177 1632 qua
1200 1562 1365 1619 Arius
1394 1563 1683 1619 damnatus

96 1654 218 1703 cst:
261 1658 508 1705 sanctam
549 1651 817 1723 synodum
870 1652 1569 1723 Constantinopolitanam,
1628 1655 1683 1709 in

96 1751 198 1807 qua
228 1737 576 1796 Macedonius
616 1741 745 1796 item
773 1742 1063 1797 damnatus
1084 1751 1170 1798 est
1199 1760 1211 1797 :
1249 1751 1306 1797 et
1333 1742 1682 1812 Ephesinam,

94 1830 149 1884 in
185 1843 293 1899 qua
321 1828 602 1913 Nestorins
628 1832 917 1888 damnatus
960 1841 1045 1889 est
1071 1846 1087 1888 :
1118 1841 1173 1889 et
1199 1832 1681 1903 Calcedoncnscm,

93 1922 148 1977 in
178 1936 286 1991 qna
314 1919 637 1978 Nestoriana
658 1932 715 1978 ct
738 1922 1077 1995 Eutychiana
1103 1925 1329 1982 haeresis
1356 1926 1515 1981 simul
1550 1942 1672 1982 cum

92 2014 355 2070 Dioscoro
398 2013 621 2086 ejusque
669 2017 1025 2089 complicibus
1063 2018 1332 2075 damnata:
1373 2028 1519 2083 sunt,
1555 2021 1680 2077 etsi

93 2119 199 2174 qua
231 2113 362 2161 sunt
387 2120 418 2161 a
460 2107 666 2164 sanctis
689 2108 938 2165 Patrihus
961 2110 1190 2166 concilia
1221 2111 1486 2167 hactenus
1519 2112 1679 2168 insti-

94 2205 233 2262 tuta,
259 2205 382 2267 post
420 2199 650 2254 istorum
694 2209 932 2272 quatuor
957 2202 1338 2259 auctoritatem
1361 2206 1598 2260 custodit
1624 2213 1681 2260 et

92 2288 310 2356 recipit.
360 2287 489 2345 Haec
514 2290 679 2346 etiam
724 2292 982 2362 opuscula
1012 2300 1327 2350 sanctorum
1376 2294 1597 2351 Patrum
1627 2296 1681 2351 in

90 2379 342 2437 Ecclesia
395 2382 735 2453 recipiuntur
787 2383 1108 2455 :Opuscula
1142 2385 1366 2452 Caecilii,
1423 2386 1680 2458 Cypriani

89 2469 355 2542 martyris
406 2480 464 2526 et
492 2472 754 2544 episcopi,
804 2472 1049 2545 Gregorii
1099 2475 1457 2541 Nazianzeni,
1495 2477 1682 2534 Basilii

86 2562 472 2633 Cappadoceni
502 2565 760 2635 episcopi,
786 2565 1071 2623 Athanasii
1120 2567 1499 2636 Alexandrini,
1524 2569 1685 2627 Joan-

86 2653 183 2708 nis
224 2653 834 2726 Constantinopolitani,
866 2657 1147 2728 Theophili
1181 2658 1553 2727 Alexandrini,
1583 2661 1685 2732 Cy-

85 2744 204 2799 rilli
230 2745 610 2814 Alexandrini,
637 2747 828 2802 Hilarii
868 2747 1246 2813 Pictaviensis,
1276 2750 1548 2806 Ambrosii
1570 2750 1683 2807 Me-

83 2835 460 2902 diolanensis,
482 2836 771 2909 Augustini
793 2838 1176 2911 Hipponensis,
1199 2841 1511 2913 Hieronymi
1560 2856 1682 2912 pre—

80 2924 192 2994 shy
203 2925 327 2992 teri,
350 2924 622 2997 Prosperi,
650 2927 846 2984 Leonis
864 2945 1017 3000 papae
1043 2930 1272 3000 epistola
1287 2931 1352 2985 ad
1367 2930 1681 2985 Flavianum

78 3015 415 3086 episcopum
458 3017 729 3074 destinata
757 3029 784 3059 α
806 3058 824 3084 ,
859 3028 1048 3075 contra
1097 3018 1251 3090 cujus
1280 3028 1487 3075 textum
1529 3019 1682 3090 quis-

75 3106 243 3175 piam
270 3107 316 3161 si
352 3121 523 3179 usque
566 3108 634 3163 ad
665 3124 828 3164 unum
877 3109 986 3165 iota
1011 3109 1329 3180 disputat-it,
1352 3118 1407 3164 et
1432 3123 1538 3164 non
1562 3124 1684 3165 eam

73 3196 486 3252 venerabiliter
509 3199 766 3268 suscepit,
798 3201 1087 3256 anathema
1120 3200 1210 3256 sit.
1237 3198 1393 3264 item,
1427 3200 1683 3272 cpnscula

1781 658 1838 703 et
1863 649 1930 705 de
1969 649 2137 705 Maria
2186 650 2269 706 vel
2309 650 2638 717 obstetrice;
2680 661 2737 706 ct
2773 652 2994 716 librum,
3022 649 3123 722 qui'
3162 654 3362 721 dicitur

1782 736 2050 805 Pastoris;
2080 749 2135 794 et
2189 736 2310 795 illos
2343 740 2533 805 libros,
2562 756 2699 811 quos
2740 740 2869 797 fecit
2906 740 3165 808 Leutius;
3195 752 3252 799 et
3299 743 3362 801 il-

1779 825 1891 882 lum
1915 827 2128 891 librum,
2153 830 2244 900 qui
2267 830 2464 886 dicitur
2486 828 2947 896 Fundamentum;
2971 839 3027 887 et
3058 832 3152 902 qui
3176 831 3361 904 appel-

1780 916 1926 973 latur
1966 916 2315 986 Thesaurns;
2367 927 2421 976 et
2468 920 2666 978 librum
2710 920 2778 977 de
2818 921 3065 978 Filiabus
3108 920 3276 989 Adae;
3307 931 3367 981 et

1778 1006 1949 1063 Actus
1999 1007 2216 1066 Thecla:
2244 1020 2299 1066 et
2329 1010 2482 1069 Pauli
2511 1011 2774 1083 apostoli;
2801 1021 2857 1068 et
2877 1012 3076 1069 librum
3109 1015 3204 1083 qui
3230 1013 3366 1071 dici-

1782 1108 1871 1155 tur
1890 1099 2137 1172 Ncpotis,
2167 1110 2222 1156 et
2270 1102 2467 1159 librum
2498 1101 2940 1171 Proverbiorum,
2978 1103 3119 1160 Sixti
3146 1106 3369 1162 nomine

1782 1200 2184 1262 prmnotatum;
2230 1193 2749 1263 etBevelationem,
2799 1210 2919 1266 quae
2957 1194 3156 1250 dicitur
3212 1193 3369 1252 Pauli

1782 1286 2047 1358 apostoli;
2095 1295 2152 1344 et
2186 1288 2356 1355 illam,
2400 1304 2521 1360 qua:
2558 1289 2755 1347 dicitur
2779 1288 3033 1355 Thomas;
3087 1299 3145 1347 et
3189 1290 3366 1357 illam,

1783 1394 1904 1448 quae
1946 1378 2147 1434 dicitur
2191 1379 2451 1450 Stephani
2499 1399 2512 1437 :
2570 1380 2722 1446 item,
2770 1380 2967 1437 librum
3023 1381 3117 1453 qui
3167 1381 3370 1438 dicitur

1783 1469 2089 1539 Transitus,
2137 1472 2191 1527 id
2235 1479 2319 1528 est
2348 1473 2646 1544 assumptio
2683 1471 2741 1529 S.
2765 1471 2978 1540 Mariae;
3002 1482 3058 1529 et
3081 1472 3277 1529 librum
3302 1472 3370 1529 de

1783 1561 2107 1618 Pcenitentia
2132 1564 2257 1620 Ada:
2281 1579 2297 1617 :
2319 1571 2375 1617 ct
2412 1564 2477 1619 de
2501 1561 2635 1634 Ogia
2656 1563 2907 1634 gigante;
2938 1571 2996 1619 et
3019 1562 3241 1628 librum,
3272 1561 3367 1632 qui

1783 1655 1981 1711 dicitur
2015 1654 2421 1710 Testamentum
2472 1653 2607 1721 Job;
2664 1664 2722 1711 et
2767 1653 2989 1721 librum,
3017 1653 3109 1724 qui
3167 1653 3370 1709 dicitur

1784 1744 2109 1801 Pcenitentia
2140 1743 2333 1801 Jamne
2376 1752 2433 1799 et
2459 1743 2742 1811 Mambre;
2773 1754 2829 1802 ct
2872 1745 2966 1816 qui
2995 1744 3193 1800 dicitur
3217 1741 3370 1799 Judae
3426 1772 3431 1777 ~

1789 1835 2054 1907 apostoli;
2076 1843 2132 1891 et
2155 1835 2246 1905 qui
2270 1834 2469 1890 dicitur
2487 1849 2723 1891 canones
2749 1835 3116 1905 apostolorum
3140 1849 3154 1899 ;
3188 1841 3243 1888 et
3271 1832 3367 1903 qui

1703 1908 1751 1970 Β
1783 1928 1982 1983 dicitur
2005 1926 2194 1982 Sortes
2220 1926 2587 1996 apostolorum
2617 1944 2632 1981 :
2657 1935 2712 1982 et
2748 1926 2839 1996 qui
2866 1925 3064 1982 dicitur
3084 1923 3368 1996 Physiolo-

1782 2035 1901 2093 gris,
1947 2019 2015 2074 ab
2043 2016 2316 2075 hzereticis
2357 2017 2728 2088 conscriptus,
2763 2026 2821 2074 et
2872 2017 2934 2076 Β..
2970 2014 3244 2071 Ambrosii
3272 2026 3371 2069 no-

1781 2111 1926 2166 mine
1956 2110 2231 2179 signatus;
2284 2118 2339 2165 et
2365 2108 2656 2163 Historiam
2707 2107 2925 2165 Eusebii
2959 2104 3272 2174 Pamphili:
3313 2110 3371 2159 et
3457 2095 3480 2120 ‘

1781 2200 2051 2274 Opuscula
2101 2199 2447 2263 Tertulliani,
2494 2209 2550 2255 et
2583 2199 2872 2263 Lactantii,
2925 2194 3272 2259 etAl‘ricani,
3315 2200 3373 2249 et

1781 2289 2178 2357 Posthumiani,
2223 2296 2283 2345 et
2327 2288 2489 2353 Galli,
2519 2296 2573 2344 et
2619 2285 2879 2353 Montani,
2910 2295 2966 2343 et
3005 2284 3289 2349 Priscillae,
3312 2291 3373 2340 et

1782 2380 2111 2446 Maximillae,
2160 2388 2216 2436 et
2241 2379 2427 2435 Fausti
2474 2378 2781 2445 Manichmi,
2815 2386 2874 2432 et
2891 2376 3287 2440 Commodiani,
3312 2380 3371 2430 et

1782 2473 2006 2529 alterius
2040 2470 2335 2529 Clementis
2362 2468 2739 2533 Alexandrini,
2769 2475 2825 2523 et
2868 2466 3060 2522 Tharsi
3085 2463 3366 2535 Cypriani,

1782 2576 1839 2620 et
1859 2563 2109 2627 Arnobii,
2140 2571 2196 2617 ct
2235 2560 2452 2626 Tltonii,
2485 2568 2540 2615 et
2566 2557 2810 2635 Cassiani
2840 2554 3145 2627 presbyteri
3168 2553 3367 2609 Gallia-

1783 2669 1928 2719 rum,
1957 2660 2013 2708 et
2064 2649 2327 2707 Victorini
2361 2647 2716 2704 Pictat-iensis
2765 2645 3036 2715 episcopi,
3080 2652 3136 2699 et
3179 2642 3369 2699 Fausti

1785 2742 2068 2815 Regiensis
2099 2741 2420 2805 Galliarum,
2449 2746 2505 2793 et
2526 2735 2865 2793 Frumentini
2889 2734 3052 2799 caaei;
3087 2731 3370 2789 Contende

1786 2836 1854 2909 Π.
1902 2833 2206 2891 Comment.
2263 2830 2353 2903 de]
2403 2829 2655 2895 Christo;
2708 2836 2765 2883 et
2804 2825 3087 2897 epistolam
3135 2822 3261 2879 Jesu
3299 2822 3368 2876 ad

1783 2928 2116 2999 Abagarum,
2172 2931 2230 2978 et
2277 2921 2511 2992 Abagari
2558 2920 2627 2975 ad
2679 2919 2864 2974 Jcsum
2917 2936 2931 2972 :
2980 2915 3370 2985 etpassioncnt

1786 3018 2012 3086 Quirici,
2050 3016 2274 3081 Julittze,
2302 3023 2358 3070 et
2384 3012 2602 3084 Georgii
2642 3027 2657 3065 :
2698 3020 2755 3066 et
2775 3010 3099 3079 scripturam
3129 3022 3251 3077 quae
3274 3021 3369 3076 ap-

1786 3109 2019 3180 pellatur
2043 3106 2350 3162 Salomonis
2380 3101 2771 3167 contradictio;
2803 3099 3137 3171 phylacteria
3162 3097 3369 3161 omnia,

1789 3216 1910 3270 qua:
1936 3214 2044 3255 non
2075 3196 2413 3268 angelorum,
2443 3194 2536 3251 scd
2569 3194 2875 3250 daemonum
2901 3190 3214 3248 nominibus
3236 3202 3370 3253 eone

71 3298 134 3343 et
169 3297 448 3351 tractatus
492 3290 734 3347 omnium
778 3291 1002 3347 Patrum
1028 3260 1481 3358 orthodoxorum,
1508 3293 1601 3363 qui
1628 3293 1682 3348 in
1711 3260 1756 3324 Ο
1789 3260 1989 3360 scripta
2009 3296 2159 3344 sunt.

70 3376 245 3432 nullo
275 3392 307 3432 a
326 3387 514 3435 sancta
534 3378 779 3435 Romana
804 3379 1047 3438 Ecclesia
1073 3381 1427 3447 deviaverint,
1460 3381 1685 3453 legenda

70 3467 361 3529 decrevit.

152 3559 325 3626 item,
360 3559 663 3618 decretales
706 3552 985 3633 epistolas,
1024 3577 1161 3634 quas
1186 3561 1415 3618 Romani
1463 3562 1681 3634 pontiﬁ-

62 3665 181 3707 ces
214 3650 588 3720 scripserunt;
637 3653 791 3720 item,
822 3662 1134 3709 sanctorum
1164 3663 1465 3724 martyrum
1504 3663 1679 3723 gesta.

1856 3380 2007 3446 Haec,
2039 3387 2093 3435 et
2124 3379 2210 3434 his
2238 3376 2456 3443 similia,
2486 3390 2610 3444 quas
2648 3373 2881 3429 docuere
2925 3369 3114 3427 Simon
3156 3366 3367 3438 Magna,

1784 3472 2086 3537 Nieolaus,
2133 3469 2462 3533 Cerinthus,
2507 3465 2783 3530 Marcion,
2824 3461 3127 3527 Basilides,
3172 3459 3367 3524 Ebion,

1783 3563 1991 3620 Paulus
2012 3555 2175 3617 etiam
2205 3559 2622 3621 Samosatenus,
2652 3554 2918 3610 Photinus
2939 3560 2995 3609 et
3017 3552 3282 3616 Bonosus,
3314 3556 3372 3605 et

1783 3654 1878 3725 qui
1898 3651 2061 3709 simili
2093 3663 2279 3705 errore
2309 3646 2665 3703 defecerunt:
2694 3643 2981 3700 Montanus
3009 3655 3226 3712 quoque
3243 3654 3368 3696 cum

62 3744 200 3799 Sed
227 3744 479 3813 quredam
507 3759 696 3800 eorum
742 3745 861 3800 ideo
885 3759 915 3799 a
945 3744 1187 3799 Romana
1226 3752 1554 3813 respuuntur
1581 3744 1683 3800 Ec-
1783 3743 1898 3801 suis
1940 3738 2345 3798 obscenissimis
2389 3736 2747 3808 sequacibus;
2777 3732 3137 3804 Apollinaris,
3173 3729 3372 3787 Valen-

52 3833 291 3899 CieSia,
346 3834 471 3905 quia
524 3849 714 3890 eorum
753 3832 843 3903 qui
901 3834 1168 3903 scripsere
1196 3833 1414 3889 nomina
1470 3833 1685 3903 penitus
1786 3836 1956 3902 tinus,
1995 3836 2112 3890 sive
2157 3830 2519 3895 Manichzeus,
2556 3827 2816 3893 Faustus,
2861 3823 3153 3889 Sabellius,
3181 3821 3370 3887 Arius,

57 3926 444 3997 ignorantur.
489 3923 620 3979 ltcm
655 3924 805 3988 Vitas
845 3922 1067 3979 Patrum
1093 3922 1242 3977 Pauli
1274 3934 1330 3978 ct
1354 3922 1599 3988 Antonii,
1630 3932 1686 3981 et
1786 3924 2162 3990 Macedonius,
2204 3920 2533 3985 Eunomius,
2565 3916 2836 3983 Novatus,
2881 3913 3172 3977 Sabatius,
3211 3909 3373 3967 Calli-

53 4016 349 4073 omnium
389 4016 770 4083 cremitarum;
824 4031 960 4087 quas
1007 4026 1186 4072 tamen
1212 4016 1297 4071 vir
1339 4015 1685 4075 beatissimus
1783 4027 1925 4086 stus,
1955 4017 2216 4081 Donatus,
2258 4010 2607 4077 Eustachius,
2652 4008 2942 4072 Jubianus,
2982 4004 3256 4075 Pelagius,
3277 4001 3370 4058 Ju-

52 4107 395 4178 descripsit
439 4106 817 4179 Hieronymus.
870 4109 1026 4177 ltem,
1078 4107 1248 4167 Actus
1301 4107 1550 4166 Silvestri
1589 4123 1685 4178 pa-
1786 4111 1966 4166 lianus
1988 4101 2698 4171 Edanensis,C<elestinus,
2727 4097 3113 4159 Maximianus,
3150 4093 3374 4149 Priscil-

47 4215 186 4271 βω,
269 4197 398 4253 licet
443 4199 730 4271 scriptoris
759 4214 957 4256 nomen
995 4200 1293 4272 ignoretur.
1346 4200 1498 4265 ltcm,
1550 4201 1687 4256 scri-
1787 4201 1992 4267 lianus,
2045 4196 2328 4254 Nestorius
2368 4189 3021 4259 Constantinopolitanus,
3054 4187 3371 4250 Dioscorus,

47 4299 316 4364 pturam
346 4288 416 4345 de
440 4288 758 4347 lnventione
789 4300 990 4348 sanctae
1025 4293 1226 4359 crucis,
1260 4302 1317 4347 et
1360 4292 1521 4348 aliam
1550 4293 1687 4349 scri-
1786 4286 2095 4361 Eutyches,
2146 4286 2373 4365 Petrus,
2401 4294 2459 4337 et
2500 4281 2638 4336 alius
2678 4279 2905 4343 Petrus;
2951 4292 2983 4332 e
3010 4276 3207 4346 quibus
3232 4288 3374 4335 unus

50 4390 323 4452 pluram
351 4379 420 4435 de
450 4378 767 4439 lnventione
797 4382 989 4454 capitis
1016 4381 1240 4441 Joannis
1270 4382 1529 4454 Baptista:
1550 4384 1687 4439 reci-
1786 4378 2196 4442 Alexandriam,
2233 4376 2373 4431 alius
2411 4372 2752 4438 Antiochiam
2780 4369 3111 4424 maculavit:
3141 4365 3371 4423 Acatius

47 4469 334 4547 piendas
368 4486 510 4538 esse,
558 4479 613 4528 et
657 4488 782 4530 cum
823 4472 1033 4529 cautela
1089 4472 1367 4544 legendas.
1409 4474 1566 4536 Item,
1618 4474 1686 4531 de
1746 4512 1753 4521 ο
1787 4468 2423 4539 Constantinopolitanus
2443 4481 2567 4523 cum
2604 4462 2951 4519 consortibus
2974 4459 3126 4516 suis:
3158 4472 3375 4529 necnon

47 4563 298 4623 Ruﬁno
321 4570 375 4616 et
421 4562 657 4633 Origene
699 4564 773 4620 ita
802 4548 1085 4627 sentimus,
1134 4564 1276 4620 sicut
1325 4562 1685 4634 Hieronymus
1712 4614 1761 4634 ἢ
1789 4575 1845 4623 et
1888 4578 2080 4620 clunes
2121 4563 2387 4624 haereses,
2433 4572 2571 4629 quas
2614 4554 2718 4624 ipsi
2761 4564 3057 4622 eorumque
3099 4547 3371 4618 discipuli,

47 4659 131 4713 de
210 4653 357 4723 ipsis
385 4614 558 4710 sensigt
602 4663 658 4711 et
683 4654 909 4711 notavit.
950 4652 1279 4709 Chronicum
1317 4614 1549 4708 Eusebii,
1561 4651 1682 4708 (Ζω-
1712 4614 1763 4675 D
1787 4658 1901 4713 sive
1925 4650 2285 4716 schismatici,
2308 4648 2632 4711 docuerunt,
2652 4644 2736 4700 vel
2759 4643 3217 4712 conscripserunt,
3239 4653 3377 4706 quo-

47 4745 384 4811 sariensis,
416 4753 472 4801 et
511 4746 752 4814 ejusdem
798 4744 1190 4801 Ecclesiastica:
1218 4744 1471 4800 Historia:
1519 4744 1686 4801 libros
1788 4760 1912 4802 rum
1956 4743 2180 4799 nomina
2224 4738 2450 4794 minime
2487 4734 2811 4797 retinentur,
2862 4748 2969 4787 non
3012 4727 3188 4784 solum
3216 4742 3375 4797 repu—

48 4834 657 4908 proptersingularem
674 4835 918 4891 notitiam
931 4832 1685 4905 nonusqucquaqueEcclcsia
1786 4838 1960 4903 diata,
1986 4849 2179 4893 verum
2202 4831 2367 4887 etiam
2416 4830 2485 4886 ab
2509 4825 2659 4883 omni
2700 4825 2970 4881 catholica
3008 4821 3253 4875 Romana
3277 4819 3377 4873 Ee-

48 4925 305 4999 tbjicit.
333 4923 466 4982 item
496 4924 678 4984 Orosii
726 4925 1012 4983 historiam
1036 4926 1244 4994 laudat,
1269 4933 1327 4981 et
1350 4939 1488 4997 Opus
1515 4924 1685 4981 Sedu-
1785 4928 1951 4986 clcsia
1982 4927 2293 4988 eliminata,
2322 4930 2492 4995 atque
2517 4932 2643 4975 cum
2682 4918 2799 5006 suis
2824 4912 3168 5008 auctoribus,
3194 4918 3383 5008 aucto:

55 4996 229 5080 ii'et
268 5019 511 5076 iuvenci.
1785 5034 2025 5090 rumque
2096 5012 2464 5090 sequacibus,
2525 5008 2624 5068 sub
2692 4999 3067 5098 anathematis
3112 4996 3388 5098 insolubili

124 5116 277 5172 Ista
300 5121 499 5179 autem,
530 5125 654 5181 quae
678 5095 998 5182 sequuntur,
1030 5110 1337 5181 apocrypha
1368 5125 1491 5169 esse
1518 5109 1677 5176 dicit,

1785 5088 2001 5167 vinculo
2088 5088 2382 5177 conﬁtetur
2447 5096 2739 5164 praedictus
2784 5111 2921 5171 papa
2973 5088 3220 5149 Gclasius
3269 5097 3394 5142 esse

47 5220 99 5266 τι
176 5204 414 5277 penitus
440 5203 751 5274 respuenda
780 5221 795 5258 :
827 5201 883 5256 ln
938 5202 1130 5274 primis
1164 5200 1560 5258 Ariminensem
1590 5214 1681 5271 sy—
1786 5205 2092 5279 damnum

47 5304 297 5360 ἠδη-ιη
315 5314 328 5341 ε
353 5299 473 5340 nam
530 5297 876 5336 ninam-ium
903 5296 1047 5340 Ὠρειδί
1092 5296 1342 5340 nuncin”-
1382 5295 1524 5342 mund
1547 5293 1679 5340 dini—

1860 5270 2135 5344 nu|“-".n
2180 5288 2488 5338 “’“M‘=“Iuc
2510 5296 2637 5328 non“
2782 5297 2917 5318 "mh
2951 5281 3012 5314 ’.Δ
3058 5270 3404 5308 ”“”¹Ι’Μ⁶⁸¹⁶

1860 5298 1982 5336 ΠΔΙ·“
1996 5316 2135 5346 κζ’,ρ
