3948 5450
518 457 656 514 liis

1222 453 1510 509 APPEND.
1550 452 1642 507 AD
1676 448 1851 507 διες.
1893 449 1984 503 ΙΧ.
2034 476 2097 489 ~—

2204 444 2503 504 JCTORES
2537 447 2702 504 ANNI
2741 444 3035 505 INCEBTI.

3643 445 3774 502 seu.

516 589 657 644 quan
686 572 753 625 in
782 572 835 625 in
860 587 919 624 eo
943 578 1174 632 manent,
1202 569 1500 622 nullatenus
1530 566 1757 620 absoluti
1783 574 1938 629 sunt;
1960 565 2092 619 sicut
2124 565 2171 625 Α
2200 561 2253 616 in
2285 563 2424 618 cmlo
2448 582 2461 617 :
2490 572 2545 619 et
2569 579 2688 633 qua:
2716 563 2944 619 solveris
2973 577 3135 633 super
3158 570 3395 626 terram,
3422 570 3587 618 erunt
3607 561 3771 618 soluta

521 664 613 718 nec
642 666 749 733 ipse
778 677 945 725 error,
990 661 1043 714 in
1085 676 1187 730 quo
1234 669 1377 725 sunt,
1407 658 1723 712 absolvatur.
1769 654 1936 711 Error
1959 658 2095 710 enim

521 758 629 827 ipse
650 770 918 824 nunquam
943 754 1142 808 veniam
1170 763 1515 821 promeretur,
1540 754 1629 807 sed
1650 752 1739 828 qui
1761 768 1819 805 eo
1851 753 2101 806 veraciter

521 848 771 913 caruerit,
799 856 953 916 atque
989 845 1052 898 ab
1076 845 1188 915 ejus
1218 846 1616 915 participatione
1641 844 1879 898 discedit.
1914 843 2097 909 Quan-

519 936 613 990 diu
657 952 778 1006 ergo
819 951 969 989 error
995 934 1048 988 in
1076 937 1149 988 eis
1190 943 1292 996 est,
1337 933 1727 987 damnationem
1760 948 1909 986 suant
1941 942 2097 998 tenet,

520 1034 569 1079 et
589 1041 855 1096 nunquam
883 1025 1190 1088 absolvitur,
1216 1026 1343 1094 quia
1373 1040 1520 1078 error
1540 1041 1740 1095 semper
1765 1040 1967 1093 paruam
1990 1042 2096 1078 me-

522 1127 684 1169 re:ur.
713 1115 1005 1185 Participes
1028 1132 1146 1170 vero
1168 1114 1305 1184 ejus,
1325 1124 1416 1168 aut
1438 1131 1640 1185 semper
1659 1124 1778 1169 sunt
1803 1114 1918 1180 ejus
1939 1131 2101 1183 [cenat

485 1208 824 1277 'participes,
865 1206 909 1259 si
939 1208 993 1259 in
1026 1207 1204 1260 eodem
1232 1217 1466 1276 perstare
1496 1223 1597 1260 non
1624 1206 1901 1272 desinant;
1934 1215 2024 1260 aut
2055 1207 2102 1260 si

519 1297 584 1350 ab
606 1296 785 1350 eodem
814 1306 1153 1361 recesserunt,
1186 1307 1440 1367 quantum
1476 1296 1637 1352 alieni
1672 1297 1738 1351 ab
1766 1313 1941 1352 errore
1973 1297 2103 1368 [acti

520 1399 666 1453 sunt,
697 1397 745 1441 et
785 1388 849 1441 ab
892 1387 1007 1457 ejus
1055 1372 1458 1458 participatione
1480 1388 1712 1448 discreti,
1757 1397 1960 1443 tantum
1991 1399 2040 1444 et
2068 1406 2102 1443 a

518 1493 673 1545 pruna
719 1477 834 1548 ejus
872 1488 1023 1532 erunt
1074 1490 1445 1550 consequenter
1476 1478 1657 1533 alieni.
1701 1476 1921 1533 Erranti
1964 1481 2101 1534 enim

519 1568 630 1622 lucc
660 1569 840 1622 eadem
867 1585 1018 1639 plena
1050 1570 1365 1640 prae/igitur,
1412 1570 1646 1641 quandiu
1694 1579 1867 1624 manet
1895 1587 2100 1637 errans,

518 1660 700 1714 eadem
725 1678 877 1731 poena
904 1662 1300 1731 constringitur,
1322 1663 1446 1731 quia
1473 1678 1655 1717 errans
1679 1677 1782 1716 non
1806 1671 1969 1731 potest
1993 1677 2103 1717 esse

519 1748 627 1803 sine
681 1766 853 1819 paena.
911 1745 1132 1805 Erranti
1177 1749 1350 1823 [paena
1381 1749 1569 1823 errati]
1601 1752 1739 1804 enim
1780 1750 1892 1805 [nec
1922 1752 2104 1806 eadem

519 1856 672 1909 plena
715 1851 969 1912 perpetua
1006 1851 1113 1907 est,
1156 1851 1206 1896 et
1246 1858 1513 1913 nunquam
1554 1841 2103 1914 solvenda,‘quandiu

2197 656 2327 711 etin
2357 655 2496 710 casio
2526 655 2741 725 (Matth.
2775 656 2906 725 xvs).
2961 655 3133 725 Super
3155 662 3375 719 terram,
3417 655 3589 723 inquit
3610 668 3631 706 :
3662 672 3769 709 nant

2198 746 2251 799 in
2274 746 2373 799 hac
2413 746 2669 817 legatione
2708 744 3011 815 defunctum
3070 761 3335 814 nunquam
3384 744 3522 799 dixit
3570 744 3769 800 absolvi.

2201 832 2353 898 Quod
2383 849 2504 903 ergo
2537 850 2801 904 nunquam
2843 834 3039 904 factum
3082 844 3179 897 est,
3207 833 3284 888 vel
3314 843 3493 888 mente
3523 835 3775 905 concipere

2200 921 2548 991 formidamus
2574 962 2590 987 ,
2637 924 2876 986 scientes,
2919 924 2974 976 in
3024 924 3199 978 divino
3227 922 3444 992 judicio
3496 940 3602 979 non
3638 940 3782 993 posse

2198 1012 2402 1082 penitus
2443 1014 2701 1067 excusari.
2731 1014 2862 1068 Item
2890 1012 3114 1068 inferius
3137 1032 3152 1067 :
3180 1011 3409 1067 Nullum
3433 1012 3520 1082 [as
3546 1023 3620 1067 est
3642 1015 3781 1069 nobis

2200 1118 2318 1157 cum
2357 1102 2654 1159 hontinibus
2681 1103 2868 1157 aliena:
2897 1104 3279 1159 communionis
3320 1105 3461 1158 inire
3503 1108 3774 1167 certantes,

2200 1191 2379 1247 divina
2404 1192 2677 1264 Scriptura
2707 1205 2946 1248 monente
2967 1211 2985 1248 :
3009 1194 3339 1249 Hmreticnm
3364 1193 3648 1249 hominem
3671 1201 3777 1263 post

2200 1283 2433 1355 primam
2460 1293 2517 1340 et
2542 1277 2836 1340 secundam
2875 1285 3273 1356 correptionem
3317 1284 3508 1340 devita
3546 1283 3675 1354 (Tit.
3703 1288 3775 1356 ιιι)

2200 1378 2391 1442 sciens,
2422 1378 2544 1448 quia
2571 1377 2877 1449 hujusmodi
2898 1378 3149 1449 delinquit
3174 1379 3357 1442 homo,
3382 1387 3433 1432 et
3455 1372 3776 1449 propriojl-

2201 1466 2341 1522 dicio
2371 1467 2767 1522 condemnatur.
2798 1467 2955 1534 Item,
2989 1467 3215 1523 inferius
3243 1486 3257 1522 :
3294 1467 3519 1522 Remitti
3544 1468 3695 1537 culpa
3720 1471 3779 1524 de

2202 1557 2465 1625 pra'terito
2493 1567 2684 1627 potest,
2710 1559 3026 1612 correctione
3065 1559 3180 1612 sine
3212 1558 3375 1611 dubio
3405 1559 3779 1629 subsequente:

2205 1661 2329 1698 nam
2356 1646 2402 1698 si
2433 1645 2672 1715 deinceps
2700 1645 2920 1717 ﬁngitur
2961 1644 3198 1719 [sinitur]
3239 1663 3504 1701 mansura
3548 1649 3780 1717 perversi-

2206 1744 2311 1800 tas,
2343 1751 2447 1789 non
2472 1745 2548 1790 est
2579 1736 2868 1807 benignitas
2896 1737 3203 1792 remittentis
3229 1777 3246 1803 ,
3288 1739 3384 1791 sed
3424 1737 3780 1791 consentientis

2208 1826 2500 1900 [assensio]
2531 1828 2885 1883 annuntiatio.

519 1944 704 1985 errans
725 1947 836 1984 esse
871 1931 1190 2001 perstiterit;
1232 1931 1357 1997 quia
1390 1931 1435 1985 si
1466 1947 1650 1985 errans
1685 1948 1794 1986 esse
1822 1931 2100 1998 destiterit,

2275 1920 2430 1984 Item,
2452 1918 2743 1989 praedictus
2765 1934 2904 1990 papa
2934 1920 2987 1973 in
3025 1920 3282 1991 epistola,
3309 1933 3478 1991 quam
3509 1919 3787 1974 destinavit

523 2035 697 2088 parua,
730 2038 847 2092 qua:
875 2024 1075 2076 erranti
1102 2032 1177 2077 est
1201 2022 1447 2093 pra’ﬁxa,
1477 2033 1724 2094 perpetua
1748 2040 1852 2077 non
1882 2024 2099 2087 erranti,

523 2111 577 2162 id
601 2120 696 2176 est,
721 2111 873 2165 alteri
899 2113 1103 2181 e/fecto,
1132 2129 1292 2183 quam
1321 2115 1408 2166 cui
1431 2112 1651 2183 praeﬁxa
1686 2122 1783 2179 est,
1810 2129 1911 2167 non
1934 2112 2105 2168 solum

520 2208 687 2271 potest
707 2217 818 2255 esse
838 2212 1109 2272 perpetua,
1140 2204 1233 2257 sed
1256 2192 1376 2273 jam
1395 2220 1489 2258 nec
1512 2219 1623 2258 esse
1650 2220 1800 2275 plena
1835 2217 1854 2256 :
1896 2220 2001 2260 non
2028 2214 2104 2260 est

521 2289 660 2367 enim
680 2288 789 2358 ipse
816 2329 830 2354 ,
860 2291 946 2343 cui
973 2291 1194 2360 praefixa
1220 2303 1333 2355 est;
1358 2292 1559 2346 erranti
1596 2292 1733 2346 enim
1762 2292 1981 2361 pra'ﬁxa
2005 2301 2102 2359 est,

525 2395 651 2444 non,
681 2395 785 2435 non
823 2382 1043 2436 erranti.
1087 2382 1219 2448 Qua:
1249 2384 1387 2437 enim
1415 2385 1614 2436 erranti
1644 2383 1864 2452 pra/iam
1890 2376 2108 2454 estper-

521 2480 678 2538 petua
703 2478 812 2537 est,
860 2481 910 2525 et
939 2460 1188 2547 perpetuo
1218 2472 1528 2542 constringit
1553 2482 1849 2536 errantem;
1884 2488 1987 2526 non
2029 2488 2108 2525 er-

523 2568 749 2628 rantem,
785 2579 888 2618 non
915 2574 1080 2633 potest
1111 2563 1229 2634 jam
1257 2574 1446 2619 tenere.
1486 2565 1619 2621 Item
1654 2566 1881 2621 inferius
1909 2585 1921 2620 :
1953 2565 2106 2634 Quod

521 2650 579 2705 in
615 2651 786 2706 Acatii
822 2654 1075 2707 sententia
1114 2654 1501 2709 rationabiliter
1540 2643 1849 2709 intuendum
1894 2667 2007 2720 est;
2051 2655 2107 2709 in

521 2755 627 2810 qua
653 2742 699 2793 si
721 2741 921 2795 dictum
954 2750 1050 2808 est,
1083 2740 1370 2813 Nunquam
1403 2760 1455 2799 es
1488 2744 1851 2811 resolvendus,
1901 2737 2003 2799 non
2031 2755 2105 2799 est

529 2840 703 2885 tamen
732 2831 995 2902 adjectum
1022 2845 1039 2884 .'
1076 2832 1301 2888 Etiamsi
1331 2836 1633 2906 resipueris,
1678 2837 1882 2891 etiamsi
1914 2837 1978 2891 ab
2010 2839 2108 2891 hoc

520 2934 701 2974 errore
726 2922 1048 2988 discesseris,
1088 2923 1295 2979 etiamsi
1323 2915 1704 2993 prtevaricator
1741 2943 1852 2982 esse
1892 2927 2104 2981 destite-

522 3010 615 3063 ris.
660 3009 991 3081 QuaprOpter
1019 3014 1073 3067 in
1103 3022 1283 3083 aperto
1320 3024 1397 3069 est
1429 3016 1502 3069 ita
1532 3016 1730 3071 dictum
1762 3032 1781 3068 :
1816 3015 2106 3088 Nunquam

521 3101 836 3167 solvendus;
860 3104 951 3157 sed
977 3104 1099 3158 talis
1126 3106 1345 3171 scilicet,
1379 3106 1552 3178 qualis
1583 3120 1630 3162 et
1653 3109 1844 3179 ligatus
1876 3118 1973 3173 est,
2002 3127 2105 3164 non

522 3203 697 3249 autem
725 3194 848 3249 talis
879 3197 1113 3266 e/fectus,
1149 3200 1281 3254 sicut
1307 3199 1498 3271 ligatus
1529 3199 1641 3273 [qui
1671 3203 1805 3257 sicut
1836 3200 2103 3274 ligandus]

2203 2013 2494 2069 Anastasio
2521 2013 2858 2084 imperatori,
2886 2013 3016 2069 dicit
3036 2014 3185 2084 (dist.
3211 2013 3305 2079 95,
3329 2029 3385 2070 c.
3402 2013 3462 2076 ἓ)
3488 2032 3504 2067 :
3536 2012 3654 2066 Duo
3676 2021 3783 2067 sunt

2203 2104 2410 2176 quippe,
2461 2104 2746 2173 imperator
2769 2104 3021 2175 Auguste,
3057 2104 3250 2174 quibus
3301 2102 3673 2175 principaliter
3710 2104 3787 2156 hie

2206 2196 2436 2251 mundus
2477 2195 2674 2266 regitur
2702 2207 2722 2246 :
2748 2194 3049 2250 Auctoritas
3078 2213 3235 2251 sacra
3263 2196 3607 2266 pontiﬁcum,
3635 2206 3681 2250 et
3712 2212 3783 2249 re-

2205 2283 2339 2355 galis
2358 2292 2610 2354 potestas;
2630 2283 2686 2337 in
2710 2283 2900 2354 quibus
2915 2294 3063 2339 tanto
3072 2285 3288 2356 gravius
3300 2294 3377 2339 est
3394 2285 3610 2355 pondus
3622 2299 3781 2340 sarcre

2206 2375 2628 2445 dotum,quanto
2671 2374 2827 2429 etiam
2872 2392 2966 2445 pro
3008 2376 3136 2446 ipsis
3177 2376 3389 2447 regibus
3430 2376 3704 2429 hominum
3733 2376 3784 2428 in

2206 2465 2381 2521 divino
2398 2467 2636 2521 examine
2646 2477 2765 2521 sunt
2782 2467 3039 2523 reddituri
3065 2469 3344 2523 rationem.
3362 2467 3569 2538 Impeti
3585 2476 3785 2537 possunt

2206 2558 2449 2613 Immanis
2470 2556 2981 2628 prtescriptionibus,
3028 2574 3147 2629 qua:
3187 2558 3366 2613 divino
3421 2559 3553 2612 sunt
3594 2557 3786 2627 judicio

2207 2649 2528 2712 constituta;
2577 2650 2712 2706 vinci
2766 2659 2943 2704 autem
2992 2649 3343 2722 quorumlibet
3378 2659 3644 2720 potestate
3691 2665 3787 2704 nos

2207 2747 2443 2807 possunt.
2475 2736 2612 2793 Item
2644 2739 2893 2810 scriptum
2927 2738 3096 2812 legisti
3117 2757 3137 2794 :
3169 2760 3187 2792 ι
3227 2739 3461 2794 Meliora
3491 2750 3617 2795 sunt
3640 2739 3787 2794 ansici

2210 2827 2448 2893 vulnera,
2471 2843 2632 2897 quam
2670 2829 2871 2883 inimici
2899 2828 3078 2883 oscula
3101 2828 3286 2901 (Prov.
3309 2828 3512 2899 xxvu).
3554 2849 3575 2882 ι

2572 2919 2678 2975 Lll.
2705 2951 2776 2962 —
2804 2920 2861 2975 S.
2892 2918 3328 2976 ANASTASIUS
3357 2920 3426 2977 ll.

2705 3010 2877 3083 (Anno
2917 3012 3112 3067 Christi
3138 3012 3300 3084 497.)

2276 3103 2617 3170 Anastasius,
2657 3104 2876 3160 natione
2929 3105 3226 3172 Romanus,
3282 3120 3352 3161 ex
3406 3115 3576 3177 patre
3617 3107 3791 3173 Peli»,

2206 3197 2345 3251 sedit
2374 3212 2574 3253 annum
2620 3213 2809 3264 unum,
2859 3214 3073 3254 menses
3112 3198 3389 3266 undecim,
3442 3201 3566 3257 dies
3610 3200 3789 3270 viginti

522 3301 626 3339 non
655 3296 791 3352 erat,
818 3287 894 3342 sic
926 3288 1194 3344 absolutus
1225 3307 1335 3345 esse
1371 3291 1658 3346 docebatur
1685 3307 1704 3345 :
1731 3293 1866 3347 sicut
1896 3278 2101 3347 carebat
2132 3274 2177 3336 Ο
2208 3289 2361 3345 duos.
2393 3288 2518 3344 Fuit
2558 3298 2739 3345 autem
2772 3290 3101 3360 temporibus
3138 3290 3468 3347 Theoderici
3505 3292 3673 3364 regis.
3698 3292 3792 3346 Hie

519 3376 836 3447 obligatione
876 3377 1025 3451 [cum
1067 3379 1410 3451 obligationis
1452 3382 1639 3454 causa]
1707 3384 1753 3436 si
1793 3399 1956 3436 causa
2012 3399 2102 3435 ca-

520 3470 727 3536 ruisset,
756 3472 832 3525 sic
856 3472 1034 3543 utique
1060 3472 1329 3527 absolutus
1356 3476 1618 3539 existeret,
1638 3484 1894 3546 quatenus
1921 3485 1967 3528 et
1998 3475 2104 3546 ipse

520 3579 623 3618 non
667 3565 973 3620 necessitate
1017 3566 1173 3621 dictte
1220 3569 1491 3622 sententias
1533 3570 1801 3623 videretur
1848 3569 2104 3640 quodam-

518 3652 675 3705 modo
721 3670 824 3708 non
854 3670 1004 3724 posse
1035 3656 1154 3726 jam
1184 3656 1336 3719 solvi,
1369 3673 1471 3711 non
1502 3656 1672 3729 [nam]
1700 3657 1821 3711 talis
1863 3659 2101 3727 effectus,

518 3748 568 3794 et
599 3741 915 3811 obligatione
956 3736 1141 3799 carens
1188 3745 1334 3815 ﬁeret
1377 3747 1684 3811 absolutus,
1732 3758 1779 3802 et
1804 3749 1944 3802 circa
1971 3748 2101 3802 tales

517 3818 741 3899 pra’ﬁia
765 3836 1024 3888 sententia
1057 3835 1202 3889 nullo
1250 3832 1406 3890 modo
1443 3837 1743 3893 insolubilis
1774 3840 2100 3893 redderetur.

521 3918 628 3974 Sed
653 3922 776 3989 quia
800 3938 892 3977 nec
914 3940 1022 3992 ipse
1047 3926 1285 3995 qumsivit
1306 3966 1320 3991 ,
1353 3944 1444 3981 nec
1469 3944 1706 3997 quarens
1737 3928 1968 3998 abjectus
1994 3931 2103 3999 ipse

506 4025 574 4070 ,ιη
603 4026 657 4064 se
680 4011 1014 4067 insolubilem
1043 4015 1167 4084 fecit
1213 4000 1324 4070 esse
1364 4016 1670 4084 scientiam,
1706 4021 1797 4090 qui
1836 4018 1958 4073 talis
1986 4037 2105 4091 per-

518 4112 733 4156 manere
751 4100 961 4173 delegit,
990 4103 1162 4174 qualis
1197 4094 1453 4161 veraciter
1480 4123 1585 4162 non
1608 4110 1771 4178 possit
1799 4109 2015 4176 absolvi,
2053 4121 2101 4166 et

517 4193 680 4248 voluit
722 4195 846 4251 talis
891 4198 1040 4271 eﬁici,
1073 4198 1214 4252 circa
1241 4197 1449 4270 qualem
1475 4201 1715 4270 effectum
1737 4217 1838 4255 non
1865 4202 2015 4255 habet
2037 4201 2102 4256 li-

518 4286 744 4341 centiam
790 4286 1150 4359 permanendi.
1183 4287 1318 4343 llem
1363 4287 1590 4344 inferius
1619 4289 1675 4361 ip
1707 4291 1896 4346 eodem
1927 4292 2098 4347 dicit:

520 4378 755 4450 Inferior
777 4379 964 4452 quippe
1002 4383 1149 4437 sedes
1192 4382 1444 4451 potiorem
1482 4382 1747 4437 absolvere
1774 4400 1876 4437 non
1909 4393 2096 4453 potest.

520 4467 651 4525 Sola
665 4487 787 4541 ergo
813 4473 987 4541 potior
1014 4471 1317 4541 inferiorem
1348 4473 1710 4549 convenienter
1730 4473 1970 4529 absolvit.

585 4563 719 4620 Item
769 4565 821 4620 in
870 4566 1282 4621 commonitorio
1311 4566 1497 4622 Fausti
1542 4567 1786 4638 magistri
1817 4569 2100 4640 legationis

515 4653 693 4725 oﬂieio
740 4654 1017 4728 iungentis
1049 4656 1120 4710 ita
1168 4656 1338 4712 dicit:
1384 4655 1596 4711 Veniam
1624 4659 1722 4712 sibi
1765 4659 1885 4713 dari
1909 4676 2098 4731 propo-

516 4758 669 4804 nunt.
696 4747 926 4821 Legatur
954 4750 1067 4823 (22,
1098 4765 1151 4821 q.
1185 4752 1244 4815 2,
1282 4767 1332 4807 c.
1360 4750 1633 4823 Legatur),
1663 4769 1729 4808 ex
1765 4770 1866 4823 quo
1907 4765 1982 4809 est
2022 4772 2103 4811 re-

514 4837 644 4910 ligio
666 4837 990 4906 Cltristiana,
1018 4840 1095 4896 vel
1121 4851 1256 4896 certe
1287 4842 1441 4896 detur
1465 4844 1755 4909 exemplum
1784 4846 1837 4900 in
1862 4845 2093 4904 Ecclesia

515 4928 615 4985 Dei
652 4947 684 4983 a
710 4932 1021 5001 quibuslibet
1066 4933 1424 5003 pontificibus,
1461 4935 1526 4988 ab
1556 4936 1682 5005 ipsis
1723 4939 1997 5007 apostotis,
2033 4922 2098 4994 ab

515 5021 630 5090 ipso
663 5022 884 5094 denique
916 5022 1211 5092 Saluatore,
1257 5027 1458 5081 veniam
1485 5068 1499 5092 ,
1549 5028 1651 5083 nisi
1695 5031 2095 5101 corrigentibus,

517 5125 622 5162 non
645 5111 806 5177 fuisse
845 5129 1144 5168 concessam
1187 5128 1206 5166 :
1249 5116 1489 5168 auditum
1524 5126 1700 5170 autem
1741 5118 1806 5171 ab
1845 5119 1944 5172 isto
1987 5119 2097 5173 zelo

519 5195 638 5267 [sub
680 5198 778 5251 isto
809 5200 956 5272 coelo]
989 5220 1080 5257 nec
1111 5203 1304 5275 legitur
1335 5207 1569 5254 omnino.
1605 5224 1696 5252 ηρρ
1721 5208 1911 5238 ικηειυυ
1963 5228 1972 5236 ι
2087 5212 2098 5224 ·

657 5303 765 5313 κ.-.

2203 3381 2474 3439 ordinavit
2502 3382 2786 3453 episcopos
2818 3382 3079 3449 sedecim,
3105 3384 3462 3455 presbyteros
3490 3385 3787 3440 dumis-cini.

2204 3473 2353 3531 Obiit
2380 3485 2559 3531 autem
2586 3490 2677 3530 xxv
2703 3473 2927 3530 Kalend.
2955 3473 3288 3531 Decembris.
3332 3474 3436 3531 Hic
3465 3477 3524 3530 in
3552 3476 3787 3547 epistola.

2208 3578 2372 3635 quam
2420 3564 2713 3620 Anastasio
2757 3564 3070 3635 imperatori
3112 3565 3348 3629 direxit,
3404 3566 3559 3622 inter
3610 3574 3791 3620 atem

2203 3655 2417 3724 probat,
2446 3669 2564 3721 eos,
2595 3669 2734 3729 quos
2785 3654 3019 3711 Aeacius
3048 3654 3383 3726 baptizavit,
3411 3657 3501 3712 vel
3531 3655 3792 3712 ordinaris

2204 3746 2371 3801 etiam
2423 3755 2545 3818 post
2583 3746 2985 3804 damnationem
3036 3761 3215 3814 suam,
3250 3746 3461 3803 nullam
3493 3749 3790 3819 porticm

2206 3835 2440 3891 ltesionis
2467 3836 2757 3909 attingam,
2785 3836 3010 3892 dicens:
3038 3835 3203 3903 Nam,
3226 3839 3522 3892 secundum
3554 3839 3791 3893 Ecclaic

2205 3928 2478 3984 catholicae
2524 3928 2953 3985 consuetudinem
3003 3928 3154 3998 (dist.
3201 3929 3298 3995 i9,
3339 3946 3394 3985 ο.
3447 3929 3805 4000 Secundus),

2205 4022 2501 4077 serenitatis
2525 4031 2631 4078 tua:
2657 4030 2837 4092 pectus
2864 4030 3139 4092 agnoscat,
3169 4020 3311 4094 quod
3361 4021 3576 4075 nullum
3602 4023 3670 4076 de
3694 4022 3789 4085 Itis,

2204 4111 2283 4165 vel
2315 4127 2447 4183 quos
2489 4111 2768 4183 baptizavit
2805 4111 3050 4178 Aeacius,
3082 4111 3161 4167 vel
3199 4128 3333 4183 quos
3376 4114 3685 4167 sacerdotes
3724 4111 3789 4166 ad

2205 4199 2387 4256 levitas
2414 4200 2700 4257 secundum
2750 4217 2972 4256 canones
3027 4201 3309 4267 ordinavit,
3344 4201 3458 4256 ulla
3501 4218 3570 4257 ea:
3596 4203 3789 4256 nomine

2203 4291 2384 4347 Acacii
2406 4293 2578 4358 portio
2607 4291 2838 4347 lassionis
2865 4292 3110 4362 attingat,
3135 4308 3241 4363 quo
3287 4284 3527 4363 forsitan
3578 4309 3672 4362 per

2203 4400 2365 4454 quum
2395 4383 2926 4438 traditaosacramenti
2947 4382 3120 4454 gratia
3150 4384 3328 4436 minus
3350 4381 3513 4451 ﬁrma
3536 4383 3787 4436 videatur.

2205 4476 2347 4530 Nam
2377 4486 2424 4531 et
2447 4477 2781 4547 baptismum,
2813 4475 2953 4546 quod
2997 4473 3182 4546 procul
3206 4476 3273 4529 sit
3303 4476 3369 4528 ab
3396 4474 3659 4532 Ecclesia.
3694 4474 3788 4527 sire

2204 4568 2270 4622 ab
2290 4569 2550 4632 adultero,
2585 4570 2691 4623 sive
2728 4585 2762 4623 a
2791 4568 2908 4638 fure
2942 4568 3009 4622 sit
3048 4567 3259 4633 datum,
3308 4567 3381 4621 ad
3431 4569 3785 4637 percipiatur:

2207 4677 2395 4715 munus
2440 4661 2667 4731 pervenit
2698 4659 2957 4715 illibatum
2986 4673 3005 4711 :
3056 4659 3182 4730 quia
3219 4675 3320 4713 vox
3364 4658 3465 4712 illa
3496 4675 3604 4729 qua
3625 4657 3787 4711 decle-

2203 4761 2354 4805 ratur
2381 4769 2444 4805 ac
2464 4742 2694 4805 dicitur:
2723 4750 2823 4806 Hic
2855 4760 2936 4806 est
2959 4751 3049 4821 ιιιιί
3077 4751 3321 4819 baptizat
3352 4750 3408 4804 in
3442 4748 3651 4820 Spiritu
3676 4764 3785 4801 saa-

2201 4851 2289 4897 cto
2326 4850 2381 4896 el
2428 4840 2537 4911 igni
2574 4840 2791 4913 (Matth.
2823 4840 2945 4911 tu),
2979 4857 3185 4895 omnem
3238 4841 3515 4894 maculam
3557 4838 3785 4893 limante

2200 4932 2505 5003 pollutionis
2534 4934 2785 4988 excludit.
2812 4934 2946 4989 Item
2991 4928 3061 4988 ad.
3087 4935 3228 4989 idem
3279 4934 3628 5006 probandum
3670 4934 3785 4987 sub-

2197 5022 2374 5095 iungit
2408 5043 2421 5077 :
2457 5022 2597 5078 Nam
2638 5034 2684 5079 et
2709 5024 2903 5092 ludas,
2928 5041 3045 5079 cum
3077 5024 3240 5094 fuerit
3286 5026 3585 5097 sacrilegus
3611 5035 3659 5078 et
3687 5025 3779 5091 fur.

2200 5115 2455 5187 quidquid
2479 5117 2582 5185 egit
2611 5116 2748 5170 inter
2771 5116 3054 5186 apostolos,
3082 5132 3181 5184 pro
3207 5118 3477 5188 dignitate
3520 5117 3779 5171 commissa

2206 5207 2218 5224 ο
2336 5206 2363 5224 r
2402 5208 2414 5219 ο
2530 5206 2633 5226 .-εξ
2666 5207 2697 5216 ³·
2910 5206 2920 5212 ³
3136 5204 3173 5224 ⁸⁸
3300 5220 3311 5223 μ
3364 5209 3377 5218 ⁸
3492 5207 3673 5245 ,ἰὴ-³
3682 5212 3751 5247 ...Α
3754 5219 3781 5244 ι
