3948 5410
142 331 257 389 liii

896 325 1168 385 PSEUDO
1203 325 1626 384 LUITPRANDI
1663 325 1793 382 LIB.
1838 326 1927 383 DE
1965 325 2146 384 Vl'l‘lS
2182 324 2347 383 ROM.
2388 326 2589 384 ΡΟΝΤ.

3232 331 3391 391 19.ιῖ

118 441 353 515 malum,
381 435 513 492 male
540 436 673 491 bona
720 436 1088 502 ministrando,
1119 437 1220 490 sibi
1262 445 1464 492 tantum
1491 438 1686 491 nocuit.
1716 452 1763 508 Α
1791 436 2077 508 ορίεοοριιε
2106 453 2137 492 a
2168 453 2289 509 rege
2320 438 2568 506 Romam,
2613 447 2671 494 ut
2717 440 2863 495 sedis
2908 442 3215 511 apostolicae
3244 445 3370 501 visi-

137 529 262 585 Il’am
287 527 573 584 inviolabile
599 538 1002 591 sacramentum,
1034 528 1175 597 quod
1206 544 1298 597 per
1318 530 1467 582 illum
1501 527 1680 582 datum

133 631 219 683 est,
257 619 368 672 aliis
393 616 754 687 perfectionem
792 634 903 671 sum
949 618 1153 672 virtutis
1181 619 1425 672 obtinuit.
1456 617 1609 684 Quod
1639 618 1686 673 si

131 721 196 764 est
222 707 391 781 {Quod
414 723 531 760 cum
575 708 652 761 ita
676 705 768 779 sit]
794 707 1089 778 aliquorum
1141 708 1402 763 intentum
1429 724 1484 762 se
1513 718 1688 762 exten-

130 803 242 855 dens
282 799 485 852 curiosa
532 799 783 868 suspicio,
828 807 885 853 ut
915 799 1270 869 imaginentur
1290 798 1499 868 prolata
1542 797 1686 871 [pro-

126 887 244 960 lato]
295 905 326 941 a
373 904 508 957 papa
557 884 734 941 Felice
773 887 994 957 judicio.
1034 897 1213 957 postea
1257 888 1587 958 inefﬁcaciter
1629 888 1686 941 in

125 977 468 1044 sacramentis,
493 994 610 1048 quia
639 977 861 1031 Aeacius
889 978 1174 1048 usurpavit,
1200 979 1364 1049 egisse
1388 995 1451 1034 ac
1473 978 1686 1048 perinde

123 1085 199 1123 eos
235 1078 478 1131 metuere,
511 1069 602 1138 qui
641 1067 717 1122 vel
752 1067 806 1120 in
854 1068 1351 1134 consecrationibus,
1393 1067 1471 1122 uel
1509 1068 1565 1122 in
1593 1067 1686 1121 ba-

121 1159 345 1227 ptismate
372 1158 623 1227 mysteria
651 1156 848 1211 tradita
867 1170 1220 1228 susceperunt,
1236 1175 1313 1212 ne
1334 1158 1486 1213 irrita
1507 1159 1684 1212 divina

122 1249 355 1319 beneficia
390 1249 690 1323 videantur,
719 1250 1048 1305 meminerint
1076 1250 1130 1305 in
1158 1250 1257 1305 hac
1298 1266 1501 1321 quoque
1536 1259 1685 1320 parte

119 1342 344 1396 similiter
371 1350 657 1395 tractatum
703 1341 986 1410 pra’valere
1030 1342 1371 1411 superior-em,
1422 1343 1546 1413 quia
1580 1358 1683 1397 non

117 1433 219 1487 sine
240 1440 491 1501 usurpato
517 1432 613 1485 Itoc
639 1432 848 1485 nomine
873 1433 1204 1486 sacerdotum
1225 1432 1562 1502 adjudicatus
1587 1432 1684 1486 hoc

115 1523 229 1594 egit,
256 1524 309 1576 in
330 1538 435 1593 quo
468 1522 709 1578 virtutem
751 1537 904 1575 suam
941 1521 1289 1577 obtinentibus
1317 1522 1594 1593 mysteriis,
1628 1523 1684 1576 in

116 1615 203 1668 hoc
234 1598 437 1684 quoque
461 1612 582 1666 aliis
604 1629 691 1666 rea
712 1612 811 1666 sibi
852 1628 1075 1682 persona
1104 1628 1208 1668 non
1251 1615 1448 1669 nocuit.
1474 1611 1615 1669 Nam
1635 1622 1683 1668 et

115 1705 177 1756 ad
196 1702 343 1756 illum
372 1689 656 1772 pertinuit,
675 1701 816 1773 quod
856 1701 982 1757 tuba
1026 1702 1283 1757 Davidica
1331 1705 1543 1758 canitur
1564 1704 1681 1758 ita:

122 1793 482 1847 Verumtamen
526 1792 665 1847 Deus
712 1793 1079 1863 conquassabit
1122 1794 1298 1864 capita
1350 1793 1681 1848 inimicorum
1711 1789 1756 1850 Β

112 1881 274 1953 (Psal.
297 1883 566 1950 Lxxxvu),
594 1891 692 1936 etc.
736 1881 879 1936 Nam
907 1898 1107 1952 semper
1139 1882 1383 1952 superbia
1427 1883 1548 1948 sibi,
1582 1898 1687 1937 non

112 1972 222 2026 aliis
251 1970 465 2026 ruinam
496 1972 643 2039 facit.
675 1969 842 2035 Unde,
891 1989 1010 2026 cum
1044 1972 1143 2027 sibi
1184 1973 1473 2028 sacerdotis
1500 1986 1688 2025 nomen

110 2064 422 2133 usurpaverit
447 2062 845 2127 condemnatus,
880 2064 933 2115 in
964 2063 1129 2133 ipsius
1164 2064 1404 2119 uerticem
1434 2061 1688 2132 superbia:

109 2162 269 2204 tumor
294 2150 530 2220 inﬂictas
550 2161 624 2205 est
643 2168 663 2217 ;
683 2152 806 2222 quia
838 2167 940 2205 non
960 2150 1204 2222 populus,
1229 2152 1319 2223 qui
1347 2151 1404 2205 in
1431 2148 1688 2221 mysteriis

109 2238 376 2312 [minis:eri
398 2240 450 2313 δ]
481 2241 678 2295 donum
706 2241 871 2311 ipsius
911 2241 1104 2297 sciebat
1148 2239 1422 2314 [sitiebat],
1446 2239 1689 2295 exclusus

108 2342 195 2396 est,
224 2333 313 2386 sed
351 2336 535 2387 anima
576 2332 710 2397 sola,
765 2349 884 2403 quis
932 2341 1259 2403 peccaverat,
1295 2332 1502 2403 judicio
1535 2332 1689 2402 justo

106 2425 301 2492 ,ηομ-ει
347 2425 451 2479 erit
505 2423 729 2478 obnoxia
755 2440 775 2478 :
812 2424 952 2495 quod
996 2424 1186 2495 ubique
1222 2438 1503 2477 numerosa
1550 2420 1691 2478 Scri-

102 2524 369 2581 pturarum
391 2522 620 2567 testatur
640 2514 929 2568 auctoritas
955 2512 1305 2586 [instructio].

169 2605 213 2658 A
243 2606 491 2674 prmdicti
519 2620 646 2661 vero
668 2622 818 2677 papa:
844 2606 1250 2671 communione,
1282 2607 1427 2662 sicut
1450 2606 1503 2660 in
1526 2605 1692 2677 gestis

103 2694 472 2751 Romanorum
502 2696 819 2765 pontiﬁcum
864 2696 1079 2767 legitur,
1112 2694 1266 2750 multi
1306 2710 1374 2750 ex
1400 2693 1546 2751 clero
1576 2684 1687 2748 Ro-

104 2778 384 2845 manorum
420 2789 573 2845 urbis
611 2805 672 2846 se
711 2789 1148 2861 suspenderunt;
1201 2787 1345 2854 ideo,
1397 2787 1523 2858 quia
1574 2787 1692 2842 sine

99 2884 320 2940 consilio
387 2898 581 2940 eorum
638 2884 875 2940 Photino
930 2882 1404 2940 Thessalonicensi
1465 2882 1693 2937 diacono

100 2977 565 3042 communicavit,
622 2978 715 3046 qui
764 2985 885 3032 erat
930 2974 1328 3032 communionis
1370 2973 1596 3029 Acacii:
1637 2980 1693 3027 et

97 3068 218 3137 quia
263 3070 486 3147 occulte
533 3068 791 3126 Acacium
828 3068 996 3125 voluit
1041 3082 1319 3133 revocare,
1368 3066 1466 3122 sed
1503 3065 1689 3121 divino

95 3135 222 3211 nutu
266 3142 601 3229 percussus,
657 3158 725 3215 ad
773 3158 1024 3215 eliectum
1075 3157 1178 3214 hoc
1230 3157 1528 3229 perducere
1577 3171 1685 3211 non
1712 3135 1756 3195 (ἶ

95 3250 283 3317 potuit.

491 3339 623 3397 [ΔΗ.
654 3371 727 3381 -
748 3341 805 3397 S.
851 3338 1299 3397 SYMMACHUS.

607 3432 784 3502 (Anno
815 3432 1007 3487 Christi
1047 3431 1196 3503 498.)

158 3520 558 3593 Symmachus,
582 3522 803 3578 natione
831 3521 1056 3589 Sardus,
1087 3538 1156 3579 ex
1186 3529 1342 3593 patre
1370 3519 1687 3587 Fortunato,

91 3614 231 3668 sedit
253 3630 442 3671 annos
469 3615 803 3685 quindecim,
846 3630 1062 3685 menses
1090 3624 1317 3687 septem,
1352 3615 1469 3672 dies
1499 3616 1692 3687 viginti

89 3712 321 3772 septem.
353 3704 462 3759 llic
480 3704 757 3760 ordinavit
789 3705 1072 3777 episcopos
1112 3712 1334 3762 centum
1370 3714 1428 3762 et
1465 3705 1690 3761 octode-

74 3790 218 3862 ‘cim,
248 3799 614 3869 presbyteros
652 3799 970 3871 nonaginta,
1002 3799 1258 3856 diaconos
1284 3799 1540 3857 sedecim.
1566 3799 1694 3854 Fuit

86 3898 270 3944 autem
330 3890 670 3959 temporibus
716 3889 1040 3947 Theoderici
1094 3891 1272 3963 regis,
1318 3900 1375 3946 et
1416 3891 1692 3946 Anastasii

85 3977 359 4049 Augusti.
408 3979 512 4036 Βία
545 3989 601 4034 et
622 3979 949 4036 Laurentius
992 3995 1100 4036 uno
1131 3982 1218 4037 die
1260 3981 1315 4037 in
1344 3982 1694 4039 contentione

87 4075 336 4128 ordinati
368 4082 545 4129 sunt:
585 4073 945 4145 Symmachus
991 4074 1046 4129 in
1094 4072 1403 4139 Laterauis,
1450 4071 1696 4129 Lauren-

89 4165 201 4219 tius
230 4165 290 4219 in
317 4164 558 4221 ecclesia
596 4163 660 4218 B.
688 4164 891 4220 Mariae.
914 4163 983 4219 Et
1007 4164 1133 4235 quia
1161 4165 1319 4236 hujus
1347 4165 1696 4234 dissensionis

81 4255 289 4310 seditio
339 4255 491 4325 apud
537 4256 682 4325 ipsas
719 4261 903 4325 partes
948 4255 1226 4311 terminari
1275 4271 1381 4311 non
1421 4263 1695 4326 potuerat,

84 4357 330 4419 uterque
360 4346 683 4402 Ravennam
703 4347 773 4401 ad
801 4346 1007 4417 regium
1039 4343 1302 4415 judicium
1351 4347 1501 4413 missi
1529 4355 1693 4413 sunt;

77 4441 175 4494 sed
226 4439 609 4511 Symmachus
632 4437 958 4511 Theoderici
987 4437 1129 4508 regis
1170 4437 1378 4509 judicio
1413 4438 1467 4493 in
1509 4439 1691 4494 sedem

77 4530 359 4587 reductus
393 4538 480 4585 est
528 4537 584 4583 et
630 4528 877 4584 ﬁrmatus
907 4542 973 4584 eo
1020 4528 1163 4597 quod
1191 4527 1364 4599 major
1388 4536 1445 4583 et
1486 4527 1696 4598 dignior

74 4637 211 4691 pars
246 4622 398 4679 cieri
424 4630 489 4699 et
506 4619 681 4692 plebis
727 4634 839 4675 suae
860 4618 1109 4675 electioni
1135 4626 1521 4687 consenserat:
1550 4616 1696 4672 Lau-

74 4714 302 4770 rentius
358 4700 547 4770 autem
599 4732 633 4768 a
690 4712 1018 4783 Symmacho
1078 4722 1263 4783 postea
1312 4710 1699 4768 misericordiae

70 4806 289 4863 intuitu
336 4806 593 4863 Nuceria:
637 4807 921 4877 episcopus
952 4807 1318 4861 constituitur.
1362 4804 1471 4863 Sed
1521 4815 1699 4862 trans-

70 4912 201 4957 acto
255 4917 421 4957 anno
459 4917 491 4956 a
535 4901 625 4956 die
666 4898 1025 4956 ordinationis
1051 4912 1183 4954 sure
1231 4908 1444 4969 quarto,
1479 4900 1698 4969 quidam

69 4993 197 5048 zelo
229 4992 469 5048 invidia:
520 4990 691 5056 ducti,
726 4989 974 5045 adulterii
1010 4990 1242 5046 crimine
1280 4984 1338 5046 et
1367 4989 1487 5044 aliis
1513 4988 1697 5044 multis

70 5082 225 5151 apud
259 5095 456 5157 regem
505 5095 631 5136 eum
684 5078 1134 5135 dilfamaverunt:
1188 5078 1257 5132 ad
1303 5078 1447 5150 quod
1501 5076 1697 5133 conﬁr-

71 5176 361 5231 mandum
396 5172 561 5230 falsos
586 5182 755 5229 testes
787 5172 1241 5235 subornaverunt,
1266 5177 1323 5225 et
1346 5170 1695 5227 Laurentium

70 5272 518 5331 revocaverunt,
557 5272 614 5320 et
670 5260 902 5316 chrisma
957 5272 1085 5315 eum
1134 5272 1459 5316 consecrare
1505 5258 1697 5316 eliece-

592 5361 642 5378 “
675 5351 899 5390 λη’-ιιι·-ει
931 5348 1125 5400 illinunt
1167 5349 1371 5388 Αἶνίοηο
1422 5350 1509 5386 alii
1541 5348 1698 5386 Qum-

1719 4481 1771 4543 D

1787 535 1950 590 tatur,
1972 527 2223 581 mittitur.
2250 527 2396 581 inter
2419 529 2533 582 haec
2554 528 2727 584 cmdes
2747 536 2801 583 et
2823 530 3109 584 homicidia
3133 532 3369 602 undique

1785 615 2285 670 committebantur.
2332 615 2467 669 Nam
2513 631 2581 671 ex
2618 616 3147 673 communicantibus
3205 619 3367 690 Sym-

1785 706 2001 766 macho.
2052 707 2364 776 quicunque
2395 708 2582 762 clerici
2610 715 2668 762 et
2710 707 2853 773 laici,
2891 707 3128 778 virgines
3178 710 3366 774 etiam,

1784 794 1999 863 publice
2042 808 2136 850 aut
2183 796 2395 852 occulte
2443 798 2498 853 in
2544 814 2735 853 manus
2761 801 3197 869 persequentium
3230 801 3368 857 inci-

1786 885 2007 949 debant,
2037 887 2442 954 occidebantur,
2489 900 2586 944 aut
2624 890 2796 960 plagis
2824 899 2917 943 aut
2945 891 3261 948 verberibus
3282 892 3368 947 af-

1783 974 2131 1045 ﬂigebautur.
2173 978 2333 1034 Solus
2370 989 2550 1034 autem
2579 978 2811 1035 Faustus
2836 979 3095 1035 exconsul
3121 996 3186 1036 ex
3213 991 3370 1051 parte

1786 1063 2098 1135 Symmachi
2129 1074 2184 1120 et
2210 1065 2463 1121 Ecclesiae
2493 1067 2841 1137 repugnabat.
2880 1066 2992 1122 ilac
3032 1070 3252 1138 periculi
3280 1086 3371 1124 ne-

1783 1155 2041 1210 cessitate
2087 1155 2448 1227 Symmachus
2498 1159 2844 1228 compulsus,
2902 1161 3047 1230 regis
3100 1176 3368 1217 consensu

1784 1246 2050 1318 synodum
2100 1250 2445 1317 congregavit
2479 1249 2892 1321 (synod.Rom.),
2934 1251 3021 1307 cui
3071 1260 3288 1321 centum
3312 1259 3371 1307 et.

1782 1336 2095 1405 quindecim
2150 1339 2386 1407 episcopi
2416 1338 2799 1395 interfuerunt.
2831 1341 2934 1408 Qui
2975 1357 3104 1413 rege
3144 1357 3372 1400 consen-

1784 1425 1971 1489 tiente,
2004 1435 2059 1481 et
2079 1427 2453 1484 ecclesiastica
2479 1430 2662 1500 regula
2693 1432 2965 1502 exigente,
2996 1433 3120 1502 quia
3146 1432 3371 1495 nihilde

1782 1516 2009 1586 objectis
2034 1517 2363 1591 Symmacho
2387 1523 2726 1591 comprobari
2755 1522 2824 1577 ab
2845 1523 3225 1581 accusantibus
3244 1539 3369 1579 eum

1782 1609 1978 1679 potuit,
2005 1609 2181 1680 ipsum
2225 1610 2517 1666 immunem
2545 1614 2613 1666 ab
2652 1611 2879 1680 objectis
2905 1620 2960 1666 et
2987 1612 3215 1667 liberum
3249 1627 3372 1669 esse

1784 1698 2114 1755 unanimiter
2139 1697 2474 1765 judicarunt,
2518 1709 2574 1754 et
2615 1700 2967 1756 Laurentium
3011 1698 3366 1766 Nucerinum,

1786 1797 1841 1843 et
1861 1787 2081 1855 Petrum
2129 1789 2447 1855 Altinatem,
2494 1791 2639 1846 velut
2675 1806 2794 1858 eos,
2832 1791 2925 1861 qui
2967 1807 3109 1862 papa
3159 1793 3373 1849 vivente

1787 1878 1971 1933 sedem
2023 1894 2300 1934 romanam
2336 1881 2668 1953 invaserant,
2720 1881 2930 1953 pariter
2975 1881 3372 1945 condemnave-

1787 1977 1933 2022 runt.
1987 1968 2087 2025 ilic
2140 1969 2423 2027 confessor
2461 1971 2659 2030 Christi
2711 1975 2779 2028 ad
2834 1974 3007 2043 ipsum
3056 1989 3106 2026 IV
3140 1973 3369 2031 Kalend.

1785 2059 2015 2129 Augusti
2034 2061 2316 2133 migravit.
3256 2122 3259 2127 .

1857 2151 1958 2205 Hic
1981 2167 2118 2222 papa
2152 2153 2463 2223 frequentes
2490 2156 2743 2219 ambitus,
2782 2166 2944 2226 atque
2982 2155 3238 2212 Ecclesia:
3268 2171 3367 2209 nu-

1788 2239 2036 2305 ditatem,
2062 2241 2144 2295 vel
2174 2242 2353 2312 pepuli
2402 2243 2764 2309 collisioncm,
2791 2261 2912 2314 quae
2940 2246 3167 2302 molesta
3190 2254 3246 2302 et
3274 2247 3376 2300 ini-

1790 2348 1896 2402 qua
1925 2334 2357 2403 incompetenter
2378 2337 2751 2407 episcopatum
2781 2337 3207 2392 desiderantium
3250 2352 3377 2407 pcr-

1788 2443 1932 2498 sa‘pe
1995 2429 2280 2498 generavit
2328 2429 2585 2496 aviditas,
2642 2439 2701 2485 ut
2747 2431 3125 2502 exstinguatur
3177 2429 3374 2484 futuris

1789 2519 2141 2588 praesumptio
2189 2526 2297 2572 uim
2343 2519 2649 2589 perniciosa
2698 2520 3049 2589 temporibus,
3077 2519 3132 2573 in
3166 2519 3373 2590 synodo
3438 2518 3441 2523 ’

1788 2609 2071 2666 constituit
2093 2622 2141 2675 ι,
2163 2617 2220 2664 ut
2246 2610 2289 2665 si
2313 2611 2434 2680 quis
2448 2612 2734 2681 presbyter
2755 2610 2997 2682 (dist.79,
3025 2626 3076 2666 c.
3104 2609 3168 2666 Si
3185 2611 3371 2681 quis.),

1787 2710 1883 2756 aut
1908 2701 2195 2767 diaconus,
2224 2710 2318 2756 aut
2341 2701 2576 2757 clericus
2600 2717 2751 2773 papae
2794 2702 3072 2767 incolumi,
3110 2711 3166 2756 et
3191 2717 3257 2758 eo
3288 2703 3371 2756 in-

1788 2782 2061 2855 consulto,
2091 2798 2182 2845 aut
2226 2791 2677 2862 subscriptionem
2727 2807 2828 2863 pro
2870 2792 3116 2858 Romano
3157 2791 3374 2862 pontiﬁ-

1788 2894 1912 2939 catu
1941 2885 2311 2950 commodare,
2348 2893 2445 2939 aut
2485 2894 2885 2941 sacramentum
2926 2886 3220 2956 praeripere
3250 2894 3370 2939 ten-

1792 2976 2010 3038 taverit.
2057 2984 2154 3031 aut
2194 2974 2398 3046 aliquid
2425 2984 2577 3031 certo
2618 2974 2877 3047 suliragio
2906 2976 3174 3047 polliceri,
3198 2974 3279 3028 vel
3306 2974 3374 3028 de

1792 3070 1893 3124 hac
1933 3084 2097 3124 causa
2145 3068 2371 3139 privatis
2427 3068 2817 3124 conventiculis
2870 3067 3026 3124 factis
3073 3067 3375 3122 deliberare

1787 3169 1952 3231 atque
1985 3161 2431 3229 decernere,loci
2468 3162 2551 3216 sui
2587 3162 2848 3232 dignitate
2873 3162 2956 3217 vel
2989 3160 3374 3217 communione

1786 3252 2051 3323 privetur.
2085 3251 2140 3307 Si
2165 3250 2319 3318 vero,
2349 3252 2492 3323 quod
2519 3250 2681 3317 absit,
2724 3251 2989 3307 transitus
3018 3263 3172 3320 papa:
3200 3248 3375 3317 inopi-

1789 3351 1949 3397 natus
1974 3341 2219 3398 evenerit
2270 3341 2422 3414 (dist.
2444 3342 2537 3408 79,
2564 3356 2612 3397 c.
2642 3340 2705 3397 Si
2735 3341 3031 3410 transitus),
3072 3348 3130 3394 ut
3154 3339 3220 3393 de
3248 3353 3374 3393 suc-

1788 3433 2027 3489 cessori's
2052 3433 2135 3488 sui
2174 3432 2439 3488 electione
2483 3447 2589 3488 non
2627 3433 2799 3503 possit
2839 3441 2962 3487 ante
2989 3431 3300 3492 decernere,
3325 3428 3374 3483 si

1788 3524 2005 3594 quidem
2033 3524 2085 3580 in
2111 3538 2275 3579 unum
2318 3538 2377 3581 se
2422 3525 2585 3580 totius
2610 3523 2967 3580 ecclesiastici
3012 3522 3221 3578 ordinis
3256 3517 3369 3576 ele-

1789 3617 1902 3672 ctio
1928 3615 2293 3682 inclinaverit,
2319 3624 2675 3672 consecretur
2712 3616 2927 3672 electus
2976 3614 3292 3684 episcopus;
3325 3611 3372 3665 si

1789 3706 1956 3774 enim,
1984 3716 2044 3762 ut
2085 3706 2201 3762 ﬁeri
2245 3707 2467 3772 assolet,
2500 3705 2679 3763 studia
2718 3706 2984 3776 eruperint
3012 3696 3377 3761 esse‘diversa

1789 3811 2002 3863 eorum,
2033 3797 2111 3861 de,
2137 3799 2332 3867 quibus
2365 3806 2639 3854 certamen
2689 3796 2992 3862 emet-serit,
3019 3796 3203 3851 vincat
3247 3808 3374 3851 sen-

1794 3889 1960 3944 tentia
2012 3888 2395 3959 plurimorum;
2443 3890 2524 3946 sic
2570 3890 2785 3956 tamen,
2827 3896 2887 3944 ut
2918 3886 3237 3951 sacerdotio
3285 3898 3377 3940 ca-

1778 3989 1932 4047 reat,
1956 3982 2050 4051 qui
2098 3995 2289 4053 captus
2331 3984 2715 4053 promissione,
2746 3998 2854 4040 non
2902 3992 3054 4040 recto
3077 3981 3279 4051 judicio
3310 3980 3378 4037 de

1795 4071 2060 4128 electione
2087 4073 2407 4129 decreverit.
2933 4102 2936 4107 ~
3222 4102 3225 4103 ν

1865 4161 1998 4216 item
2052 4161 2341 4232 prmdictus
2368 4178 2505 4234 papa
2558 4164 2612 4218 in
2662 4156 3378 4234 epistola,quam.Ctesario

1794 4251 2046 4321 episcopo
2088 4251 2323 4322 scripsit,
2369 4252 2437 4307 de
2485 4254 2668 4309 multis
2714 4252 2954 4320 ejusdem
2988 4247 3378 4307 consultationi

1786 4343 2092 4413 respondit,
2113 4344 2188 4397 ita
2211 4343 2433 4399 dicens:
2456 4344 2504 4397 l.
2536 4343 2896 4398 Possessiones
2922 4357 3045 4412 ergo
3093 4338 3202 4410 (t6,
3233 4353 3290 4407 q,
3322 4340 3376 4401 l,

1786 4450 1844 4488 ι.
1889 4432 2306 4503 Possessiones),
2343 4450 2477 4505 quas
2512 4435 2868 4505 unusquisque
2899 4432 3130 4487 ecclesiae
3168 4427 3378 4500 proprio

1792 4526 1939 4580 dedit
1963 4535 2055 4579 aut
2084 4524 2290 4596 reliquit
2329 4525 2569 4592 arbitrio,
2615 4524 2849 4580 alienare
2876 4521 3185 4597 quibuslibet
3212 4516 3379 4572 titulis

1796 4624 1952 4686 atque
1977 4614 2426 4680 distractionibus,
2463 4615 2539 4670 vel
2567 4630 2890 4685 quocunque
2932 4619 3235 4683 argumento
3275 4601 3378 4669 non

1797 4705 2049 4777 patimur,
2078 4703 2178 4759 nisi
2212 4702 2396 4773 forsan
2430 4701 2755 4757 aut'clericis
2787 4702 3043 4756 [tonorum
3069 4694 3266 4751 meritis
3287 4710 3379 4746 aut

1799 4796 2153 4863 monasteriis,
2185 4793 2453 4865 religionis
2497 4792 2727 4857 intuitu,
2767 4802 2859 4846 aut
2907 4802 3042 4846 certe
3074 4783 3380 4859 peregrinis,

1799 4885 2154 4943 sinecessitas
2181 4884 2367 4955 largiri
2407 4882 2632 4940 suaserit
2660 4894 2680 4933 :
2712 4883 2790 4936 sic
2817 4892 3007 4944 tamen,
3049 4886 3103 4931 ut
3129 4875 3239 4928 hinc
3269 4872 3385 4941 ipsa

1801 4993 1908 5036 non
1934 4988 2197 5053 perpetue,
2238 4977 2328 5033 sed
2367 4971 2731 5051 temporaliter‘
2753 4973 3112 5045 perfruantur.
3136 4967 3192 5020 2.
3231 4964 3384 5053 item,

1800 5069 1858 5125 in
1886 5051 2074 5128 eadem
2108 5079 2440 5138 commonet,
2478 5075 2539 5124 ut
2572 5064 2646 5119 illi
2668 5103 2684 5128 ,
2725 5064 2820 5135 qui
2853 5078 3030 5119 rerum
3058 5051 3387 5114 ecclesiasti-

1801 5176 1992 5221 carum
2017 5159 2382 5234 promissione
2408 5157 2690 5233 praemissa
2714 5156 2786 5211 ad
2824 5150 3181 5211 sacerdotium
3211 5143 3393 5234 nitun-

1804 5263 1898 5314 tu'r
1921 5232 2201 5319 accedere,
2232 5232 2629 5310 desideriorum
2660 5245 2853 5310 talium
2887 5246 3164 5318 priventur
3183 5232 3392 5290 eﬂ‘cctu.

1801 5345 1836 5384 Κ
1892 5350 2020 5390 Ιιριη
2074 5351 2315 5382 ronlnrM
2363 5344 2650 5384 νῖιιηιινηηῖ
2697 5349 2702 5358 ¹
