3948 5502
494 326 634 383 1219

495 437 748 502 laverint,
780 450 916 506 quos
937 449 965 490 a
993 432 1539 501 eommnnionejuhct
1557 429 2071 502 suspendi.4.ltem,
2105 435 2147 491 Λ
2177 426 2332 491 Item,
2374 424 2599 480 inferius
2645 442 2659 479 :

493 531 686 585 viduas
707 527 820 600 (2'1,
859 541 913 596 q.
947 527 1011 592 1,
1055 539 1107 580 c.
1142 522 1374 594 Neque),
1407 537 1527 592 quin
1565 522 1618 576 in
1666 520 1916 591 religioso
1943 533 2076 588 pro-

1208 318 1496 378 APPEND.
1536 321 1628 378 AD
1662 317 1836 376 SEC.
1878 314 1970 373 IX.
2014 347 2084 357 --
2124 313 2490 372 AUCTORES
2529 312 2689 368 ANNI
2728 312 3021 373 INCERTI.

3625 317 3756 374 ηξι»

2706 424 3026 480 Generaliter
3057 442 3176 480 vero
3207 427 3230 498 (
3239 426 3319 490 l6,
3349 441 3404 497 (ι.
3441 426 3490 494 Ι,
3521 444 3568 484 c.
3598 431 3757 488 Gene-

2175 515 2399 586 raliter),
2428 516 2722 584 quicunque
2779 531 2860 569 res
2890 515 3120 568 ecclesia:
3149 518 3467 583 conﬁscare,
3497 532 3587 574 aut
3626 539 3759 576 cern-

493 620 669 689 posito
696 618 887 672 diurna
916 614 1292 671 observatione
1313 611 1729 682 permanserint,
1754 609 1984 664 transire
2005 607 2074 663 ad
2171 616 2361 677 petere,
2407 615 2497 659 aut
2531 605 2811 677 pervadere
2837 605 3131 674 periculosa
3160 617 3254 661 aut
3293 624 3394 661 sua
3437 609 3760 678 infestatione

494 712 709 782 nuptias
729 708 999 780 prohibet.
1052 706 1314 762 Similiter
1367 713 1423 761 et
1467 703 1718 775 virgines,
1748 715 1882 772 quas
1922 699 2075 754 annis

495 801 740 873 plurimis
768 801 822 854 in
855 797 1200 855 monasteriis
1243 796 1419 866 egisse
1446 803 1658 850 {etatem
1686 790 1991 862 contigerit.
2019 789 2074 844 5.

493 892 625 947 Item
656 905 724 946 ne
754 889 895 944 ullus
921 903 1018 958 per
1045 887 1305 941 ambitum
1340 885 1407 939 ad
1438 884 1780 952 episcopatus
1816 880 2074 933 honorem

492 979 838 1050 permittatur
870 975 1130 1031 accedere
1156 974 1243 1044 (1,
1271 989 1325 1042 (ι.
1355 973 1407 1036 1,
1430 986 1479 1025 c.
1516 967 1768 1038 Nullus),
1808 975 1863 1020 et
1890 974 2079 1036 poten-

497 1078 577 1124 tes
606 1081 869 1137 personas
907 1065 1129 1120 minime
1157 1061 1555 1130 sulI‘ragatrices
1589 1059 1861 1122 adhibeat,
1884 1071 1985 1110 nec
2011 1054 2078 1108 ad

493 1159 770 1213 decretum
795 1156 896 1212 sibi
935 1154 1237 1209 Iacieudum
1283 1152 1512 1207 clericos
1541 1149 1626 1204 vel
1664 1149 1811 1204 cives
1840 1144 2078 1201 subscri-

495 1252 644 1315 bere,
683 1247 925 1303 adhibito
957 1243 1243 1313 cujuslibet
1285 1243 1498 1315 generis
1528 1241 1740 1305 timore,
1777 1238 2077 1308 compellat,

485 1339 578 1394 vel
603 1338 838 1409 prtemiis
864 1335 1196 1407 quibuslibet
1219 1335 1464 1388 hortetur
1489 1332 1566 1402 (1,
1593 1347 1647 1400 q.
1682 1330 1738 1395 6,
1759 1345 1809 1384 c.
1835 1328 1896 1383 Si
1919 1327 2078 1400 quis).

483 1433 783 1487 Decretum
811 1431 929 1484 sine
979 1427 1253 1483 testatoris
1303 1421 1648 1496 [visitatoris]
1678 1420 1963 1492 praesentia
1990 1434 2085 1473 ne-

495 1535 584 1574 mo
609 1519 880 1581 conlieia‘t,
911 1515 1064 1585 cujus
1095 1515 1462 1571 testimonium
1485 1513 1662 1567 clerus
1680 1518 1736 1565 ct
1759 1509 1960 1565 civium
1988 1523 2084 1580 po-

497 1619 607 1666 test
632 1609 961 1664 unanimitas
991 1607 1290 1663 declarare.

563 1701 717 1765 Item,
752 1699 894 1754 idem
945 1698 996 1752 in
1031 1697 1134 1751 alia
1163 1695 1368 1767 synodo
1391 1695 1654 1766 (Romana
1675 1692 1734 1762 ν)
1768 1691 1834 1746 de
1859 1690 2086 1746 oblatio—

2175 698 2585 768 prresumpserit,
2627 697 2729 751 nisi
2777 713 2834 750 se
2868 697 3114 753 citissime
3140 715 3235 768 per
3281 701 3538 767 ecclesne,
3567 706 3632 759 de
3667 723 3762 775 qua

2177 790 2370 858 agitur,
2397 787 2809 857 satisfactionem
2836 791 3137 857 correxerit,
3163 804 3414 862 perpetuo
3442 797 3763 852 anathemate

2176 877 2418 946 feriatur.
2459 876 2716 932 Similiter
2754 887 2803 932 et
2845 879 2920 945 hi,
2949 879 3040 945 qui
3087 897 3167 934 res
3210 882 3447 937 ecclesia:
3487 885 3647 954 jussu
3695 888 3764 939 rel

2178 966 2455 1037 largitione
2496 969 2812 1039 principum,
2857 969 2934 1024 vel
2967 973 3318 1041 quorumdam
3353 982 3651 1044 potentum,
3680 989 3764 1029 aut

2177 1057 2408 1127 quadam
2452 1059 2758 1124 inuasione,
2803 1070 2894 1114 aut
2937 1062 3214 1130 tyrannica
3257 1073 3514 1132 potestate
3553 1067 3767 1120 retinue-

2180 1146 2304 1208 rint,
2351 1156 2396 1199 et
2443 1145 2570 1215 ﬁliis
2617 1147 2696 1200 vel
2733 1147 3026 1203 hteredibus
3073 1149 3183 1203 suis
3238 1150 3609 1207 hareditarias
3657 1155 3767 1207 reli-

2179 1236 2404 1305 querint,
2432 1236 2534 1290 nisi
2555 1237 2658 1289 cito
2690 1251 2771 1290 res
2795 1235 2914 1302 Dei,
2941 1253 2973 1290 a
3000 1237 3250 1305 pontifice
3280 1239 3568 1306 admoniti,
3596 1244 3768 1312 agnita

2182 1327 2398 1380 veritate
2441 1327 2786 1392 reddiderint,
2829 1339 3078 1398 perpetuo
3113 1330 3452 1386 anathemate
3494 1332 3765 1401 feriantur.

2184 1414 2233 1468 F
2236 1433 2352 1470 erro
2386 1419 2524 1470 enim
2563 1417 2913 1471 abscindenda
2953 1428 3076 1472 sunt
3105 1418 3352 1487 vulnera,
3395 1437 3516 1490 qua:
3545 1422 3770 1490 fomenta

2185 1522 2288 1560 non
2317 1507 2544 1560 sentiunt
2575 1506 2687 1578 (16,
2733 1522 2789 1576 q.
2836 1508 2888 1573 1,
2931 1523 2980 1563 c.
3021 1507 3237 1580 Ferro).
3283 1511 3442 1577 Item,
3497 1513 3767 1570 inferius:

2187 1601 2353 1659 Omne
2404 1607 2545 1676 quod
2609 1607 3052 1677 irreprehensibile
3091 1619 3201 1670 est.,
3245 1611 3507 1665 catholica
3548 1613 3770 1682 defendit

2187 1692 2446 1748 Ecclesia.
2485 1693 2607 1749 Non
2642 1695 2910 1766 licet'ergo
2940 1699 3246 1767 imperatori
3277 1699 3428 1770 (dist.
3460 1702 3549 1767 10,
3580 1718 3630 1758 c.
3654 1704 3773 1759 Non

493 1791 653 1848 nibus
683 1789 938 1853 lidclium,
964 1796 1016 1842 et
1042 1789 1107 1843 de
1129 1787 1309 1842 multis
1336 1793 1602 1855 praecepta
1628 1782 1913 1838 decretalia
1939 1797 2085 1835 cont-
2119 1781 2162 1842 Β
2189 1784 2348 1855 licet),
2378 1785 2455 1839 vel
2485 1787 2726 1856 cuiquam
2761 1789 3003 1858 pietatem
3040 1791 3380 1855 custodienti,
3415 1794 3616 1864 aliquid
3657 1812 3774 1848 con-

493 1881 694 1950 posuit,
752 1881 824 1934 ita
876 1878 1066 1932 dicens
1107 1891 1122 1932 :
1169 1876 1424 1931 Omnibus
1478 1888 1802 1942 summopere
1851 1871 2081 1924 convenit

493 1975 785 2036 observare,
818 1978 872 2024 ut
904 1969 1190 2024 oblationes
1216 1967 1450 2035 ﬁdelium
1475 1983 1507 2018 a
1529 1964 1732 2017 nemine
1761 1976 2082 2031 pra'suman-

492 2071 603 2125 tur,
632 2070 679 2114 et
710 2060 902 2129 absque
928 2073 1180 2112 consensu
1212 2067 1257 2109 et
1284 2055 1548 2109 voluntate
1578 2052 1824 2122 episcopi,
1848 2053 1902 2104 in
1933 2051 2083 2116 cuius

498 2149 880 2219 dignoscantur
922 2163 1032 2202 esse
1076 2145 1352 2218 parochia,
1388 2144 1640 2212 possideri
1666 2141 1741 2197 vel
1771 2142 1947 2195 haberi
1969 2151 2082 2194 ten-

494 2250 696 2303 tentur,
728 2238 980 2309 quoniam
1024 2236 1173 2290 multi
1219 2251 1471 2288 memores
1509 2235 1592 2287 sui
1635 2249 1729 2303 pro
1783 2233 2085 2287 remissione

489 2339 818 2398 peccatorum
841 2341 1082 2389 suorum,
1130 2333 1177 2378 et
1206 2338 1301 2391 pro
1345 2333 1556 2376 a'terna:
1578 2323 1701 2374 vita:
1744 2322 2081 2386 mercatione,

492 2419 558 2470 de
581 2417 832 2486 facultate
863 2432 960 2469 sua
992 2424 1098 2469 tam
1132 2429 1305 2468 rerum
1351 2410 1622 2464 mobilium
1658 2425 1818 2480 quam
1847 2409 2085 2462 immobi-

415 2505 422 2513 ’
491 2509 620 2561 lium
657 2508 898 2578 quwdam
926 2521 1018 2576 per
1063 2505 1352 2574 scripturas
1387 2501 1619 2556 ecclesiis
1653 2501 2004 2566 tradiderunt,
2036 2509 2083 2554 et

492 2600 603 2653 Deo
657 2597 882 2653 creatori
943 2613 1039 2652 suo
1089 2595 1462 2666 perpetualiter
1513 2594 1754 2648 habenda
1807 2594 2082 2648 dederunt.

494 2689 628 2753 Qua:
657 2699 704 2743 et
733 2697 922 2743 ccetera
948 2703 980 2740 a
1017 2687 1234 2741 diversis
1274 2687 1448 2739 minus
1476 2684 1643 2738 Deum
1675 2685 1972 2739 timentibus
1998 2701 2086 2738 ea-

495 2790 644 2831 tenus
676 2776 948 2846 mortifera
992 2775 1280 2829 calliditate
1315 2783 1576 2838 tenentur,
1608 2783 1661 2826 ut
1692 2772 1916 2827 aliorum
1941 2771 2087 2826 obla-

493 2869 567 2922 tio
593 2867 697 2921 illis
726 2868 983 2938 pertineat
1015 2866 1082 2920 ad
1117 2867 1324 2920 ruinam
1346 2905 1360 2931 ,
1405 2881 1496 2918 nec
1539 2865 1730 2918 intueri
1777 2865 1930 2918 corde
1968 2881 2087 2933 pos-

492 2971 613 3015 sunt
643 2961 780 3014 diem
803 2959 1016 3029 judicii,
1047 2959 1173 3012 dum
1214 2957 1392 3011 nimiae
1417 2956 1720 3026 cupiditatis
1759 2955 2086 3011 delectantur

493 3051 684 3104 ardore
710 3066 730 3104 :
776 3050 916 3104 unde
955 3049 1059 3103 tale
1099 3049 1360 3119 judicium
1405 3063 1562 3117 super
1609 3063 1696 3101 eos
1753 3046 1872 3116 ﬁat,
1903 3056 1958 3100 ut
1995 3055 2086 3100 aut

2185 1885 2267 1928 tra
2305 1876 2558 1930 mandata
2599 1878 2777 1932 divina
2805 1895 3138 1948 pra’sumere,
3169 1898 3263 1934 nec
3289 1883 3606 1952 quidquam,
3639 1888 3773 1953 quod

2183 1954 2492 2036 euangelicis
2518 1969 2930 2040 propheticisqne
2955 1980 3000 2024 et
3029 1973 3337 2041 apostolicis
3367 1973 3564 2044 regulis
3587 1977 3772 2036 obviat,

2184 2074 2354 2127 agere.
2375 2058 2642 2128 lnjustum
2663 2062 2798 2115 enim
2810 2061 3070 2132 judicium
3090 2067 3135 2134 (1
3152 2065 3203 2129 1,
3229 2079 3284 2134 q.
3302 2067 3355 2130 5,
3381 2082 3433 2121 c.
3462 2067 3775 2139 Injusturu),

2183 2160 2230 2202 et
2261 2150 2500 2219 diffinitio
2531 2152 2731 2222 injuste
2765 2154 2906 2224 regio
2935 2166 3073 2209 metu
3119 2157 3196 2211 vel
3232 2157 3395 2227 jussu
3442 2179 3474 2213 a
3507 2161 3776 2226 judicibus

2184 2240 2448 2305 ordinata,
2484 2258 2588 2296 non
2617 2243 2773 2308 valet,
2803 2260 2893 2298 nec
2918 2245 3205 2317 quidquam
3233 2249 3376 2318 quod
3408 2263 3596 2304 contra
3627 2269 3776 2304 ecari-

2183 2331 2422 2400 gclicam,
2452 2332 2528 2384 vel
2565 2333 2941 2403 pr0pheticam,
2972 2347 3062 2390 aut
3094 2339 3447 2408 apostolicam
3487 2343 3776 2395 doctrinam

2183 2423 2662 2476 constitutionemve
2709 2439 2909 2492 eorum,
2937 2425 3043 2480 sive
3080 2439 3391 2481 sanctorum
3427 2427 3673 2494 Patruus,
3698 2451 3777 2484 ac-

2184 2518 2292 2561 tum
2318 2509 2499 2578 fuerit,
2526 2514 2715 2578 stabit;
2739 2523 2786 2567 et
2807 2514 2944 2584 quod
2970 2517 3034 2569 ab
3070 2515 3377 2584 inﬁdelibus
3405 2530 3500 2573 aut
3530 2521 3777 2575 hiereticis

2185 2599 2382 2668 factum
2415 2601 2596 2670 fuerit,
2627 2604 2838 2658 omnino
2877 2607 3195 2661 cassabitur.

2606 2736 2741 2792 LIV.
2773 2767 2841 2778 —
2871 2737 2929 2794 S.
2971 2738 3357 2798 HORMISDA.

2694 2848 2868 2920 (Anno
2901 2848 3100 2906 Christi
3127 2851 3187 2906 51
3200 2853 3282 2923 4.)

2257 2960 2572 3027 Hormisda,
2625 2965 2841 3020 natione
2892 2964 3237 3036 Campanus,
3283 2983 3356 3023 ex
3412 2982 3576 3040 patre
3618 2972 3781 3035 Justo,

2188 3052 2328 3106 sedit
2353 3067 2525 3107 annos
2560 3068 2750 3107 novem
2771 3094 2786 3119 ,
2819 3055 2935 3109 dies
2969 3057 3410 3124 quatuordecittt.
3450 3061 3580 3116 Fuit
3612 3074 3784 3117 autem

494 3137 771 3206 manifeste
815 3137 1072 3202 lueretici,
1102 3137 1226 3208 quia
1256 3135 1547 3225 Ecclesium
1593 3133 1695 3225 Dei
1729 3134 2008 3225 scindunt,
2035 3143 2082 3187 et
2112 3129 2156 3191 C
2189 3145 2522 3214 teinporibns
2555 3146 2698 3216 regis
2725 3146 3049 3202 Theoderici
3087 3158 3141 3203 et
3167 3147 3452 3206 Anastasii
3477 3154 3734 3225 Augusti,
3756 3171 3784 3207 ε

493 3229 959 3293 anathematizati,
991 3237 1146 3298 atque
1190 3225 1256 3280 ab
1289 3223 1528 3280 Ecclesia
1578 3224 1679 3279 Dei
1723 3233 1954 3278 extorres
1989 3222 2088 3276 Ita-

495 3320 751 3385 beantur;
781 3327 872 3372 aut
911 3335 1003 3388 per
1021 3317 1440 3386 satisfactionem
1467 3314 1718 3370 Ecclesia:
1743 3313 1812 3367 ad
1839 3313 2090 3383 poeniten-

495 3413 646 3479 tiam,
675 3420 724 3464 et
775 3411 1006 3475 demum,
1037 3409 1200 3479 juxta
1246 3407 1452 3477 regulas
1498 3405 1875 3461 ecclesiasticas
1913 3404 1982 3458 ad
2009 3419 2090 3458 re-

495 3498 934 3563 conciliationem,
960 3509 1032 3564 et,
1063 3499 1110 3553 si
1139 3497 1284 3568 digni
1309 3497 1504 3551 inventi
1527 3495 1743 3565 fuerint,
1766 3494 1835 3548 ad
1858 3509 2090 3548 commu-

495 3593 686 3646 tionem
717 3592 1064 3662 recipiantur,
1095 3591 1225 3646 Item
1255 3608 1270 3645 :
1299 3589 1403 3656 Qui
1434 3605 1514 3643 res
1545 3587 1796 3642 Ecclesia:
1825 3587 2089 3656 delegatos

495 3692 544 3736 et
571 3681 794 3735 Domino
823 3680 1026 3735 oblatas
1056 3682 1248 3752 absque
1268 3679 1468 3749 proprii
1498 3678 1725 3748 episcopi
1738 3675 1894 3744 jussu
1925 3674 2087 3744 possi-

497 3776 1050 3845 dens,pra2sumpserit
1081 3776 1321 3845 deinceps
1339 3786 1512 3830 tenere
1531 3787 1839 3843 quocunque
1868 3771 1925 3824 in
1950 3769 2086 3834 loco,

497 3877 550 3921 et
580 3868 799 3921 veritate
827 3876 1092 3937 comperta
1135 3866 1568 3930 dissimulaverit,
1600 3873 1690 3918 aut
1741 3863 1971 3918 renuerit
2010 3878 2089 3917 re-

500 3957 751 4026 formare,
783 3973 817 4010 a
842 3957 1104 4011 liminibus
1135 3957 1367 4028 ejusdem
1416 3956 1609 4030 [limina
1634 3955 1862 4011 ecclesiae
1891 3955 1956 4008 ab
1983 3953 2092 4025 epi-

501 4063 656 4117 sc0po
685 4045 884 4119 ejusd.]
931 4047 1034 4101 loci
1072 4048 1218 4116 prius
1267 4057 1529 4101 arceatur.
1559 4045 1719 4100 Debet
1763 4061 1873 4098 esse
1916 4054 2089 4099 tamen

510 4137 760 4207 provisio,
789 4147 844 4192 ut
875 4137 1160 4192 vindictam
1190 4137 1478 4192 admonitio
1508 4137 1785 4206 manifesta
1808 4137 2086 4206 prwcedat,

501 4237 549 4281 et
565 4244 646 4282 res
668 4226 1155 4298 usurpatasinjuste
1179 4227 1268 4298 qui
1294 4225 1533 4291 abstulit,
1550 4236 1641 4280 aut
1671 4225 1864 4296 injuste
1888 4224 2089 4279 ablatas

503 4319 1340 4392 retinet,tequitatepatrocinante
1361 4320 1562 4391 legibus
1589 4321 1850 4375 restituat.
1876 4319 2028 4384 Quod
2044 4321 2089 4374 si

505 4409 868 4479 neglexerit,et
899 4411 1178 4466 necessitas
1200 4412 1526 4482 compulerit,
1555 4412 1764 4467 demum
1790 4411 2088 4482 praedonem

500 4501 844 4556 sacerdotalis
868 4502 1127 4558 districtio
1161 4481 1429 4558 maturata
1476 4502 1745 4573 percellat.
1792 4481 1947 4568 Item,
2009 4502 2086 4557 in-
2117 4481 2164 4541 θ

503 4589 723 4646 terius:
774 4589 938 4648 Valde
991 4594 1230 4666 iniquum
1267 4605 1313 4650 et
1369 4596 1550 4666 ingens
1605 4595 1937 4666 sacrilegium
1990 4607 2087 4662 est,

504 4689 560 4733 ut
589 4697 906 4752 quacunque
938 4683 1017 4738 vel
1043 4701 1138 4754 pro
1169 4685 1395 4740 remedio
1425 4696 1779 4754 peccatorum,
1813 4684 1887 4739 vel
1919 4683 2088 4740 salute

506 4779 596 4822 aut
629 4771 804 4840 requie
831 4773 1126 4828 animarunt
1161 4791 1380 4829 suarum
1413 4777 1768 4847 unusquisque
1812 4776 2092 4830 venerabili

503 4857 732 4914 ecclesiae
755 4861 1053 4930 contulerit,
1080 4874 1170 4918 aut
1197 4875 1333 4920 certe
1364 4865 1648 4937 reliquerit,
1682 4866 1745 4920 ub
1776 4866 1879 4932 his,
1904 4868 2090 4938 quibus

511 4958 617 5004 Itan:
657 4953 883 5007 maxime
917 4956 1114 5008 servari
1148 4946 1404 5023 convenit,
1446 4958 1500 5012 id
1526 4969 1636 5025 est,
1676 4957 2014 5027 Christianis,
2047 4974 2092 5016 et

513 5039 674 5084 “991m
715 5043 1014 5094 ιίηιεηιίὁιιι
1043 5045 1362 5100 hominibus.
1386 5059 1433 5100 et
1463 5065 1620 5100 super
1644 5052 1818 5098 omnia
1843 5069 1875 5098 η
1901 5052 2099 5098 nrinei-

2189 3236 2469 3290 consulatu
2496 3234 2800 3301 Senatoris,
2822 3252 2992 3308 usque
3013 3239 3081 3293 ad
3101 3241 3453 3296 consulatum
3479 3243 3784 3312 Symmachi

2188 3336 2243 3381 et
2290 3327 2482 3382 Boctii.
2540 3327 2639 3383 IIic
2693 3329 2968 3384 ordinavit
3035 3333 3324 3402 episcopos
3390 3337 3788 3407 quinquaginta

2188 3417 2456 3486 quinque,
2505 3417 2853 3489 presbyteros
2880 3419 3068 3490 viginti
3105 3430 3160 3476 et
3191 3439 3381 3477 unum.
3429 3425 3581 3481 Obiit
3607 3438 3783 3481 autem

2188 3510 2472 3564 catholicae
2509 3509 2632 3564 ﬁdei
2663 3509 2918 3564 defensor
2953 3526 3051 3565 vnt
3082 3511 3205 3567 ldus
3231 3516 3493 3586 Augusti.
3529 3517 3627 3573 Hic
3663 3533 3787 3573 coa-

2188 3615 2347 3655 sensu
2373 3609 2429 3655 et
2455 3600 2680 3656 consilio
2713 3601 2855 3672 regis
2905 3601 3228 3658 Theoderici
3253 3647 3268 3672 ,
3304 3607 3524 3677 legatos
3564 3625 3690 3665 suos
3716 3611 3788 3665 di-

2189 3695 2331 3748 rexit
2362 3695 2414 3749 in
2474 3695 2761 3760 Graeciam,
2794 3695 2928 3749 dans
2963 3695 3066 3751 illis
3092 3699 3412 3753 mandatum
3457 3710 3519 3754 ut
3557 3701 3788 3764 Gnaeos,

2187 3795 2410 3858 propter
2457 3784 2678 3839 Petrum
2726 3785 3152 3842 Alexandrinum
3193 3799 3249 3844 et
3298 3791 3601 3847 Achatium
3649 3795 3787 3850 Cost-

2188 3877 2723 3948 stantinopolitanum
2744 3921 2759 3945 ,
2787 3880 2983 3950 quibus
3011 3883 3489 3952 participaverunt
3508 3929 3524 3951 .
3575 3890 3790 3943 anathe»

2187 3970 2350 4024 matis
2374 3969 2586 4024 vinculo
2607 3969 2872 4040 obligatos
2891 3972 2993 4026 sub
3015 3971 3397 4029 satisfactione
3425 3978 3785 4032 absolverent.

2189 4062 2298 4120 Sed
2331 4063 2465 4117 nihil
2505 4073 2755 4134 egerunt,
2783 4063 2909 4133 quia
2937 4065 3262 4121 Anastasius
3299 4069 3589 4140 Augustus
3619 4072 3788 4126 libelle

2189 4165 2350 4212 recta:
2378 4155 2497 4209 ﬁdei
2523 4155 2830 4210 consentire
2860 4155 3064 4222 noluit,
3112 4172 3178 4212 eo
3204 4159 3352 4228 quod
3379 4170 3437 4214 et
3484 4163 3600 4232 ipse
3628 4163 3788 4233 Euly-

2188 4248 2416 4304 chianus
2454 4256 2594 4303 erat.
2623 4247 2810 4319 Itaque
2849 4246 3124 4305 Romanos
3159 4249 3368 4321 legatos
3397 4254 3471 4308 ad
3511 4254 3639 4309 fidei
3687 4269 3788 4309 sua

2187 4351 2431 4392 errorem
2465 4336 2728 4391 inclinare
2759 4335 3097 4403 desiderans,
3121 4340 3444 4396 muneribus
3465 4341 3669 4398 oblatis
3704 4359 3789 4398 eos

2191 4440 2538 4495 corrumpere
2560 4427 2852 4482 nitebatur.
2885 4425 2962 4482 Illi
2994 4436 3198 4494 autem,
3235 4433 3573 4503 contemptis
3607 4450 3790 4488 mune-

2193 4517 2374 4582 ribus,
2422 4517 2489 4572 de
2527 4518 2904 4574 luereticorum
2933 4520 3358 4591 participatione
3386 4523 3656 4582 Romana:
3682 4527 3784 4582 sedi

2193 4608 2619 4665 Satisfactionem
2657 4609 2855 4666 debere
2898 4610 3014 4666 ﬁeri
3049 4611 3393 4670 insistebant.
3444 4618 3601 4674 Unde
3629 4620 3788 4688 impe-

2193 4713 2340 4757 rator
2369 4700 2553 4757 furore
2576 4717 2838 4758 accensus
2860 4743 2874 4768 ,
2905 4703 3125 4759 eosdem
3173 4720 3270 4775 per
3315 4709 3656 4777 posterulam
3687 4712 3789 4778 eje—

2191 4801 2329 4855 ctos,
2347 4791 2728 4860 etpericnlosre
2744 4793 2865 4848 navi
2887 4793 3194 4863 impositos,
3211 4799 3423 4852 remisit
3440 4815 3458 4861 ;
3474 4799 3787 4869 prtecipieﬁs

2196 4891 2254 4935 ut
2277 4881 2475 4936 nullam
2503 4883 2779 4964 civitatem
2811 4883 3251 4953 ingrederentur,
3278 4902 3347 4943 ne
3377 4888 3506 4944 fidei
3531 4890 3788 4959 epistolas

2195 4970 2383 5026 saltem
2414 4973 2466 5026 in
2499 4973 2729 5028 transitu
2758 4973 3042 5031 'eatholicis
3072 4977 3369 5033 ostendere
3397 4992 3649 5048 possent.
3686 4982 3786 5037 Sed

2193 5062 2319 5112 quia
2347 5077 2440 5118 eas
2475 5078 2574 5126 per
2604 5079 2797 5121 omnes
2825 5065 3074 5123 civitates
3109 5071 3395 5139 expositas
3438 5087 3470 5125 a
3511 5072 3788 5143 complici-

2873 5156 2957 5180 ’“"
3013 5168 3319 5216 “Animatus
3351 5161 3406 5216 in
3459 5161 3645 5233 ipsum
3687 5163 3786 5217 Re-

3533 5250 3674 5267 ._.
