3992 6306
203 296 340 354 i931

1037 293 1308 354 PSEUDO
1345 295 1921 373 LUI’I‘PRANDLIJB.
1965 302 2054 360 DE
2098 301 2274 360 Vl'l'lS
2311 301 2478 362 8.0M.
2521 303 2718 363 ΡΟΝΤ.

3319 312 3459 371 1222

199 385 638 446 communionem
687 384 978 441 redierunt.
1013 385 1112 441 llic
1138 386 1341 443 clerum
1390 388 1690 455 constituit,
1723 397 1778 446 et
1806 400 1852 458 Λ
1881 407 2057 446 omnes
2095 393 2176 448 ira
2220 393 2315 450 Dei
2341 395 2550 468 destruit
2589 393 2776 466 (Num.
2834 409 2918 450 xv:
2944 437 2960 464 ,
2998 395 3112 470 ‘22).
3157 396 3235 454 De
3266 402 3460 460 talibus

194 478 424 549 psalmis
449 477 704 534 erudivit.

1880 481 1945 536 Β.
1988 481 2282 554 Cyprianus
2315 494 2516 554 martyr
2537 487 2612 538 ita
2639 486 2764 538 dicit
2787 501 2806 540 :
2837 485 2940 551 Qui
2960 500 3258 557 peccantem
3289 493 3456 552 verbis

269 567 370 622 llic
395 567 449 622 in
474 567 726 638 epistola,
747 582 908 637 quam
929 568 1195 624 universis
1209 568 1488 640 Hispania:
1511 570 1778 642 episcopis
1877 569 2216 624 adulantibus
2245 570 2450 639 palpet,
2491 574 2744 647 peccandi
2781 574 3013 642 fomitem
3046 577 3458 650 subministrat,

193 659 488 715 destinavit
515 658 688 731 (epist.
718 659 796 729 4),
825 668 884 714 ut
913 659 967 715 in
998 660 1268 731 episc0pis
1305 661 1621 718 ordinandis
1647 677 1778 717 cura
1878 674 1969 713 nec
1996 661 2227 729 reprimit
2258 661 2348 716 ille
2373 661 2588 727 delicta,
2617 664 2708 718 sed
2738 663 2896 732 fovet.
2931 665 3061 721 Item
3084 707 3101 733 ,
3147 669 3288 725 idem
3315 687 3456 746 papa

191 749 502 804 adhibenda
525 748 598 803 sit
625 749 906 819 perspicua
927 789 943 816 ,
981 749 1262 805 evidenter
1283 751 1520 805 ostendit
1549 751 1734 807 dicens
1759 769 1773 805 :

161 837 686 906 _Irreprehensibiles
714 855 826 892 esse
853 839 1122 903 convenit,
1151 855 1283 910 quos
1327 856 1549 908 pra'esse
1573 857 1776 896 necesse

185 937 268 982 est
325 927 666 997 corrigendis,
712 943 805 982 nec
843 929 1130 999 quidquam
1181 928 1262 982 illi
1298 929 1476 984 deesse
1515 946 1772 1000 personae,

183 1035 346 1090 penes
371 1034 529 1088 quam
553 1028 629 1073 est
665 1018 922 1089 religiosa:
951 1017 1269 1091 [religionis]
1303 1035 1512 1074 summa
1559 1030 1608 1074 et
1652 1021 1775 1075 sub-

183 1112 385 1165 stantia
430 1109 742 1180 disciplima.
793 1109 1071 1166 Existimet
1132 1112 1484 1181 unusquisque
1547 1114 1772 1177 pretium

185 1199 454 1253 Dominici
488 1199 678 1270 gregis,
708 1208 765 1254 ut
801 1200 956 1262 sciat,
981 1199 1122 1270 quod
1149 1200 1392 1254 meritum
1419 1200 1773 1254 constituendi

163 1288 370 1348 debeat
413 1304 524 1344 esse
548 1289 814 1357 pastoris.
835 1289 968 1344 item
1001 1307 1014 1342 :
1049 1287 1228 1358 Longa
1253 1289 1400 1342 debet
1430 1291 1588 1342 vitam
1619 1306 1772 1346 suam

185 1382 503 1450 probatione
526 1391 840 1445 monstrare,
885 1381 970 1434 cui
995 1379 1351 1450 gubernacula
1375 1381 1772 1438 committuntur

159 1471 458 1534 Ecclesiae.
487 1471 618 1527 item
646 1489 658 1524 :
698 1471 1122 1526 Emendatiorem
1149 1473 1382 1527 convenit
1411 1489 1523 1528 esse
1543 1473 1765 1542 papula,

178 1578 336 1630 quem
381 1578 584 1616 necesse
612 1571 686 1616 est
710 1578 862 1617 orare
888 1577 983 1630 pro
1004 1563 1216 1632 populo.
1249 1561 1381 1620 Item
1423 1562 1672 1634 prohibet
1699 1578 1768 1618 ne

180 1647 506 1702 beneﬁcium
553 1663 652 1719 per
695 1648 1092 1720 impositionem
1142 1665 1510 1720 manus,quee
1555 1651 1764 1705 Domini

1877 745 2104 820 inferius
2135 766 2148 802 :
2180 747 2294 822 Ego
2317 767 2400 806 me
2427 752 2483 805 in
2507 752 2604 806 hoc
2629 753 2860 828 periculo
2887 756 3091 812 mittere
3116 761 3328 812 omnino
3351 745 3456 816 non

1874 835 2075 902 audeo,
2113 837 2240 906 quia
2271 854 2364 892 nec
2394 837 2528 894 talia
2558 849 2681 894 sunt
2713 841 2902 895 merita
2935 858 3083 910 mea,
3125 855 3182 899 ut
3227 847 3456 903 aliorum

1870 937 2084 995 peccata
2126 928 2182 981 in
2215 944 2298 982 me
2339 930 2573 998 excipere
2613 948 2960 1000 prtesumam,
2995 951 3087 990 nec
3123 946 3324 991 tantam
3348 939 3454 994 elo-

1870 1016 2137 1085 quentiam
2165 1017 2359 1083 habeo,
2385 1028 2443 1072 ut
2463 1029 2584 1074 ante
2605 1021 2836 1076 tribunal
2859 1021 3054 1078 Christi
3077 1037 3260 1079 contra
3279 1037 3452 1082 tantos

1871 1120 1934 1158 ac
1969 1106 2099 1160 tales
2127 1108 2423 1162 sacerdotes
2447 1147 2464 1173 ,
2487 1111 2579 1179 qui
2619 1128 2844 1167 canones
2889 1123 3216 1182 statuerunt,
3263 1135 3452 1173 causas

1871 1193 2043 1250 dicere
2074 1197 2287 1266 possim.
2322 1198 2454 1254 Item
2473 1240 2489 1265 ,
2517 1201 2661 1257 idem
2686 1201 3000 1276 subjungit:
3044 1207 3107 1262 Si
3137 1209 3333 1276 clerici,
3362 1212 3452 1282 qui

1870 1284 1941 1338 ad
1963 1301 2152 1356 uxores
2174 1289 2416 1358 proprias
2451 1291 2692 1361 redeunt,
2721 1296 2788 1348 ab
2826 1297 2992 1364 officio
3014 1301 3449 1367 .suspcnduntur,

1869 1384 1916 1428 et
1945 1375 2137 1446 bigami
2168 1395 2275 1432 non
2322 1380 2669 1448 ordinantur,
2699 1383 2820 1448 sed,
2871 1387 2917 1439 si
2959 1389 3194 1441 ordinati
3227 1388 3448 1457 fuerint,

1868 1469 2191 1539 dejieiuntur
2219 1485 2238 1523 :
2271 1475 2530 1544 quomodo
2577 1475 2685 1542 ille,
2728 1477 2820 1547 qui
2871 1478 3189 1534 adulterium
3230 1483 3448 1536 commi-

1866 1563 2014 1625 serit,
2053 1563 2241 1617 iterum
2280 1566 2351 1622 ad
2394 1567 2643 1620 honorem
2672 1569 2841 1622 redire
2864 1572 3094 1640 poterit?
3121 1571 3246 1626 Non
3271 1583 3448 1629 tanten

1868 1651 2300 1718 misericordiam,
2346 1671 2464 1725 qua:
2487 1655 2657 1712 dicit:
2699 1677 2718 1710 ι
2751 1657 2892 1712 Nolo
2923 1670 3139 1716 mortem
3158 1665 3444 1732 peccatoris

179 1752 304 1790 esse
329 1735 533 1807 [divina
563 1736 706 1818 esse]
728 1738 987 1802 creditur,
1011 1739 1186 1809 pretio
1213 1749 1598 1809 comparetur:
1637 1741 1762 1810 quia
1795 1752 1839 1812 Β
1870 1740 2088 1810 (Ezech.
2119 1759 2324 1808 χχχιιι,
2355 1746 2478 1816 il),
2527 1767 2547 1801 ι
2587 1757 2635 1802 et
2672 1748 2782 1804 alia
2823 1751 3150 1820 hujusmodi,
3178 1771 3232 1808 se
3258 1771 3448 1825 negare

177 1835 307 1882 ante
332 1827 516 1883 oculos
547 1842 668 1885 esse
709 1828 993 1895 convenit,
1020 1845 1126 1900 qua
1157 1830 1344 1886 Simon
1372 1830 1557 1903 Magus
1585 1831 1760 1902 Spiri~

159 1908 296 1972 ’tum
323 1931 570 1976 sanctum
605 1921 792 1978 volens
833 1923 1206 1996 redemptione
1231 1926 1491 1992 mercari,
1537 1927 1763 1996 apostoli

176 2008 347 2063 fuerit
389 2010 746 2066 detestatione
787 2027 1077 2083 percussus
1107 2006 1265 2084 (Act.
1315 2030 1408 2068 vm
1433 2014 1474 2084 ).
1516 2015 1650 2070 item
1698 2015 1764 2070 de

177 2099 294 2165 illo,
318 2100 406 2169 qui
433 2116 539 2154 non
577 2101 789 2166 vendit,
815 2103 908 2157 sed
935 2104 1184 2160 vendenti
1212 2105 1502 2170 consentit,
1534 2105 1610 2160 ita
1635 2106 1762 2160 sub-

166 2192 350 2262 jungit
383 2209 394 2246 :
433 2193 575 2256 Quid
620 2193 828 2259 prodest
856 2193 934 2248 illi
956 2211 1054 2248 suo
1095 2211 1273 2250 errore
1318 2211 1423 2250 non
1455 2195 1642 2266 pollui,
1671 2195 1760 2266 qui

174 2300 484 2338 consensum
507 2294 722 2354 prazstat
747 2285 990 2340 erranti?
1017 2285 1210 2340 Procul
1230 2287 1389 2341 dubio
1411 2298 1594 2342 contra
1615 2303 1761 2342 man-

172 2374 304 2426 data
334 2376 631 2441 committit,
678 2386 726 2428 et
766 2375 856 2446 qui
883 2376 1034 2430 habet
1069 2387 1341 2446 peccatum
1377 2379 1668 2447 proprium,
1710 2387 1759 2432 et

149 2469 266 2535 ,qui
329 2468 564 2538 sequitur
631 2467 884 2522 alienum.
953 2467 1234 2524 Incassum
1302 2469 1491 2524 resistit
1573 2469 1758 2524 avidus

171 2557 763 2630 [animushcupiditath
791 2560 836 2614 si
864 2576 968 2614 non
992 2560 1186 2616 resistit
1211 2568 1261 2615 et
1288 2559 1486 2615 timori.

245 2653 400 2712 Item,
430 2648 484 2702 in
509 2648 614 2716 alia
640 2647 866 2718 epistola
885 2688 900 2714 ,
928 2663 1092 2718 quam
1123 2648 1457 2720 presbyteris
1483 2656 1539 2706 et
1567 2649 1752 2704 diaco-

169 2739 334 2794 nibus
355 2747 412 2795 et
459 2738 899 2794 archimandritis
926 2737 1236 2810 Ctelesyrise
1277 2739 1515 2806 direxit,
1545 2739 1611 2794 de
1640 2739 1754 2794 ele-

169 2831 304 2886 ricis
358 2831 412 2885 in
472 2830 739 2886 adulterio
791 2829 1186 2904 deprehensis,
1243 2830 1318 2886 ita
1367 2828 1557 2884 dicit:
1615 2827 1756 2884 Ecce

167 2920 600 2990 manifestissime
627 2930 853 2986 constat,
885 2921 1012 2992 quia
1051 2920 1340 2974 secundum
1368 2921 1507 2990 quod
1542 2929 1590 2974 et
1615 2918 1755 2973 tituli

163 3012 506 3083 antiquorum
536 3008 760 3066 Patrum
789 3028 822 3066 a
853 3009 912 3065 S.
945 3009 1154 3066 Joanne
1176 3026 1316 3082 papa
1359 3009 1678 3075 transmissi,
1703 3019 1752 3062 et

1853 1832 2034 1910 dicit;
2082 1835 2172 1888 sed
2214 1835 2576 1905 definitissinte
2618 1841 2828 1895 credere
2849 1881 2865 1906 ,
2893 1843 3032 1912 quod
3058 1845 3148 1914 qui
3189 1862 3348 1916 usque
3377 1847 3446 1899 ad

1863 1924 2022 1992 finem
2048 1927 2169 1981 vita:
2193 1944 2306 1982 sua:
2343 1931 2699 1998 ptenitentiam
2729 1934 2912 2002 egerit,
2945 1950 3048 1988 non
3069 1934 3238 1988 solum
3263 1935 3444 1990 indul-

1862 2017 2091 2082 gentiam
2117 2017 2353 2086 accipiet,
2380 2019 2471 2073 sed
2510 2020 2579 2072 ad
2607 2021 2766 2076 vitam
2791 2034 3040 2078 aeternam
3068 2027 3343 2096 perveniet.
3369 2025 3449 2082 De

1861 2102 1969 2158 illis
2002 2113 2178 2158 autem
2205 2105 2435 2173 clericis,
2469 2109 2559 2178 qui
2587 2111 2656 2164 ad
2677 2127 2866 2166 uxores
2899 2115 3139 2181 redeunt,
3175 2116 3298 2169 dicit
3322 2133 3450 2171 san-

1861 2202 1975 2246 ctus
1997 2191 2234 2249 Faustus
2269 2196 2324 2250 in
2352 2197 2573 2268 epistola
2602 2215 2700 2253 sua
2727 2217 2748 2254 :
2787 2197 3030 2256 Perdidit
3067 2207 3294 2274 gratiam
3323 2223 3447 2260 con—

1861 2285 2071 2350 secreti,
2093 2286 2184 2356 qui
2214 2287 2388 2342 adhuc
2415 2288 2522 2342 vult
2560 2291 2785 2360 ofﬁcium
2809 2308 3052 2348 exercere
3086 2295 3283 2352 mariti.
3312 2295 3444 2352 Item

1861 2373 2152 2441 praedictus
2177 2389 2314 2445 papa
2354 2375 2548 2432 iterum
2581 2378 2808 2434 inferius
2835 2380 2987 2435 'dicit
3015 2398 3031 2434 :
3071 2381 3236 2437 Valde
3274 2394 3446 2438 metuo

1859 2477 1906 2519 et
1931 2469 2271 2524 contremisco
2300 2468 2450 2524 illam
2476 2471 2892 2540 damnationem,
2919 2491 3078 2544 quam
3119 2474 3242 2529 Heli
3266 2493 3444 2530 sacer-

1857 2564 1954 2620 dos
1991 2574 2202 2634 propter
2249 2565 2469 2619 stultam
2503 2567 2886 2638 indulgentiam
2940 2571 3175 2638 accipere
3221 2572 3443 2636 meruit;

1857 2658 1949 2728 qui
1969 2673 2063 2728 pro
2087 2674 2172 2721 eo,
2197 2661 2338 2727 quod
2372 2659 2515 2727 filios
2552 2676 2679 2714 suos
2719 2661 2902 2715 leviter
2939 2662 3237 2732 castigavit,
3261 2672 3312 2716 et
3354 2680 3442 2717 eos

1859 2766 1954 2804 nec
1977 2750 2178 2804 ccedere
2202 2766 2296 2804 nec
2335 2751 2790 2806 eacommunicare
2838 2751 3096 2820 voluerat,
3130 2761 3178 2807 et
3218 2753 3319 2823 ipsi
3345 2753 3448 2822 filii

1859 2855 1965 2894 uno
1994 2839 2079 2894 die
2101 2839 2260 2894 occisi
2287 2848 2431 2906 sunt,
2459 2851 2508 2896 et
2533 2841 2750 2910 triginta
2776 2840 2944 2895 millia
2969 2841 3034 2896 de
3067 2841 3257 2911 populo
3285 2841 3448 2896 inter-

1859 2929 2164 2998 fectasunt,
2195 2940 2244 2985 et
2283 2929 2423 2986 Area
2467 2931 2769 2986 testamenti
2795 2931 2852 2985 in
2895 2930 3242 3000 captivitatem
3283 2931 3444 2984 ducta

1856 3031 1956 3087 est,
1985 3031 2033 3077 et
2075 3023 2184 3092 ipse
2219 3031 2360 3076 retro
2399 3021 2614 3087 cadens,
2644 3020 2833 3088 fractis
2879 3022 3162 3076 cervicibus
3206 3030 3444 3076 mortuus

166 3112 522 3157 trecentorum
571 3111 618 3156 et
657 3101 944 3156 octodecim
973 3103 1332 3172 episcoporum
1361 3101 1635 3167 sententia,
1660 3101 1750 3155 sed

1858 3123 1960 3178 est,
1985 3123 2034 3168 et
2065 3129 2253 3168 nomen
2293 3114 2460 3183 ipsius
2507 3113 2572 3168 de
2610 3114 2744 3169 libro
2789 3115 2910 3169 vita:
2961 3114 3188 3168 deletum
3225 3123 3324 3184 est.
3371 3113 3442 3168 Et

163 3203 216 3248 et
265 3208 492 3263 canones
533 3189 800 3246 Gallicani
847 3191 1114 3247 continere
1160 3191 1426 3256 videntur,
1476 3189 1654 3245 clerici
1699 3191 1754 3244 in

163 3282 434 3344 adulterio
479 3281 820 3352 deprehensi,
871 3290 918 3336 et
968 3290 1060 3335 aut
1104 3281 1205 3351 ipsi
1248 3279 1502 3351 confessi,
1544 3289 1636 3336 aut
1688 3279 1754 3334 ab

162 3375 290 3430 aliis
338 3373 550 3438 revicti,
591 3374 660 3428 ad
688 3374 941 3428 honorem
970 3372 1142 3428 redire
1191 3389 1296 3428 non
1334 3382 1587 3442 possunt,
1632 3371 1754 3428 etsi

157 3467 254 3538 qui
275 3475 420 3532 sunt,
444 3465 630 3536 quibus
655 3466 1007 3536 suprascripta
1042 3475 1342 3522 sanctorum
1368 3463 1590 3518 Patrum
1614 3481 1756 3520 seve-

163 3562 301 3612 ritas
345 3558 558 3612 minime
599 3555 802 3627 placet,
832 3555 1000 3610 sciant
1033 3571 1088 3610 se
1136 3571 1318 3610 eorum
1354 3556 1641 3610 sententias
1671 3571 1753 3608 re-

158 3650 482 3720 prehendere
513 3650 590 3704 vcl
617 3649 965 3704 condemnare
986 3665 1006 3704 :
1031 3665 1149 3704 cum
1165 3649 1262 3704 hoc
1285 3649 1458 3720 facere
1489 3664 1592 3702 non
1609 3648 1672 3703 sit
1695 3648 1750 3704 in

159 3746 240 3800 eis
285 3743 680 3808 misericordia;
708 3744 798 3798 sed
837 3751 912 3798 est
943 3744 1048 3800 ista
1088 3743 1374 3814 benignitas
1390 3743 1618 3813 justitia:
1646 3743 1750 3796 ini-

159 3836 328 3901 mica,
359 3834 595 3890 videlicet
627 3834 936 3888 criminosas
961 3834 1211 3904 palpare,
1237 3843 1286 3889 et
1320 3833 1536 3890 vulnera
1566 3849 1746 3888 eorum

161 3942 334 3997 usque
381 3927 435 3980 in
485 3925 622 3978 diem
657 3924 854 3995 judicii
899 3926 1144 3978 incurata
1188 3939 1415 3978 servare.
1468 3920 1529 3978 Si
1571 3930 1746 3976 autem

159 4037 254 4076 eos
283 4019 619 4074 durissimum
656 4018 1012 4088 paenitentiam
1041 4031 1135 4087 per
1163 4015 1337 4086 plures
1383 4031 1549 4070 annos
1590 4030 1746 4086 agere

158 4111 420 4174 videmus,
448 4111 576 4179 ipsis
595 4119 641 4164 et
676 4108 838 4164 saluti
861 4125 1039 4165 eorum
1079 4107 1383 4176 consulere,
1410 4117 1458 4162 et
1483 4123 1743 4164 canonum

159 4212 368 4258 statuta
396 4202 640 4256 debemus
669 4217 896 4256 servare.
929 4199 1064 4255 Cum
1093 4216 1211 4256 vero
1265 4201 1321 4254 in
1355 4199 1615 4267 aliquibus
1651 4214 1743 4254 nec

147 4294 516 4364 compunctio,
547 4309 638 4348 nec
660 4292 927 4348 humilitas
947 4333 962 4358 ,
987 4309 1078 4348 nec
1113 4293 1298 4348 orandi
1336 4307 1428 4348 nec
1462 4289 1743 4361 plangendi

160 4386 422 4442 instantia
451 4399 762 4457 appareant,
785 4402 1063 4456 possumus
1092 4401 1393 4456 agnoscere,
1416 4384 1461 4438 si
1487 4383 1556 4438 ad
1579 4383 1741 4438 hono-

1854 3211 2068 3256 econtra
2113 3200 2338 3256 Phinees
2374 3203 2486 3256 zelo
2532 3201 2629 3257 Dei
2667 3217 2982 3266 commatus,
3011 3203 3143 3258 duos
3175 3202 3443 3258 adulteros

1853 3292 2052 3360 pariter
2079 3290 2357 3360 interfecit,
2396 3301 2446 3345 et
2476 3301 2644 3346 totum
2682 3292 2934 3363 populum
2963 3293 3082 3356 Dei,
3108 3293 3206 3346 Dei
3225 3295 3441 3348 iracun-

1851 3379 1944 3434 dia
1975 3379 2230 3436 liberavit.
2274 3379 2388 3435 Nec
2431 3381 2536 3435 hoc
2573 3380 2696 3436 ideo
2723 3381 2889 3446 dicit,
2918 3390 2978 3434 ut
3016 3381 3223 3436 similes
3253 3397 3441 3451 supra.-

1851 3469 2010 3526 dictis
2035 3470 2279 3539 corporis
2307 3479 2535 3525 mortem
2565 3471 2763 3526 mereri
2790 3471 3043 3535 debeant,
3071 3469 3168 3526 sed
3213 3480 3443 3527 caveant

1853 3577 1920 3618 ne
1957 3572 2080 3632 post
2100 3561 2346 3632 corporis
2369 3571 2601 3616 mortem
2637 3561 2704 3615 ad
2735 3561 3000 3631 supplicia
3028 3561 3367 3632 perveniant.
3429 3627 3431 3630 f

2302 3648 2412 3704 LV.
2449 3679 2522 3689 —
2559 3650 2615 3705 S.
2657 3649 2982 3706 JOANNES.

2331 3741 2505 3814 (Anno
2555 3741 2751 3797 Christi
2799 3741 2953 3806 525.)
3039 3782 3042 3784 ν

1917 3831 2152 3888 Joannes
2174 3870 2193 3898 ,
2235 3833 2451 3890 natione
2479 3833 2720 3900 Tuscus,
2755 3849 2822 3890 ex
2864 3842 3020 3904 patre
3057 3832 3436 3898 Constantino,

1844 3924 1988 3980 sedit
2023 3940 2195 3982 annos
2233 3924 2389 3992 duos,
2431 3940 2646 3984 menses
2671 3934 2826 3992 octo,
2859 3925 2976 3981 dies
3013 3925 3269 3981 sedecim.
3315 3925 3437 3980 Fuit

1845 4025 2025 4074 autem
2052 4017 2384 4088 temporibus
2406 4016 2725 4074 Theoderici
2763 4017 2906 4089 regis
2955 4025 3009 4072 et
3035 4013 3228 4072 Justini
3257 4017 3436 4088 Augu-

1843 4108 1912 4165 sti
1943 4106 2212 4164 catholici.
2249 4105 2533 4163 Ordinavit
2571 4116 2751 4162 autem
2785 4107 3065 4178 episcopos
3104 4107 3434 4180 quindecim.

1843 4197 1944 4255 Hic
1973 4214 2072 4270 pro
2109 4198 2368 4268 religione
2393 4197 2676 4261 catholica,
2713 4203 2768 4251 et
2790 4210 2890 4268 pro
2920 4195 3240 4251 Theodorici
3268 4208 3430 4250 causa

1843 4293 2040 4364 negotii
2067 4289 2586 4361 Constantinopolim
2609 4288 2784 4354 venit;
2817 4287 2930 4356 ubi,
2953 4285 3166 4343 Justino
3192 4286 3436 4358 Augusto

1845 4384 2241 4453 patrocinante,
2276 4381 2603 4436 Arianorum
2631 4379 2891 4435 ecclesias
2921 4377 3216 4452 catholicas
3244 4393 3433 4434 conse-

161 4495 278 4533 rem
320 4443 598 4548 pristinum
652 4443 938 4542 redierint,
966 4493 1084 4531 cum
1119 4443 1318 4546 quanta
1359 4447 1669 4546 negligentia
1691 4482 1738 4528 et
1767 4443 1819 4504 θ
1844 4443 2033 4530 cravit.
2075 4473 2188 4529 Hoc
2229 4472 2454 4528 audiens
2495 4471 2883 4538 Theodoricus,
2928 4449 3190 4542 quoniam
3223 4479 3278 4525 et
3319 4470 3434 4540 ipse

161 4571 384 4626 inimica
438 4572 632 4624 anima:
685 4571 965 4624 securitate
1010 4576 1398 4638 permaneant:
1439 4565 1741 4630 credentes,

158 4662 306 4733 quod
327 4663 402 4716 sic
446 4662 519 4716 eis
550 4678 653 4716 non
681 4671 800 4716 acta
829 4661 982 4730 digne
1004 4657 1302 4729 paenitentia
1343 4657 1540 4710 dimisit
1566 4655 1703 4710 Deus
1725 4695 1741 4720 ,

162 4753 428 4826 quomodo
463 4752 756 4808 sacerdotes
801 4749 1080 4804 indulsisse
1117 4747 1374 4803 videntur.
1423 4744 1554 4800 Vere
1591 4745 1743 4809 dico,

163 4845 292 4917 quia
334 4843 416 4898 illi
462 4843 562 4913 ipsi
581 4883 593 4904 ,
626 4841 933 4912 quibuscum
967 4837 1260 4910 periculosa
1296 4845 1343 4891 et
1374 4835 1514 4905 falsa
1544 4835 1744 4888 miseri-

164 4936 349 4998 cordia
378 4935 647 5004 indulgere
676 4934 906 4988 videmus
925 4973 940 4994 ,
979 4948 1096 4986 cum
1135 4939 1254 4984 ante
1292 4927 1523 4983 tribunal
1551 4926 1744 4984 Christi

163 5044 263 5098 pro
300 5027 462 5081 tantis
489 5025 714 5096 peccatis
745 5023 1035 5078 damnandi
1061 5022 1388 5085 advenerint,
1429 5030 1612 5074 contra
1650 5035 1742 5074 nos

164 5119 306 5186 ipsos
344 5133 532 5171 causas
570 5115 763 5169 dicturi
791 5123 944 5178 sunt,
975 5113 1205 5170 dicentes
1225 5151 1240 5178 ,
1265 5111 1405 5183 quod
1422 5150 1438 5177 ,
1484 5112 1610 5164 dum
1649 5119 1740 5164 aut

165 5209 504 5278 asperitatem
529 5207 724 5276 lingua:
745 5221 928 5261 eorum
960 5203 1282 5273 expavimus,
1314 5211 1404 5255 aut
1431 5200 1568 5270 falsa
1599 5200 1744 5254 blan-

162 5301 398 5356 dimenta
445 5307 495 5355 et
547 5297 867 5370 periculosas
913 5295 1244 5352 adulationes
1288 5310 1470 5349 eorum
1525 5293 1744 5348 libenter

165 5389 475 5459 accipimus,
504 5405 598 5444 nos
623 5405 734 5456 eos,
765 5388 892 5442 dum
929 5385 1036 5440 illis
1058 5384 1318 5440 inutiliter
1339 5383 1671 5455 indulgemus
1686 5384 1742 5438 in

163 5482 392 5549 peccatis
428 5495 766 5550 pemtonere,
806 5487 898 5534 aut
949 5477 1063 5548 ipsa
1099 5484 1312 5547 peccata
1349 5477 1508 5531 etiam
1552 5491 1743 5546 augere

162 5570 555 5641 permiserimus
573 5610 588 5634 ,
613 5586 716 5626 non
742 5567 1072 5624 recordantes
1105 5565 1274 5634 illud,
1300 5567 1440 5637 quod
1466 5566 1527 5620 in
1576 5564 1744 5620 Veteri

168 5660 496 5718 Testamento
521 5664 768 5733 scriptum
794 5668 868 5714 est
895 5677 906 5712 :
939 5659 1085 5730 quia,
1129 5675 1234 5712 uno
1261 5668 1522 5728 peccante,
1559 5668 1739 5712 contra

1841 4572 1958 4620 erat
2006 4563 2293 4619 hmreticus
2323 4603 2340 4630 ,
2387 4560 2569 4618 furore
2611 4575 2874 4617 accensus
2900 4602 2916 4627 ,
2963 4575 3177 4616 omnem
3221 4558 3432 4613 italiam

1842 4653 2019 4726 gladio
2052 4663 2106 4708 et
2137 4653 2258 4725 igne
2287 4651 2516 4725 perdere
2548 4651 2826 4714 aestuabat,
2857 4659 3078 4722 propter
3105 4648 3432 4706 Arianorum

1842 4746 2125 4813 ecclesias,
2151 4761 2380 4816 quarum
2416 4745 2470 4799 in
2498 4745 2648 4801 ltalia
2679 4743 2860 4799 multa:
2885 4751 3074 4807 erant;
3101 4757 3237 4814 quas
3267 4740 3433 4795 etiam

1842 4837 2134 4894 catholicas
2187 4851 2576 4908 usquequaque
2633 4834 2940 4892 consecrari
2997 4831 3234 4888 Joannes
3290 4844 3428 4902 papa

1847 4937 2211 4997 praeceperat;
2263 4937 2320 4981 et
2363 4926 2500 4982 duos
2553 4925 2699 4980 viros
2742 4923 2956 4980 exsules
3008 4930 3066 4977 et
3109 4919 3427 4982 catholicos,

1849 5017 2229 5090 Symmachum
2263 5024 2318 5072 et
2343 5016 2612 5082 Boetium,
2647 5023 2774 5070 ante
2813 5013 3040 5068 reditum
3073 5026 3224 5084 papae
3261 5007 3432 5076 tenuit

1847 5117 1902 5162 et
1926 5105 2218 5162 interfecit.
2260 5105 2438 5178 Ipsum
2477 5113 2657 5160 autem
2698 5102 3008 5174 pontiﬁcem
3055 5116 3330 5157 reversum
3376 5101 3428 5160 in

1845 5199 2088 5256 custodia
2133 5197 2402 5254 Ravenna:
2437 5196 2684 5259 detinuit,
2713 5195 2765 5250 in
2793 5209 2898 5266 qua
2929 5193 3135 5248 duriter
3179 5191 3428 5258 alllictus,

1848 5287 2062 5344 tandem
2080 5286 2363 5342 defunctus
2380 5294 2464 5342 est
2490 5301 2554 5340 xv
2577 5284 2804 5340 Kalend.
2833 5283 3094 5342 Januarii.
3134 5282 3239 5339 Sed
3263 5297 3431 5340 nona-

1844 5380 2052 5452 gesimo
2089 5389 2144 5434 et
2171 5388 2361 5434 octavo
2398 5377 2487 5433 die
2525 5386 2646 5448 post
2675 5375 2958 5432 transitum
2985 5375 3231 5445 praedicti
3255 5389 3432 5444 paptc,

1845 5483 1901 5526 et
1936 5472 2049 5542 ipse
2079 5485 2171 5524 rex
2202 5470 2487 5526 litercticus
2533 5468 2831 5525 divinitatis
2866 5466 3088 5524 fulmine
3116 5480 3432 5538 percussus,

1874 5564 2021 5618 abito
2044 5569 2218 5616 morte
2241 5576 2336 5615 sua
2358 5559 2562 5614 Italiam
2589 5558 2856 5616 liberavit.

1919 5653 2014 5708 llic
2062 5651 2338 5707 Zachariae
2386 5651 2636 5722 episeopo
2683 5649 2960 5720 epistolam
3015 5647 3325 5714 destinavit,
3375 5647 3431 5725 in
