3948 5526
537 319 682 380 1223

1292 319 1578 379 ΑΡΡΕΝΙ).
1618 321 1712 380 AD
1747 310 1919 381 853C.
1960 319 2051 379 IX.
2090 353 2131 363 —

2247 319 2564 378 UCTORES
2601 316 2761 378 ANNI
2797 318 3088 381 INCEBTI.

3676 325 3803 386 itii

536 446 643 499 qua
670 444 829 498 eum,
864 431 932 487 de
960 430 1273 502 quibusdam
1316 434 1626 499 consultus,
1670 434 1947 500 instruxit,
1985 434 2130 489 inter
2158 441 2203 498 Α
2235 430 2408 500 ipsum
2459 432 2757 488 decretum
2788 426 2983 489 muniri
3033 435 3213 505 jussit.
3260 433 3418 502 Quod
3468 436 3596 506 quia
3633 447 3807 493 ωυιη

536 531 735 577 cetera
761 521 948 578 dicens
982 540 995 576 :
1033 522 1110 577 De
1155 522 1375 578 occultis
1419 524 1593 578 cordis
1636 523 1797 577 alieni
1827 533 2015 577 temere
2042 523 2133 593 ju-

538 618 717 672 dicare
748 617 985 689 iniquum
1013 629 1109 683 est,
1138 629 1185 673 et
1211 634 1329 673 eum
1356 608 1508 687 cujus
1542 633 1699 688 opera
1745 634 1849 672 non
1889 617 2133 672 videntur

536 707 641 760 nisi
683 706 837 771 bona,
878 716 1147 775 peccatum
1188 717 1263 761 est
1305 722 1369 761 ea:
1405 707 1698 777 suspicione
1741 706 2127 771 reprehendere.

538 794 604 848 Et
654 794 805 852 addit
854 796 909 850 in
959 796 1170 862 eadem,
1220 810 1341 866 qum
1389 809 1757 865 saepenumero
1799 794 1941 848 dicta
1983 802 2130 859 sunt,

536 986 643 1025 non
674 972 904 1030 debeant
933 989 947 1026 :
980 980 1034 1026 et
1069 973 1182 1041 ipse
1214 974 1519 1041 episcopus,
1548 985 1648 1025 nec
1674 970 1853 1024 vocari
1877 979 1964 1023 ant
1988 967 2133 1036 judi-

533 1061 649 1114 eari
698 1067 896 1130 potest,
928 1060 1242 1133 priusquam
1274 1077 1394 1130 qua:
1432 1061 1606 1115 ablata
1634 1063 1763 1125 sint,
1794 1061 1895 1115 sibi
1927 1060 2134 1131 legibus

537 1161 940 1229 restituantur;
996 1170 1053 1216 et
1107 1161 1227 1216 ideo
1282 1161 1369 1217 hic
1416 1160 1879 1229 praetermittenda
1942 1158 2133 1214 existi-

536 1266 769 1307 mantus.

982 1337 1115 1395 LVI.
1141 1370 1211 1380 —
1235 1338 1293 1394 S.
1345 1337 1547 1394 FELIX
1594 1336 1685 1394 IV.

1035 1432 1207 1502 (Anno
1258 1429 1454 1485 Christi
1492 1430 1642 1502 526.)

606 1519 779 1587 Felix,
821 1520 1042 1576 natione
1070 1519 1342 1584 Samnitis,
1384 1534 1447 1576 ex
1489 1529 1642 1591 patre
1685 1518 1949 1583 Castorio,
1996 1519 2136 1574 sedit

535 1626 707 1667 annos
752 1616 1007 1681 quatuor,
1056 1624 1271 1665 menses
1316 1610 1468 1674 duos,
1521 1609 1637 1664 dies
1680 1608 1982 1664 duodecim.
2035 1608 2134 1665 ilic

529 1700 683 1771 jussu
716 1692 1038 1756 Theoderici
1078 1700 1217 1770 regis
1253 1699 1535 1754 ordinatus
1560 1706 1665 1763 est,
1688 1706 1741 1751 et
1763 1696 1967 1768 absque
1998 1713 2131 1754 con-

535 1793 799 1846 tentione.
869 1790 968 1846 ilic
1023 1791 1299 1846 ordinavit
1363 1789 1646 1861 episcopos
1703 1789 2071 1859 undetriginta
2117 1827 2133 1853 ,
2167 1772 2213 1833 Β
2257 1795 2265 1807 ’

531 1881 879 1952 presbyteros
900 1880 1286 1952 quinquaginta
1308 1881 1567 1950 quinque,
1596 1880 1852 1935 diaconos
1879 1888 2131 1949 quatuor.

534 1970 681 2027 Obiit
719 1982 901 2027 autem
950 1973 1132 2028 idibus
1172 1970 1447 2037 Octobris,
1488 1970 1803 2025 Athalarico
1850 1978 2131 2041 regnante.

534 2061 636 2118 llic
663 2071 845 2117 autem
882 2062 1064 2117 multis
1098 2062 1369 2133 episcopis
1410 2076 1507 2132 per
1548 2061 1791 2117 diversas
1821 2062 2133 2131 provincias

532 2151 847 2207 Constitutis
880 2151 1178 2220 rescripsit,
1220 2151 1554 2220 respondens
1602 2149 1805 2204 eisdem
1844 2148 1912 2203 de
1956 2150 2134 2206 eccle-

533 2241 743 2297 siarum
777 2241 1207 2318 consecratione,
1238 2250 1295 2296 et
1330 2240 1399 2297 de
1434 2240 1723 2295 missarum
1754 2239 2135 2297 celebrationi-

534 2331 637 2386 bus
674 2331 750 2385 ita
802 2330 889 2398 (de
936 2328 1095 2384 Cons.
1141 2330 1197 2383 d.
1245 2331 1298 2395 i,
1348 2344 1399 2384 c.
1439 2328 1591 2385 Sicut
1626 2324 1793 2399 non):
1825 2329 1949 2384 Non
1986 2328 2132 2391 alibi,

531 2438 692 2493 quam
715 2423 768 2476 in
802 2422 1025 2476 sacratis
1048 2420 1275 2475 Domino
1303 2421 1432 2474 locis
1459 2419 1651 2490 absque
1684 2436 1877 2490 magna
1913 2420 2136 2474 necessi-

534 2520 639 2565 tate
663 2509 780 2579 ﬁcri
803 2510 986 2564 debere
1008 2508 1167 2581 liquet
1191 2509 1449 2575 omnibus,
1474 2509 1662 2579 quibus
1693 2520 1816 2563 nota
1843 2519 1964 2564 sunt
1997 2509 2137 2565 Noui

532 2611 582 2656 et
616 2601 809 2657 Veteris
842 2601 1157 2657 Testamenti
1192 2612 1484 2673 prcecepta,
1515 2610 1571 2657 et
1596 2600 1751 2672 ponit
1781 2601 1892 2665 illa,
1928 2609 1985 2656 et
2029 2600 2136 2657 illis

533 2691 748 2762 positis,
784 2691 954 2747 dicit:
984 2692 1046 2748 Si
1085 2689 1264 2746 Iudici
1300 2692 1399 2746 hoc
1433 2691 1715 2763 faciebant,
1760 2691 1926 2746 multo
1968 2692 2135 2763 magis

534 2797 630 2837 nos
659 2781 904 2836 debemus
939 2780 1131 2851 templa
1155 2780 1445 2850 (aediﬁcare,
1480 2790 1529 2837 et
1571 2797 1780 2846 ornare,
1815 2790 1864 2835 et
1897 2794 2132 2845 sacrare,

533 2881 581 2925 et
628 2887 734 2925 non
773 2871 897 2926 aliis
940 2862 993 2925 in
1034 2870 1189 2935 locis,
1211 2858 1509 2942 quamDeo
1533 2871 1599 2924 ab
1623 2871 1875 2941 episcopis
1912 2870 2136 2925 sacratis

534 2960 730 3017 missas
751 2959 1033 3027 celebrare,
1074 2977 1171 3016 nec
1216 2961 1483 3031 sacriﬁcia
1524 2961 1749 3017 Domino
1789 2961 2002 3030 oﬂ‘erre,
2032 2959 2135 3015 nisi

535 3051 635 3105 hoc
673 3066 878 3106 summa
916 3052 1197 3105 necessitas
1236 3051 1430 3121 exigat.
1481 3049 1550 3105 Et
1590 3052 1756 3105 satius
1801 3061 1875 3105 est
1921 3051 2133 3106 missam

537 3159 643 3199 non
688 3154 902 3199 cantare
928 3185 943 3210 ,
970 3154 1061 3200 aut
1086 3160 1191 3200 non
1226 3145 1434 3211 audire,
1460 3160 1617 3216 quam
1640 3146 1695 3200 in
1716 3146 1797 3200 his
1838 3146 1966 3200 locis
1991 3146 2131 3231 ﬁeri,
2159 3114 2205 3177 Ο

534 3233 592 3287 in
633 3233 823 3303 quibu's
863 3234 982 3303 ﬁeri
1021 3249 1127 3289 non
1169 3244 1390 3304 oportet.
1446 3233 1851 3291 Solemnitatesi
1875 3251 2005 3291 vero
2051 3236 2136 3307 (de

537 3322 695 3379 Cons.
727 3324 780 3380 d.
815 3325 883 3392 i,
918 3338 970 3380 c.
1013 3324 1402 3397 Solemnitates)
1449 3326 1845 3382 dedicationum
1885 3326 2137 3383 ecclesia-

535 3428 678 3481 rum,
707 3426 763 3470 et
788 3415 1131 3471 sacerdotum
1170 3430 1267 3487 per
1304 3416 1545 3487 singulos
1581 3432 1753 3473 annos
1783 3417 2135 3475 celebrandas

537 3521 659 3563 esse
706 3509 971 3580 asseruit;
1015 3507 1072 3562 in
1120 3509 1310 3564 eadem
1362 3509 1567 3574 dicens,
1622 3508 1797 3579 ipsum
1845 3508 2135 3565 Dominum

535 3597 783 3668 exempla
824 3598 1062 3665 dedisse,
1105 3598 1197 3669 qui
1236 3599 1302 3654 ad
1330 3598 1528 3675 [estum
1557 3599 1918 3655 dedicationis
1947 3600 2134 3671 templi

537 3688 685 3742 venit
716 3679 899 3758 (Joan.
944 3689 1032 3759 x);
1072 3696 1127 3743 et
1155 3689 1298 3758 quod
1349 3698 1473 3744 octo
1515 3688 1724 3743 dierum
1753 3688 1865 3743 sint
1893 3688 2133 3744 encteuia

535 3777 883 3843 celebranda,
916 3778 1041 3833 libri
1069 3777 1271 3850 Regum
1302 3779 1637 3834 dedicatione
1684 3777 1867 3849 templi
1908 3787 2129 3847 peracta

535 3868 825 3923 ostendunt
853 3867 971 3941 (111
999 3868 1123 3939 Reg.
1154 3869 1292 3940 vni).
1342 3870 1418 3923 De
1454 3869 1810 3925 ecclesiarum
1846 3885 1977 3926 vero
2009 3885 2134 3926 cono

533 3958 842 4013 secratione
890 3960 962 4013 ita
988 3959 1241 4030 praecepit
1267 3976 1281 4013 :
1318 3958 1732 4031 Quotiescunque
1764 3960 2056 4027 dubitatur,
2083 3970 2133 4016 et

537 4063 630 4101 nec
658 4058 801 4101 certa
827 4050 1110 4118 scriptura,
1136 4064 1228 4103 nec
1256 4050 1383 4103 certi
1417 4059 1570 4105 testes
1595 4050 1822 4104 existunt
1853 4090 1867 4115 ,
1891 4067 1923 4105 a
1946 4052 2133 4121 quibus

535 4140 857 4194 consecratio
883 4141 1102 4204 sciatur,
1137 4139 1330 4211 absque
1353 4140 1462 4195 ulla
1491 4141 1814 4195 dubitatione
1839 4143 2020 4196 scitote
2042 4158 2131 4197 eas

534 4247 645 4286 esse
673 4232 963 4307 sacrandus
985 4245 1004 4283 :
1029 4218 1120 4288 nec
1160 4232 1282 4287 talis
1308 4232 1588 4302 trepidatio
1615 4232 1711 4302 ﬁat
1751 4230 1819 4288 de
1857 4234 2134 4289 iteratione

430 4326 437 4329 '
537 4320 722 4394 [Ῑιιεὶαι
779 4322 1306 4396 deteriorationem];
1351 4324 1599 4393 quoniam
1646 4341 1752 4380 non
1808 4334 2133 4381 monstratur

534 4429 645 4469 esse
700 4414 984 4479 iteratum,
1036 4415 1175 4486 quod
1215 4417 1446 4470 nescitur
1483 4415 1704 4484 factum.

949 4502 1102 4559 LVII.
1124 4534 1196 4545 -—
1212 4502 1623 4560 BONIFACIUS
1655 4505 1718 4560 II.

1042 4593 1217 4665 (Auno
1244 4595 1439 4648 Christi
1465 4594 1615 4663 550.)
1682 4598 1685 4599 ⁷

605 4680 935 4749 Bonifacius,
968 4684 1187 4739 natione
1218 4684 1512 4751 Romanus,
1545 4672 1612 4741 ex
1652 4693 1803 4757 patre
1844 4686 2120 4743 Deliaben-

535 4775 650 4829 tino
685 4772 1041 4846 [Sigjbuldo],
1073 4777 1213 4832 sedit
1234 4792 1407 4833 annos
1434 4777 1591 4844 duos,
1631 4780 1747 4835 dies
1785 4777 1920 4835 duos
1955 4787 2010 4835 et
2042 4779 2117 4834 vi-

534 4865 688 4934 ginti.
712 4863 841 4920 Fuit
861 4874 1042 4921 autem
1071 4867 1404 4937 temporibus
1426 4869 1720 4925 Athalarici
1767 4871 1912 4942 regis
1953 4871 2123 4926 barre-

536 4957 627 5013 tiei
652 4998 668 5023 ,
712 4966 768 5013 et
815 4955 1016 5014 Justini
1057 4958 1306 5028 Augusti.
1364 4960 1465 5016 Hie
1512 4961 1656 5018 facta
1698 4962 2032 5018 dissensione
2070 4962 2124 5017 in

534 5044 684 5101 clero
717 5055 773 5102 et
800 5057 1013 5116 senatu,
1044 5050 1098 5104 in
1139 5051 1485 5107 contentione
1519 5052 1805 5107 ordinatur
1847 5067 1971 5107 cum
2000 5052 2129 5108 Dio-

537 5151 697 5192 scoro
728 5157 741 5191 :
772 5140 868 5195 sed
896 5141 1184 5199 Dioscorus
1215 5157 1321 5198 non
1349 5141 1517 5198 multo
1556 5153 1681 5214 post
1703 5143 1989 5200 defunctus
2017 5151 2121 5199 est.

542 5222 695 5278 Unde
728 5225 1036 5284 Bonifacius
1062 5228 1176 5299 jam
1215 5231 1443 5301 paciﬁca
1483 5232 1667 5288 sedem
1697 5234 1942 5303 adeptus,
1970 5232 2123 5302 quasi

540 5312 807 5366 damnans
850 5315 1186 5374 Dioscnrum.
1243 5321 1417 5372 noluit
1462 5322 1691 5370 clerum-
1723 5322 1813 5370 nui
1864 5321 2122 5370 Diosenrn

2232 538 2468 578 canones
2494 532 2755 578 statutum
2784 525 2981 597 fuerat,
3011 542 3039 579 a
3069 528 3494 598 congregatione
3539 529 3735 583 iterum
3757 529 3807 584 iu

2230 612 2437 681 synodo
2465 612 2839 683 episcoporum
2868 616 3078 671 ratione
3102 626 3377 670 cassatum
3408 627 3536 682 est;
3563 626 3622 670 et
3641 617 3806 672 chiro-

2231 700 2516 768 graphum,
2544 703 2687 770 quod
2734 702 2857 758 inde
2898 702 3097 758 factum
3139 703 3347 770 fuerat,
3403 698 3532 777 igne
3574 719 3814 760 consum-

2215 799 2379 859 ptum
2411 801 2514 845 est.

536 883 806 948 videlicet,
837 885 978 954 quod
1009 897 1137 939 oves
1161 893 1430 954 pastorem
1463 896 1741 963 accusare,
1773 883 1874 936 nisi
1902 896 2001 950 pro
2030 882 2132 935 tide
2212 884 2216 888 ’

2301 881 2403 937 llic
2423 882 2632 937 Eulalio
2658 882 3032 940 Alexandrinae
3056 885 3314 942 Ecclesiae
3337 887 3601 957 episcopo
3624 887 3814 956 episto-

2230 968 2337 1026 lam
2369 974 2606 1044 scripsit,
2637 975 2689 1028 in
2733 990 2838 1046 qua
2881 976 2929 1031 ei
2979 972 3489 1049 Carthaginiensem
3533 977 3812 1032 Ecclesium

2232 1065 2298 1117 ad
2341 1065 2598 1122 Romana:
2626 1068 2882 1124 Ecclesia:
2918 1071 3353 1125 t'OllllllunIOltem
3396 1084 3675 1125 reversam
3706 1086 3816 1125 esse

2231 1154 2519 1225 signiﬁcat,
2548 1172 2666 1227 quae
2688 1172 2716 1210 a
2745 1148 2982 1228 tempore
3006 1159 3207 1213 Aurelii
3233 1160 3305 1214 ab
3330 1159 3449 1229 ipsa
3478 1161 3814 1215 discesserat.

2232 1243 2482 1300 Aurelius
2509 1246 2651 1299 enim
2680 1245 2919 1315 praefatae
2947 1245 3199 1302 Ecclesia:
3226 1246 3360 1302 olim
3392 1248 3681 1317 episcopus
3702 1264 3814 1303 mm

2231 1330 2450 1401 collegis
2476 1334 2606 1398 suis,
2634 1333 2924 1405 instigante
2967 1335 3201 1401 diabolo,
3236 1336 3527 1405 superbire
3569 1344 3813 1406 tempor-

2231 1428 2333 1485 bus
2372 1427 2829 1500 prmdeeessorum
2877 1437 3224 1493 nostrorum,
3280 1427 3555 1483 Bonifacii
3590 1444 3656 1482 ac
3705 1427 3817 1483 Co:-

2232 1520 2434 1585 lestini,
2461 1528 2649 1574 contra
2689 1519 2983 1572 Romanam
3018 1519 3316 1574 Ecclesium
3358 1520 3552 1590 coepit.
3592 1518 3691 1575 Hic
3735 1520 3817 1575 de-

2236 1611 2455 1668 functus
2477 1619 2561 1667 est
2586 1624 2675 1667 xvn
2701 1609 2927 1665 Kalend.
2962 1608 3247 1666 Novembr.

2674 1698 2848 1755 LVIII.
2871 1730 2940 1740 —
2962 1699 3269 1755 JOANNES
3310 1698 3379 1756 Il.

2732 1789 2906 1861 (Anno
2941 1790 3135 1844 Citriin
3161 1788 3314 1860 55L)

2307 1880 2562 1947 Joannes,
2587 1880 2806 1935 natione
2836 1879 3132 1946 Romanus,
3161 1896 3227 1935 ex
3255 1889 3417 1951 patre
3442 1880 3718 1951 Proiecto,
3744 1897 3820 1940 se-

2236 1974 2314 2028 dit
2334 1987 2504 2027 annos
2527 1973 2682 2036 duos,
2707 1984 2920 2026 menses
2940 1979 3194 2040 quatuor,
3210 1971 3331 2026 dies
3354 1986 3481 2027 sex.
3505 1972 3631 2026 Fuit
3651 1984 3817 2029 autem

2235 2061 2533 2117 Athalarici
2574 2061 2718 2131 regis
2750 2068 2806 2115 et
2850 2058 3140 2115 Iustiniani
3191 2063 3429 2131 Augusti
3477 2065 3817 2133 temporibus.

2234 2151 2515 2209 Ordinavit
2550 2159 2730 2205 autem
2759 2150 3040 2221 episcopos
3069 2150 3257 2222 viginti
3285 2159 3344 2206 et
3385 2166 3584 2217 unum,
3616 2155 3824 2224 presby.

2235 2251 2383 2298 toros
2408 2239 2736 2311 quindecim.
2767 2225 2915 2296 Obiit
2957 2248 3136 2296 autem
3180 2257 3232 2295 γι
3264 2240 3506 2296 Kalend.
3540 2243 3705 2298 Junii.
3734 2243 3821 2299 Hic

2236 2330 2454 2385 Valerio
2484 2331 2738 2401 episcopo
2780 2328 3059 2400 epistolam
3093 2329 3262 2396 misit,
3309 2331 3365 2386 iu
3418 2346 3533 2401 qua
3580 2335 3820 2396 ostentm,

2234 2428 2291 2476 ct
2327 2420 2538 2475 ratione
2565 2427 2617 2474 et
2647 2417 2969 2474 auctoritate
2996 2416 3291 2473 multorum
3329 2420 3619 2490 probavit,
3641 2420 3821 2475 Filium

2236 2508 2502 2564 minorem
2539 2506 2760 2576 quidem
2806 2521 2930 2563 esse
2972 2505 3133 2561 Patre
3176 2507 3230 2559 in
3277 2510 3559 2579 assumpti
3606 2510 3819 2565 hominis

2234 2598 2430 2664 forma,
2460 2596 2720 2668 aequalem
2742 2611 2873 2653 vero
2909 2596 3053 2651 Patri
3096 2610 3219 2652 esse
3258 2598 3317 2651 iu
3358 2598 3593 2654 deitatis
3633 2609 3823 2653 natura:

2234 2690 2575 2745 substantia:
2612 2696 2669 2743 et
2717 2688 2821 2743 hoc
2867 2687 2993 2743 fecit
3039 2687 3181 2750 ideo,
3230 2686 3361 2758 quia
3408 2689 3641 2758 quidam
3685 2698 3823 2744 erant

2235 2781 2379 2851 apud
2408 2794 2532 2836 eum
2559 2779 2652 2851 qui
2685 2778 2960 2851 negabant
2986 2777 3179 2833 Filium
3212 2777 3364 2833 Patri
3391 2794 3524 2835 esse
3551 2779 3821 2850 aequalem.

2660 2869 2796 2925 LIX.
2828 2899 2896 2910 —
2924 2868 2984 2925 S.
3022 2868 3419 2925 AGAPETUS.

2740 2961 2916 3031 (Anno
2951 2960 3145 3016 Chris‘ti
3172 2960 3326 3032 535.)

2304 3053 2598 3126 Agapetus,
2643 3053 2863 3108 natione
2890 3052 3199 3118 Romanus,
3227 3068 3299 3108 ex
3346 3062 3517 3124 patre
3566 3054 3826 3115 Gordiano

2235 3145 2569 3218 presbytero,
2594 3144 2734 3203 sedit
2750 3156 2967 3199 menses
2986 3142 3261 3209 undecim,
3283 3143 3405 3199 dies
3429 3146 3824 3201 novemdecim.

2237 3237 2337 3292 Hie
2362 3235 2636 3292 ordinavit
2660 3234 2941 3307 episcopos
2968 3233 3237 3297 undecim,
3285 3234 3566 3291 diaconos
3589 3245 3820 3306 quatuor.

2234 3324 2333 3381 Hie
2359 3324 2598 3382 libellum
2622 3323 2986 3379 anathematis
3020 3324 3074 3378 in
3107 3323 3457 3391 Dioscorum,
3508 3327 3601 3380 cui
3629 3324 3828 3381 Bonifa-

2233 3417 2349 3474 cius
2390 3417 2605 3473 invidia:
2654 3415 2875 3472 stimulo
2927 3415 3121 3471 ductus
3169 3416 3536 3487 presbyteros
3581 3427 3640 3473 et
3678 3420 3825 3473 etiam

2231 3512 2516 3582 episcopos
2574 3508 2842 3565 subscribi
2909 3505 3279 3578 compulerat,
3340 3509 3613 3565 incendio
3672 3510 3825 3564 dedit.

2231 3602 2570 3660 Justinianus
2597 3609 2778 3655 autem
2816 3599 3095 3655 Tlteodato
3127 3601 3242 3671 regi
3290 3599 3476 3656 fuerat
3509 3603 3824 3673 indignans,

2232 3708 2298 3748 eo
2324 3694 2466 3761 quod
2498 3691 2615 3761 ipse
2640 3689 2880 3760 reginam
2910 3688 3307 3744 Amalasintam
3333 3689 3672 3747 Theoderici
3697 3692 3829 3759 regis

2233 3783 2401 3838 illiam
2429 3782 2533 3838 sibi
2567 3781 2999 3837 commendatam
3039 3780 3339 3836 occiderat.
3379 3782 3544 3839 Unde
3579 3799 3677 3837 rex
3702 3799 3827 3853 pne-

2233 3876 2434 3942 dictus,
2471 3873 2666 3929 timens
2715 3872 3137 3942 indignationem
3199 3872 3454 3943 Augusti,
3522 3876 3824 3943 praedictam

2230 3980 2425 4036 papam
2476 3962 2995 4033 Constantinopolim
3045 3962 3116 4018 ad
3166 3963 3565 4033 imperatorem
3594 3966 3821 4020 direxit:

2232 4056 2324 4128 qui
2350 4072 2382 4111 a
2412 4052 2716 4111 Justiniano
2747 4054 2990 4126 Angusto
3018 4054 3324 4110 honorifice
3353 4066 3670 4128 susceptus,
3714 4064 3822 4127 post

2232 4147 2444 4218 longam
2489 4146 2899 4211 altercationem
2943 4144 3264 4201 Antbimum
3307 4146 3556 4216 ejusdem
3598 4149 3822 4204 civitatis

2230 4244 2568 4313 episcopum,
2597 4241 2653 4296 in
2691 4239 2908 4296 Christo
2935 4240 3069 4295 duas
3109 4250 3339 4296 naturas
3361 4252 3682 4313 negantem,
3705 4257 3821 4297 cau-

2230 4336 2383 4402 vieit,
2414 4342 2472 4391 et
2515 4349 2549 4389 a
2596 4332 2977 4389 communione
3012 4332 3451 4389 Christianorum
3500 4335 3819 4404 suspendit:

2153 4462 2210 4527 ι)
2233 4437 2288 4486 et
2311 4428 2415 4485 isto
2442 4428 2497 4482 in
2527 4425 2781 4482 exsilium
2806 4425 3125 4527 deportato,
3173 4425 3341 4480 alium
3385 4427 3707 4526 episcopum
3732 4440 3821 4480 ue-

2230 4521 2375 4577 mine
2405 4518 2672 4585 Mennam,
2704 4517 2882 4572 virum
2912 4516 3242 4573 catholicum
3262 4557 3278 4583 ,
3306 4518 3358 4572 in
3388 4516 3512 4586 ejus
3550 4518 3674 4573 loco
3700 4532 3821 4572 cnu-

2231 4610 2481 4667 secravit.
2511 4609 2643 4665 Post
2680 4623 2811 4664 vero
2843 4608 3164 4678 aegritudine
3197 4617 3418 4677 captus,
3448 4608 3656 4663 ibidem
3688 4609 3817 4663 idm

2231 4696 2699 4768 Constantinopoli
2742 4713 2777 4751 ι
2803 4695 3028 4751 Kalend.
3061 4696 3186 4752 Maii
3222 4707 3306 4753 est
3333 4697 3647 4752 defendas.
3684 4697 3817 4751 Iden

2228 4802 2389 4860 papa,
2421 4798 2708 4856 antequam
2738 4786 2944 4841 veniret
2977 4787 3030 4840 iu
3064 4783 3334 4842 Graeciam
3356 4824 3373 4852 ,
3421 4785 3692 4841 Antbimo
3714 4787 3795 4856 cpi

2231 4877 2426 4934 stolam
2452 4876 2622 4942 misit,
2654 4868 2707 4930 in
2737 4889 2842 4944 qua
2869 4875 3042 4947 ipsum
3070 4876 3142 4931 ab
3166 4890 3353 4933 errore
3382 4891 3487 4933 suo
3518 4878 3588 4931 ad
3624 4878 3790 4931 verita

2229 4979 2338 5026 tem
2369 4968 2651 5025 catholica:
2680 4967 2803 5024 tidei
2832 4968 3010 5024 redire
3050 4968 3318 5026 hortando
3353 4969 3660 5039 prudenter
3681 4984 3796 5023 cum

2227 5059 2456 5117 monuit.

2651 5151 2763 5208 LX.
2797 5181 2867 5193 -
2906 5149 2963 5206 S.
3007 5148 3390 5207 SILVERIUS.

2718 5241 2906 5313 (Anno
2942 5240 3137 5325 Christi
3165 5240 3314 5311 536.)

2303 5330 2586 5388 Silverius.
2620 5331 2841 5387 natione
2867 5331 3195 5388 Campanus.
3243 5345 3311 5384 ex
3363 5340 3533 5389 natm
3572 5332 3813 5389 Graiam
