3992 6306
128 391 266 453 ms

857 425 862 430 ο
911 387 1188 451 PSEUDO
1224 383 1648 450 LUITPRANDI
1686 379 1817 445 LIB.
1857 387 1944 445 DE
1983 379 2164 446 Vl'l‘lS
2199 379 2366 446 ROM.
2408 383 2612 447 PONT.

3266 387 3408 456 4226

127 507 226 574 Qui
248 513 538 579 corruptus
563 504 815 578 pecunia,
846 503 1006 561 talem
1032 504 1181 560 clero
1202 503 1414 558 induxit
1440 502 1711 566 timorcm,
1743 505 1788 562 Α
1817 499 2031 570 pienter
2043 501 2386 572 promiserat,
2402 502 2678 573 respondit
2699 516 2760 558 se
2776 518 3048 575 nunquam
3072 506 3120 561 ei
3147 509 3415 564 consenti-

128 605 188 651 ut
215 597 310 671 qui
351 597 467 670 ejus
490 596 818 652 ordinationi
847 611 954 652 non
980 595 1368 661 consensisset,
1401 596 1518 650 sine
1553 595 1716 649 dubio

127 688 308 763 gladio
331 689 632 762 puniretur.
661 688 849 760 Itaque
876 687 1106 744 Silverio
1140 688 1239 744 sub
1269 687 1320 742 vi
1349 695 1404 742 et
1438 694 1582 743 metu
1603 685 1716 755 jam

134 784 395 849 ordinato,
443 783 662 838 tandem
692 781 1133 853 subscripserunt
1183 780 1237 836 in
1279 780 1397 852 ejus
1425 779 1717 836 conﬁrma-

137 885 329 936 tionem
371 880 664 936 secundum
709 893 918 936 morem
964 879 1289 951 presbyteri.
1330 877 1460 935 Post
1505 894 1719 936 menses

133 982 308 1026 autem
337 971 494 1038 duos,
521 970 815 1041 praedictus
848 981 1111 1044 tyrannus
1142 981 1274 1028 nutu
1301 972 1481 1027 divino
1510 973 1714 1028 exstin-

132 1063 329 1136 guitur.
371 1064 568 1120 Dolens
597 1075 776 1122 autem
803 1081 870 1122 eo
913 1066 966 1121 in
1012 1074 1253 1136 tempore
1285 1066 1566 1123 Theodora
1609 1067 1720 1122 Au-

132 1165 284 1226 gusta
327 1156 639 1211 Anthimum
691 1158 1062 1228 patriarchatn
1094 1173 1123 1212 a
1161 1157 1224 1212 Β.
1270 1158 1514 1231 Agapeto
1553 1157 1720 1213 fuisse

133 1245 425 1317 depositum
446 1286 462 1312 ,
493 1257 550 1302 et
599 1247 653 1301 in
691 1245 808 1316 ejus
841 1247 1018 1304 locum
1048 1248 1299 1304 Mennam
1348 1251 1717 1321 subrogatum,

132 1339 350 1396 consilio
382 1355 504 1396 cum
535 1340 730 1413 Vigilfo
758 1340 987 1398 diacono
1019 1343 1151 1398 inito
1171 1383 1186 1409 ,
1236 1341 1530 1398 Silverium
1580 1343 1722 1398 litte-

135 1431 211 1486 ris
236 1431 556 1498 obsecravit,
582 1442 641 1488 ut
683 1434 770 1490 vel
813 1434 882 1489 ad
911 1451 971 1490 se
998 1434 1316 1490 festinanter
1345 1437 1581 1501 veniret,
1627 1443 1722 1490 aut

133 1525 486 1595 patriarcham
536 1525 851 1582 Anthimum
897 1528 950 1582 in
1000 1527 1176 1584 locum
1228 1538 1513 1584 revocaret
1539 1527 1722 1600 pristi-

133 1631 280 1670 num.
303 1615 403 1684 Qui
429 1617 552 1672 dum
585 1617 739 1674 lectis
771 1618 985 1684 litteris,
1009 1619 1260 1690 quamvis
1281 1620 1406 1674 vitae
1438 1619 1599 1675 ﬁnem
1626 1635 1723 1692 per

134 1707 292 1779 hujus
322 1724 500 1765 causa:
543 1711 886 1766 occasionem
940 1711 1186 1777 timeret,
1245 1721 1425 1768 tamen
1469 1713 1719 1770 ﬁduciam

131 1801 332 1857 habens
360 1802 412 1856 in
445 1801 694 1869 Domino,
736 1804 1016 1876 rescripsit
1059 1805 1317 1877 Augusta:
1355 1822 1628 1878 nunquam
1661 1823 1722 1864 se

1819 591 1974 660 re,'ut
2004 592 2279 649 hominem
2306 594 2644 661 hrereticum,
2670 604 2725 650 et
2751 614 2778 651 a
2803 599 3161 656 sanctissimis
3173 602 3414 674 Agapeto

1818 694 1874 740 et
1896 683 2126 740 Silverio
2151 685 2463 741 damnatum
2490 699 2791 744 revocaret.
2815 689 2893 746 Eo
2918 699 3158 762 tempore
3183 693 3416 751 Romani

1821 777 2067 833 dolentes
2129 779 2274 848 quod
2323 778 2592 836 Silverius
2637 783 2865 838 consilio
2913 781 3094 855 Vigilii
3141 785 3418 856 depositus

1821 869 2020 934 fuerat,
2067 870 2314 928 videntes
2347 872 2507 927 modo
2535 874 3018 944 opportunitatem,
3067 877 3202 932 duos
3249 884 3420 936 inter-

1819 964 2020 1019 emisse
2037 978 2164 1019 eum
2180 964 2320 1034 apud
2334 965 2628 1038 Augustam
2644 981 3057 1027 accusaverunt.
3074 973 3192 1041 Quo
3211 977 3419 1050 audito,

1819 1054 2061 1126 Augusta
2089 1055 2316 1112 Romam
2343 1055 2658 1114 Scribonem
2684 1062 2852 1127 misit,
2872 1064 2962 1133 qui
2984 1065 3234 1136 Vigilium
3250 1071 3414 1141 cepit,

1821 1145 1947 1200 etin
1975 1147 2097 1201 navi
2118 1148 2352 1218 positum
2374 1148 2896 1223 Constantinopolim
2919 1157 3088 1212 duxit.
3109 1158 3210 1226 Qui
3234 1169 3418 1218 tamen

1823 1237 1892 1291 ab
1927 1237 2352 1308 impcratore,ut
2379 1243 2617 1298 vicarius
2643 1243 2702 1298 Β.
2731 1245 2899 1310 Petri,
2921 1249 3095 1318 primo
3122 1251 3419 1311 honoriﬁce

1824 1341 2110 1402 susceptus
2142 1345 2247 1400 est,
2279 1343 2336 1391 et
2385 1337 2607 1393 biennio
2645 1337 2760 1408 jam
2807 1353 3000 1397 exacto
3041 1343 3319 1416 Augusms
3365 1355 3421 1404 et

1822 1425 2063 1493 Augusta
2111 1425 2419 1481 cautionem
2461 1443 2654 1485 manus
2699 1446 2812 1486 sua:
2859 1433 2908 1486 ei
2956 1438 3322 1505 ostendentes,
3351 1440 3420 1496 de

1823 1513 2085 1570 Anthimo
2108 1519 2435 1585 revocando,
2467 1521 2806 1578 obsecrando
2841 1534 2897 1579 et
2920 1526 3238 1587 altercando
3263 1532 3421 1589 insti-

1824 1613 2026 1662 terunt.
2055 1607 2284 1680 Vigilius
2314 1623 2494 1667 autem
2523 1621 2782 1671 constans
2805 1617 2872 1670 ad
2903 1620 3084 1675 omnia
3135 1624 3271 1691 pati,
3307 1626 3424 1681 nul-

1824 1694 2036 1754 latenus
2082 1715 2270 1756 eorum
2317 1701 2565 1772 petitioni
2601 1705 2897 1776 acquievit,
2927 1717 2982 1764 et
3012 1711 3228 1768 tandem
3276 1716 3424 1772 cola-

1823 1787 2122 1857 phizatus,
2181 1791 2310 1861 quia
2365 1808 2471 1848 non
2531 1791 2899 1852 Justinianum
2961 1811 3017 1856 et
3079 1802 3422 1864 Theodoram

131 1900 504 1947 revocammm
553 1893 827 1950 hominem
876 1875 1192 1951 meum},
1224 1897 1278 1951 in
1329 1913 1427 1953 sua
1480 1875 1719 1968 ᾖεφιίιῖί,
1751 1875 1796 1936 Β
1824 1881 2120 1952 piissimos,
2148 1883 2244 1938 sed
2277 1882 2668 1939 Diocletianum
2700 1897 2756 1943 et
2795 1888 3109 1948 Lutberiam
3139 1895 3424 1968 [Eleuthe-

132 1983 439 2038 damnatum
477 1984 645 2055 juste.
685 1984 840 2041 Unde
886 1985 1164 2059 indignata
1215 1986 1460 2060 Augusta
1509 1989 1718 2045 Belisa-

131 2075 214 2130 rio
238 2075 462 2146 patricio
507 2075 674 2145 jussit
702 2086 762 2131 ut
807 2075 1100 2133 Silverium
1144 2080 1434 2136 occasione
1477 2095 1722 2152 quacun-

130 2183 236 2239 que
268 2168 480 2226 inventa
511 2171 827 2240 deponeret,
858 2181 912 2226 et
955 2170 1205 2243 Vigilium
1251 2175 1717 2242 archidiaconum,

131 2260 221 2330 qui
267 2260 577 2317 Anthimum
635 2278 893 2320 revocare
937 2266 1301 2335 promiserat,
1353 2267 1406 2323 in
1455 2267 1573 2338 ejus
1601 2268 1722 2325 loco

130 2354 494 2412 substitueret.
527 2354 630 2424 Qui
659 2355 785 2428 (hac
812 2357 1025 2413 tandem
1057 2359 1346 2415 occasione
1392 2358 1634 2427 inventa,
1663 2367 1724 2415 ut

129 2444 424 2503 Romanam
455 2448 643 2504 urbem
673 2447 868 2506 Gothis
911 2451 1125 2506 tradere
1167 2451 1359 2524 vellet)
1389 2467 1512 2508 eum
1552 2453 1620 2508 ad
1664 2467 1723 2509 se

129 2548 372 2594 vocatum
392 2579 408 2606 ,
431 2549 488 2596 et
506 2541 655 2597 clero
688 2550 743 2598 et
769 2542 966 2615 popqu
993 2542 1060 2598 ad
1083 2541 1316 2614 primum
1342 2553 1396 2598 ct
1425 2543 1722 2600 secundum

131 2632 306 2688 velum
334 2635 600 2702 retentis,
621 2636 814 2692 stolam
863 2644 919 2692 et.
949 2635 1128 2692 albam
1158 2635 1290 2692 fecit
1316 2636 1367 2692 ei
1410 2635 1635 2701 auferri,
1668 2643 1724 2691 et

131 2733 280 2780 veste
307 2727 624 2783 monachica
661 2727 808 2783 indui
845 2727 1028 2799 jussit.
1055 2727 1122 2783 Et
1147 2727 1253 2783 hoc
1293 2727 1511 2798 negotio
1539 2725 1726 2798 impie-

135 2818 265 2874 tatis
287 2819 492 2887 audito,
526 2821 604 2888 hi,
630 2821 722 2892 qui
748 2837 873 2877 cum
914 2835 980 2876 eo
1009 2827 1312 2886 venerant,
1343 2817 1600 2890 fugerunt
1629 2833 1644 2872 :
1671 2825 1727 2872 et

133 2912 360 2983 Vigilius
386 2914 821 2980 archidiaconus,
856 2913 1012 2986 quasi
1043 2913 1099 2968 in
1131 2929 1226 2970 sua
1261 2912 1366 2968 ﬁde
1397 2927 1521 2968 eum
1553 2911 1727 2967 susci-

131 3006 306 3078 piens,
333 3007 389 3061 in
426 3005 659 3062 Pontum
687 3006 879 3062 exsilio
907 3005 1167 3077 relegavit
1198 3022 1211 3060 :
1247 3005 1337 3061 ubi
1369 3017 1509 3074 pane
1552 3003 1727 3058 tribu-

133 3096 347 3152 lationis
371 3105 428 3153 et
455 3113 596 3169 aqua
640 3097 904 3169 angustiae
949 3105 1309 3161 sustentatus,
1341 3095 1560 3150 tandem
1596 3093 1728 3150 deﬁ-

135 3189 304 3256 ciens,
330 3189 384 3246 in
418 3191 606 3246 eodem
649 3191 771 3248 loco
797 3207 871 3245 xu
906 3189 1132 3246 Kalend.
1162 3189 1289 3244 Julii
1323 3187 1603 3245 confessor
1631 3188 1726 3244 de-

136 3280 351 3340 functus
371 3291 456 3340 est
482 3299 498 3338 :
527 3283 620 3339 ubi
646 3284 775 3354 aegri
800 3283 956 3338 multi
986 3289 1270 3338 sanantur.
1596 3287 1598 3290 '

208 3376 305 3434 Hic
329 3376 610 3448 epistolam
638 3376 918 3447 rescripsit
944 3374 1174 3430 amatori
1218 3374 1498 3445 episcOpo,
1527 3369 1582 3426 in
1616 3384 1725 3440 qua

138 3478 196 3527 et
222 3469 324 3526 hoc
349 3467 662 3539 postulanti,
695 3467 930 3538 qualiter
973 3467 1122 3523 circa
1169 3481 1230 3520 se
1287 3473 1470 3520 actum
1522 3460 1722 3526 fuerat,

135 3561 372 3620 breviter
399 3560 696 3626 enarravit,
727 3569 784 3614 et
812 3557 1048 3616 ofﬁcium
1079 3571 1236 3612 suum
1265 3571 1374 3612 non
1405 3554 1527 3610 ideo
1567 3549 1726 3607 diuti-

137 3656 292 3720 sisse,
329 3653 424 3710 sed
455 3652 797 3725 congregatis
843 3650 1137 3722 episcopis,
1169 3662 1308 3720 quos
1353 3645 1547 3717 potuit,
1581 3641 1722 3708 illos,

137 3744 231 3816 qui
259 3745 435 3814 ipsum
465 3744 843 3814 deposuerant,
866 3757 926 3798 se
959 3738 1322 3796 anathematis
1349 3734 1566 3792 vinculo
1589 3733 1726 3790 obii-

136 3850 293 3906 gasse
307 3833 593 3905 signiﬁcat,
607 3842 664 3888 et
683 3841 929 3898 czeteros,
946 3831 1038 3902 qui
1051 3829 1307 3899 deinceps
1322 3825 1489 3881 ullum
1515 3823 1727 3896 episco-

133 3944 327 4000 porum
343 3927 418 3983 ita
437 3927 766 3997 deciperent,
785 3925 1069 3981 anathema
1095 3921 1414 3977 maranatha
1430 3918 1548 3975 ﬁeri
1563 3915 1723 3972 dixit.

207 4023 368 4087 Item,
406 4020 597 4093 Vigilio
626 4017 740 4088 jam
787 4033 942 4090 papae
993 4017 1290 4073 constituto
1336 4011 1620 4085 epistolam
1669 4011 1726 4065 in

131 4132 297 4174 suam
331 4115 740 4171 damnationem
769 4112 939 4178 misit,
964 4111 1038 4167 ita
1088 4111 1230 4166 inter
1284 4117 1483 4165 ctetera
1540 4106 1727 4162 dicens

132 4209 254 4284 (23,
283 4224 340 4280 q.
367 4207 424 4274 4,
455 4223 505 4264 c.
533 4205 844 4278 Belisarius)
871 4223 886 4261 :
918 4200 1122 4259 Habeto
1152 4220 1276 4275 ergo
1322 4218 1442 4258 cum
1483 4202 1587 4266 his,
1635 4200 1727 4270 qui

129 4300 230 4356 tibi
253 4299 605 4363 consentiunt,
628 4313 792 4368 pana:
816 4296 1172 4350 damnationis
1195 4295 1525 4367 sententiam,
1551 4290 1728 4348 subla-

128 4405 354 4465 tumque
392 4392 486 4447 tibi
524 4407 713 4446 nomen
757 4397 806 4445 et
845 4404 1036 4443 munus
1074 4387 1353 4443 ministerii
1380 4381 1727 4441 sacerdotalis

128 4505 388 4559 agnosce,
413 4485 645 4558 Spiritus
681 4483 850 4540 sancti
870 4481 1075 4553 judicio
1099 4489 1147 4536 et
1175 4478 1464 4551 apostolica
1504 4495 1538 4533 a
1579 4475 1728 4532 nobis

127 4580 457 4636 auctoritate
492 4581 795 4632 damnatus.
825 4571 917 4630 Sic
944 4574 1083 4628 enim
1111 4571 1257 4626 decet
1311 4569 1442 4638 (25,
1487 4584 1542 4640 q.
1588 4567 1643 4631 2,
1677 4582 1722 4622 c.

127 4670 229 4728 Sic
257 4668 425 4741 decet)
454 4667 612 4739 ﬁdem
627 4675 928 4721 sanctorum
952 4661 1174 4717 Patrum
1196 4661 1250 4715 in
1271 4659 1509 4716 Ecclesia
1532 4660 1730 4714 servari

126 4761 428 4828 catholica,
469 4769 549 4824 ut,
593 4757 732 4830 quod
770 4756 952 4812 habuit
990 4755 1234 4819 amittat,
1272 4752 1362 4824 qui
1396 4750 1727 4823 improbabili

124 4853 452 4919 temeritate,
483 4851 622 4923 quod
653 4866 758 4904 non
779 4843 1068 4918 acceperat,
1092 4844 1452 4915 assumpserit.

593 4940 756 4997 LXI.
791 4969 866 4983 —-
898 4934 1300 4996 VIGILIUS.

643 5033 816 5106 (Anno
846 5031 1041 5087 Christi
1078 5027 1230 5099 sto.)

208 5130 469 5204 Vigilius,
501 5127 722 5184 natione
748 5125 1047 5189 Romanus,
1079 5139 1149 5180 ex
1170 5131 1327 5196 patre
1350 5121 1581 5189 Joanne,
1604 5135 1735 5178 con-

125 5223 284 5289 sule,
338 5223 482 5278 sedit
512 5234 684 5276 annos
708 5217 1116 5288 septemdecim,
1161 5230 1380 5272 menses
1433 5230 1568 5280 sex,
1619 5213 1736 5269 dies

122 5315 340 5389 viginti
371 5316 628 5387 quinque.
666 5313 767 5367 Hic
813 5312 1090 5368 ordinavit
1132 5311 1415 5381 episcopos
1461 5307 1734 5378 octoginta

120 5417 192 5467 et.
219 5423 420 5473 unum,
443 5407 794 5477 presbyteros
823 5402 1182 5475 quadraginta
1210 5418 1327 5467 sex,
1354 5402 1608 5458 diaconos
1651 5413 1740 5454 se-

123 5501 348 5557 decim.
389 5497 468 5554 Eo
495 5506 676 5553 autem
715 5503 978 5566 tempore,
1005 5507 1116 5563 quo
1172 5492 1456 5548 Theodora
1497 5491 1735 5563 Augusta

120 5588 410 5664 Vigilium
439 5589 494 5643 in
531 5587 658 5644 sede
685 5585 1002 5656 apostolica,
1030 5585 1174 5640 sicut
1199 5583 1312 5654 ipsa
1329 5583 1587 5654 iusserat,
1607 5597 1736 5637 con-

120 5686 404 5743 stitutum
427 5679 594 5736 fuisse
617 5677 858 5749 accepit;
886 5677 938 5732 ei
968 5675 1206 5747 scripsit,
1223 5691 1422 5747 rogans
1457 5683 1518 5730 ut
1541 5675 1654 5746 ipse
1668 5675 1734 5730 ad

121 5793 194 5836 se
207 5775 461 5843 veniret,
476 5782 550 5840 et,
565 5772 707 5845 quod
733 5771 874 5827 bona
888 5767 1244 5826 voluntate‘de
1261 5767 1520 5824 Anthimo
1533 5767 1737 5838 promi-

118 5879 317 5938 serat,
338 5865 676 5938 adimpleret.
692 5861 920 5934 Vigilius
939 5869 1144 5928 autem,
1159 5861 1406 5932 quamvis
1427 5861 1578 5921 prius
1601 5861 1736 5923 insi-

553 5958 833 6036 Psnot.
865 5951 1159 6022 CXXIX.

1823 1974 1984 2048 riam]
2025 1991 2085 2030 se
2114 1976 2388 2034 invenisse
2417 1979 2645 2042 dixerat,
2698 1986 2978 2052 respondit
3031 1990 3096 2041 ad
3145 1990 3353 2062 singula
3401 2011 3420 2052 :

1821 2065 2009 2123 Facite
2040 2076 2100 2122 ut
2127 2068 2322 2134 vultis;
2355 2069 2511 2141 digna
2541 2071 2686 2127 enim
2709 2072 2872 2129 factis
2899 2078 3122 2148 recipio.
3146 2081 3213 2136 Et
3237 2084 3424 2142 volens

1825 2158 1988 2230 hujus
2012 2176 2268 2216 aerumnae
2297 2171 2550 2217 eventum
2581 2179 2799 2236 quoquo
2825 2168 2984 2224 modo
3016 2172 3206 2240 vitare,
3251 2177 3302 2232 in
3331 2194 3422 2236 ec-

1825 2252 2048 2308 clesiam
2099 2253 2160 2307 S.
2210 2253 2526 2323 Euphemia:
2575 2256 2807 2329 fugiens,
2863 2262 3055 2320 altaris
3111 2267 3420 2329 columnam

1824 2343 2073 2414 amplexu
2103 2345 2395 2412 astrinxit;
2439 2346 2535 2403 sed
2559 2347 2634 2401 ibi
2661 2358 2928 2420 arreptus,
2955 2364 3108 2410 extra
3133 2359 3418 2420 ecclesiam

1824 2433 2060 2500 ducitur,
2089 2434 2323 2505 funeque
2350 2437 2490 2493 collo
2534 2437 2651 2508 ejus
2702 2442 2940 2511 alligato,
2997 2463 3093 2517 per
3140 2452 3420 2511 civitatem

1825 2542 1997 2596 usque
2023 2528 2090 2583 ad
2115 2543 2395 2598 vesperam
2420 2531 2846 2605 circumquaque
2869 2537 3419 2611 distrahitur,deinde

1827 2618 1878 2689 in
1935 2618 2181 2674 custodia
2225 2629 2579 2690 reservatur;
2643 2624 2827 2682 clerici
2878 2643 3026 2696 vero,
3061 2634 3153 2702 qui
3183 2651 3307 2692 cum
3351 2655 3418 2696 eo

1826 2712 2179 2778 advenerant,
2200 2714 2430 2784 dispersi
2451 2715 2505 2770 in
2523 2717 2717 2774 exsilia
2743 2719 3086 2791 relegantur:
3109 2731 3202 2784 sed
3229 2743 3418 2805 postea

1825 2803 2071 2860 Romano
2098 2804 2245 2861 clero
2275 2815 2330 2861 et
2355 2816 2548 2864 senatu
2576 2811 2915 2881 rogantibus,
2949 2817 3192 2876 redditus
3231 2803 3284 2877 et
3335 2840 3419 2880 re-

1826 2897 2050 2952 stitutus
2073 2907 2158 2952 est
2185 2895 2433 2969 Vigilius.
2465 2899 2572 2956 Sed
2599 2902 2651 2956 in
2682 2901 2800 2973 ipso
2832 2906 3028 2973 reditu,
3064 2909 3116 2964 in
3147 2910 3418 2982 Syracusa

1825 2991 2076 3048 videlicet
2105 2992 2257 3058 urbe,
2286 2991 2480 3047 calculi
2511 2993 2696 3051 dolore
2720 2996 2889 3052 vitam
2917 2999 3111 3056 ﬁnivit.

1899 3083 1999 3140 Hic
2028 3082 2296 3139 Eucherio
2326 3083 2634 3159 [Eutherio]
2661 3087 2918 3162 episcopo
2964 3097 3290 3168 rescriptum
3335 3101 3420 3158 di-

1829 3179 1992 3245 rexit,
2015 3177 2069 3234 in
2094 3194 2202 3249 quo
2227 3194 2348 3234 eum
2378 3178 2659 3244 instruxit,
2699 3181 2829 3251 quid
2858 3184 2926 3238 de
2953 3177 3049 3241 bis.
3083 3197 3268 3248 tenere
3305 3193 3417 3248 ’de-

1751 3249 1798 3313 C
1829 3273 1973 3338 beat,
2000 3272 2092 3342 qui
2127 3272 2201 3327 ita
2232 3272 2619 3328 abstinentiam
2643 3249 2917 3342 simulant,
2955 3289 3013 3333 ut
3039 3298 3132 3337 esu
3170 3287 3414 3343 carnium

1828 3366 2125 3436 quemlibet
2151 3365 2318 3436 pollui
2356 3366 2619 3434 credant;
2676 3368 2751 3424 ita
2787 3381 2912 3441 post
2935 3374 3100 3430 multa
3136 3379 3417 3447 praemissa

1828 3457 2160 3528 subjungens
2195 3474 2210 3512 :
2251 3457 2584 3530 Quapropter
2619 3477 2711 3516 nec
2737 3461 3111 3521 abstinentiam
3155 3468 3262 3525 Deo
3303 3471 3421 3542 pla-

1826 3551 1986 3603 citam
2014 3548 2374 3620 reprobamus,
2400 3565 2493 3605 nec
2541 3568 2650 3619 eos,
2685 3554 2775 3623 qui
2817 3568 3160 3612 exsecrantur
3204 3559 3420 3618 Domini

1826 3653 2146 3708 creaturam,
2171 3641 2227 3695 in
2255 3651 2434 3696 nostra
2455 3643 2704 3697 societate
2726 3646 3024 3715 recipimus.
3059 3649 3210 3716 Item,
3238 3655 3303 3708 de
3334 3655 3419 3711 his

1825 3731 1917 3801 qui
1966 3731 2020 3786 in
2070 3732 2177 3786 ﬁne
2227 3730 2558 3802 psalmorum
2608 3733 2874 3791 subducta
2926 3753 3029 3792 una
3077 3741 3420 3810 conjunctiva

1825 3824 2030 3896 syllaba
2050 3824 2272 3881 dicunt:
2296 3823 2480 3880 Gloria
2504 3823 2678 3894 Patri,
2701 3825 2844 3883 Filio
2869 3841 2915 3884 et
2949 3829 3172 3902 Spiritui
3197 3849 3380 3893 sancto
3400 3857 3421 3896 :

1825 3928 1880 3974 et
1899 3918 1972 3974 ita
1996 3918 2242 3984 dicendo,
2263 3917 2516 3988 perfectae
2535 3916 2816 3974 Trinitatis
2833 3923 3151 3980 vocabulum
3177 3928 3430 3986 minuere

1826 4019 2116 4076 conantur,
2131 4007 2403 4080 subiungit
2423 4009 2640 4066 dicens:
2663 4009 2818 4076 Quod
2837 4012 2882 4064 si
2905 4013 2962 4066 in
2983 4030 3158 4069 errore
3174 4033 3420 4086 perman-

1825 4105 2009 4170 serint,
2034 4102 2163 4158 socii
2204 4103 2351 4157 nobis
2398 4117 2509 4158 esse
2554 4118 2659 4157 non
2691 4113 2930 4171 possunt.
2955 4103 3032 4159 De
3083 4107 3165 4161 his
3211 4110 3302 4178 qui
3352 4110 3422 4166 ab

1825 4201 2042 4258 Arianis
2071 4199 2392 4270 rebaptizati
2420 4205 2566 4264 sunt,
2597 4197 2831 4268 qualiter
2859 4199 2968 4254 sint
2991 4203 3310 4272 recipiendi,
3337 4205 3422 4260 di-

1828 4293 1930 4349 cit:
1949 4291 2190 4358 Quorum
2213 4288 2594 4354 reconciliatio,
2611 4305 2715 4342 non
2742 4306 2835 4360 per
2855 4289 3002 4345 illam
3033 4292 3418 4364 impositionem

1829 4401 2037 4447 manus,
2089 4399 2207 4455 qua:
2255 4397 2348 4453 per
2398 4381 2568 4436 sancti
2612 4381 2844 4452 Spiritus
2897 4383 3277 4443 invocationem
3332 4390 3416 4460 ﬁt,

1831 4485 2112 4547 operatur;
2176 4473 2268 4528 sed
2320 4489 2412 4543 per
2452 4473 2622 4540 illam,
2693 4491 2795 4545 qua
2849 4477 3164 4546 paenitentia?
3216 4481 3422 4550 fructus

1833 4569 2146 4641 acquiritur",
2186 4580 2234 4622 et
2281 4568 2662 4622 communionis
2707 4567 2925 4640 [sanctae
2964 4571 3128 4644 com.]
3161 4576 3420 4632 restitutio

1831 4664 2121 4737 perﬁcitur.
2175 4661 2354 4717 Item:
2395 4661 2476 4716 De
2519 4661 2720 4731 fabrica
2755 4663 3031 4733 cujus/ibet
3077 4667 3331 4736 ecciesiw,
3376 4673 3424 4726 si

1835 4759 2048 4829 dirupta
2095 4757 2275 4828 fuerit,
2324 4756 2678 4811 instauranda
2729 4757 2818 4829 (de
2854 4757 3012 4814 Cons.
3063 4761 3118 4816 d.
3168 4763 3219 4828 l,
3263 4779 3314 4819 c.
3345 4764 3424 4820 De

1840 4850 2062 4923 fabrica)
2087 4866 2106 4916 ;
2140 4858 2189 4904 et
2219 4849 2266 4904 si
2293 4849 2350 4903 in
2378 4864 2439 4903 eo
2469 4849 2878 4914 consecrationis
2900 4851 3205 4908 solemnitas
3239 4855 3425 4910 debeat

1833 4942 2040 5008 iterari,
2067 4943 2123 4996 in
2150 4958 2252 5012 quo
2288 4942 2598 4996 sanctuaria
2645 4957 2748 4996 non
2774 4939 3012 5010 fuerint,
3055 4943 3188 4997 nihil
3207 4945 3426 5016 judica-

1838 5035 2002 5090 vimus
2025 5033 2246 5104 oﬂicere,
2281 5036 2328 5088 si
2369 5049 2527 5104 super
2560 5049 2675 5086 eam
2707 5032 2922 5087 minime
2951 5050 3090 5105 aqua
3121 5039 3425 5096 exorcizata

1826 5126 2085 5198 jactetur,
2122 5127 2250 5198 quia
2289 5126 2734 5180 consecrationem
2771 5125 3051 5195 cujuslibet
3080 5131 3336 5199 ecclesiw,
3367 5134 3426 5187 in

1835 5235 1939 5291 qua
1970 5217 2196 5288 Spiritui
2230 5229 2412 5274 sancto
2444 5235 2540 5272 ara
2584 5234 2687 5272 non
2735 5216 2996 5285 ponitur,"
3025 5219 3424 5278 celebrationem

1839 5307 2232 5382 [celebritatem]
2263 5318 2465 5363 tantum
2487 5309 2677 5363 scimu.
2709 5325 2818 5363 esse
2857 5311 3178 5366 missarum:
3209 5324 3256 5368 et
3283 5315 3420 5382 ideo,

1835 5403 1882 5458 si
1903 5419 2004 5474 qua
2033 5411 2336 5457 sanctorum
2368 5400 2586 5456 basilica
2619 5418 2652 5455 a
2695 5400 3052 5470 fundamentis
3081 5404 3242 5458 etiam
3263 5405 3424 5474 fuerit

1837 5495 2111 5560 innovata,
2126 5494 2237 5548 sine
2259 5491 2438 5560 aliqua
2455 5492 2800 5559 dubitatione,
2831 5509 2950 5547 cum
2975 5494 3031 5548 in
3059 5511 3121 5548 ea
3142 5496 3424 5552 missarum

1839 5584 2137 5640 solemnitas
2167 5583 2332 5653 fuerit.
2365 5580 2649 5648 celebrata,
2699 5583 2860 5638 totius
2907 5583 3258 5652 sanctiﬁcatio
3299 5602 3426 5642 con-

1839 5674 2148 5730 secrationis
2170 5671 2486 5742 implebitur.
2515 5670 2576 5726 Si
2608 5687 2724 5726 vero
2748 5673 3076 5740 sanctuaria,
3111 5689 3231 5746 qua:
3265 5676 3417 5733 liabe-

1840 5771 1951 5834 bat,
1977 5765 2155 5822 ablata
2176 5766 2302 5832 sint,
2339 5780 2524 5820 rursus
2570 5780 2751 5819 eorum
2788 5763 3120 5835 repositione,
3149 5775 3200 5822 et
3229 5769 3423 5825 missa-

1841 5879 1959 5920 rum
1977 5859 2326 5930 solemnitate,
2356 5859 2696 5916 reverentiam
2717 5858 3156 5928 sanctificationis
3183 5847 3420 5936 accipiet.

2899 5950 2986 6016 '39
