3992 6306
412 374 558 454 test“
647 365 771 456 -“"
812 364 834 380 '

651 487 750 501 --.σν

1156 373 1448 443 APPEND.
1488 373 1581 438 AD
1619 377 1797 439 SxEC.
1839 367 1933 436 IX.
1973 409 2044 459 1—
2081 375 2453 436 AUCTORES
2487 376 2655 436 ANNI
2690 372 2988 436 INCERTI.
3555 372 3693 433 Im

833 495 1567 557 LXVII.—-SABINIANUS.
2027 495 2074 556 Α
2103 495 2378 564 septimum
2402 494 2578 550 nullus
2600 493 2934 550 Christianus
2957 507 3108 547 suam
3132 499 3479 546 commatrem
3497 491 3556 545 in
3575 507 3698 548 con-

908 591 1082 666 (Anno
1121 590 1318 646 Christi
1351 589 1502 662 604.)
2108 585 2308 655 tugium
2331 587 2555 657 recipere
2573 585 2722 640 debet
2752 601 2771 640 :
2802 594 2850 639 et
2889 585 2981 656 qui
3020 583 3436 654 prresumpserit,
3478 584 3700 636 anathe-

484 687 832 752 Sabinianus,
860 683 1082 740 natione
1112 681 1340 748 Tuscus,
1369 683 1436 739 de
1465 681 1686 738 civitate
1712 680 1904 746 Blera,
1935 679 2003 735 de
2104 680 2261 732 matis
2277 676 2482 732 vinculo
2509 675 2756 748 religetur
2779 677 2836 730 in
2856 685 3182 746 perpetuum,
3207 675 3308 728 nisi
3340 673 3700 742 paenitentiam

411 790 564 852 patre
589 779 771 836 Bono.
809 775 950 832 sedit
991 789 1192 829 annum
1244 790 1431 840 unum,
1482 787 1696 829 menses
1743 773 2002 842 quinque,
2105 771 2264 842 egerit
2290 770 2468 841 digne.
2499 767 2748 824 Mulieres
2778 784 2918 834 vero,
2941 783 3058 826 cum
3081 775 3342 837 separata:
3384 763 3704 836 fuerintltsc

410 873 528 930 dies
550 881 692 927 octo.
732 869 832 926 Hic
862 867 1069 924 addidit
1095 866 1383 922 luminaria
1414 866 1467 921 in
1519 865 1753 922 ecclesia
1800 863 1862 918 Β.
1897 861 2002 918 Pe-
2106 878 2202 933 pro
2222 860 2550 916 illicitatione
2577 859 2787 932 [illicita
2806 857 2883 931 re]
2907 875 2940 912 a
2966 856 3194 927 propriis
3217 857 3544 921 vitis,totam
3573 869 3708 923 prc-

412 962 506 1017 tri.
545 961 644 1018 Hic
669 959 940 1016 ordinavit
976 957 1261 1028 episcopos
1281 957 1472 1029 viginti
1502 972 1618 1013 sex.
1649 954 1798 1014 Obiit
1823 962 2004 1010 autem
2109 954 2330 1024 cipimus
2362 953 2585 1023 recipere
2611 952 2808 1016 dotem,
2834 967 2993 1022 quant
3013 950 3070 1004 in
3105 949 3194 1004 die
3234 945 3460 1020 nuptiali
3500 960 3708 1014 recepe—

413 1065 512 1106 vnt
556 1050 787 1108 Kalend.
825 1048 1028 1104 Martii.

784 1139 1012 1196 LXVIII.
1031 1136 1524 1219 —_BONIFACIUS
1554 1136 1641 1193 III.

919 1231 1093 1301 (Anno
1125 1229 1317 1285 Christi
1357 1229 1508 1302 606.)

489 1324 819 1390 Bonifacius,
851 1323 1070 1378 natione
1112 1305 1411 1391 Romanus,
1463 1339 1531 1379 ex
1582 1332 1736 1396 patre
1779 1322 2012 1389 Joanne,

420 1426 554 1478 sedit
587 1434 800 1475 menses
829 1427 974 1484 octo,
1014 1419 1130 1474 dies
1183 1419 1372 1489 viginti
1428 1419 1585 1475 duos.
1631 1419 1730 1475 Hic
1781 1418 2017 1475 obtinuit

419 1512 560 1583 apud
587 1511 879 1567 Phocatem
907 1509 1210 1581 principem
1242 1518 1300 1563 ut
1325 1509 1568 1566 Ecclesia
1595 1509 1863 1576 Romana,
1913 1509 2018 1565 sic-

420 1609 481 1656 ut
509 1601 750 1656 omnium
782 1599 1147 1656 Ecclesiarum
1180 1608 1344 1670 caput
1378 1609 1462 1654 est
1487 1640 1504 1665 ,
1557 1601 1631 1656 ita
1679 1601 1845 1656 etiam
1883 1598 2021 1654 Cou-

420 1691 940 1762 stantinopolitanze,
973 1707 1094 1762 quae
1128 1706 1187 1747 se
1217 1692 1460 1746 omnium
1491 1691 1860 1747 Ecclesiarum
1911 1689 2020 1760 pri-

2111 1055 2258 1113 runt,
2279 1055 2328 1101 et
2353 1055 2467 1118 post
2498 1044 2759 1115 expletum
2783 1060 2984 1098 annum
3013 1042 3266 1111 recipiant
3290 1039 3458 1095 alium
3491 1039 3667 1093 uirum
3689 1077 3707 1102 ,

2115 1137 2158 1192 si
2183 1137 2459 1192 voluerint.
2486 1136 2744 1193 Similiter
2770 1147 2817 1190 et
2840 1137 2922 1189 vir
2943 1150 3182 1188 uxorem.

2500 1230 2686 1286 LXXI.
2714 1261 2785 1272 —
2806 1227 3213 1286 BONIFACIUS
3244 1226 3309 1283 ν.

2620 1322 2794 1394 (Anno
2825 1319 3021 1377 Christi
3053 1320 3205 1392 6I7.)

2189 1416 2515 1480 Bonifacius,
2548 1415 2771 1480 natione
2817 1413 3157 1485 Catnpanus,
3199 1411 3268 1468 de
3307 1411 3534 1467 civitate
3585 1409 3720 1465 Nea-

2119 1509 2250 1581 poli,
2281 1509 2423 1564 sedit
2459 1523 2631 1564 annos
2668 1507 2931 1578 quinque,
2965 1520 3183 1561 menses
3209 1503 3419 1560 decem.
3453 1503 3555 1559 Hic
3583 1519 3718 1558 con-

2122 1601 2299 1657 stituit
2350 1610 2410 1656 ut
2453 1607 2837 1655 testamentum
2875 1595 3173 1652 secundum
3217 1594 3483 1666 principis
3515 1593 3720 1660 iussio-

2124 1708 2246 1748 nem
2279 1691 2472 1746 valeat.
2507 1690 2801 1746 Constituit
2827 1689 2990 1745 etiam
3022 1696 3082 1744 ut
3120 1687 3301 1743 nullus
3352 1686 3627 1742 violenter
3652 1685 3724 1740 de

421 1799 566 1839 mam
595 1798 717 1839 esse
740 1782 1002 1853 iactabat.
1064 1783 1162 1838 Hic
1192 1784 1477 1839 constituit
1504 1792 1561 1838 ut
1601 1783 1780 1839 nullus
1809 1783 2023 1838 vivente
2126 1787 2357 1844 ecclesia
2385 1785 2662 1840 auferatur
2692 1802 2705 1839 :
2747 1798 2848 1839 nec
2869 1782 3086 1852 aliquis,
3117 1782 3221 1837 nisi
3252 1781 3564 1852 presbyter,
3597 1792 3728 1833 san-

421 1874 675 1944 cpiscopo
714 1876 780 1930 de
833 1877 950 1946 eius
999 1889 1316 1931 successore
1364 1884 1525 1945 agat,
1569 1875 1666 1931 sed
1720 1875 1884 1930 tertio
1937 1876 2023 1930 die
2053 1861 2097 1920 Β
2127 1891 2337 1937 ctorum
2366 1889 2666 1949 martyrum
2705 1877 2964 1946 reliquias
3008 1877 3075 1932 de
3118 1874 3346 1932 ecclesia
3373 1874 3561 1928 levare
3591 1887 3724 1941 pm

423 1964 777 2036 depositionis
805 1965 940 2034 ejus,
977 1967 1214 2021 adunato
1244 1966 1392 2022 clero
1427 1976 1482 2022 et
1522 1965 1752 2036 populo,
1781 1966 1880 2022 ﬁat
1921 1965 2024 2021 ele-

425 2056 555 2112 ctio.
581 2055 682 2113 Hic
703 2056 974 2112 ordinavit
998 2058 1284 2129 episcopos
1309 2057 1498 2128 viginti
1529 2057 1682 2112 duos.

747 2147 936 2204 LXIX.
966 2178 1036 2190 —-
1059 2147 1118 2204 S.
1169 2147 1578 2206 BONIFACIUS
1615 2145 1684 2202 IV

927 2239 1100 2312 (Anno
1132 2238 1328 2294 Christi
1369 2238 1518 2310 607.)

499 2333 835 2399 Bonifacius,
868 2332 1092 2388 natione
1121 2331 1351 2399 Marsus,
1396 2333 1463 2388 de
1509 2333 1732 2390 civitate
1785 2330 2024 2400 Valeria,

430 2439 498 2480 ex
521 2433 677 2495 patre
701 2422 911 2479 Joanne
939 2423 1180 2490 medico,
1231 2423 1370 2478 sedit
1419 2437 1591 2478 annos
1639 2437 1756 2490 sex,
1816 2437 2028 2478 menses

429 2524 576 2583 octo,
593 2517 708 2572 dies
729 2516 1035 2572 duodecim.
1071 2515 1244 2586 Hujus
1265 2517 1599 2586 temporibus
1629 2514 1798 2571 fatnes
1825 2516 2026 2582 valida,
2087 2551 2110 2561 ς

431 2616 486 2663 et
517 2609 902 2665 inundationes
933 2625 1200 2680 aquarum
1253 2610 1588 2682 gravissima:
1630 2609 1871 2666 luerunt.
1929 2610 2030 2666 Hic

435 2701 699 2771 templum
727 2700 1007 2757 Pantheon
1041 2701 1185 2772 quod
1229 2701 1548 2769 vocabatur,
1586 2717 1615 2756 a
1652 2702 1830 2758 Phoca
1886 2703 2032 2773 prin-

435 2793 556 2862 cipe
605 2793 783 2865 petiit,
817 2793 962 2864 quod
997 2802 1051 2849 et
1079 2794 1420 2849 consecravit
1445 2793 1498 2848 in
1534 2795 1796 2850 honorem
1831 2793 1889 2848 S.
1923 2793 2036 2848 Ma-

434 2883 533 2940 rim
587 2885 816 2955 virginis
844 2895 900 2942 et
926 2887 1168 2942 omnium
1220 2897 1540 2958 martyrum.
1604 2885 1704 2942 Hic
1761 2887 2034 2942 ordinavit

436 2975 718 3048 episcopos
739 2977 958 3048 triginta
987 2994 1104 3045 sex,
1136 2979 1397 3034 diaconos
1423 2987 1567 3034 octo.
1609 2976 1908 3034 Defunctus
1951 2987 2037 3034 est

438 3073 618 3120 autem
647 3081 683 3120 x
710 3064 936 3122 Kalend.
971 3067 1142 3122 Junii.

856 3156 1020 3214 LXX.
1037 3189 1105 3199 —
1121 3157 1178 3214 S.
1213 3157 1616 3214 DEUSDEDIT.

941 3251 1112 3323 (Anno
1143 3249 1338 3306 Christi
1386 3252 1534 3321 6M.)

513 3345 828 3413 Deusdedit,
857 3345 1080 3402 natione
1099 3345 1399 3411 Romanus,
1445 3362 1514 3402 ex
1562 3355 1716 3417 patre
1757 3347 2035 3420 Stephano

443 3438 797 3504 subdiacono,
836 3439 976 3494 sedit
1001 3453 1174 3492 annos
1206 3447 1337 3505 tres,
1371 3437 1486 3494 dies
1508 3439 1748 3509 triginta.
1795 3440 1894 3495 Hic
1923 3441 2034 3496 cle—

444 3546 565 3586 rum
602 3531 830 3586 multum
859 3531 1071 3598 dilexit,
1103 3533 1492 3588 etsacerdotes
1521 3574 1536 3599 ,
1573 3543 1628 3588 et
1662 3543 1888 3589 czeteros
1935 3532 2034 3588 cle-

447 3622 590 3679 rims
615 3624 680 3678 ad
704 3624 930 3694 pristina
959 3623 1077 3678 loca
1129 3624 1425 3680 revocavit.
1482 3623 1653 3696 Hujus
1705 3624 2036 3695 temporibus

447 3729 635 3769 mense
659 3715 902 3786 Augusto
934 3715 1034 3769 fuit
1057 3723 1403 3771 terrtemotus
1428 3731 1658 3787 magnus
1680 3756 1696 3782 ,
1744 3731 1905 3786 quem
1947 3729 2037 3769 se-

449 3810 574 3857 cuta
598 3811 681 3858 est
702 3803 900 3868 clades,
934 3815 989 3858 et
1015 3807 1197 3876 gravis
1245 3807 1522 3876 percussio
1577 3806 1902 3872 scabierum,
1963 3806 2036 3860 ita

450 3901 512 3948 ut
545 3893 722 3949 nullus
753 3904 1026 3949 mortuum
1056 3911 1214 3950 suum
1238 3906 1419 3965 posset
1441 3913 1758 3967 agnoscere.
1808 3896 2040 3954 Gordia-

454 3998 558 4037 nus
585 3982 868 4054 episcopus
898 3983 1273 4054 Hispaniensis
1301 3985 1556 4041 Ecclesiae
1583 3985 1781 4041 litteris
1805 3987 1872 4042 ad
1911 4001 2042 4056 prte-

454 4072 656 4128 dictum
687 4087 884 4143 papam
917 4073 1156 4141 directis,
1186 4074 1255 4130 de
1299 4075 1432 4131 viris
1485 4083 1540 4130 et
1580 4073 1896 4130 mulieribus
1948 4076 2040 4144 qui

458 4163 763 4221 nescientes
794 4179 893 4235 pro
936 4180 1131 4237 magno
1174 4167 1494 4238 populorum
1541 4168 1758 4223 incursu
1804 4167 2042 4238 paschali

459 4253 700 4310 Sahbato
729 4253 870 4310 ﬁlios
895 4271 924 4308 a
953 4255 1100 4312 fonte
1133 4257 1390 4328 baptismi
1429 4267 1810 4328 susceperant,
1866 4259 2043 4328 ipsum

459 4344 751 4408 consuluit,
787 4344 831 4400 si
857 4343 971 4414 jam
1021 4346 1089 4402 ad
1133 4349 1410 4418 proprium
1456 4363 1613 4402 suum
1664 4363 1820 4404 usum
1869 4348 2046 4404 redire

463 4435 730 4489 debeant?
753 4435 854 4503 Qui
879 4431 931 4490 in
964 4438 1191 4492 ecclesia
1221 4438 1439 4493 Isauria:
1463 4447 1518 4494 et
1548 4436 1957 4510 Hierosolymre,
1991 4449 2046 4496 et

463 4527 516 4580 in
545 4527 724 4583 multis
761 4527 882 4584 aliis
914 4530 1162 4586 ecclesiis
1194 4529 1318 4584 talia
1347 4530 1476 4585 olim
1506 4531 1754 4587 evenisse
1785 4532 1939 4597 dicit,
1989 4542 2045 4590 et

463 4625 835 4674 antecessores
861 4635 1006 4682 suos,
1039 4618 1260 4687 Julium,
1287 4629 1343 4676 et
1369 4621 1762 4689 Innocentium,
1795 4632 1852 4679 et
1870 4623 2045 4680 Coele-

464 4711 666 4765 slinum
742 4727 866 4766 cum
929 4711 1278 4782 plurimorum
1345 4713 1718 4785 episc0porum
1777 4726 2047 4771 conventu

468 4802 595 4857 talia
647 4802 997 4873 prohibentes
1053 4804 1447 4875 praescripsisse
1491 4806 1726 4871 asserit,
1781 4815 1842 4861 ut
1903 4807 2050 4863 nuHo

470 4894 628 4949 modo
655 4893 767 4963 jam
807 4909 868 4951 se
917 4895 971 4950 in
1013 4893 1317 4966 coniugium
1360 4895 1662 4966 reciperent
1703 4895 1957 4953 mulieres
1997 4906 2055 4953 et

471 4986 594 5052 viri,
617 4987 707 5057 qui
731 5003 829 5057 per
861 5002 1240 5058 quamcunque
1273 4987 1534 5042 rationem
1577 4987 1920 5058 susciperent
1957 5005 2051 5044 na-

474 5087 577 5142 tos,
623 5080 716 5133 sed
759 5088 1075 5150 separarent
1111 5095 1190 5145 se,
1234 5094 1325 5144 ne,
1366 5079 1626 5134 suadente
1663 5078 1912 5145 diabolo,
1948 5080 2054 5136 tale

473 5169 663 5223 vitium
729 5171 938 5240 peccati
990 5170 1251 5226 inolescat
1304 5185 1402 5240 per
1457 5169 1716 5224 mundum
1749 5209 1766 5236 ,
1826 5178 1882 5225 et
1934 5171 2056 5226 uni-

471 5275 756 5316 versurum
793 5276 948 5317 error
981 5270 1276 5318 accrescat.
1314 5262 1536 5316 Addidit
1571 5262 1639 5316 ad
1679 5261 1803 5326 hoc,
1833 5261 2052 5318 dicens:

474 5348 632 5408 Scitis
659 5353 803 5422 quia,
851 5353 1110 5424 quomodo
1135 5363 1252 5407 sunt
1281 5363 1471 5425 septem
1511 5353 1652 5408 dona
1677 5351 1907 5423 Spiritus
1933 5370 2055 5408 san-

475 5441 565 5509 cti,
594 5442 669 5497 ita
697 5453 817 5498 sunt
840 5453 1032 5514 septem
1053 5442 1190 5498 dona
1225 5443 1569 5514 baptismatis,
1595 5461 1628 5498 a
1664 5447 1834 5514 primo
1861 5445 2054 5516 pabulo

476 5534 604 5590 salis
631 5537 850 5603 sacrati,
878 5548 926 5592 et
956 5538 1190 5608 ingressu
1237 5547 1434 5592 sanctae
1479 5535 1728 5591 Ecclesia:
1778 5553 1939 5608 usque
1985 5539 2054 5592 ad

479 5625 926 5695 conﬁrmationem
951 5629 1118 5682 sancti
1143 5627 1375 5701 Spiritus
1403 5643 1494 5696 per
1535 5626 1784 5681 chrisma.
1831 5625 1910 5679 Ab
1957 5627 2054 5680 hoc

480 5732 602 5786 ergo
632 5717 856 5787 Spiritus
884 5717 1072 5789 [primo
1101 5716 1350 5789 Spiritus]
1392 5717 1559 5772 sancti
1595 5717 1732 5770 dono
1777 5732 1939 5787 usque
1984 5718 2054 5771 ad

2061 3214 2110 3279 C

2125 1978 2322 2028 sumat.
2351 1969 2478 2025 Fuit
2505 1969 2589 2024 vir
2615 1968 2954 2032 mitissimus,
2997 1975 3055 2022 et
3089 1965 3295 2020 amavit
3338 1965 3572 2020 clerum.
3623 1961 3724 2016 llic

2123 2065 2401 2123 ordinavit
2425 2064 2710 2136 episcopos
2737 2060 3127 2132 undetriginta,
3149 2059 3504 2130 presbyteros
3527 2054 3724 2125 viginti

2125 2175 2244 2226 sex,
2271 2159 2529 2216 diaconos
2548 2166 2800 2229 quatuor.
2826 2154 2931 2222 Qui
2953 2153 3238 2211 defunctus
3255 2161 3341 2209 est
3363 2167 3463 2206 vnt
3488 2148 3723 2204 Kalend.

2128 2251 2421 2309 Novembr.

2557 2342 2767 2399 LXXII.
2805 2373 2878 2384 —
2909 2337 3287 2400 HONORIUS.

2640 2435 2814 2508 (Anno
2838 2434 3034 2490 Christi
3057 2432 3209 2504 626.)

2202 2527 2504 2590 Honorius.
2555 2525 2778 2582 natione
2805 2524 3133 2597 Campanus,
3167 2541 3233 2580 ex
3263 2532 3420 2595 patre
3461 2521 3731 2578 Petronio

2133 2619 2389 2686 consule,
2431 2607 2570 2674 sedit
2609 2633 2780 2674 annos
2821 2617 3141 2682 duodecim,
3187 2629 3405 2673 menses
3445 2615 3729 2678 undecim,

2135 2712 2248 2767 dies
2276 2710 2596 2766 octodecim.
2625 2709 2723 2764 Hic
2753 2707 2956 2764 clerum
2987 2708 3242 2790 erudivit.
3277 2707 3376 2763 Hic
3400 2708 3466 2763 de
3495 2707 3734 2762 ordina-

2140 2799 2379 2855 tionibus
2419 2800 2796 2870 episcoporum
2829 2799 3053 2854 minime
3081 2797 3395 2855 diderendis
3431 2799 3507 2853 ita
3544 2798 3686 2854 dicit
3715 2814 3731 2850 :

2137 2907 2164 2936 ι
2198 2893 2432 2961 Placuit,
2472 2903 2529 2948 ut
2564 2893 2780 2965 quisque
2823 2891 3295 2964 metropolitanus,
3342 2891 3389 2946 si
3433 2890 3576 2945 ultre
3621 2900 3736 2944 tres

2139 3002 2337 3041 menses
2377 2977 2782 3040 consecrationis
2813 3000 2947 3050 sure,
2981 2983 3050 3038 ad
3089 2984 3250 3054 ﬁdem
3286 3000 3436 3038 suam
3468 2999 3744 3052 exponen-

2140 3077 2289 3142 dam,
2315 3075 2638 3148 palliumque
2659 3075 3069 3146 suscipiendum,
3093 3076 3164 3129 ad
3191 3075 3531 3145 apostolicam
3553 3074 3742 3129 sedens

2143 3183 2246 3221 non
2277 3167 2499 3231 miserit,
2523 3167 2800 3221 commissa
2829 3166 2927 3220 sibi
2948 3176 3124 3221 careat
3161 3167 3448 3236 dignitate;
3481 3165 3548 3219 sit
3574 3163 3747 3218 licen-

2141 3258 2216 3312 tia
2275 3257 2690 3328 metropolitanis
2733 3256 2894 3322 aliis,
2938 3268 3052 3328 post
3092 3259 3376 3312 secundam
3421 3268 3470 3312 et
3522 3257 3744 3312 tertiam

2137 3350 2630 3414 commonitionem,
2675 3349 2903 3404 viduatis
2939 3349 3167 3406 ecclesiis
3209 3366 3329 3404 cum
3373 3348 3590 3404 consilio
3633 3347 3748 3401 Ro-

2143 3439 2289 3494 mani
2341 3439 2602 3510 pontiﬁcis
2638 3438 2933 3493 ordinando
2979 3440 3277 3510 episcOpum
3323 3439 3616 3493 subvenire.
3680 3437 3746 3492 Si

2138 3546 2258 3585 vero
2299 3529 2641 3585 consecrandi
2670 3530 2898 3599 episcopi
2935 3530 3248 3602 negligentia
3295 3532 3630 3601 provenerit,
3681 3543 3742 3585 ut

2140 3621 2281 3675 ultra
2303 3630 2406 3675 tres
2437 3637 2634 3675 menses
2675 3619 2894 3675 ecclesia
2935 3621 3152 3676 uiduata
3193 3622 3463 3686 consistat,
3502 3639 3742 3676 commu-

2142 3712 2296 3766 nione
2338 3712 2588 3782 privetur,
2619 3728 2890 3782 quousque
2921 3721 3010 3766 aut
3039 3712 3152 3766 loco
3195 3713 3382 3778 cedat,
3424 3722 3516 3766 aut
3549 3729 3740 3767 conse-

2142 3802 2397 3857 crandum
2419 3803 2649 3874 prazbere
2672 3820 2776 3858 non
2806 3805 3039 3874 differat.
3067 3803 3222 3872 Quod
3252 3805 3300 3860 si
3332 3805 3473 3859 ultra
3513 3807 3748 3876 quinque

2142 3909 2344 3947 menses
2393 3907 2485 3962 per
2528 3908 2680 3948 suam
2733 3894 3100 3965 negligentiam
3155 3896 3424 3949 retinuerit
3467 3895 3746 3949 riduatans

2143 3983 2438 4048 ecclesiam,
2463 4000 2624 4054 neque
2643 3983 2736 4051 ibi,
2761 4001 2922 4055 neque
2951 3985 3078 4040 alibi
3106 3989 3518 4043 consecrationis
3541 3988 3746 4042 donum

2143 4077 2418 4147 percipiat,
2447 4077 2554 4131 imo
2581 4077 2967 4148 metropolitani
2999 4079 3082 4134 sui
3112 4080 3322 4150 judicio
3351 4081 3526 4135 cedat.

2216 4169 2352 4224 Item
2389 4187 2402 4223 :
2436 4167 2748 4241 Quicunque
2783 4187 2909 4226 sane
2942 4171 3466 4242 metropolitanorum
3515 4189 3612 4242 per
3638 4172 3749 4242 pla-

2147 4271 2257 4316 teas
2299 4261 2377 4317 vel
2406 4263 2462 4316 in
2501 4261 2700 4316 litaniis
2730 4263 2807 4316 uti
2848 4261 3012 4332 pallio
3057 4266 3450 4334 prasumpserit
3481 4304 3499 4329 ,
3545 4275 3594 4319 et
3643 4281 3750 4318 non

2148 4363 2354 4407 tantum
2387 4353 2440 4407 in
2462 4354 2740 4423 praecipuis
2777 4354 3143 4424 festivitatibus
3162 4396 3178 4422 ,
3223 4365 3273 4410 et
3299 4357 3596 4426 apostolica
3624 4357 3750 4412 sede

2149 4446 2361 4500 indictis
2383 4446 2698 4516 temporibus
2719 4447 2788 4499 ad
2811 4447 3090 4503 missarum
3112 4448 3442 4505 solummodo
3461 4449 3745 4516 solemnia,

2149 4540 2437 4612 permissa,
2481 4556 2586 4610 qua
2630 4539 2882 4604 abutitur,
2925 4551 3097 4596 careat
3140 4543 3394 4613 dignitate
3427 4559 3446 4597 :
3490 4545 3748 4612 quoniam

2143 4631 2266 4701 jure
2290 4628 2618 4700 priuilegium
2652 4639 2878 4684 meretur
2899 4633 3158 4698 amittere,
3189 4633 3280 4703 qui
3309 4633 3566 4688 audacter
3591 4651 3748 4688 usur-

2150 4730 2239 4791 pat
2267 4720 2475 4775 illicita.

2222 4813 2354 4870 Item
2386 4826 2402 4867 :
2435 4813 2718 4884 Episcopos
2741 4831 2858 4870 vero
2878 4816 2969 4887 qui
2989 4826 3274 4886 percutere,
3303 4818 3642 4886 detruncare,
3669 4822 3748 4876 rel

2152 4915 2334 4961 contra
2363 4907 2671 4961 canonicam
2693 4909 3059 4965 auctoritatem
3085 4910 3366 4981 infamare,
3391 4925 3482 4968 aut
3508 4918 3743 4987 propriis

2154 4995 2307 5049 rebus
2340 4995 2530 5066 absque
2570 4996 2725 5067 legali
2759 4997 2967 5068 judicio
2995 5003 3282 5071 exspoliari
3320 5008 3746 5076 prcesumpscrit,

2155 5085 2260 5139 sive
2301 5100 2386 5139 eos
2427 5103 2460 5139 a
2507 5087 2796 5142 commissis
2841 5089 3073 5146 ecclesiis
3114 5092 3431 5164 insequendo
3462 5098 3749 5167 expellere,

2157 5176 2521 5231 communione
2548 5177 2796 5246 privetur.
2847 5179 2909 5236 Si
2939 5197 3056 5237 vero
3096 5184 3173 5239 bis
3203 5185 3280 5240 vel
3313 5196 3392 5242 ter
3433 5200 3746 5254 conventus,

2157 5265 2204 5319 ei
2247 5264 2300 5320 in
2341 5281 2494 5336 quem
2539 5266 2820 5337 deliquisse
2860 5270 3224 5342 dignoscitur,
3265 5279 3594 5336 emendando
3638 5299 3748 5338 non

2157 5355 2488 5425 satisfecerit,
2515 5359 2864 5415 anathematis
2892 5363 3112 5420 vinculis
3139 5368 3434 5424 innodctur.

2231 5445 2361 5501 Item
2388 5465 2401 5501 :
2434 5447 2495 5504 Si
2519 5449 2636 5518 quis
2665 5450 2877 5506 domum
2911 5453 3010 5508 Dei
3035 5456 3322 5526 violaverit,
3348 5473 3394 5514 et
3423 5463 3607 5536 aliqua
3633 5468 3750 5523 sine

2159 5535 2368 5590 licentia
2435 5536 2615 5604 illius,
2669 5542 2754 5594 cui
2821 5545 3098 5600 commissa
3158 5535 3567 5619 dignoscantur,
3625 5559 3746 5612 inde

2161 5624 2451 5693 abstulerit,
2484 5629 2560 5683 vel
2600 5629 2962 5688 ecclesiasticis
2988 5638 3222 5704 personis
3250 5641 3507 5710 injuriam
3533 5646 3746 5716 fecerit,

2161 5719 2324 5775 donec
2372 5731 2651 5778 conventus
2694 5733 2744 5780 et
2791 5725 3090 5784 admonitus
3149 5729 3373 5805 legitime
3419 5736 3746 5812 satisfaciet,

555 5841 580 5870 ιι
621 5827 932 5897 Gratianus,
973 5817 1098 5886 dist.
1143 5829 1264 5896 I00,
1305 5845 1355 5885 c.
1407 5827 1690 5896 Quoniam,
1721 5830 1836 5884 haec
1871 5828 2062 5887 tribuit
2093 5828 2333 5906 Pelagio.

1931 5965 1936 5970 '
1975 5967 2002 5979 -ι
