3992 6306
184 387 332 449 1253

970 391 1248 452 PSEUDO
1285 393 1706 452 LUITPRANDI
1744 391 1873 451 LIB.
1913 396 2000 453 DE
2039 396 2219 455 VITIS
2262 396 2430 456 ROM.
2473 397 2671 454 PONT.
2733 361 2739 367 ἢ

3320 395 3460 457 1234

185 511 320 562 sciat
363 520 418 560 se
457 521 488 560 a
515 505 876 560 communione
902 507 1184 577 privatum.
1217 513 1279 568 Si
1304 528 1422 567 vero
1451 519 1565 581 post
1591 526 1774 564 secun-
1801 509 1850 570 Δ
1877 525 2038 563 causa
2069 511 2305 566 omnibus
2351 511 2644 581 auferatur.
2697 509 2756 568 Si
2792 512 2908 583 quis
2936 528 3061 568 sane
3089 514 3464 570 uenerabilium

187 601 312 653 dam
338 608 386 653 et
415 591 622 653 tertiam
666 599 1056 656 conventionem
1107 620 1284 658 coram
1330 605 1568 674 episcopo
1616 602 1774 656 satis-

189 689 364 758 facere
410 690 765 744 detrectaverit
788 733 803 755 ,
843 692 1104 764 sacrilegii
1147 696 1378 766 pericula
1421 695 1484 750 ab
1533 695 1774 749 omnibus

189 781 445 836 obnoxius
488 792 746 838 teneatur.
795 783 1102 856 Quicunque
1149 787 1624 856 sanctimonialem,
1673 785 1778 841 sive

187 886 554 944 quamcunque
574 873 844 944 feminam,
869 876 926 931 in
949 879 1342 933 matrimonium
1369 878 1444 934 vel
1468 878 1782 933 concubina-

191 974 303 1018 tum
351 965 621 1033 rapuerit,
664 965 828 1020 donec
869 983 985 1021 eam
1032 985 1211 1023 coram
1256 971 1495 1040 episcopo
1551 969 1779 1025 civitatis

188 1056 492 1126 parentibus
519 1056 594 1111 vel
622 1058 818 1112 civibus
849 1061 1109 1128 restituat,
1135 1079 1253 1116 cum
1288 1062 1527 1116 omnibus
1555 1063 1784 1132 fautori-

191 1149 290 1204 bus
315 1151 424 1203 suis
461 1153 967 1207 excommunicatum
995 1171 1050 1208 se
1079 1171 1188 1210 esse
1229 1165 1505 1226 cognoscat
1537 1170 1556 1208 :
1587 1156 1634 1211 si
1663 1172 1781 1211 vero

189 1250 310 1312 post
337 1243 619 1296 secundam
647 1252 696 1296 et
735 1245 942 1298 tertiam
973 1247 1381 1308 conventionem,
1415 1263 1573 1319 quam
1608 1248 1783 1316 rapuit

192 1331 291 1386 sub
334 1333 696 1402 satisfactione
740 1350 972 1405 congrua
1024 1353 1128 1391 non
1177 1337 1483 1402 reddiderit,
1535 1347 1784 1408 tanquam

193 1422 671 1478 anathematizatus
699 1466 715 1490 ,
765 1427 830 1480 ab
879 1427 1021 1480 omni
1050 1425 1474 1483 Christianorum
1523 1429 1785 1483 consortio

198 1515 506 1586 repellatur.
541 1515 738 1588 Raptas
763 1519 922 1583 enim,
958 1535 1051 1574 nec
1080 1519 1359 1584 immerito,
1392 1519 1636 1585 dicimus,
1669 1535 1788 1590 qua:

194 1606 311 1661 sine
335 1624 590 1662 consensu
608 1618 907 1678 parentum,
931 1608 1008 1664 vel
1029 1610 1254 1664 civitatis
1281 1610 1524 1680 episcopi,
1547 1619 1637 1664 aut
1660 1610 1790 1680 ipsa:

196 1697 339 1754 ultro
369 1699 677 1770 diffugiunt,
708 1709 799 1754 aut
830 1699 1060 1760 nolentes
1096 1700 1162 1754 ab
1187 1699 1307 1755 aliis
1343 1701 1696 1756 abducuntur.
1728 1699 1790 1756 Si

197 1791 317 1862 quis
341 1791 681 1846 homicidium
727 1792 1077 1846 membron
1123 1793 1475 1858 truncatione,
1514 1793 1792 1848 domorum

1875 601 2234 670 episcoporum
2270 602 2351 658 vel
2397 605 2727 658 sacerdotum
2755 605 2810 657 in
2840 604 2940 659 hac
2985 622 3040 659 re
3085 603 3466 662 districtissime

1879 707 1982 745 non
2011 693 2330 762 vigilaverit,
2363 704 2409 749 et
2455 695 2510 749 in
2545 696 2722 767 aliquo
2767 696 3094 762 cohibuerit,
3141 715 3244 768 quo
3292 698 3467 755 minus

1878 781 2240 848 ecclesiastica:
2269 786 2558 840 severitatis
2587 787 2806 840 invectio
2848 788 2987 840 circa
3019 803 3270 857 personas
3301 786 3474 844 delin-

1880 874 2145 943 quentium
2171 887 2520 939 conservetur,
2547 877 2711 932 donec
2731 893 2908 931 coram
2935 878 3246 948 provinciali
3271 879 3472 949 synodo

1883 965 2130 1033 satisﬁat,
2159 982 2190 1018 a
2219 965 2584 1020 communione
2624 967 2756 1020 sciat
2799 983 2854 1020 se
2893 983 3004 1021 esse
3037 983 3365 1037 suspensum.
3417 965 3475 1022 Si

1885 1073 2001 1112 vero
2049 1067 2164 1128 post
2210 1060 2418 1113 tertiam
2465 1059 2851 1113 conventionem
2905 1059 2960 1114 in
3016 1076 3112 1114 sua
3159 1058 3477 1130 negligentia

1885 1153 2168 1215 manserit,
2209 1153 2463 1206 canonico
2495 1151 2704 1222 judicio
2737 1153 3046 1224 subjacebit.
3098 1151 3232 1206 Illos
3279 1161 3478 1218 autem,

1885 1243 1974 1316 qui
2000 1261 2094 1314 pro
2119 1245 2336 1299 diversis
2368 1245 2477 1299 suis
2514 1245 2806 1299 excessibus
2838 1260 2892 1300 se
2927 1245 3305 1300 conveniendos
3340 1244 3481 1316 lega-

1887 1336 2006 1389 liter
2031 1337 2214 1392 timent
2241 1383 2254 1404 ,
2304 1337 2569 1409 aliumque
2614 1341 2686 1392 ad
2713 1339 3038 1393 senioratum
3072 1339 3403 1409 confugiunt,
3431 1347 3481 1392 et

1889 1426 1962 1480 ibi
2007 1427 2191 1498 pejora
2240 1428 2502 1498 prioribus
2547 1439 2869 1498 aperantur;
2902 1429 3052 1498 jubet
3097 1437 3156 1482 ut
3200 1445 3231 1482 a
3279 1427 3484 1483 nemine

1890 1517 2270 1586 suscipiantur,
2309 1505 2478 1572 donec
2525 1519 2620 1572 sub
2666 1518 2862 1588 prioris
2906 1518 3108 1572 domini
3156 1517 3484 1574 districtione

1892 1608 2226 1679 satisfaciant
2255 1610 2455 1664 cunctis
2480 1609 2668 1681 quibus
2697 1609 3047 1681 deliquerant.
3090 1609 3151 1666 Si
3189 1626 3308 1664 vero
3339 1609 3486 1680 prius

1893 1701 2120 1770 suscepti
2145 1701 2361 1771 fuerint,
2391 1717 2507 1755 cum
2536 1718 2631 1756 suo
2659 1711 2954 1771 susceptare
2983 1702 3346 1756 communione
3373 1701 3488 1772 pri-

1895 1803 2108 1847 ventur.
2139 1791 2213 1846 De
2239 1792 2344 1847 illis
2377 1804 2551 1848 autem
2576 1793 2666 1864 qui
2695 1792 3042 1864 prolationem
3067 1794 3338 1848 sententiw
3366 1793 3491 1848 sub-

197 1881 445 1936 incendia
471 1882 672 1952 fecerit,
697 1894 787 1938 aut
814 1884 931 1953 ﬁeri
949 1885 1195 1953 jusserit,
1223 1895 1312 1939 aut
1341 1885 1552 1954 facienti
1578 1901 1794 1939 consen-
1829 1896 1870 1954 Β
1899 1883 2160 1952 terfugere
2223 1885 2486 1954 cupientes
2510 1924 2525 1949 ,
2575 1902 2607 1938 a
2653 1882 3084 1939 matricularibus
3128 1883 3360 1939 ecclesite
3413 1881 3492 1938 vel

197 1975 360 2038 serit;
387 1989 654 2046 quousque
675 1975 738 2030 de
762 1977 844 2030 his
868 1975 1124 2047 legaliter,
1150 1975 1230 2030 vel
1251 1975 1595 2031 amicabiliter
1615 1993 1794 2031 coram

199 2069 442 2140 episcopo
473 2070 701 2124 civitatis
730 2057 950 2142 aliisque
977 2071 1170 2126 civibus
1201 2088 1303 2126 non
1332 2071 1701 2135 emendaverit,
1731 2069 1795 2123 ab

202 2161 424 2218 ecclesia
471 2165 733 2233 privatum
784 2181 840 2218 se
885 2181 996 2220 esse
1046 2174 1344 2237 cognoscat.
1405 2163 1465 2219 Si
1513 2180 1634 2236 ergo
1683 2173 1798 2234 post

202 2255 490 2310 secundam
518 2265 567 2311 et
592 2257 803 2311 tertiam
834 2258 1223 2312 conventionem
1251 2267 1437 2312 cuncta
1464 2299 1478 2321 ,
1526 2257 1580 2310 in
1610 2256 1799 2328 quibus

207 2348 476 2418 arguitur,
517 2366 620 2405 non
647 2352 1031 2418 emendaverit,
1077 2361 1328 2423 tanquam
1357 2353 1594 2406 ethnicus
1624 2360 1671 2406 et
1704 2369 1802 2422 pu-

165 2445 171 2450 ’
209 2443 446 2499 blicanus
495 2443 559 2499 ab
589 2446 730 2500 omni
778 2445 1200 2501 Christianorum
1245 2445 1461 2514 collegio
1509 2455 1799 2514 separetur.

213 2532 386 2589 Porro
430 2536 496 2591 de
549 2536 630 2592 his
662 2535 753 2607 qui
783 2535 1197 2608 deprmdationes
1245 2536 1481 2606 fecerint,
1512 2545 1603 2590 aut
1634 2535 1806 2605 facere

204 2628 481 2700 jusserint,
512 2628 589 2686 vel
619 2631 833 2700 facienti
861 2630 1233 2690 consenserint.
1265 2630 1610 2693 instituimus,
1643 2638 1724 2692 ut,
1759 2629 1805 2684 si

212 2719 278 2774 ab
327 2721 568 2791 episcopo
617 2723 842 2778 civitatis
895 2722 1155 2776 admoniti
1205 2721 1417 2776 minime
1471 2721 1804 2792 resipuerint,

212 2815 568 2888 quadraginta
593 2817 704 2873 dies
734 2835 868 2888 pane
895 2828 944 2872 et
989 2833 1129 2888 aqua
1155 2817 1405 2877 contenti.
1435 2816 1648 2887 reliquis
1680 2816 1808 2872 cibis

213 2917 261 2963 et
291 2909 496 2979 potibus
522 2909 623 2964 sint
651 2911 864 2965 omnino
911 2892 1118 2980 privati;
1163 2909 1317 2976 Quod
1358 2908 1402 2963 si
1429 2909 1564 2962 hanc
1595 2925 1808 2963 excom-

214 3001 627 3056 municationem
655 3003 907 3072 suspicati
949 3002 1143 3070 fuerint
1187 3000 1408 3056 violasse
1434 3043 1448 3064 ,
1479 2992 1809 3070 satisfaciant

217 3094 484 3163 episcopo,
511 3095 650 3163 quod
678 3095 824 3149 illam
861 3113 963 3150 non
1003 3095 1302 3150 violaverim
1331 3112 1348 3150 :
1375 3095 1554 3164 sicque
1579 3095 1809 3162 demum,

217 3187 267 3240 si
314 3186 530 3240 convicti
573 3186 768 3257 fuerint
813 3189 949 3242 hanc
994 3187 1250 3250 violasse,
1301 3204 1403 3241 non
1449 3186 1644 3251 solum,
1673 3187 1812 3258 quod

1899 1974 2296 2044 baptismalibus
2323 1993 2378 2030 se
2402 1976 2736 2040 subducunt,
2779 1975 2984 2040 statuit,
3031 1984 3087 2029 ut
3133 1975 3188 2029 hi
3233 1975 3324 2041 qui
3350 1975 3493 2030 intra

1902 2066 2164 2136 regionem
2187 2068 2367 2136 positi,
2405 2085 2435 2120 a
2465 2067 2687 2138 publicis
2711 2066 3050 2122 ecclesiarum
3080 2084 3134 2122 se
3163 2066 3495 2122 conventibus

1901 2158 2042 2212 ultra
2093 2169 2197 2214 tres
2266 2160 2378 2214 dies
2449 2159 2753 2214 Dominicos
2802 2158 3096 2214 voluntarie
3147 2158 3498 2229 prolationem

1899 2253 2170 2305 sententia:
2209 2251 2639 2322 subterfugiendo
2678 2251 2963 2316 abstinent,
3003 2250 3167 2305 donec
3205 2251 3300 2304 sub
3342 2249 3500 2305 satis-

1903 2340 2130 2409 factione
2166 2357 2220 2395 se
2248 2339 2603 2394 emendandos
2651 2349 2894 2395 astruant
2923 2379 2937 2404 ,
2987 2339 3350 2394 communione
3389 2336 3501 2406 pri-

1903 2443 2104 2490 ventur.

1975 2526 2107 2582 Item
2139 2544 2151 2579 :
2182 2525 2648 2580 Adutiuistratores
2693 2523 2848 2593 plane
2888 2520 3227 2577 stecularium
3264 2517 3498 2590 dignita-

1906 2629 2038 2684 tum,
2074 2635 2202 2690 quos
2249 2619 2319 2672 ad
2363 2617 2700 2673 ecclesiarum
2747 2615 3019 2670 tuitionem
3046 2654 3061 2679 ,
3101 2611 3422 2685 pupillorum
3450 2619 3501 2666 et

1907 2710 2187 2765 viduarum
2229 2709 2630 2780 protectionem,
2681 2705 3054 2776 rapaciumque
3097 2703 3503 2774 refrenationem

1911 2803 2219 2857 constitutos
2250 2818 2360 2858 esse
2405 2801 2772 2872 cognovimus,
2814 2799 3015 2870 quoties
3061 2797 3126 2852 ab
3170 2797 3424 2867 episcopis
3453 2804 3504 2850 et

1907 2895 2272 2952 ecclesiasticis
2319 2896 2442 2951 viris
2513 2894 2748 2949 conventi
2797 2891 2994 2961 fuerint
3020 2931 3036 2957 ,
3101 2906 3284 2945 eorum
3330 2887 3507 2960 queri-

1914 2992 2118 3045 monias
2145 2991 2374 3060 ﬁdeliter
2401 2989 2646 3054 audiant,
2673 2997 2719 3041 et
2745 2987 3033 3042 secundum
3060 2984 3199 3056 quod
3225 2981 3506 3039 necessitas

1915 3085 2218 3155 expetierit,
2255 3084 2448 3154 absque
2485 3081 2798 3154 negligentia
2827 3079 3160 3144 examinent,
3196 3088 3246 3133 et
3271 3076 3512 3148 diligenti

1917 3175 2092 3230 studio
2122 3175 2414 3230 emendem.
2447 3172 2600 3239 Quod
2627 3173 2672 3227 si
2701 3171 2796 3226 Dei
2815 3171 3055 3225 timorem
3080 3186 3190 3240 pra:
3214 3167 3381 3223 oculis
3408 3182 3512 3220 non

219 3279 503 3350 unicuique
532 3289 829 3349 arguuntur
859 3279 1043 3350 fecisse
1085 3281 1392 3344 emendent;
1424 3278 1515 3332 sed
1543 3257 1704 3332 etiam
1735 3278 1812 3332 bis
1841 3257 1886 3318 (ἶ
1919 3265 2164 3321 Ιισδεηιεε
2196 3263 2452 3334 neglige"
2490 3271 2606 3332 νοτε
2643 3259 2929 3316 “cundum
2960 3267 3007 3314 εί
3039 3258 3250 3350 “ﬂiam
3280 3270 3512 3310 00mm”

222 3377 316 3423 aut
342 3379 418 3447 ter
445 3371 747 3424 commoniti
775 3411 791 3435 ,
835 3371 881 3426 si
931 3388 984 3426 se
1033 3387 1140 3425 non
1192 3370 1535 3431 correxerint,
1577 3369 1642 3424 ab
1673 3368 1814 3423 omni

224 3465 587 3518 communione
616 3463 804 3533 privati
834 3464 961 3519 sint.
1012 3463 1073 3519 Si
1115 3479 1231 3518 vero
1279 3472 1394 3533 post
1439 3462 1722 3516 secundam
1768 3471 1816 3515 et

225 3557 434 3610 tertiam
460 3557 914 3612 commonitionem
947 3565 1155 3618 cuncta,
1184 3556 1240 3609 in
1277 3555 1463 3624 quibus
1499 3562 1816 3623 arguuntur,

225 3647 452 3719 perfecte
499 3664 601 3702 non
656 3647 1064 3711 emendaverint,
1097 3645 1446 3702 anathematis
1481 3645 1736 3700 sententia
1767 3659 1822 3698 se

228 3738 464 3792 noverint
493 3738 770 3809 obligatos.

302 3831 430 3887 Item
463 3849 477 3886 :
520 3829 591 3885 Ili
620 3849 746 3886 sane
765 3873 778 3896 ,
807 3832 898 3903 qui
935 3839 1056 3886 ante
1083 3829 1407 3884 audientiam
1439 3825 1824 3882 communicare

231 3927 582 3991 tentaveriut,
630 3926 794 3980 donec
859 3943 952 3996 per
1003 3925 1361 3996 paenitentiam
1418 3931 1620 3977 reatum
1669 3937 1824 3975 suum

233 4017 500 4089 deﬂeant,
551 4017 620 4070 ad
646 4017 1065 4072 communionem
1098 4015 1246 4070 nullo
1291 4014 1448 4068 modo
1486 4013 1826 4076 reducantur,

236 4119 449 4181 excepto
475 4110 658 4164 mortis
689 4118 903 4180 urgente
932 4107 1185 4180 periculo.
1239 4105 1344 4173 Qui
1381 4120 1499 4160 vero
1529 4118 1830 4158 excommu-

237 4207 413 4261 nicato
452 4204 675 4258 scienter
712 4202 1203 4266 communicaverit,
1249 4209 1298 4254 et
1340 4198 1532 4252 amodo
1561 4194 1745 4250 saltem
1774 4194 1831 4250 in

239 4299 396 4354 domo
421 4297 580 4353 simul
609 4298 838 4352 oraverit
861 4337 876 4362 ,
927 4307 1082 4367 atque
1125 4294 1352 4349 latebras
1396 4289 1737 4361 defensionis,
1770 4305 1832 4343 ne

241 4391 478 4445 cominus
522 4389 591 4443 ad
659 4387 1075 4456 satisfactionem
1144 4387 1480 4458 perducatur,
1530 4379 1830 4452 prwbuerit,

241 4481 406 4534 donec
459 4480 524 4535 ab
579 4479 1087 4534 cxcommunicatore
1151 4473 1508 4545 paenitentiam
1559 4468 1834 4538 suscipiat,

245 4577 476 4646 corporis
501 4584 547 4630 et
574 4574 847 4645 sanguinis
879 4571 1087 4626 Domini
1111 4567 1475 4624 communione
1499 4581 1554 4619 se
1575 4562 1836 4634 privatum

246 4686 355 4723 esse
381 4675 679 4738 cognoscat.
730 4663 1042 4733 Quicunque
1083 4675 1206 4730 ergo
1253 4659 1396 4712 intra
1445 4656 1572 4709 anni
1607 4653 1836 4723 spatium

246 4760 514 4816 humiliter
556 4763 664 4814 sive
708 4755 911 4827 publice
958 4770 1174 4808 causam
1205 4767 1358 4806 suam
1396 4765 1574 4804 coram
1605 4747 1714 4802 suis
1743 4761 1838 4800 ea:-

248 4851 777 4910 communicatoribus
815 4866 919 4905 non
948 4846 1260 4919 peregerint,
1289 4844 1390 4915 ipsi
1433 4841 1533 4896 sibi
1557 4838 1841 4893 audientiae

250 4949 454 5003 aditum
487 4946 735 5002 clausisse
761 4943 1057 4998 videantur.
1109 4937 1262 5004 Quod
1301 4936 1348 4990 si
1381 4934 1638 4990 obstinato
1667 4931 1842 4984 animo

251 5044 365 5098 sine
389 5040 750 5096 communione
772 5035 1005 5106 defuncti
1030 5033 1246 5104 fuerint,
1271 5046 1364 5085 nos
1389 5027 1601 5082 illorum
1626 5038 1842 5078 causam

250 5138 407 5208 juxta
464 5134 530 5190 Β.
593 5131 778 5186 Leonis
855 5125 1254 5200 prwdecessoris
1307 5120 1473 5176 nostri
1533 5113 1845 5208 sententiam

254 5205 432 5285 divino
453 5225 661 5298 judicio
689 5228 1030 5281 reservantes,
1059 5216 1248 5289 quibus
1272 5214 1403 5269 vivis
1433 5227 1534 5266 non
1561 5205 1851 5264 communi-

257 5319 511 5383 cavimus,
541 5311 763 5370 mortuis
793 5308 1178 5366 communicare
1205 5322 1309 5360 non
1336 5315 1633 5374 possumus.

330 5409 461 5466 Item
493 5427 506 5462 :
541 5405 697 5461 Cura:
726 5405 793 5460 sit
821 5401 1060 5458 omnibus
1089 5397 1343 5469 episcopis
1375 5391 1854 5449 eacommunicato-

259 5519 380 5558 rum
412 5502 625 5558 nomina
655 5496 868 5554 omnino
897 5503 1005 5548 tam
1039 5490 1222 5546 vicinis
1250 5485 1504 5558 episcopis
1544 5497 1702 5554 quam
1744 5479 1856 5535 suis

259 5598 598 5677 parochianis
611 5591 1076 5670 pariterindicare,
1091 5603 1254 5658 eaque
1268 5586 1323 5677 in
1342 5581 1528 5677 celebri
1550 5580 1665 5677 loco
1685 5576 1856 5677 posita

261 5667 359 5768 pro
386 5691 584 5762 foribus
612 5667 846 5743 ecclesia:
876 5681 1075 5737 cunctis
1105 5674 1524 5732 convenientibus
1567 5667 1855 5768 inculcare,

261 5757 523 5858 quat-enus
575 5781 633 5835 in
687 5786 911 5846 utraque
966 5769 1237 5840 diligentia
1287 5774 1335 5819 et
1393 5757 1858 5858 excommunicatis

265 5847 457 5938 ubique
482 5869 846 5932 ecclesiasticis
871 5866 1051 5923 aditus
1073 5859 1411 5924 excludatur,
1439 5864 1488 5911 et
1509 5847 1860 5910 excusationis

1868 4620 1917 4682 I)

1921 3358 2170 3417 nitionem
2213 3354 2407 3409 inventi
2458 3353 2676 3424 fuerint,
2709 3351 2849 3405 omni
2897 3366 2952 3404 se
2999 3348 3231 3404 noverint
3279 3361 3514 3400 commu-

1921 3447 2076 3500 nione
2114 3461 2277 3514 usque
2321 3443 2389 3497 ad
2439 3443 2753 3511 condignam
2803 3437 3218 3508 satisfactionem
3259 3435 3510 3506 privatos.

1922 3535 2055 3590 Item
2086 3553 2098 3588 :
2133 3533 2237 3601 Qui
2276 3533 2633 3606 presbyterum
2669 3531 2918 3584 ordinare
2963 3527 3320 3586 necessarium
3343 3525 3513 3590 ducit,

1925 3627 2134 3698 deputet
2162 3641 2282 3680 eum
2311 3623 2563 3688 ecctesiw,
2591 3623 2647 3676 in
2683 3638 2788 3692 qua
2818 3619 3040 3674 Domino
3069 3617 3296 3672 serviens
3313 3614 3518 3686 jugiter

1923 3729 2232 3793 perseveret.
2278 3717 2378 3773 Hic
2423 3715 2694 3772 ordinavit
2741 3713 3024 3784 episcopos
3068 3707 3411 3781 septuaginta
3461 3717 3519 3764 et

1927 3831 2094 3872 unum
2123 3855 2138 3880 ,
2183 3810 2535 3884 presbyteros
2589 3807 2847 3864 tredecim
2875 3807 2903 3874 ,'
2939 3805 3196 3861 diaconos
3245 3799 3516 3858 undecim.

1928 3907 2076 3964 Obiit
2104 3922 2156 3961 tv
2177 3905 2302 3960 Idus
2329 3902 2551 3960 Octobr.

2334 4001 2570 4074 LXXIII.
2602 4032 2676 4045 —
2702 3995 3113 4056 SEVERINUS.

2439 4105 2615 4176 (Anno
2647 4099 2843 4158 Christi
2874 4097 3024 4168 658.)

2007 4213 2300 4272 Severinus
2324 4251 2340 4277 ,
2390 4209 2613 4264 natione
2641 4207 2920 4260 Romanus
2947 4242 2963 4267 ,
3010 4215 3077 4255 ex
3108 4206 3264 4270 patre
3291 4193 3524 4260 Abieno,

1936 4309 2077 4366 sedit
2125 4318 2340 4361 menses
2382 4301 2519 4356 duos
2547 4342 2562 4366 ,
2619 4297 2736 4352 dies
2790 4302 3042 4366 quatuor.
3102 4289 3202 4345 Hic
3251 4284 3525 4343 ordinavit

1937 4403 2224 4474 episcopos
2279 4403 2532 4470 quatuor.
2606 4389 2756 4447 Obiit
2824 4396 3007 4442 autem
3063 4400 3116 4441 tv
3167 4381 3294 4439 Idus
3357 4377 3528 4436 Octo-

1937 4495 2068 4551 bris.
2343 4549 2580 4636 LXXIV.
2607 4606 2680 4618 -
2704 4569 3014 4631 JOANNES
3044 4568 3132 4624 1v.

2450 4681 2625 4752 (Anno
2653 4674 2849 4733 Christi
2874 4670 3024 4742 639.)

2014 4793 2273 4854 Joannes,
2307 4787 2526 4843 natione
2556 4780 2908 4845 Dalmaticus,
2951 4791 3020 4831 ex
3063 4779 3220 4846 patre
3267 4767 3535 4824 Venanlio

1947 4883 2302 4947 scholastico,
2328 4879 2469 4935 sedit
2499 4891 2700 4933 annum
2728 4884 2918 4935 unum,
2940 4881 3154 4924 menses
3182 4875 3399 4924 novem,
3421 4859 3537 4914 dies

1948 4975 2272 5033 octodecim.
2319 4969 2418 5025 IIic
2459 4984 2557 5040 per
2601 4963 2925 5022 Dalmatiam
2961 4968 3016 5014 et
3051 4956 3268 5011 Istriam
3308 4950 3536 5008 multum

1953 5068 2194 5142 pecuniae
2244 5065 2392 5120 misit
2439 5063 2505 5118 ad
2558 5057 2984 5127 redemptionem
3027 5050 3388 5122 captivorum.
3440 5043 3540 5099 Hic

1951 5159 2225 5218 ordinavit
2269 5157 2554 5228 episcopos
2605 5158 2856 5221 quatuor.
2905 5143 3203 5200 Defunctus
3238 5148 3325 5197 est
3360 5145 3541 5194 autem

1955 5269 2008 5310 IV
2044 5251 2169 5308 Idus
2197 5247 2466 5306 Octobris.

2365 5344 2580 5404 LXXV.
2611 5373 2688 5387 —
2709 5333 3150 5397 THEODORUS.

2476 5449 2650 5523 (Anno
2677 5445 2874 5503 Christi
2895 5439 3048 5513 642.)

2031 5558 2375 5622 Theodorus,
2426 5554 2645 5609 natione
2671 5550 2925 5612 Graecus,
2971 5559 3039 5599 ex
3072 5547 3228 5611 patre
3259 5533 3550 5630 Theodoro

1960 5657 2236 5727 episcopo,
2265 5651 2331 5706 de
2374 5649 2594 5703 civitate
2637 5639 3003 5728 Hierusalem,
3031 5632 3396 5728 sedit-annos.
3431 5637 3548 5728 sex.t

1963 5716 2180 5803 menses
2203 5742 2466 5813 quinque,
2501 5738 2616 5793 dies
2658 5727 3088 5806 quatuordecim.
3138 5720 3239 5776 Hic
3282 5716 3553 5820 ordinavit

1963 5809 2249 5912 episeopos
2290 5809 2682 5906 quinquaginta
2723 5841 2840 5891 sex,
2877 5819 3230 5895 presbyteros
3267 5809 3457 5880 viginti
3497 5811 3554 5863 et
