3992 6306
505 325 644 387 1255

1223 325 1515 385 APPEND.
1559 327 1652 385 AD
1691 325 1875 389 SEC.
1913 329 2008 387 IX.
2044 360 2118 373 —
2150 331 2523 393 AUGTORES
2558 332 2724 393 ΔΝΜ
2756 331 3053 395 IHGRB'I'I.

504 456 692 531 unum,
735 440 993 497 diaconos
1031 448 1283 513 quatuor.
1327 441 1429 511 Qui
1473 443 1761 502 defunctus
1800 456 1885 502 cst
1919 447 2092 517 pridie
2119 448 2167 509 Δ
2197 448 2276 507 dit
2299 464 2501 531 annum
2530 467 2720 519 unum,
2748 456 2966 509 menses
2988 450 3247 522 quinque,
3272 435 3628 511 dies'deeem.
3679 452 3775 511 Hie

505 526 607 589 dus
644 520 798 588 Maii.

886 622 1117 683 LXXVI.
1158 659 1227 669 —
1258 628 1317 684 8.
1346 627 1727 688 ΜΑΒΤΙΝΗ8.

1022 721 1196 793 (Anno
1225 720 1422 777 Christi
1452 722 1599 795 649.)

578 814 865 881 Martinus,
885 815 952 871 de
975 816 1194 873 civitate
1216 816 1512 873 Tndertina
1540 818 1835 889 provinciae
1862 819 2090 888 Tuscia},

500 907 645 963 sedit
675 923 849 964 annos
886 923 1002 975 sex,
1047 924 1291 967 mensem
1321 925 1487 966 unum
1511 951 1532 979 ,
1580 911 1697 969 dies
1734 912 1925 983 viginti
1971 928 2089 969 sex.

502 997 604 1055 llic
643 1004 861 1055 centum
912 1008 967 1055 et
1001 1000 1240 1073 quinque
1291 1001 1574 1074 episcopos
1623 1002 1678 1059 in
1731 1004 1868 1059 urbe
1923 1003 2093 1061 Roma

502 1093 888 1163 congregavit,
922 1108 1048 1150 cum
1084 1093 1281 1165 quibus
1321 1096 1706 1152 condemnavit
1746 1096 2092 1154 Theodorum

503 1186 791 1254 quemdam
856 1187 1170 1260 episcopum
1233 1188 1698 1257 Pharanitarnm,
1766 1200 1821 1247 et
1891 1189 2092 1264 Cyrum

498 1277 928 1335 Alexandrinum
954 1321 969 1347 ,
1010 1290 1064 1336 et
1092 1281 1359 1354 'Sergium
1408 1282 2088 1355 Consmntinopolitanum,

502 1377 556 1423 et
580 1369 697 1438 ejus
735 1386 1079 1429 successores
1117 1373 1389 1446 Pyrrhum
1430 1384 1487 1431 et
1528 1375 1776 1442 Paulum,
1815 1376 1908 1446 qui
1938 1377 2093 1432 novi-

503 1467 645 1516 tates
701 1471 893 1519 contra
950 1464 1349 1523 immaculatam
1405 1466 1566 1523 ﬁdem
1630 1474 2095 1538 praesumpserunt

502 1552 799 1609 innectere.
836 1555 903 1611 Et
931 1556 1164 1613 daamum
1196 1558 1490 1629 praedictus
1524 1573 1692 1630 papa,
1718 1558 1847 1628 quia
1876 1557 2094 1617 haereti-

490 1644 626 1709 ticis
649 1647 960 1703 consentire
982 1649 1178 1715 noluit,
1206 1650 1403 1707 ductus
1424 1650 1586 1709 estin
1618 1649 1893 1716 exsilium,
1920 1650 2011 1709 ubi
2038 1657 2096 1707 et

488 1735 667 1799 vitam
706 1736 758 1793 in
790 1737 1008 1799 Chrism
1040 1739 1216 1795 ﬁnivit
1252 1755 1307 1797 Iv
1338 1739 1465 1796 Idus
1492 1739 1831 1796 Novembris.
1864 1738 2094 1795 Ordina-

2191 541 2464 601 ordinavit
2505 543 2791 615 episcopos
2834 559 2930 600 sex
2954 583 2973 609 ,
3012 542 3268 600 diawnos
3311 544 3573 615 quinque.
3650 541 3775 601 Ρωι

2195 630 2512 693 electionem
2561 633 2759 705 huius,
2797 632 3040 705 Augusto
3084 647 3272 690 mense
3323 634 3578 705 apparuit
3618 634 3775 691 stella

2192 720 2505 795 praefuigida
2552 723 2709 780 valde
2752 723 3076 801 inOriente.
3111 723 3403 782 Oriebatur
3428 735 3615 783 autem
3642 727 3777 783 assi-

2191 811 2298 869 due
2319 812 2372 868 in
2402 813 2527 885 galli
2551 824 2713 871 cantu
2735 830 3004 886 apparens
3022 830 3194 887 usque
3236 832 3416 881 mane,
3442 817 3539 873 sed
3558 832 3779 874 emenso

2193 902 2358 961 trium
2408 906 2673 962 mensium
2716 908 2926 978 spatio.
2977 886 3545 979 suaepulehritudinis
3598 908 3781 965 radios
3812 886 3827 907 ⁸

2193 1011 2471 1068 nunquam
2516 1014 2715 1071 parens
2745 998 3032 1057 abscondit
3056 1040 3071 1067 ,
3119 1014 3280 1069 quam
3309 1000 3364 1055 in
3402 999 3599 1055 eadem
3626 998 3781 1071 plaga

2193 1086 2432 1147 Orientis
2460 1090 2757 1149 innumerae
2786 1090 3148 1149 multitudinis
3177 1091 3459 1147 hominum
3502 1105 3656 1147 mors
3698 1103 3785 1146 se-

2194 1187 2321 1234 cuta
2363 1188 2465 1236 est.
2526 1179 2695 1251 Hujus
2747 1191 2990 1253 tempore
3036 1181 3278 1237 Ecclesia
3322 1180 3617 1245 Ravennae,
3665 1195 3785 1251 qua

2192 1272 2346 1344 prius
2373 1272 2741 1344 acephalicum
2765 1282 2929 1345 caput
2954 1282 3142 1331 contra
3161 1274 3463 1331 Romanam
3484 1271 3787 1328 Ecclesium

2193 1373 2463 1429 erexerat,
2493 1365 2671 1422 denuo
2700 1363 2874 1422 fracta
2913 1367 3124 1421 cervice
3150 1366 3437 1437 superbia,
3474 1364 3788 1436 apostolica

2190 1456 2309 1515 sedi
2354 1456 2637 1515 liumiiiata
2686 1456 2976 1529 subiacuit.
3035 1456 3184 1515 Obiit
3211 1466 3395 1514 autem
3422 1456 3530 1512 iste
3573 1453 3789 1512 ntldus

2192 1549 2417 1625 Aprilis.
2601 1581 2605 1584 μ

2610 1641 2849 1698 LXXXI.
2874 1672 2942 1683 —
2963 1640 3022 1701 S.
3063 1641 3364 1700 AGATIIO.

2691 1734 2867 1809 (Anno
2902 1735 3102 1793 Christi
3126 1735 3276 1807 678.)

498 1825 578 1879 vit
609 1834 789 1883 autem
825 1828 1110 1900 episcopos
1156 1829 1379 1902 triginta
1421 1837 1685 1901 quatuor,
1730 1827 2084 1902 presbyteros
2114 1822 2159 1887 Β
2256 1826 2492 1901 Agatho,
2521 1827 2744 1887 natione
2789 1827 3036 1895 Siculus,
3068 1828 3211 1885 sedit
3235 1842 3410 1885 annos
3438 1828 3600 1893 deos,
3630 1841 3788 1883 men-

501 1916 751 1974 nndecim
768 1957 784 1984 ,
822 1919 1089 1977 diaconos
1114 1921 1374 1993 quinque.

870 2010 1125 2069 LXXVII.
1149 2040 1218 2055 --
1247 2014 1305 2069 8.
1338 2011 1707 2071 EUGENIUS.

997 2106 1171 2178 (Anno
1212 2104 1408 2161 Christi
1436 2103 1587 2177 652.)

567 2197 868 2269 Eugenius,
898 2199 1116 2255 natione
1145 2198 1421 2255 Romanus
1444 2238 1460 2266 ,
1492 2214 1561 2255 ex
1591 2206 1745 2269 patre
1773 2196 2084 2265 Rniiniano,

496 2288 638 2347 sedit
682 2303 856 2346 annos
884 2290 1040 2357 duos,
1085 2286 1300 2347 menses
1342 2305 1557 2357 novem,
1584 2288 1703 2345 dies
1728 2289 1920 2361 viginti
1949 2298 2082 2348 tres.

497 2379 599 2435 Hic
622 2381 896 2437 ordinavit
941 2383 1223 2454 episcopos
1252 2382 1445 2454 viginti
1484 2390 1539 2437 et
1565 2397 1764 2449 unum;
1795 2380 2084 2443 defunctus

480 2481 581 2531 est
600 2481 780 2533 autem
810 2490 864 2531 Iv
894 2473 1077 2530 Nonas
1102 2475 1266 2531 Junii.

820 2565 1101 2625 LXXVIII.
1123 2598 1195 2611 -ν
1215 2567 1274 2623 8.
1317 2566 1736 2625 VITALIANUS

947 2722 952 2726 η
985 2658 1161 2732 (Anno
1199 2658 1399 2715 Christi
1427 2659 1581 2733 655.)

583 2750 908 2816 Vitalianus,
936 2752 1155 2806 natione
1181 2750 1505 2822 Signiensis,
1526 2750 1836 2823 Campaniae
1859 2768 2082 2824 provm-

472 2844 618 2910 cite,
647 2844 715 2900 de
736 2854 892 2915 patre
920 2843 1229 2909 Anastasio,
1270 2844 1411 2900 sedit
1437 2859 1612 2901 annos
1636 2845 2079 2916 quatuordeeim,

494 2951 713 2993 menses
738 2950 855 2991 sex.
913 2933 1015 2991 llic
1059 2933 1299 3006 regulam
1350 2935 1776 2993 ecclesiasticam
1806 2947 1975 3009 atque
2006 2938 2085 2993 vi-

490 3043 703 3099 gorem,
736 3036 797 3081 ut
827 3041 944 3083 mos
972 3034 1110 3095 erat,
1144 3028 1367 3083 omnino
1394 3030 1757 3085 conservavit.
1788 3018 1903 3085 illic
1936 3029 2082 3087 ordi—

492 3121 646 3176 navit
676 3120 957 3190 episcopos
994 3119 1287 3190 nonaginta
1336 3129 1570 3191 septem,
1616 3123 1966 3193 presbyteros
1996 3121 2078 3177 vi-

492 3213 627 3284 ginti
677 3182 875 3278 duos,—
904 3182 1192 3269 diaconum
1247 3182 1435 3269 unum.
1524 3182 1695 3283 liuius
1752 3182 2155 3287 temporibusc

491 3296 881 3360 Consiantinus
900 3303 1178 3375 Augustus
1203 3302 1434 3361 Romam
1459 3305 1632 3371 venit,
1664 3304 1846 3376 ibique
1872 3307 2077 3371 omnia,

494 3410 618 3466 qua:
666 3395 736 3451 ad
780 3395 1020 3453 civitatis
1060 3405 1316 3453 ornatum
1360 3410 1618 3465 suspensa
1652 3406 1833 3464 erant,
1883 3397 2081 3470 deponi

492 3485 621 3541 fecit
646 3526 661 3551 ,
691 3495 749 3542 et
776 3485 1059 3545 ecclesiam
1088 3485 1149 3543 ὃ.
1184 3485 1371 3544 Maria)
1400 3488 1468 3543 ad
1506 3487 1819 3561 Martyres,
1850 3504 1971 3560 qum
2015 3490 2082 3545 de

490 3574 687 3647 tegulis
714 3576 873 3633 sireis
899 3586 1021 3633 erat
1064 3585 1228 3646 tecta,
1262 3578 1653 3649 disoooperuit,
1683 3588 1741 3637 et
1783 3580 1839 3639 in
1869 3581 2079 3651 regiam

496 3668 688 3724 urbem
719 3670 862 3739 ipsas
890 3669 1102 3740 tegulas
1131 3686 1255 3727 cum
1284 3671 1407 3729 aliis
1434 3673 1695 3740 diversis,
1735 3688 1856 3743 quae
1884 3674 2078 3743 deponi

464 3756 736 3821 ,fecerat,
783 3761 985 3823 emisit.
1069 3761 1302 3833 Scripsit
1350 3772 1532 3819 autem
1576 3765 1863 3837 epistolam
1908 3765 2079 3823 Paulo

491 3849 738 3905 Cretensi
792 3852 1223 3924 archiepiscopo,
1276 3856 1330 3909 in
1379 3870 1484 3925 qua
1532 3871 1654 3911 eum
1705 3858 1905 3928 arguit,
1947 3858 2076 3929 quia

492 3939 756 3995 Joannem
796 3942 1104 4014 episcopum
1151 3944 1423 4015 Lampeon
1472 3947 1625 4002 nrbis
1669 3948 1722 4001 in
1773 3950 2075 4004 custodiam

491 4031 613 4086 duci
644 4030 793 4086 fecit.
845 4031 1068 4103 insuper
1112 4043 1303 4090 contra
1346 4045 1613 4091 canonum
1660 4025 1854 4107 jussa,'
1885 4046 2076 4093 contra

492 4123 670 4193 legum
720 4123 982 4191 instituta,
1010 4125 1251 4182 existens
1295 4112 1348 4183 in
1394 4127 1667 4195 custbdia,
1698 4128 1990 4198 cogebatur
2019 4138 2075 4184 nt

492 4212 645 4267 daret
688 4210 1054 4283 ﬁdeiussores.
1116 4204 1270 4271 Unde
1315 4218 1518 4283 omnia,
1569 4232 1689 4289 quze
1740 4217 1854 4287 ipse
1896 4219 2076 4274 archi-

491 4309 778 4380 episc0pus
803 4311 870 4366 de
886 4310 999 4381 jam
1029 4312 1288 4383 praedicto
1316 4313 1568 4384 episeopo
1608 4313 1664 4368 in
1707 4314 1912 4386 synodo
1941 4314 2070 4385 egit,

489 4396 671 4457 inauia
718 4419 836 4459 esae
862 4402 1141 4473 decrevit,
1187 4400 1241 4461 ci
1287 4406 1570 4462 ecclesiam
1611 4420 1763 4462 suam
1795 4392 2071 4476 eliudirio

489 4496 702 4566 synodi,
730 4497 871 4553 datis
896 4497 1126 4567 litteris,
1168 4499 1317 4555 reddi
1350 4499 1624 4569 praecepit.
1666 4499 1961 4555 Defunctus
1989 4506 2072 4554 est

488 4600 671 4647 autem
695 4608 791 4649 vni
816 4591 937 4648 ldus
962 4574 1262 4648 Februarii.

883 4680 1118 4742 LXXIX.
1153 4718 1224 4728 —
1246 4672 1678 4742 ADEODATUS.

986 4778 1157 4850 (Anno
1188 4776 1382 4833 Christi
1410 4776 1560 4851 669.)

548 4860 860 4927 Adeodatns
884 4912 897 4938 ,
940 4871 1161 4926 natione
1200 4866 1494 4937 Romanus,
1539 4874 1607 4927 ex
1645 4870 1958 4937 monachis,
1992 4871 2060 4927 de

478 4962 631 5035 patre
657 4962 963 5030 Joviniano,
994 4958 1132 5018 sedit
1177 4976 1347 5019 annos
1373 4958 1627 5033 quatuor,
1657 4968 1872 5020 menses
1898 4962 2053 5033 duos,

479 5054 596 5110 dies
627 5056 881 5128 quinque.
920 5052 1019 5112 llic
1043 5052 1312 5112 ordinavit
1340 5054 1621 5129 episcopos
1649 5064 1879 5129 septem,
1908 5060 2064 5133 pret-

478 5146 703 5220 byteros
719 5144 1126 5218 quatuordecim
1146 5191 1161 5217 ,
1182 5146 1437 5206 diaconos
1457 5142 1611 5207 duos.
1648 5146 1748 5220 Qui
1775 5146 2060 5211 defunctus
2092 5166 2099 5177 '

475 5250 561 5297 est
594 5255 689 5295 VIII
716 5240 838 5296 Idus
862 5241 1031 5298 Junii.
1071 5242 1201 5299 Post
1227 5243 1346 5313 ejus
1370 5259 1502 5301 vero
1530 5244 1838 5313 transitum,
1862 5250 1925 5302 et
1943 5242 2047 5319 pln-

475 5331 577 5387 vite
602 5338 658 5386 et
690 5331 933 5388 tonitrua
981 5334 1130 5388 tanta
1178 5320 1418 5402 bierunt,
1468 5336 1669 5407 quanta
1716 5338 1868 5408 prius
1892 5336 2053 5396 fuisse

470 5439 633 5481 nemo
661 5439 726 5481 eo
750 5425 807 5481 in
831 5428 1074 5497 tenipore
1098 5426 1287 5484 vivens
1308 5428 1577 5485 audierat.
1630 5429 1786 5486 Unde
1809 5430 2055 5489 homines

469 5522 530 5574 et
554 5516 790 5590 pecudes
815 5526 884 5575 ex
913 5519 1082 5575 nimio
1111 5520 1222 5576 ictu
1248 5520 1474 5592 fulguris
1497 5523 1839 5585 interierunt.

957 5610 1174 5668 LXXX.
1200 5638 1271 5657 -η
1302 5613 1552 5672 BONUS.

969 5702 1145 5771 (Anno
1176 5704 1378 5761 Christi
1414 5707 1565 5781 676.)

470 5810 477 5819 ·
543 5786 750 5861 Bonus,
790 5794 1012 5854 natione
1034 5795 1315 5857 Romanus
1337 5836 1356 5866 ,
1394 5813 1464 5866 ex
1486 5807 1643 5871 patre
1665 5800 1938 5870 “auritis,
1966 5820 2051 5861 se-

2186 1933 2281 1976 ses
2302 1920 2562 1991 quinque,
2594 1918 2711 1976 dies
2735 1929 2988 1990 quatuor.
3050 1918 3153 1977 llic
3178 1919 3456 1977 ordinavit
3493 1920 3785 1992 episcopos

2188 2013 2491 2070 octodecim
2514 2054 2532 2081 ,
2577 2014 2927 2087 presbyteros
2970 2015 3179 2081 decem,
3223 2014 3487 2076 diaconos
3517 2022 3781 2085 quatuor.

2188 2101 2377 2178 Legati
2419 2103 2942 2176 Constantinopolim
2991 2107 3180 2163 directi
3216 2123 3249 2164 e
3276 2107 3448 2163 latore
3492 2106 3656 2178 hujus
3684 2122 3788 2178 pa-

2186 2209 2291 2264 pae,
2322 2193 2619 2251 Macariutn
2644 2192 3045 2253 Antiochenam
3074 2197 3445 2268 patriarcbam
3475 2198 3531 2253 in
3579 2197 3789 2270 synodo

2151 2288 2595 2358 deposuerunt,
2654 2288 2780 2360 quia
2829 2290 2964 2346 duas
3012 2298 3236 2347 naturas
3287 2298 3345 2346 et
3389 2289 3788 2347 voluntatesin

2187 2378 2405 2437 Christo
2434 2396 2555 2437 esse
2584 2368 2836 2453 ’negavit.
2892 2380 3194 2439 Praedictus
3236 2397 3373 2455 papa
3420 2382 3527 2439 hoc
3553 2382 3792 2439 obtinuit

2188 2473 2329 2543 apud
2376 2473 2764 2546 imperatores,
2797 2472 3214 2531 Constantinum
3266 2473 3557 2541 videlicet,
3592 2470 3789 2531 εει-Βο-

2188 2564 2438 2632 raclium,
2464 2575 2521 2621 et
2546 2564 2847 2632 Tiberium,
2879 2575 2940 2621 ut
2979 2564 3135 2636 juxta
3172 2564 3599 2637 postulationem
3626 2580 3790 2621 suam

2187 2657 2561 2715 remitteretur
2587 2658 2862 2728 quantitas
2907 2656 3017 2724 illa,
3050 2672 3171 2729 quae
3199 2656 3360 2712 solita
3387 2665 3508 2711 erat
3538 2655 3657 2711 dari
3688 2669 3791 2725 pro

2187 2748 2533 2806 ordinatione
2563 2748 2793 2807 Romani
2818 2734 3091 2820 pontificis
3132 2746 3383 2806 facienda
3415 2762 3431 2802 :
3458 2748 3540 2803 sic
3574 2756 3787 2809 tamen,

2186 2848 2264 2905 ut,
2297 2839 2342 2894 si
2372 2839 2663 2912 contigerit
2690 2849 2810 2911 post
2833 2838 2950 2909 eius
2992 2830 3282 2894 transitum
3321 2837 3407 2894 vel
3452 2836 3784 2893 electionem

2185 2930 2583 2987 ordinationem
2610 2930 2747 2998 ﬁeri,
2796 2946 2914 2985 non.
2938 2924 3136 2987 debeat
3178 2924 3420 2984 ordinari
3453 2926 3545 2998 qui
3572 2925 3791 2982 electus

2189 3010 2370 3084 fuerit,
2431 3019 2535 3075 nisi
2588 3018 2742 3095 prius
2797 3020 3071 3077 decretum
3124 3018 3379 3091 generale
3414 3014 3701 3073 deferatur
3732 3015 3789 3072 in

2190 3102 2393 3184 regiam
2424 3108 2613 3168 urbem
2663 3110 2962 3168 secundum
2993 3110 3272 3183 antiquam
3303 3106 3787 3175 consuetudinem,

2185 3212 2389 3259 etcum
2419 3220 2632 3272 eorum,
2663 3196 2717 3259 id
2759 3211 2846 3259 est
2885 3198 3297 3276 imperatorum,
3327 3198 3554 3257 scientia
3578 3209 3639 3254 et
3658 3196 3789 3270 jus-

2185 3295 2337 3352 sione
2357 3295 2631 3352 ordinatio
2656 3290 2852 3352 debeat
2893 3294 3200 3369 provenire.
3230 3286 3331 3350 llic
3379 3290 3681 3350 defunctus
3701 3300 3789 3350 est

2185 3405 2237 3445 Iv
2264 3384 2387 3444 Idus
2414 3385 2676 3443 Januarii.

2620 3464 2881 3535 LXXXII.
2912 3508 2983 3519 —
3013 3472 3072 3534 8.
3108 3470 3241 3534 LEO
3264 3472 3331 3533 ll.

2689 3567 2864 3642 (Anno
2890 3564 3085 3625 Christi
3118 3568 3272 3641 683.)

2250 3652 2383 3730 Leo,
2408 3663 2628 3721 natione
2651 3658 2888 3730 Siculus,
2910 3678 2976 3719 ex
3000 3672 3152 3735 patre
3178 3658 3368 3731 Paulo,
3394 3663 3539 3720 sedit
3558 3679 3788 3722 menses

2181 3759 2390 3827 decem,
2418 3758 2534 3815 dies
2555 3758 2960 3829 septemdecim.
2992 3757 3091 3814 IIic
3130 3758 3233 3814 fuit
3262 3758 3782 3830 eloquentissimus,

2180 3850 2367 3909 Graeca
2398 3860 2452 3907 et
2480 3849 2669 3907 Latina
2700 3851 2881 3924 lingua
2909 3852 3174 3907 eruditus.
3204 3850 3305 3909 Hic
3348 3852 3481 3908 fecit
3508 3856 3786 3913 constitu-

2183 3957 2318 4014 tum,
2348 3956 2424 4013 ut,
2456 3948 2549 4019 qui
2593 3947 2877 4005 ordinatus
2923 3946 3086 4003 fuerit
3134 3947 3603 4019 archiepiscopus,
3636 3948 3783 4003 nulla

2180 4030 2572 4097 consuetudine
2598 4054 2698 4110 pro
2723 4055 2823 4095 usu
2859 4038 3024 4110 pallii,
3053 4047 3146 4094 aut
3189 4039 3418 4095 diversis
3457 4039 3663 4097 ciliciis
3691 4056 3783 4096 ec-

2178 4133 2376 4199 clesiae,
2405 4132 2712 4203 persolvere
2756 4133 2967 4189 debeat.
3019 4130 3118 4189 Hic
3162 4132 3437 4190 ordinavit
3487 4134 3781 4205 episcopos

2179 4222 2365 4283 tinunf
2389 4232 2445 4279 et
2490 4224 2706 4299 viginti,
2759 4224 3107 4299 presbyteros
3150 4225 3601 4296 quatuordecim,
3656 4224 3745 4279 dia

2179 4331 2344 4373 conos
2372 4325 2505 4373 tres.
2541 4314 2837 4373 Defunctus
2862 4324 2947 4383 est
2968 4318 3149 4371 autem
3178 4332 3230 4370 Iv
3262 4312 3495 4372 Kalend.
3528 4308 3686 4371 Julii.

2495 4394 2779 4465 LXXXIII.
2814 4438 2886 4449 -
2918 4406 3350 4466 BENEDICTUS
3372 4400 3441 4463 It.

2685 4499 2860 4571 (Anno
2889 4498 3087 4556 Christi
3114 4499 3263 4574 684.)

2092 4560 2149 4622 υ
2245 4593 2590 4661 Benedictus,
2646 4595 2865 4653 natione
2907 4596 3207 4663 Romanus,
3249 4611 3312 4651 ex
3342 4601 3505 4667 patre
3532 4595 3775 4664 Joanne,

2170 4685 2312 4745 sedit
2359 4701 2575 4744 menses
2615 4685 2827 4753 decem,
2879 4686 2996 4743 dies
3043 4686 3349 4743 duodecim.
3392 4670 3499 4743 ilic
3524 4686 3774 4757 suscepit

2169 4788 2507 4851 praeceptum
2553 4778 2895 4837 Constantini
2928 4779 3158 4851 Augusti
3204 4779 3389 4835 datum
3411 4778 3568 4834 clero
3591 4787 3649 4832 et
3672 4795 3773 4851 μοι

2168 4872 2314 4943 pulo,
2352 4879 2408 4928 et
2460 4871 2725 4929 exercitui
2773 4871 3040 4938 Romano,
3092 4886 3189 4943 per
3242 4871 3387 4943 quod
3437 4886 3769 4927 concessum

2164 4973 2269 5032 est,
2296 4972 2375 5031 ut,
2415 4979 2539 5020 cum
2588 4965 2713 5037 quis
2756 4963 2922 5021 fuerit
2957 4964 3164 5021 electus
3215 4964 3284 5019 ad
3316 4963 3616 5035 regendam
3654 4962 3771 5019 Ro-

2164 5072 2383 5115 manam
2415 5060 2619 5127 sedem,
2651 5061 2913 5119 continuo
2952 5058 3155 5130 absque
3183 5059 3439 5115 tarditate
3468 5074 3767 5116 ροηδεεῶ

2160 5160 2250 5208 tur
2270 5152 2530 5224 pontifex.
2555 5151 2703 5208 Obiit
2727 5167 2857 5209 vero
2880 5168 2977 5209 Vlll
3004 5150 3150 5209 Maii.

2559 5242 2842 5301 LXXXIV.
2865 5230 3262 5302 -ἽΟΑΝΝΕε
3298 5240 3363 5302 ν.

2659 5340 2835 5412 (Anno
2869 5337 3068 5397 Christi
3096 5338 3249 5415 685.)

2230 5433 2488 5499 Joannes,
2519 5432 2739 5497 natione
2788 5433 2984 5506 Syros,
3011 5449 3079 5491 ex
3110 5432 3390 5506 provincia
3434 5418 3757 5493 Antiochia.

2160 5532 2228 5587 de
2256 5539 2413 5602 patre
2452 5528 2709 5601 (Syriaco,
2740 5528 2883 5586 sedit
2908 5543 3112 5585 annum
3150 5544 3343 5596 unum,
3374 5529 3492 5585 dies
3526 5544 3756 5586 novem.

2157 5622 2285 5680 Fuit
2330 5631 2514 5678 autem
2558 5622 2645 5679 vir
2666 5621 2821 5678 valde
2857 5628 3134 5689 strenuus,
3162 5631 3328 5695 atque
3357 5622 3595 5679 scientia
3615 5636 3756 5696 prae—

2150 5712 2320 5781 ditus,
2344 5724 2401 5770 et
2424 5714 2653 5771 omnino
2689 5714 3021 5772 moderatus.
3072 5713 3176 5771 Hie
3211 5724 3565 5783 consecratus
3608 5724 3691 5773 est
3718 5730 3755 5770 ι

2152 5808 2333 5865 tribus
2382 5806 2675 5887 episcopis,
2722 5804 2993 5881 Ostiense,
3052 5804 3355 5867 Portuense
3394 5815 3456 5866 et
3516 5806 3755 5866 Veliter-
