3948 5530
480 415 621 469 1259

1190 414 1484 471 ΑΡΡΕΝΙ).
1524 418 1618 473 AD
1656 417 1831 475 SZEC.
1871 417 1964 476 IX.
2007 450 2078 461 —
2116 416 2489 476 AUCTORES
2523 419 2686 476 ANNI
2742 420 3033 479 lNCER'l‘l.

3615 421 3744 481 tato

487 543 660 584 annos
700 526 908 590 decem,
939 541 1153 583 menses
1182 539 1326 594 octo,
1357 532 1474 587 dies
1497 533 1708 604 viginti.
1734 533 1837 589 llic
1869 533 1966 590 fuit
1988 535 2074 590 vir
2100 539 2148 597 Α
2177 535 2244 590 ad
2277 534 2564 590 missarum
2597 536 2860 592 solemnia
2898 537 3242 603 celebranda,
3281 537 3436 593 nullo
3464 539 3622 594 modo
3663 557 3746 594 au-

482 621 638 676 valde
663 621 831 683 mitis,
865 631 914 674 ct
948 622 998 675 in
1045 623 1241 678 divinis
1268 625 1465 682 litteris
1485 626 1626 689 bene
1671 629 1984 693 instructus,
2016 639 2072 685 et

484 711 673 767 Graeca
722 712 1022 782 Latinaque
1068 714 1248 786 lingua
1303 719 1534 786 pleniter
1578 721 1846 777 eruditus.
1876 721 1976 777 llic
2016 723 2069 777 in

485 805 690 875 synodo
729 803 990 870 residens,
1036 822 1227 862 omnes
1273 809 1394 865 illos
1448 812 1810 869 anathematis
1859 816 2073 870 vinculo

487 894 786 960 innodavit,
831 896 920 965 qui
981 899 1218 968 antiquas
1273 901 1655 959 ecclesiasticze
1700 908 2072 962 consuetudini

488 991 860 1055 adversantes,
891 1004 1204 1052 sanctorum
1248 998 1510 1070 imagines
1558 1003 1806 1057 venerari
1835 990 2077 1060 contem-

489 1093 700 1140 nerent.
740 1085 838 1142 llic
859 1089 1132 1144 ordinavit
1161 1091 1443 1162 episcopos
1469 1095 1766 1164 octoginta,
1799 1096 2078 1169 presbyte-

488 1189 580 1230 ros
612 1175 798 1248 viginti
828 1187 1081 1249 quatuor,
1122 1181 1380 1238 diaconos
1409 1195 1534 1240 tres.

882 1271 1061 1327 XCIII.
1085 1302 1157 1314 —
1188 1275 1246 1328 S.
1289 1274 1699 1333 ZACHARIAS.

985 1364 1166 1436 (Anno
1206 1366 1401 1422 Christi
1439 1369 1600 1440 742.)

561 1451 873 1519 Zacharias,
907 1457 1128 1513 natione
1153 1458 1396 1525 Grazcus,
1421 1476 1486 1516 es
1515 1471 1668 1532 patre
1694 1461 2078 1535 Polychronio,

488 1543 633 1597 sedit
658 1560 832 1602 annos
853 1547 1062 1615 decem,
1093 1565 1311 1606 menses
1343 1560 1473 1617 tres,
1500 1553 1618 1609 dies
1648 1555 2074 1624 quatuordecim.

495 1635 664 1708 Hujus
716 1643 1050 1711 temporibus
1079 1643 1497 1709 Karlomannus,
1539 1646 1681 1703 ﬁlius
1732 1647 2080 1704 Karlomannl

493 1727 706 1800 [Caroli
739 1731 1008 1804 Martelli]
1059 1734 1392 1790 Francorum
1420 1738 1586 1808 regis,
1634 1740 1917 1808 praesentis
1960 1740 2084 1795 vitae

495 1823 722 1895 gloriam
749 1834 804 1880 et
841 1835 1168 1895 potestatem
1216 1827 1549 1898 relinquens,
1579 1830 1868 1888 clericatus
1892 1832 2079 1902 jugum

2175 628 2299 683 deat
2326 627 2450 682 data
2481 629 2728 683 oratione
2753 629 3026 696 recedere,
3063 639 3123 684 ut
3162 629 3230 684 ab
3255 629 3364 684 alio
3386 635 3640 700 episc0po
3666 641 3749 685 aut

2172 719 2490 790 presbytero
2529 719 2818 774 missarum
2847 719 3104 776 solemnia
3138 721 3514 791 suppleantur,
3548 722 3640 776 sed
3667 722 3750 791 qui

2176 806 2386 862 initium
2407 809 2606 879 posuit,
2623 809 2872 880 suppleat
2895 822 3064 881 usque
3092 811 3144 864 in
3170 809 3354 865 ﬁnem.
3383 811 3440 865 Si
3463 811 3587 880 quis
3608 810 3753 865 aliter

2176 903 2777 972 agerepraesumpserit,
2805 919 2834 957 a
2858 903 3136 958 Dominico
3167 918 3398 974 corpore
3428 913 3486 957 et
3506 904 3756 972 sanguine

2176 995 2248 1050 sit
2300 1011 2611 1065 suspensus.
2642 996 2936 1052 Prtedictus
2978 1013 3114 1067 papa
3166 997 3440 1052 universis
3478 997 3753 1066 episcopis,

2177 1089 2386 1143 cunctis
2413 1090 2578 1144 etiam
2603 1089 2848 1153 ducibus,
2880 1089 3190 1151 comitibus,
3213 1087 3579 1156 omnibusque
3605 1087 3757 1140 Deum

2180 1179 2497 1234 timentibus
2555 1195 2654 1251 per
2707 1178 2918 1234 Gallias
2967 1186 3024 1233 et
3076 1176 3413 1232 Francorum
3469 1176 3760 1245 provincias

2178 1272 2488 1327 constitutis
2519 1271 2802 1342 epistolam
2837 1271 3146 1336 destinavit,
3183 1270 3236 1324 in
3267 1285 3373 1338 qua
3403 1283 3599 1322 omnes
3626 1283 3761 1321 com-

2180 1365 2431 1431 monuit,
2489 1374 2546 1419 ut
2590 1364 2757 1419 falsos
2801 1371 2854 1419 et
2911 1363 3290 1418 schismaticos
3316 1404 3330 1428 ,
3386 1358 3692 1416 homicidas
3720 1368 3768 1412 et

2181 1457 2507 1513 fornicarios
2538 1458 2851 1512 sacerdotes
2881 1458 2948 1511 ab
2979 1457 3108 1527 ipsis
3136 1455 3490 1526 expellerent.

2557 1549 2739 1605 XCIV.
2767 1580 2838 1592 ——-
2868 1548 3279 1605 STEPHANUS
3317 1548 3404 1603 lll.

2677 1639 2850 1712 (Anno
2891 1639 3087 1694 Christi
3121 1639 3271 1710 752.)

2253 1731 2584 1802 Stephanus,
2618 1730 2836 1785 natione
2880 1730 3177 1796 Romanus,
3210 1745 3277 1785 ex
3314 1737 3473 1799 patre
3517 1728 3772 1784 Constan-

2187 1825 2316 1890 tino,
2368 1825 2506 1880 sedit
2553 1840 2726 1879 annos
2778 1824 3039 1895 quinque,
3083 1824 3198 1878 dies
3244 1823 3435 1896 viginti
3488 1833 3625 1878 tres.
3657 1821 3775 1878 Post

488 1912 675 1970 Romae
722 1917 790 1973 ab
826 1917 943 1986 ipso
980 1933 1115 1990 papa
1177 1921 1431 1990 suscepit.
1471 1921 1673 1978 Deinde
1720 1923 1787 1977 ad
1841 1933 2078 2002 montem
2113 1903 2158 1963 Β
2187 1917 2392 1972 obitum
2420 1916 2699 1970 Zachariae
2726 1931 2876 1987 papa:
2902 1916 3213 1984 Stephanus
3249 1916 3472 1985 quidam
3505 1916 3778 1988 presbyter

488 2004 774 2063 Cassinum
796 2011 1062 2078 pervenit,
1093 2010 1273 2081 ibique
1297 2011 1436 2067 facta
1457 2010 1607 2080 iuxta
1637 2029 1840 2070 morem
1874 2016 2081 2085 profes-

489 2098 662 2164 sione,
703 2103 1058 2171 prol‘essionis
1093 2103 1334 2160 habitum
1366 2106 1559 2161 devote
1611 2108 1869 2177 suscepit.
1928 2107 2080 2177 Ejus-

490 2191 612 2246 dem
666 2207 818 2263 papa:
856 2196 1191 2264 temporibus
1235 2196 1562 2253 Ratechisus
1616 2215 1712 2254 rex
1760 2199 2077 2272 Langobar-

488 2279 682 2337 dorum
734 2285 969 2355 regalem
1001 2287 1321 2357 dignitatem
1360 2289 1690 2360 relinquens,
1743 2309 1770 2346 a
1821 2278 2084 2362 prmdictti

487 2388 628 2443 papa
665 2375 942 2442 detonsus,
1011 2379 1335 2434 monachico
1391 2380 1578 2436 habitu
1627 2396 1750 2436 cum
1809 2398 1976 2439 uxore
2027 2391 2082 2439 et

490 2463 616 2520 ﬁliis
680 2466 940 2522 induitur.
1016 2468 1116 2524 llic
1173 2471 1444 2526 ordinavit
1507 2473 1793 2544 episc0pos
1860 2475 2079 2546 triginta

489 2556 749 2626 quinque,
808 2558 1160 2632 presbyteros
1208 2562 1397 2633 viginti
1458 2571 1591 2628 tres,
1646 2564 1902 2620 diaconos
1960 2580 2076 2621 sex.

491 2646 589 2703 llic
614 2649 665 2703 in
696 2652 904 2722 synodo
934 2654 1218 2710 constituit
1245 2664 1303 2710 ut
1327 2656 1565 2727 episcOpi
1614 2672 1738 2711 cum
1764 2657 2081 2714 mulieribus

490 2742 711 2795 omnino
763 2758 870 2797 non
922 2743 1188 2812 habitent,
1253 2755 1308 2802 et
1376 2747 1678 2820 presbyteri
1735 2750 1819 2805 vel
1868 2747 2080 2806 diaconi

490 2831 1210 2908 subintroductaspmlieres
1238 2836 1386 2892 nullo
1420 2839 1580 2893 modo
1620 2854 1805 2894 secum
1849 2841 2082 2895 audeant

489 2921 715 2987 habere,
759 2925 864 2980 nisi
911 2937 1166 2994 matrem,
1188 2937 1245 2983 et
1272 2928 1392 2984 illas
1420 2945 1540 3000 quae
1587 2931 1922 3001 suspiciones
1949 2930 2082 2987 effu-

490 3014 679 3083 giunt;
729 3017 970 3089 alioquin
1017 3021 1220 3090 gradus
1261 3022 1341 3076 sui
1382 3023 1666 3092 priventur
1693 3025 1920 3080 honore.
1950 3025 2081 3081 ltem

495 3106 689 3160 statuit
721 3114 780 3159 ut
819 3108 1080 3180 episcopi,
1112 3109 1439 3182 presbyteri,
1467 3113 1685 3170 diaconi
1733 3114 2085 3170 saecularibus
2125 3171 2128 3176 ,

495 3194 828 3251 indumentis
855 3198 1077 3254 minime
1107 3208 1348 3268 utantur,
1377 3202 1502 3268 nisi,
1538 3212 1596 3257 ut
1626 3203 1907 3270 condecet,
1937 3205 2084 3259 tuni-

497 3300 561 3341 ca
610 3287 974 3344 sacerdotali:
1023 3290 1120 3346 sed
1169 3305 1344 3362 neque
1403 3293 1530 3346 dum
1577 3293 1978 3348 ambulaverint
2031 3294 2085 3348 in

493 3383 718 3438 civitate
739 3425 754 3449 ,
782 3393 878 3439 aut
919 3385 972 3439 in
1003 3385 1116 3451 via,
1147 3395 1239 3440 aut
1271 3386 1326 3441 in
1369 3386 1594 3457 plateis,
1627 3387 1746 3444 sine
1774 3387 2087 3445 indumento

491 3487 824 3546 praesumant
852 3477 1155 3544 ambulare,
1187 3478 1293 3534 nisi
1315 3479 1368 3533 in
1416 3479 1612 3534 itinere
1642 3479 1801 3552 longo
1841 3482 2086 3536 ambula-

492 3569 673 3624 verint
697 3586 710 3623 :
754 3568 882 3638 quia
909 3571 1167 3626 sacerdos
1194 3570 1451 3627 incedens
1475 3571 1594 3626 sine
1615 3573 1957 3642 operimento
1985 3573 2086 3629 sibi

495 3675 754 3732 congruo,
781 3662 1150 3718 sacerdotium
1187 3679 1344 3718 suum
1377 3665 1650 3736 deturpat.
1679 3664 1833 3731 Quod
1865 3666 1910 3720 si
1951 3680 2089 3736 pra:-

495 3753 810 3820 sumpserit,
855 3753 1235 3810 communione
1269 3755 1538 3825 privetur,
1581 3757 1772 3820 donec,
1811 3772 1932 3828 qua:
1973 3764 2088 3812 sta-

496 3849 610 3896 tuta
659 3853 805 3908 sunt,
868 3845 1165 3914 adimplere
1225 3857 1480 3903 maturet.
1534 3847 1688 3915 Item,
1747 3857 1809 3904 ut
1861 3848 2088 3921 presby-

496 3939 596 3991 teri
652 3945 708 3990 et
748 3937 960 3991 diaconi
1011 3951 1116 3992 non
1171 3947 1392 3994 utantur
1443 3941 1728 4003 monacha,
1782 3940 1866 3996 vel
1921 3942 2088 3996 etiam

496 4026 765 4098 spirituali
841 4037 1160 4085 commatre.
1228 4028 1364 4084 Nam
1433 4031 1522 4100 qui
1594 4030 1897 4100 huiusmodi
1956 4048 2090 4102 opus

495 4122 915 4192 perpetraverit,
978 4122 1117 4176 sciat
1163 4138 1222 4178 se
1271 4123 1635 4179 anathematis
1674 4125 1892 4181 vinculo
1956 4127 2091 4181 obli-

493 4223 697 4282 gatum,
747 4213 819 4268 'et
892 4214 984 4269 Dei
1029 4209 1235 4282 judicio
1301 4216 1766 4282 condemnatum,
1833 4227 1998 4288 atque
2059 4234 2086 4272 a

493 4321 652 4362 sacro
716 4322 947 4377 corpore
1003 4317 1060 4362 et
1114 4309 1375 4379 sanguine
1449 4309 1663 4364 Domini
1737 4310 1909 4366 nostri
1963 4309 2090 4366 Jesu

490 4396 694 4457 Christi
733 4401 992 4465 alienum,
1049 4411 1324 4458 statuente
1384 4404 1679 4472 apostolica
1733 4419 1986 4461 censura.
2024 4406 2094 4461 Et

495 4493 804 4562 quicunque
824 4493 1166 4549 sacerdotum
1192 4494 1390 4550 talibus
1404 4496 1808 4552 communicare
1832 4512 2095 4568 praesum-

2184 2025 2212 2063 a
2258 2018 2455 2064 cuncto
2499 2009 2696 2079 populo
2741 2008 2945 2064 electus
2987 2017 3112 2072 est,
3164 2017 3221 2062 et
3286 2009 3338 2062 in
3389 2009 3778 2078 patriarcbium

2184 2100 2604 2155 inthronizatus.
2666 2100 2766 2168 Qui
2823 2109 2946 2170 post
3000 2099 3221 2153 biduum
3281 2099 3469 2153 subito
3521 2099 3778 2154 alienatus

2183 2192 2475 2257 obmutuit,
2503 2201 2557 2246 et
2589 2191 2674 2246 die
2717 2192 2966 2261 sequenti
3008 2191 3295 2246 defunctus
3339 2199 3443 2245 est.
3497 2189 3633 2245 Post
3678 2190 3778 2244 hac

2183 2299 2312 2338 vero
2325 2298 2515 2338 omnes
2527 2283 2857 2338 unanimiter
2870 2282 3013 2336 hunc
3025 2281 3304 2353 eligentes,
3321 2281 3376 2336 in
3392 2281 3778 2350 patriarchium

2177 2374 2332 2446 juxta
2395 2389 2602 2429 morem
2657 2373 3078 2429 introduxerunt
3131 2391 3146 2426 :
3207 2380 3330 2426 erat
3375 2372 3525 2426 enim
3580 2381 3780 2425 amator

2185 2466 2562 2532 ecclesiarum,
2617 2465 2964 2520 traditionem
2997 2464 3429 2520 ecclesiasticam
3469 2463 3633 2518 ﬁrma
3675 2473 3779 2519 sta-

2185 2556 2395 2612 bilitate
2439 2572 2790 2612 conservans.
2852 2555 3022 2625 Hujus
3073 2557 3413 2627 temporibus
3469 2557 3780 2626 Aistulphus

2185 2646 2662 2720 Langobardorum
2690 2663 2806 2714 rex,
2834 2649 3112 2719 occupatis
3138 2648 3295 2703 bonis
3314 2647 3598 2712 Ecclesiae,
3626 2648 3781 2703 multa

2186 2739 2447 2797 Romanis
2503 2741 2909 2804 intulit.mala,
2961 2741 3054 2796 sed
3108 2741 3342 2811 plurima
3398 2742 3646 2796 minatus
3685 2751 3781 2797 est.

2187 2834 2341 2891 Unde
2361 2836 2650 2906 praedictus
2680 2849 2819 2906 papa
2841 2844 3061 2891 coactus
3085 2834 3372 2905 Pippinum
3407 2851 3596 2907 regem
3623 2835 3784 2892 Fran-
3861 2833 3866 2839 ’

2189 2926 2287 2981 θὴρ
2315 2927 2646 2996 postulatum
2685 2926 2945 2981 auxilium
2995 2925 3154 2990 adiit,
3195 2936 3390 2982 contra
3432 2942 3604 2996 quem
3648 2929 3784 2984 venit

2189 3015 2586 3072 Karlomannus
2649 3015 2820 3073 frater
2885 3017 3058 3088 regis,
3128 3018 3382 3087 quamvis
3441 3019 3781 3086 monachus;

2190 3109 2443 3181 malignis
2479 3121 2658 3166 tamen
2691 3110 2964 3181 Aistulpbi
3005 3109 3351 3166 suasionibus
3401 3111 3693 3183 deceptus,
3734 3121 3785 3166 ut

2191 3200 2312 3272 ejus
2359 3202 2677 3274 petitionem
2729 3203 2783 3256 in
2825 3201 3040 3256 irritum
3090 3201 3338 3257 duceret.
3389 3201 3525 3266 Sed,
3583 3203 3695 3258 Deo
3740 3203 3786 3258 id

2113 3265 2159 3327 (ἶ
2190 3265 2406 3363 agente,
2455 3292 2720 3363 propositi
2771 3291 3024 3347 inefﬁcax
3063 3292 3298 3358 exstitit,
3329 3302 3386 3347 et
3431 3265 3519 3348 ibi
3555 3294 3696 3348 idem
3739 3295 3786 3348 in

2188 3382 2419 3438 Francia
2453 3383 2506 3438 in
2537 3384 2876 3439 monasterio
2907 3399 2935 3437 a
2979 3383 3150 3438 fratre
3181 3392 3448 3450 statutus,
3479 3387 3656 3440 vitam
3681 3385 3787 3440 ﬁni-

2187 3476 2268 3531 vit
2296 3493 2309 3529 :
2338 3477 2581 3548 pontifex
2610 3492 2741 3532 vero
2766 3477 2907 3547 apud
2933 3491 3115 3546 regem
3143 3475 3491 3532 voluntatem
3524 3493 3640 3533 sua:
3666 3480 3788 3549 peti-

2188 3568 2354 3623 tionis
2385 3568 2640 3623 obtinuit.
2685 3567 2786 3624 llic
2829 3567 3104 3622 ordinavit
3128 3567 3425 3638 episcopos
3454 3569 3787 3639 quindecim,

2189 3665 2536 3734 presbyteros
2566 3663 2720 3727 duos,
2754 3662 3013 3717 diaconos
3043 3663 3196 3715 duos.
3235 3659 3553 3716 Defunctus
3585 3670 3672 3717 est
3705 3678 3787 3715 auo

2190 3763 2296 3809 tem
2325 3770 2378 3808 v1
2411 3753 2639 3809 Kalend.
2680 3752 2828 3807 Maii.

2261 3844 2559 3900 Praedictus
2597 3844 2840 3916 pontifex
2883 3844 2937 3900 in
2979 3845 3211 3915 quadam
3251 3846 3486 3916 epistola
3537 3847 3608 3903 de
3655 3847 3789 3903 inﬁr-

2191 3933 2396 3988 mitatis
2459 3950 2572 3988 sure
2642 3934 2966 3990 liberatione
3023 3935 3097 3989 ita
3149 3936 3296 3990 inter
3349 3946 3555 3991 caetera
3613 3938 3788 3993 dicit:

2191 4023 2322 4079 Cum
2348 4025 2468 4094 jam
2498 4025 2686 4080 medici
2722 4026 3088 4095 desperarent,
3135 4026 3215 4096 fui
3261 4027 3400 4080 sicut
3456 4029 3516 4081 in
3565 4029 3792 4082 oratione

2189 4116 2245 4169 in
2291 4115 2508 4170 ecclesia
2556 4115 2622 4170 B.
2667 4117 2917 4188 martyris
2961 4117 3185 4172 Dionisii
3224 4118 3416 4172 subtus
3462 4136 3788 4189 cantpaaas,

2190 4224 2237 4270 et
2262 4215 2368 4269 vidi
2399 4224 2521 4269 ante
2547 4213 2716 4269 altare
2735 4215 2987 4269 damnum
3028 4212 3245 4268 Petrum
3276 4226 3325 4269 et
3359 4217 3622 4270 damnum
3661 4214 3790 4270 Pas-

2193 4306 2325 4385 tum,
2369 4316 2418 4361 et
2457 4315 2582 4360 nata
2628 4317 2798 4361 mente
2843 4305 2962 4360 illos
3012 4307 3308 4377 recognovi,
3361 4317 3413 4361 et
3461 4310 3680 4362 tertium
3728 4308 3788 4363 Β.

2192 4395 2506 4468 Dionysium
2541 4397 2610 4451 ad
2655 4397 2924 4452 dexteram
2955 4397 3023 4452 Β.
3057 4395 3208 4451 Petri
3235 4398 3485 4452 subtilem
3515 4408 3569 4453 et
3602 4400 3791 4469 longio-

2193 4505 2322 4543 rem.
2381 4488 2630 4560 Dixitque
2678 4489 2902 4543 domnus
2943 4487 3135 4544 Petrus
3181 4507 3196 4543 :
3254 4487 3362 4544 Hic
3403 4490 3580 4560 frater
3628 4503 3790 4544 noster

494 4584 683 4653 pserit,
721 4599 910 4639 eorum
929 4587 1206 4641 consortio
1231 4587 1648 4654 condemnatus,
1681 4591 1970 4646 sacerdotii
2006 4591 2087 4646 sui
2115 4620 2170 4680 Β
2192 4580 2422 4651 Ροεειιίαε
2451 4582 2750 4636 “nimum.
2784 4581 2854 4634 E‘
2883 4581 3016 4636 άίπίτ
3055 4581 3118 4635 Β·
3153 4579 3361 4636 Paul”
3390 4595 3412 4633 -'
3444 4581 3614 4636 Ποάο
3644 4599 3790 4637 ³⁸³⁸·

497 4679 702 4734 honore
725 4680 1052 4748 privetur.Si
1072 4683 1346 4752 autethi,
1366 4684 1458 4754 qui
1479 4684 1713 4739 convicti
1738 4691 1883 4750 sunt,
1905 4683 2090 4740 admo-

495 4771 596 4827 niti
618 4772 1100 4840 declinaverint,et
1114 4775 1184 4829 ab
1199 4774 1466 4830 adulterio
1489 4775 1686 4830 fuerint
1711 4776 1890 4840 divisi,
1918 4775 2092 4846 pceni-

498 4868 680 4921 tentias
708 4868 1460 4934 submittantur,utsacerdos
1483 4869 1583 4924 loci
1611 4869 1929 4938 providerit.
1958 4869 2089 4925 ltem

501 4956 568 5013 de
608 4959 970 5028 presbyteris,
1005 4959 1274 5025 diaconis,
1323 4975 1417 5015 seu
1451 4959 1686 5024 clericis,
1721 4961 1812 5030 qui
1851 4960 1990 5015 inter
2033 4975 2092 5014 se

499 5065 720 5105 causam
772 5052 1086 5118 habuerint,
1137 5052 1282 5107 nullo
1326 5054 1485 5109 modo
1528 5061 1820 5122 prazsumat
1863 5053 2092 5121 publicis

502 5145 920 5199 auctoritatibus
985 5146 1473 5215 interpellationem
1534 5145 1762 5211 facere,
1834 5146 1935 5200 nisi
1993 5160 2092 5201 suo

503 5233 759 5300 episcOpo
791 5248 804 5284 :
836 5246 889 5287 et
927 5237 971 5288 si
1014 5235 1194 5292 forsan
1240 5239 1524 5309 cpiscopus
1565 5253 1784 5294 causam
1816 5237 2092 5304 habuerit,

508 5328 576 5380 ad
607 5326 844 5379 vicinum
877 5327 1190 5398 episcopum
1219 5331 1530 5401 confugium
1561 5330 1787 5397 faciant,
1823 5331 1975 5399 juxta
2004 5348 2096 5388 ca-

2199 4673 2360 4727 bitur.
2414 4673 2484 4727 Et
2513 4675 2935 4745 appmpinquans
2977 4673 3117 4727 misit
3152 4691 3367 4728 manum
3398 4691 3557 4728 suam
3599 4675 3670 4727 ad
3710 4691 3770 4742 pe

2199 4777 2313 4822 ctus
2368 4767 2547 4822 damni
2602 4767 2842 4838 Dionysii
2899 4765 3287 4832 amicabiliter,
3354 4769 3684 4837 respexitque
3727 4767 3789 4817 ad

2198 4863 2448 4916 damnum
2491 4860 2731 4916 Petrum.
2778 4860 2849 4915 Et
2887 4860 3021 4915 dixit
3051 4860 3275 4914 domnus
3305 4857 3504 4914 Petrus
3550 4860 3623 4914 ad
3667 4859 3791 4913 Dia-

2199 4955 2407 5024 nysiam
2449 4953 2690 5007 hilariter
2730 4965 2748 5003 :
2798 4950 2913 5006 Tua
2952 4952 3125 5022 gratia
3167 4961 3244 5005 est
3287 4950 3497 5004 sanitas
3536 4950 3674 5019 ejus.
3726 4948 3787 5002 Et

2197 5046 2482 5116 Dionysius
2510 5047 2716 5100 veniens
2745 5045 2814 5098 ad
2841 5060 2923 5098 me
2949 5044 3062 5097 ait:
3093 5041 3215 5097 Pax
3252 5054 3447 5108 tecum,
3475 5043 3668 5113 frater,
3692 5057 3787 5095 uel

2196 5140 2456 5205 morieris,
2494 5140 2658 5192 donec
2695 5138 2764 5191 ad
2794 5136 2967 5191 sedem
3013 5146 3158 5190 tuam
3198 5151 3443 5206 prospere
3488 5133 3784 5188 revertaris.

2199 5231 2388 5303 Surge,
2430 5241 2479 5286 et
2515 5233 2613 5287 hac
2662 5231 2828 5286 altare
2869 5232 2926 5285 in
2969 5229 3163 5284 honore
3205 5229 3326 5294 Bai,
3374 5237 3423 5282 et
3459 5227 3787 5282 veneratione

2197 5324 2554 5395 apostolorum
2586 5321 2734 5378 Petri
2779 5333 2826 5378 et
2880 5319 3044 5377 Pauli
3073 5321 3257 5375 dedica
3297 5332 3316 5372 :
3359 5334 3592 5382 nam:
3629 5330 3787 5372 sals

2204 5419 2252 5440 P-
2267 5428 2369 5452 «1...
2441 5415 2647 5464 c.qu
2675 5433 2794 5471 σηω
2819 5416 2974 5475 ΔὅίιΜιθ
3007 5431 3014 5442 ·
3054 5429 3060 5431 ‘
3114 5421 3121 5423 ’
