3948 5428
127 383 252 461 ωλι

126 515 581 590 Theopbylactum
618 517 1083 582 archidiaconum,
1134 518 1224 574 alii
1274 521 1418 576 hunc
1445 520 1702 576 volebant
1729 525 1780 584 Α

123 612 312 668 habere
360 611 720 680 pontiﬁcem:
774 611 866 666 sed
916 627 1044 682 pars
1095 611 1205 676 illa,
1257 627 1377 682 qua:
1419 611 1593 680 major
1638 629 1701 669 ac

122 704 342 758 validior
389 702 509 768 fuit,
561 703 776 758 tandem
827 704 968 759 hunc
1014 704 1217 775 elegit;
1261 713 1315 760 et
1362 705 1435 758 ita
1489 706 1702 761 cteteris

122 795 374 865 dispersis
398 837 412 860 ,
445 795 548 850 iste
579 796 762 850 sedem
793 795 1048 850 obtinuit.
1087 795 1188 851 Hic
1220 795 1563 852 consecravit
1591 797 1701 866 epi-

120 901 304 957 sc0pos
323 887 534 957 viginti,
558 885 905 956 presbyteros
933 887 1236 953 duodecim,
1266 888 1524 942 diaconos
1543 886 1698 942 duos.

490 977 673 1033 XCVI.
701 1007 772 1017 —
798 976 1208 1034 STEPHANUS
1245 976 1333 1033 IV.

604 1071 776 1142 (Anno
815 1069 1010 1126 Chriin
1052 1070 1210 1141 768.),

185 1162 514 1234 Stephanus,
545 1164 770 1219 natione
797 1163 1032 1229 Siculus,
1061 1179 1127 1220 ex
1155 1172 1311 1234 patre
1336 1164 1530 1231 Olivio,
1562 1164 1704 1220 sedit

116 1273 283 1312 annos
336 1267 470 1324 tres,
525 1273 737 1313 menses
781 1259 1040 1328 quinque,
1087 1257 1202 1314 dies
1247 1258 1435 1329 viginti
1473 1265 1698 1328 septem.

117 1349 250 1403 Dum
279 1349 479 1404 Paulus
507 1365 643 1421 papa
673 1363 741 1404 ex
789 1349 891 1404 hac
935 1349 1046 1404 vita
1091 1349 1398 1418 migrasset,
1447 1346 1704 1404 continuo

114 1440 502 1496 Constantinus
547 1442 766 1512 quidam
815 1441 988 1497 laicus
1032 1456 1063 1496 a
1109 1440 1387 1512 germanis
1418 1439 1700 1503 fratribus,

112 1541 166 1586 et
209 1531 320 1587 illis
352 1547 490 1601 quos
521 1531 721 1588 fratres
749 1548 969 1603 quoquo
999 1533 1160 1588 modo
1187 1533 1468 1588 attrahere
1513 1542 1704 1603 potue-

114 1633 258 1688 runt,
312 1624 600 1680 latrocinio
645 1624 697 1680 in
746 1625 1142 1695 patriarchium
1185 1635 1269 1681 est
1318 1625 1700 1689 introductus;

113 1714 297 1785 ibique
348 1723 572 1783 repente
623 1729 728 1769 una
767 1714 855 1770 die
892 1714 952 1769 ﬁt
997 1714 1250 1781 clericus,
1297 1715 1402 1770 alia
1441 1729 1571 1769 vero
1616 1714 1704 1768 die

111 1805 483 1860 subdiaconus
543 1813 599 1860 et
649 1805 931 1869 diaconus,
979 1822 1010 1861 a
1065 1805 1300 1879 Georgio
1365 1806 1702 1862 Praenestino

109 1898 368 1968 episcopo
398 1905 749 1953 consecratus
780 1907 864 1953 est
892 1913 907 1952 :
935 1907 990 1954 et
1024 1900 1273 1970 proximo
1301 1899 1586 1955 Dominico
1614 1899 1702 1953 die
1734 1891 1778 1951 Β

109 2004 231 2045 cum
265 1990 612 2045 multitudine
647 1999 982 2046 armatorum
1024 1993 1091 2047 ad
1136 1991 1424 2048 ecclesiam
1461 1992 1522 2046 Β.
1555 1991 1702 2046 Petri

108 2095 434 2152 properans,
483 2096 513 2136 a
553 2081 815 2151 praedicto
841 2081 1076 2153 Georgio
1104 2090 1161 2138 et
1186 2082 1308 2137 aliis
1335 2082 1548 2137 duobus
1592 2083 1706 2152 epi-

106 2175 315 2244 scopis,
343 2173 654 2228 Albanense
681 2173 930 2230 videlicet
959 2183 1015 2230 et
1059 2173 1382 2239 Portuense,
1428 2174 1482 2230 in
1530 2173 1708 2245 ponti-

106 2266 264 2320 ﬁcem
316 2266 601 2321 ordinatus
630 2275 735 2332 est,
763 2275 819 2321 et
861 2267 1020 2322 unius
1065 2267 1193 2322 anni
1215 2275 1271 2323 et
1300 2267 1502 2324 mensis
1533 2267 1706 2338 Spatio

102 2360 413 2414 Romanam
458 2357 759 2414 Ecclesiam
806 2358 910 2413 hac
969 2360 1251 2416 invasione
1298 2359 1531 2416 detinuit
1583 2377 1596 2415 :
1654 2367 1708 2414 et

107 2449 255 2504 infra
311 2450 416 2505 hoc
461 2451 699 2522 spatium
729 2451 1011 2523 episcopos
1039 2467 1182 2518 octo,
1232 2454 1577 2525 presbyteros
1627 2462 1709 2509 to-

103 2539 304 2606 tidem,
335 2551 392 2597 et
430 2543 691 2598 diaconos
720 2552 955 2614 quatuor
1001 2545 1296 2600 ordinavit.
1350 2543 1458 2602 Sed
1506 2545 1706 2616 prazdi-

99 2641 220 2688 ctus
264 2633 641 2689 Praenestinus
669 2635 960 2706 episcopus
996 2651 1106 2692 non
1139 2636 1306 2692 multo
1355 2646 1479 2708 post
1521 2637 1707 2700 divina

97 2723 315 2780 ultione
357 2735 645 2797 correptus
691 2735 774 2783 est
830 2745 845 2782 :
903 2743 1031 2783 nam
1066 2729 1292 2785 dextera
1344 2745 1539 2785 manus
1589 2729 1706 2800 ejus

97 2815 271 2881 aruit,
305 2824 360 2871 et
397 2826 676 2871 contracta
716 2826 823 2885 est,
855 2819 991 2874 adeo
1020 2827 1077 2874 ut
1119 2821 1186 2875 ad
1216 2835 1280 2876 os
1327 2835 1450 2876 eam
1494 2820 1707 2891 erigere

93 2923 205 2962 non
259 2917 494 2977 posset;
525 2918 579 2964 et
624 2908 802 2965 taliter
849 2910 1112 2983 languens
1138 2913 1307 2967 vitam
1347 2911 1539 2968 finivit.
1565 2911 1706 2968 Cou-

90 3001 377 3056 Stantiuus
427 3017 558 3058 vero
594 3002 825 3058 decurso
883 3005 1011 3058 anui
1056 3013 1112 3060 et
1158 3006 1363 3061 mensis
1410 3007 1626 3077 spatio,
1675 3022 1703 3060 π

91 3088 370 3146 Romanis
415 3099 472 3146 ct
512 3091 883 3164 Longobardis
916 3103 1137 3165 repente
1175 3097 1702 3166 supervenientibus,

88 3183 399 3239 interfecto
456 3201 566 3240 uno
613 3201 681 3242 ex
733 3187 994 3243 fratribus
1045 3189 1178 3255 suis,
1231 3189 1463 3261 capitur.
1499 3190 1704 3248 Deinde

86 3277 368 3346 praedicto
425 3293 578 3348 papae
616 3277 892 3350 Stephano
933 3278 1046 3349 jam
1086 3282 1259 3338 electo
1301 3294 1698 3354 praesentatur,

83 3370 289 3441 ibique
336 3371 714 3428 assistentium
755 3371 965 3446 judicio
1011 3375 1318 3446 deponitur.
1351 3375 1700 3433 Postmodum

81 3465 400 3536 praedictus
433 3465 639 3522 electus
667 3466 719 3521 in
748 3468 1058 3538 pontiﬁcem
1086 3470 1392 3526 ordinatur.
1417 3470 1564 3526 Inter
1589 3472 1704 3527 hate

81 3558 434 3615 Theodorus
477 3560 793 3631 episcopus,
841 3561 1181 3617 Constantini
1227 3563 1620 3630 vicedominus,
1671 3580 1700 3618 a

84 3652 262 3708 turba
319 3660 531 3721 raptus,
563 3651 738 3708 oculis
777 3651 1039 3722 privatur,
1085 3652 1268 3724 lingua
1307 3661 1617 3720 truncatur,
1649 3664 1704 3710 et

74 3745 366 3802 Passivus
393 3745 635 3814 ejusdem
665 3745 1014 3802 Constantini
1047 3761 1340 3815 germanus
1367 3754 1700 3813 excaecatur,

69 3846 131 3893 et
175 3839 312 3909 ipse
346 3836 746 3892 Constantinus
791 3836 1008 3892 demum
1046 3837 1282 3907 capitur,
1334 3836 1540 3892 lumine
1587 3835 1700 3906 pri-

67 3939 276 3996 vatur,
335 3929 538 3985 misere
576 3928 630 3985 in
659 3927 837 4000 platea
863 3927 1052 3998 jacere
1104 3929 1447 3999 relinquitur.
1500 3927 1704 3984 Deinde

65 4037 181 4094 pro
218 4021 424 4093 impiae
467 4021 766 4078 iuvasionis
801 4021 1226 4094 praesumptione
1249 4023 1459 4094 synodo
1491 4022 1544 4076 in
1571 4022 1703 4077 urbe

64 4110 357 4169 Romana
385 4121 738 4184 congregata,
778 4113 954 4184 primo
984 4128 1145 4168 omne
1175 4112 1436 4183 scriptum
1475 4111 1540 4167 de
1585 4109 1704 4179 ejus

64 4204 415 4260 actionibus
461 4213 672 4275 gestum
701 4205 812 4276 igni
841 4208 1147 4260 mandatur.
1208 4203 1414 4260 Deinde
1443 4203 1704 4260 statuitur

64 4309 130 4354 ut
196 4295 410 4354 omnia
448 4311 570 4366 qua:
606 4298 750 4354 idem
793 4297 1182 4355 Constantinus
1216 4301 1271 4355 iu
1316 4298 1705 4356 ecclesiasticis

58 4387 485 4452 sacramentis,
542 4395 638 4443 aut
689 4389 872 4445 divino
913 4390 1062 4446 cultu
1095 4399 1304 4462 egerat,
1348 4391 1700 4455 iterarentur,

55 4493 292 4556 praeter
338 4497 561 4537 sacrum
606 4482 898 4552 baptisma,
937 4493 1032 4538 aut
1063 4493 1308 4540 sanctum
1340 4483 1597 4540 chrisma.
1627 4481 1704 4536 De

57 4574 526 4632 contumacibus
552 4582 609 4630 et
650 4575 1104 4641 inobedientibus,
1151 4583 1209 4630 et
1262 4574 1600 4630 contentioni
1645 4585 1700 4630 et
1726 4616 1779 4677 Β

53 4666 366 4726 seandalo
412 4666 792 4722 insistentibus
836 4667 1129 4738 praecepit,
1175 4665 1224 4724 si
1284 4675 1406 4737 post
1463 4665 1697 4737 primam

53 4772 112 4816 et
146 4757 484 4816 secundam
518 4757 947 4814 admonitionem
979 4774 1039 4815 se
1077 4759 1303 4815 minime
1335 4757 1697 4823 correxerint,

53 4864 116 4911 ut
146 4851 345 4926 quasi
373 4850 706 4906 zizaniorum
733 4851 1096 4907 seminatores
1123 4852 1192 4908 ab
1218 4850 1473 4906 Ecclesiae
1493 4849 1700 4923 gremio

53 4943 457 5014 abjiciantur.
489 4941 590 4997 Hic
613 4943 898 4998 constituit
927 4954 1134 5013 septem
1163 4945 1468 5000 cardinales
1493 4943 1701 5015 episco-

53 5052 186 5107 pos,
254 5031 372 5103 qui
417 5031 728 5089 alternatim
772 5033 825 5088 in
868 5035 1099 5092 ecclesia
1152 5035 1213 5091 Β.
1269 5034 1419 5090 Petri
1468 5032 1697 5107 apostoli

53 5121 477 5186 hebdomadas
503 5125 869 5195 celebrarent,
897 5136 953 5184 et
999 5128 1257 5201 hymnum
1295 5128 1602 5201 angelicum
1640 5127 1694 5182 in

53 5221 400 5278 missarum
427 5214 712 5274 solemniis
743 5217 1117 5278 decantarent.
1147 5220 1248 5276 ilic
1273 5221 1552 5278 ordinavit
1576 5219 1694 5292 epi-

55 5327 274 5354 υνυ-ηο
331 5307 542 5356 demam,
592 5310 948 5366 nreﬁhvteros
981 5316 1242 5366 auinmm-
1271 5313 1535 5364 diamnns
1563 5329 1694 5360 alia.

910 404 1180 464 PSEUDO
1219 405 1635 464 LUITPRANDI
1673 409 1802 466 LIB.

1841 409 1930 468 DE
1967 409 2148 468 VITIS
2187 407 2356 468 ROM.
2398 409 2598 468 ΡσΝτ.
3251 407 3394 466 1242

1805 520 1898 586 lis,
1935 530 1991 577 et
2018 521 2340 578 fortissimus
2383 523 2700 578 orthodoxae
2752 520 2910 586 ﬁdei,
2955 528 3010 576 et
3037 517 3226 590 patriae
3253 533 3400 585 suae,

1803 623 1858 670 et
1896 615 2068 686 plebis
2106 615 2208 671 sibi
2248 618 2552 672 commissa:
2581 616 2867 680 defensor,
2913 615 2981 669 ad
3012 613 3281 671 sedandas
3309 629 3401 670 ca-

1803 705 2068 774 lumnias,
2113 717 2169 763 et
2197 707 2630 774 devastationes,
2679 723 2812 778 quas
2841 707 3149 764 Desiderius
3193 706 3402 778 Longo-

1804 797 2095 853 bardorum
2126 815 2223 855 rex
2270 799 2322 853 in
2366 799 2523 854 bonis
2559 798 2617 854 S.
2665 798 2810 853 Petri
2843 797 3118 864 exercuit,
3149 796 3399 852 Carolum

1804 889 2054 960 Magnum
2105 890 2440 946 Francorum
2493 905 2674 961 regem
2731 889 2958 945 Romam
3013 890 3247 945 vocavit.
3297 889 3401 956 Qui

1805 995 1926 1036 cum
1985 982 2176 1051 quinto
2225 996 2370 1037 anno
2421 982 2571 1054 regni
2628 981 2710 1036 sui
2770 980 2896 1036 illuc
2946 981 3211 1047 venisset,
3257 980 3404 1035 inter

1807 1080 2036 1139 caetera,
2085 1087 2206 1142 qua:
2271 1071 2343 1126 ab
2395 1071 2511 1142 ipso
2575 1071 2648 1126 ibi
2708 1070 2992 1142 magniﬁce
3049 1079 3199 1139 gesta
3252 1076 3400 1135 sunt,

1803 1164 1968 1220 etiam
2023 1173 2232 1236 partem
2285 1163 2522 1235 aliquam
2573 1162 2825 1219 Saxonis:
2875 1164 2929 1218 in
2959 1161 3236 1234 provincia
3273 1159 3414 1235 We-g

1803 1255 2070 1326 stphalia,
2115 1271 2279 1327 quam
2331 1256 2399 1310 ad
2449 1256 2609 1311 ﬁdem
2640 1255 3068 1312 Christianitatis
3103 1253 3402 1321 convertit,

1803 1356 1866 1403 ut
1910 1347 2024 1417 ipse
2053 1347 2169 1418 jam
2217 1346 2506 1417 praedictus
2553 1361 2690 1417 papa
2738 1347 3026 1417 praecepit,
3076 1355 3132 1399 et
3179 1343 3403 1411 docuit,

1803 1441 2040 1498 secunda
2078 1439 2210 1496 feria
2236 1439 2459 1499 Pascha:
2496 1439 2552 1494 in
2580 1439 2800 1496 basilica
2847 1437 2905 1493 S.
2957 1438 3100 1493 Petri
3143 1435 3404 1507 apostoli,

1804 1532 1949 1587 inter
2017 1541 2257 1593 caetera,
2316 1545 2438 1600 quae
2500 1532 2567 1586 ad
2623 1546 2842 1586 manum
2898 1545 3050 1602 papae
3109 1527 3404 1594 offerebat,

1805 1623 1916 1679 Deo
1964 1623 2019 1677 in
2069 1621 2397 1677 sacriﬁcium
2451 1621 2687 1688 obtulit,
2744 1630 2799 1676 et
2851 1621 2906 1677 in
2959 1620 3080 1676 loco
3129 1619 3407 1688 Osbrugge

1805 1725 1997 1771 vocato
2044 1715 2414 1785 episcopatum
2468 1714 2833 1780 constituere,
2877 1722 2934 1768 et
2984 1712 3208 1768 decimis
3252 1709 3407 1766 novi-

1806 1814 1892 1861 ter
1942 1807 2008 1861 ad
2068 1805 2230 1860 ﬁdem
2289 1820 2716 1871 conversurum,
2775 1804 2820 1860 si
2877 1819 3044 1860 sanus
3091 1811 3148 1859 et
3197 1800 3404 1856 incolu-

1806 1896 1910 1951 mis
1961 1904 2292 1962 remeasset,
2348 1911 2487 1968 papa
2546 1897 2622 1951 ita
2675 1896 2950 1962 dictante,
2999 1904 3056 1951 et
3111 1892 3408 1966 privilegiis

1805 1990 1919 2047 suis
1963 1989 2353 2055 conﬁrmante,
2399 1990 2590 2045 dotare
2638 1989 2872 2045 devovit.
2917 1986 3200 2044 Ordinavit
3225 1993 3406 2040 autem

1805 2083 2090 2154 episcopos
2156 2093 2374 2138 centum
2450 2092 2506 2138 et
2549 2084 2820 2153 octoginta
2881 2096 2977 2136 sex
2999 2121 3014 2148 ,
3063 2081 3408 2152 presbyteros

1805 2176 1996 2247 viginti
2051 2185 2320 2246 quatuor,
2370 2176 2629 2232 diaconos
2680 2191 2795 2231 sex.
2847 2175 2950 2243 Qui
3005 2173 3292 2230 defunctus
3322 2178 3411 2228 est

1806 2268 2062 2324 Kalendis
2103 2268 2369 2324 Januarii.
2418 2268 2519 2324 Hic
2560 2268 2832 2339 episcopis
2880 2265 3263 2337 Hispaniarum
3289 2262 3410 2333 epi-

1806 2358 1999 2416 stolam
2036 2359 2348 2426 destinavit,
2381 2360 2433 2415 in
2463 2374 2568 2430 qua
2596 2358 2780 2414 multis
2824 2356 3158 2422 rationibus,
3199 2353 3410 2410 multis-

1812 2467 1917 2522 que
1978 2452 2270 2507 multorum
2335 2451 2782 2518 auctoritatibus,
2855 2450 3130 2505 Christum
3180 2461 3406 2511 verum,

1807 2551 1863 2598 et
1922 2558 2027 2598 non
2097 2545 2412 2614 putavium,
2453 2544 2768 2615 proprium,
2820 2550 2876 2598 et
2929 2557 3036 2597 non
3093 2539 3404 2610 adoptivum

1806 2633 1986 2691 Patris
2032 2635 2228 2690 Filium
2276 2650 2394 2692 esse
2441 2634 2834 2705 comprobavit.

2302 2726 2535 2783 XCVIII.
2557 2756 2628 2766 —
2650 2725 2783 2782 LEO
2817 2725 2903 2780 Ill.

2297 2820 2474 2892 (Anno
2511 2817 2708 2874 Christi
2748 2817 2897 2888 795.)

1879 2913 2026 2980 Leo,
2057 2920 2276 2968 natione
2318 2912 2624 2978 Romanus,
2665 2927 2731 2966 ex
2763 2921 2917 2982 patre
2952 2906 3226 2980 Azuppio’,
3268 2906 3409 2962 sedit

1806 3025 1980 3067 annos
2025 3009 2243 3080 viginti,
2297 3022 2511 3063 menses
2558 3007 2827 3077 quinque,
2861 3005 2975 3060 dies
3015 3002 3269 3058 sedecim.
3305 3000 3404 3057 Hic

1808 3104 1865 3160 in
1914 3103 2078 3160 natali
2133 3103 2192 3158 S.
2243 3101 2506 3173 Stephani
2554 3097 2974 3172 protomartyris
3019 3095 3226 3152 electus
3277 3101 3402 3157 est,

1808 3206 1863 3254 et
1911 3197 2217 3267 insequenti
2263 3196 2350 3252 die
2391 3196 2674 3251 ordinatus
2702 3203 2806 3249 est.
2841 3192 2939 3247 Hic
2980 3205 3102 3246 cum
3141 3204 3208 3245 ex
3258 3202 3409 3243 more

1804 3303 2027 3364 paratus
2076 3293 2129 3348 in
2166 3291 2385 3357 litanla,
2427 3304 2548 3361 qua:
2592 3289 2768 3358 major
2806 3286 3039 3352 dicitur,
3084 3282 3396 3346 incederet,

1804 3386 1874 3442 ab
1921 3385 2120 3456 iniquis
2176 3385 2544 3440 Romanorum
2595 3389 2820 3452 captus,
2867 3378 3038 3435 oculis
3093 3383 3177 3432 est
3224 3375 3408 3446 priva-

1805 3489 1924 3544 tus,
1967 3486 2024 3532 et
2061 3477 2242 3549 lingua
2295 3483 2608 3540 truncatus,
2650 3472 2704 3528 in
2750 3479 3009 3541 arctaque
3038 3467 3285 3525 custodia
3315 3480 3408 3522 re-

1805 3572 2007 3628 clusus.
2048 3569 2185 3636 Sed,
2229 3570 2339 3625 Deo
2383 3574 2744 3638 cooperante,
2793 3573 2850 3620 et
2887 3563 2951 3618 Β.
3001 3561 3163 3618 Petro
3210 3555 3407 3616 suifra-

1803 3671 1994 3736 gante,
2021 3670 2078 3718 et
2106 3661 2280 3715 visum
2321 3659 2554 3730 recepit,
2585 3667 2641 3714 et
2670 3657 2853 3728 lingua
2882 3655 2932 3710 ei
2975 3655 3043 3709 ad
3078 3652 3406 3724 loquendum

1803 3757 2053 3812 restituta
2070 3763 2171 3819 est,
2198 3762 2254 3809 et
2277 3768 2343 3808 ex
2377 3754 2488 3824 ipsa
2509 3751 2754 3808 custodia
2777 3751 3039 3806 liberatus
3059 3747 3154 3802 Dei
3179 3744 3406 3814 auxilio,

1804 3845 1871 3900 ad
1919 3844 2168 3900 Carolum
2213 3859 2394 3915 regem
2437 3853 2491 3898 et
2533 3843 2900 3897 Romanorum
2953 3839 3237 3910 patricium
3280 3849 3408 3906 pro-

1804 3939 1975 3994 iectus
1998 3945 2082 3994 est
2112 3956 2126 3992 :
2159 3954 2187 3993 a
2212 3953 2319 4008 quo
2347 3946 2401 3992 et
2427 3936 2774 3992 devotissime
2810 3940 3096 4004 susceptus
3123 3941 3227 3986 est.
3251 3928 3405 3998 Quod

1803 4028 2174 4084 nefandissimi
2210 4029 2580 4083 Romanorum
2630 4026 2944 4090 audientes,
2995 4023 3128 4078 falsa
3177 4020 3404 4078 crimina

1802 4121 1852 4177 ei
1907 4122 2184 4192 imponere
2237 4123 2592 4185 studuerunt,
2643 4129 2701 4176 ut
2748 4120 2860 4190 regi
2905 4125 2962 4174 et
2999 4117 3253 4172 omnibus
3278 4130 3403 4169 eum

1803 4215 1882 4270 ita
1928 4215 2176 4272 odiosum
2226 4215 2521 4271 edicerent.
2575 4212 2681 4268 Sed
2716 4211 3022 4286 praedictus
3067 4205 3305 4278 pontifex
3339 4204 3404 4260 ad

1803 4309 1986 4365 sedem
2056 4324 2209 4364 suam
2267 4321 2554 4371 reversus,
2610 4304 2769 4375 paulo
2833 4310 2953 4374 post
3013 4300 3433 4371 praenominato.

1803 4415 1931 4473 rege
1983 4409 2274 4470 praesente,
2329 4397 2647 4468 cunctisque
2691 4395 2854 4450 etiam
2909 4393 3058 4448 clero
3103 4399 3160 4445 et
3203 4390 3401 4462 populo

1801 4491 2190 4563 prmseutibus,
2242 4507 2347 4546 non
2393 4499 2646 4554 coactus,
2696 4489 2791 4543 sed
2823 4495 3150 4558 spontaneus
3198 4485 3265 4539 de
3304 4484 3405 4538 im-

1803 4582 1994 4656 positis
2035 4581 2356 4636 criminibus
2397 4579 2750 4651 jurejurando
2796 4594 2856 4634 se
2903 4575 3242 4648 expurgavit.
3275 4574 3406 4630 Post

1805 4675 1922 4730 haec
1964 4673 2053 4728 die
2094 4671 2298 4728 Natalis
2341 4671 2642 4728 Salvatoris
2689 4671 2856 4725 nostri
2889 4669 2958 4724 ab
2985 4667 3239 4726 omnibus
3265 4681 3406 4735 pra:-

1805 4767 1984 4824 dictus
2045 4781 2169 4828 rex,
2233 4765 2602 4820 Romanorum
2649 4762 2944 4832 imperator
2993 4761 3269 4831 Augustus
3322 4766 3407 4812 est

1805 4861 2166 4924 constitutus,
2217 4867 2271 4912 et
2322 4871 2352 4909 a
2404 4871 2551 4929 papa
2600 4853 2882 4908 nominato
2941 4849 3200 4924 pontiﬁce
3253 4863 3406 4904 coro-

1805 4959 1996 5016 natus,
2047 4958 2101 5005 et
2153 4949 2226 5004 ita
2286 4945 2403 5014 ejus
2461 4957 2700 5017 tempore
2753 4943 2988 5011 prinmm
3044 4941 3409 4996 Romanorum

1804 5044 2093 5115 imperium
2145 5040 2392 5114 pervenit
2455 5044 2524 5104 ad
2564 5038 2821 5094 Francos.
2875 5035 2979 5090 Hic
3016 5032 3330 5095 constituit,
3359 5040 3419 5084 ut

1799 5144 1913 5191 tres
1943 5138 2059 5194 dies
2084 5143 2210 5191 ante
2253 5133 2618 5200 Dominicam
2648 5126 3032 5182 Ascensionem
3059 5121 3261 5177 litanias
3287 5121 3422 5176 cele-

1797 5226 2110 5288 brarcutur.
2162 5228 2262 5285 Hic
2309 5227 2618 5297 ordinavit
2656 5219 2940 5289 episcopos
2986 5223 3197 5274 centqu
3228 5222 3285 5269 et
3325 5213 3427 5266 tri-

1799 5321 1954 5362 ηἶιιία
1993 5341 2083 5362 ρον
2151 5321 2538 5372 ηῃηοιιυιαῇηα
2584 5312 2793 5356 ονῖηἷηίσι
2872 5313 3016 5336 Δε-....
