4006 5376
73 416 206 477 l24'5

858 405 1129 469 PSEUDO
1162 403 1583 465 LUITPRANDI
1624 404 1753 460 LlB.
1796 407 1882 463 DE
1926 409 2102 467 Vl'l'lS
2142 410 2311 468 ROM.
2353 411 2554 469 PONT.

3200 411 3341 473 1246

71 537 394 604 imperatore
421 535 513 585 aut
553 542 680 598 rege
706 507 890 595 ageret
940 525 1144 580 ut'hoc
1168 525 1320 578 nefas
1350 523 1656 594 proliibere-
1685 528 1732 587 Α
1766 527 2177 597 metropolitano
2221 530 2600 597 admoneatur,
2646 539 2700 588 et
2745 532 3078 605 presbyteri,
3121 540 3175 588 et
3225 534 3339 589 dia-

71 636 171 683 tur.
226 610 293 679 Et
319 620 445 693 quia
490 635 651 675 nemo
702 625 821 672 erat
862 614 1326 679 Christianorum,
1368 629 1465 686 per
1495 627 1653 682 quem

71 719 169 773 hoc
226 716 426 769 malum
492 712 895 783 corrigeretur,
964 707 1115 763 misit
1176 707 1356 763 divina
1417 702 1655 777 potentia

71 804 331 877 flagellum
359 820 687 878 paganorum
717 803 783 857 ad
811 794 1116 856 ulciscenda
1144 808 1367 871 peccata
1389 788 1657 853 Christia-

71 912 276 951 norum.
326 894 458 949 Nam
510 890 955 964 supervenientes
1014 880 1275 945 Saraceni
1342 888 1658 943 inntnne‘ros

72 992 343 1047 hominum
398 987 807 1051 interfecerunt,
858 980 1081 1040 castella
1132 992 1187 1038 et
1238 978 1401 1037 urbes
1460 977 1658 1036 nmllas

71 1094 254 1156 raptas
291 1090 512 1153 accepta
540 1080 720 1153 praeda
753 1070 863 1152 igni
892 1068 1196 1134 dederunt:
1232 1072 1446 1130 demum
1473 1088 1654 1143 regem

71 1178 434 1249 expugnantes
467 1174 809 1247 fugaverunt,
854 1181 931 1239 et,
963 1170 1147 1227 multis
1173 1170 1344 1242 captis
1382 1178 1436 1224 et
1486 1171 1656 1223 inter-

71 1270 251 1335 iectis,
286 1262 842 1324 maximahominum
884 1272 940 1320 et
975 1263 1215 1320 oumium
1254 1277 1434 1316 rerum
1474 1261 1653 1331 prmda

71 1358 241 1417 )nusti
276 1356 479 1415 reversi
526 1354 669 1415 sunt.
704 1348 803 1413 llic
850 1354 1123 1415 ordinavit
1149 1354 1433 1426 episcopos
1465 1350 1651 1425 viginti

73 1454 321 1528 ptinque,
353 1442 701 1526 presbyteros
726 1458 849 1508 octo
868 1493 882 1517 ,
911 1450 1172 1505 diaconos
1200 1456 1330 1503 tres.

576 1540 718 1602 Ἕν.
749 1576 820 1587 --
847 1542 983 1600 LEO
1017 1538 1119 1599 IV.

520 1632 540 1710 ζ
572 1639 727 1693 Αηηο
766 1624 966 1692 Christi
1001 1632 1127 1690 847.
1158 1622 1178 1707 >

120 1732 267 1795 Leo,
302 1739 525 1786 natione
558 1728 856 1794 Romanus,
887 1718 1028 1783 sedit
1058 1740 1232 1781 annos
1258 1733 1403 1791 octo,
1436 1734 1652 1781 menses

69 1842 179 1894 εει,
213 1818 334 1880 dies
364 1822 493 1879 tres.
525 1812 683 1878 Hunc
709 1816 940 1877 Romani
970 1835 1161 1875 omnes
1186 1818 1516 1874 unanimiter
1543 1818 1651 1874 ele-

1758 616 1877 670 coni
1899 659 1913 683 ,
1947 627 2001 672 et
2029 618 2342 677 subdiaconi
2374 639 2402 677 a
2437 639 2534 680 suo
2562 624 2847 696 episcopo,
2881 633 2942 681 ut
2987 626 3170 681 doceri
3211 642 3338 699 pos-

1760 708 1898 776 sint,
1933 712 2366 770 admoneamur:
2398 724 2451 771 et
2500 717 2713 772 interim
2762 717 2896 773 tales
2936 718 3239 790 presbyteri
3281 727 3337 776 et

1759 806 1943 861 clerici
1982 796 2257 863 celebrare
2287 796 2466 864 divina
2502 810 2758 882 mysteria
2799 818 2853 866 et
2893 792 3069 866 cilicia
3110 826 3338 882 suspen-

1761 896 1983 961 dantur,
2034 907 2092 951 ul.
2134 898 2278 954 docti
2318 899 2534 955 valeant
2582 890 2648 954 ad
2693 886 2931 955 debitum
2978 900 3333 958 ministerium

1756 1002 2061 1059 pervenire.

1830 1079 2030 1146 Quinto
2072 1082 2444 1149 conﬁrmavit,
2486 1097 2605 1154 qua:
2646 1081 2971 1139 leestinus
3014 1091 3069 1137 et
3109 1083 3335 1154 Magnus

1756 1164 1866 1228 Leo
1917 1175 1982 1226 de
2034 1176 2301 1247 episcopis
2352 1176 2734 1241 instituerant,
2785 1176 3073 1243 videlicet,
3125 1185 3182 1231 ut
3226 1193 3334 1235 non

1744 1270 2044 1323 conveniat
2076 1271 2383 1340 episcopum
2426 1270 2766 1334 consecrari,
2820 1269 2922 1324 nisi
2966 1284 2996 1322 a
3042 1269 3255 1325 clericis
3282 1277 3337 1325 et

1756 1362 1954 1434 populo
1987 1362 2148 1417 fuerit
2201 1362 2501 1433 postulatus
2536 1382 2548 1417 :
2594 1364 2719 1435 quia
2752 1362 2896 1417 nulla
2927 1362 3068 1416 ratio
3111 1362 3239 1415 sinit
3280 1371 3340 1417 ut

1756 1456 1915 1512 aliter
1950 1458 2253 1513 consecrati
2285 1458 2428 1512 inter
2455 1458 2736 1528 episcopos
2767 1457 3089 1512 habeantur.
3122 1455 3336 1511 Etcum

1756 1546 1808 1604 in
1841 1540 2027 1603 eadem
2058 1549 2288 1604 ecclesia
2330 1536 2523 1620 dignus
2564 1564 2668 1603 non
2712 1548 3004 1610 invenitur,
3052 1556 3182 1601 tunc
3224 1545 3339 1617 pri-

1755 1658 1902 1697 mum
1936 1642 2105 1699 altera
2130 1642 2362 1699 ecclesia
2389 1642 2657 1713 eligatur;
2689 1652 2744 1698 et
2770 1642 3017 1712 quamvis
3044 1640 3339 1698 necessitas

1755 1734 2000 1799 eveniat,
2037 1742 2215 1789 tamen
2252 1733 2518 1793 invidiose
2546 1732 2691 1789 nullo
2721 1732 2881 1789 modo
2910 1738 3282 1788 consecretur.

1828 1828 1993 1881 Sexto
2021 1827 2295 1897 praecepit,
2325 1842 2413 1892 ne,
2448 1826 2602 1896 juxta
2630 1825 3005 1882 Sardicensem
3032 1825 3296 1898 synodum
3317 1864 3335 1891 ,

69 1926 243 1990 gerunt
274 1936 289 1974 :
326 1927 379 1971 et
411 1912 535 1972 dum
568 1915 624 1970 in
656 1912 773 1986 ejus
814 1908 1083 1969 electione
1124 1902 1285 1968 nimis
1324 1911 1648 1985 gauderent,
1681 1899 1729 1961 Β
1757 1910 1898 1971 ultra
1942 1916 2596 1973 lrium‘helidomadarum
2624 1917 2857 1988 spatium
2886 1912 3127 1987 e‘piscopi
3156 1932 3187 1969 a
3213 1928 3339 1984 pro-

70 2020 342 2082 :mperunt
385 2006 582 2064 iterum
631 2023 739 2061 non
794 1998 1141 2061 mediocriter
1184 2004 1535 2070 contristari,
1584 2017 1651 2057 eo

70 2100 194 2171 μιυά
235 2100 356 2155 sine
398 2092 665 2170 imperiali
701 2092 1027 2151 auctoritate
1058 2094 1298 2149 futurum
1333 2103 1441 2148 non
1484 2092 1651 2148 aude-

70 2200 183 2245 )ant
218 2203 547 2246 consecrare
576 2186 931 2260 pontiﬁcem;
962 2194 1015 2242 et
1052 2182 1352 2258 periculum
1391 2178 1653 2240 Romana:

70 2282 203 2338 n‘bis
235 2281 479 2337 maxime
521 2276 866 2346 metuebant,
905 2288 977 2333 ne
1018 2274 1247 2345 iterum,
1286 2284 1344 2331 ut
1384 2274 1550 2344 olim,
1584 2262 1652 2330 ab

70 2373 172 2429 iliis
199 2372 456 2428 hostibus
480 2362 635 2427 ﬁeret
662 2371 905 2427 obsessa.
934 2368 1048 2425 Hoc
1075 2368 1271 2425 timore
1299 2362 1467 2423 futuri
1494 2381 1651 2423 casus

69 2466 371 2538 perterriti,
404 2482 531 2521 eum
562 2460 821 2521 continuo
853 2461 1165 2535 pontiﬁcem
1197 2476 1303 2515 non
1336 2468 1650 2530 exspectata

72 2560 313 2632 irincipis
350 2558 654 2625 sententia,
699 2548 1176 2613 consecraverunt.
1222 2550 1323 2609 Hic
1354 2550 1651 2609 secundum

68 2655 341 2725 tntiquam
374 2650 823 2709 consuetudinem
852 2648 1114 2705 canonica
1147 2644 1472 2703 auctoritate
1517 2634 1649 2701 cou-

67 2747 231 2803 stituit
254 2789 269 2815 ,
300 2755 394 2814 ut,
430 2742 555 2801 dum
589 2746 745 2802 sacra
778 2745 1067 2801 missarum
1099 2741 1358 2800 solemnia
1389 2741 1443 2795 in
1474 2738 1649 2795 eccle-

67 2834 130 2892 sia
181 2826 586 2903 celebrantur,
643 2826 825 2896 nullus
878 2850 947 2890 ex
999 2822 1155 2891 laicis
1211 2832 1265 2889 in
1314 2829 1652 2905 presbyterio

67 2940 232 2997 itare,
266 2929 359 2987 vel
405 2929 626 2997 sedere,
673 2939 767 2986 aut
808 2924 1017 3002 ingredi
1061 2928 1391 2999 prtes'umat,
1426 2926 1527 2981 nisi
1572 2914 1651 2980 illi

67 3024 136 3095 [ui
168 3024 239 3079 ad
283 3023 428 3103 hanc
473 3008 932 3079 mini'strationem
978 3008 1122 3077 sacri
1161 3016 1320 3075 ofﬁcii
1369 3016 1649 3073 constituti

67 3116 329 3169 ridentur.
378 3098 550 3186 llujus
596 3113 936 3186 temporibus
982 3112 1169 3168 Romae
1206 3098 1276 3167 in
1324 3111 1647 3183 quibusdam

68 3194 310 3263 :avcrnis
335 3198 620 3262 basiliscos
645 3214 798 3261 ortus
822 3213 904 3261 est
922 3244 936 3272 ,
962 3200 1055 3275 qui
1080 3192 1206 3258 ﬂatu
1235 3219 1333 3259 suo
1358 3218 1423 3258 ac
1446 3203 1651 3259 visione

67 3316 242 3356 nunes
295 3299 620 3356 accedentes
670 3297 939 3363 necabat,
990 3306 1045 3351 et
1095 3286 1257 3351 morti
1307 3269 1721 3350 mandabat:C

67 3385 217 3463 luent
239 3390 538 3465 praedictus
563 3385 805 3462 pontifex
834 3378 902 3442 ad
925 3387 1103 3459 ipsum
1129 3380 1376 3443 foramen
1403 3385 1645 3452 veniens,

67 3503 141 3541 tua
174 3484 436 3539 oratione
467 3478 699 3553 rogavit,
734 3490 789 3536 et
819 3464 1025 3534 nullum
1068 3486 1259 3549 postea
1303 3493 1371 3533 ex
1416 3477 1533 3548 ipso
1572 3470 1649 3531 si-

67 3594 213 3647 gnum
250 3562 497 3631 lzesiOnis
529 3572 798 3647 apparuit.
841 3566 941 3627 llic
967 3578 1217 3627 octavam
1246 3556 1649 3639 AsSumptionis

67 3677 256 3723 .anctm
310 3660 405 3721 Dei
451 3648 730 3736 genitricis
780 3648 962 3717 Mariae
1018 3652 1367 3717 devotissime
1414 3659 1675 3739 primum'

67 3757 387 3823 :elebravit,
424 3764 479 3812 et
506 3771 720 3828 semper
751 3754 1130 3812 celebrandam
1154 3744 1273 3810 esse
1306 3742 1459 3808 ﬁrma
1490 3748 1645 3807 iusti-

71 3852 263 3907 Ltioue
306 3838 600 3904 mandavit.

118 3946 223 4001 llic
272 3934 508 4001 consilio
534 3951 589 3997 et
620 3939 825 3996 auxilio
850 3928 1098 3995 Lotltarii
1137 3934 1515 4007 imperatoris,
1550 3934 1648 3987 ur-

67 4053 205 4102 iem,
266 4049 439 4107 quam
491 4032 635 4087 circa
684 4020 970 4086 ecclesiam
1019 4016 1080 4080 B.
1118 4025 1268 4080 Petri
1315 4022 1647 4093 incmperat,

67 4130 291 4186 ileuiter
318 4118 753 4189 consummavit,
786 4126 844 4178 et
874 4122 997 4178 eum
1028 4116 1218 4175 litania
1249 4134 1369 4174 eam
1410 4119 1648 4173 circum-

67 4223 226 4289 lans,
263 4229 324 4277 et
365 4233 506 4289 aqua
547 4216 857 4273 exorcizata
890 4228 1214 4314 aspcrgens,
1257 4208 1650 4275 sanctiﬁcavit,

67 4323 95 4368 et
136 4324 245 4367 Suo
295 4304 639 4382 postmodum
666 4304 887 4362 homine
914 4300 1242 4359 Leonianam
1267 4316 1385 4355 eam
1414 4300 1648 4354 vocavit.

72 4402 145 4464 lic
196 4380 402 4459 videns
445 4394 615 4455 multa
657 4412 754 4453 suo
794 4397 848 4451 in
883 4404 1124 4467 tempore
1162 4386 1351 4447 contra
1384 4380 1554 4444 Dculn
1598 4392 1654 4443 et

67 4490 290 4555 .alutem
323 4488 631 4551 animarum
661 4472 1006 4562 impudenter
1039 4478 1152 4541 ﬁeri
1176 4527 1191 4554 ,
1224 4476 1450 4540 consilio
1484 4484 1653 4553 impe-

67 4600 304 4647 atorum
338 4580 583 4641 Lotharii
614 4586 668 4639 et
707 4576 979 4637 Lodewici
1022 4576 1209 4633 Roma:
1251 4573 1516 4648 synodum
1550 4575 1651 4630 ha-

1754 2008 1890 2079 priis
1934 2008 2181 2063 ecclesiis
2230 2017 2529 2073 morentur,
2577 2007 2679 2063 nisi
2722 2007 2863 2063 forte
2903 2024 2999 2078 per
3035 2010 3336 2079 iussionem

1757 2098 2163 2168 metrOpolilani
2212 2096 2302 2154 'vel
2340 2099 2605 2171 principis
2647 2115 2718 2155 ex
2758 2101 3088 2157 necessitate
3128 2102 3339 2159 contin-

1756 2196 1847 2261 gat
1875 2209 1886 2246 :
1921 2192 2047 2260 quia
2078 2191 2326 2245 absentia
2353 2191 2592 2264 episcopi
2622 2191 2941 2264 plerumque
2969 2193 3031 2249 ﬁt
3057 2193 3341 2252 calamitas

1752 2279 1947 2353 plebis.

1826 2374 2069 2445 Septimo
2098 2374 2406 2431 necessario
2438 2378 2643 2432 servari
2669 2379 2960 2454 praecepit,
2987 2387 3047 2435 ut
3066 2378 3222 2448 juxta
3250 2390 3341 2436 ec-

1754 2468 1971 2524 clesiam
2023 2464 2258 2524 claustra
2308 2472 2750 2539 constituantur,
2799 2472 2854 2526 in
2906 2473 3105 2543 quibus
3150 2472 3336 2530 clerici

1756 2548 2060 2628 disciplinis
2114 2559 2503 2616 ecclesiasticis
2566 2561 2901 2629 imbuuntur,
2964 2570 3021 2618 et
3084 2563 3338 2621 omnibus

1763 2667 1931 2709 unum
1962 2651 2033 2706 sit
2062 2650 2407 2709 refcctorium
2436 2669 2501 2710 ac
2531 2654 2907 2719 dormitorium
2926 2695 2940 2723 ,
2982 2655 3098 2711 sive
3126 2664 3338 2712 caetera:

1752 2732 1981 2796 olﬁcinze
2029 2740 2095 2796 ad
2143 2758 2274 2797 usus
2324 2740 2648 2798 clericorum
2700 2744 3040 2801 necessarize.
3100 2744 3336 2805 Ministri

1751 2847 1883 2888 vero
1913 2828 2036 2903 post
2062 2833 2371 2905 episcopum
2405 2830 2538 2898 tales
2568 2833 2854 2905 eligantur,
2885 2850 3113 2905 quorum
3146 2836 3253 2891 vita
3281 2845 3339 2895 et

1753 2922 1996 2981 doctrina
2022 2910 2143 2979 illos
2170 2924 2349 2997 potius
2374 2918 2637 2981 exornent
2666 2941 2828 2996 quam
2855 2926 3233 2982 dehonestent.

1823 3008 2048 3082 Octavo,
2095 3025 2152 3071 ut
2195 3006 2431 3089 episcopi
2481 3016 2767 3089 diligenter
2792 3033 2979 3074 curam
3006 3020 3238 3074 habeant
3280 3021 3335 3085 in

1750 3104 2159 3179 baptismalib'us
2211 3096 2480 3177 plebibus,
2525 3112 2601 3173 et,
2644 3104 2766 3163 cuin
2817 3110 3115 3169 necessitas
3156 3110 3210 3166 in
3258 3112 3337 3171 eis

1750 3199 2095 3274 presbyteros
2124 3198 2406 3253 ordinandi
2449 3198 2770 3265 occurrerit,
2790 3208 2851 3254 ut
2884 3201 3217 3256 reverentius
3242 3202 3340 3257 oh-

1752 3296 2056 3359 serventur,
2102 3292 2212 3348 non
2263 3288 2381 3347 sine
2433 3292 2697 3349 consensu
2733 3293 2931 3350 ibidem
2973 3294 3335 3351 habitantium

1749 3378 1864 3440 ﬁeri
1893 3384 2166 3439 convenit.
2833 3432 2837 3437 .

1818 3472 1991 3542 Nono,
2034 3486 2089 3531 ut
2137 3477 2190 3533 in
2230 3462 2616 3549 congregandis
2641 3477 2851 3535 clericis
2882 3493 2987 3535 non
3022 3479 3209 3550 plures
3233 3480 3331 3536 ad.

1748 3568 2054 3645 mittantur,
2089 3582 2248 3637 quam
2280 3563 2509 3622 facultas
2551 3582 2732 3623 rerum
2770 3567 2849 3629 eis
2894 3568 3152 3625 canonice
3181 3569 3338 3625 altri.-

1746 3650 1877 3714 buta
1909 3652 2155 3713 sullicere
2181 3657 2369 3727 possit.
3320 3710 3325 3719 ,

1821 3749 2063 3814 Decimo,
2095 3755 2155 3801 ut
2185 3748 2496 3804 sacerdotes
2520 3748 2776 3804 constitui
2803 3764 2908 3807 non
2936 3730 3204 3821 oporteat,
3232 3749 3336 3807 nisi

1750 3839 2015 3904 ecclesiis,
2068 3847 2160 3894 aut
2208 3832 2426 3910 speciali
2476 3840 2808 3897 monasterio
2866 3840 3213 3911 deputentur,
3270 3856 3338 3899 ne

1751 3936 2047 3993 necessitas
2103 3938 2156 4023 in
2208 3938 2557 3995 szecularibus
2601 3938 2851 4023 domibus
2899 3937 3007 3993 illis
3061 3920 3336 3994 habitandi

1751 4038 2045 4096 occurrat;
2093 4014 2330 4104 alioquin
2376 4047 2406 4086 a
2452 4014 2684 4103 propriis
2714 4031 3004 4102 episcopis,
3032 4039 3125 4085 aut.
3152 4031 3204 4087 in
3231 4029 3340 4099 epi-

1752 4120 1955 4193 scOpio,
2004 4131 2097 4176 aut
2130 4122 2180 4177 in
2215 4123 2559 4178 monasteriis
2602 4137 2763 4185 causa
2792 4120 3070 4175 habitandi
3112 4128 3167 4176 et
3209 4134 3339 4174 con-

1754 4210 2001 4267 versandi
2050 4228 2149 4285 pro
2198 4213 2499 4271 exercendo
2546 4211 2721 4267 ofﬁcio
2778 4211 3197 4280 constituantur,
3245 4210 3336 4269 ubi

1753 4302 2008 4359 mulieres
2033 4298 2231 4357 nullam
2257 4298 2492 4358 habeant
2519 4302 2727 4371 copiam
2757 4299 3132 4359 conversandi.

1827 4388 2151 4457 Undecimo,
2204 4384 2262 4448 ut
2312 4393 2623 4450 sacerdotes
2672 4376 2850 4445 divina
2898 4390 3106 4460 eloquia
3153 4388 3338 4444 scdulo

1752 4493 2182 4561 perscrutentur,
2208 4492 2261 4539 et
2275 4483 2536 4585 populum
2566 4470 2914 4547 admoneant,
2948 4490 3002 4536 et
3042 4480 3195 4535 ludos
3237 4479 3338 4535 ali-

1755 4591 1889 4648 quos
1915 4583 2040 4629 ante
2076 4590 2132 4628 se
2175 4562 2288 4628 ﬁeri
2339 4589 2443 4629 non
2483 4570 2837 4628 delectentur.
2888 4562 3340 4643 Transgressores

68 4687 165 4740 iuit
192 4699 330 4739 cum
359 4672 641 4749 sexaginta
685 4687 892 4746 septem
937 4671 1203 4744 episcopis
1231 4686 1245 4725 :
1292 4686 1413 4725 cum
1456 4668 1653 4740 quibus
1680 4639 1730 4699 D
1758 4662 1951 4739 quippe
1975 4648 2341 4720 admonitione
2361 4660 2598 4736 episcopi
2624 4654 2848 4718 ulterius
2872 4678 3032 4735 agere
3053 4659 3333 4726 desinant;

67 4777 429 4851 pradraginta
462 4774 566 4828 duo
597 4766 832 4841 capitula
876 4762 1310 4836 Christianorum
1345 4754 1503 4817 saluii
1554 4775 1650 4816 ne-

67 4872 313 4929 cessaria
348 4868 548 4934 edidit,
578 4877 634 4923 et
665 4864 893 4921 ﬁrmiter
924 4852 1187 4916 ﬁrmanda
1214 4874 1335 4914 esse
1365 4855 1647 4930 pra-cepit.

122 4966 180 5020 In
237 4962 429 5035 primo
471 4959 612 5013 enim
660 4954 900 5025 capitulo
950 4950 1211 5016 instituit,
1260 4958 1322 5003 ut.
1366 4946 1654 5021 episcopus

72 5069 201 5111 nxta
256 5051 417 5109 Pauli
451 5036 829 5105 discretionem
862 5056 916 5100 et
946 5038 1367 5099 admonitionem
1412 5038 1650 5113 irrepre-r

74 5143 387 5206 iensibilis,
423 5149 476 5195 et
500 5130 623 5196 boni
653 5134 837 5209 cperis
870 5130 1242 5190 desiderabilis
1275 5120 1348 5204 (1
1379 5106 1652 5201 Ἰ’ἱιη.ἰιι)

68 5244 447 5295 IOliSCCl'Cllll'.
1612 5302 1625 5327 ‘

123 5320 393 5376 θ’ρὶηιιίίί
470 5320 694 5365 nitiénnn
758 5317 1010 5356 ἀηοηῑ-λλί-
1061 5321 1243 5346 nouis-ﬂ
1309 5324 1375 5347 ιηλ
1414 5315 1654 5349 nutamin-

1758 4752 1839 4813 sin
1867 4746 2072 4820 autem,
2099 4752 2358 4810 canonice
2379 4748 2710 4825 iudicentur.

1820 4832 2169 4913 ﬂuodecimo,
2196 4844 2256 4901 ut
2281 4844 2613 4913 sacerdotes,
2637 4836 2732 4916 qui
2766 4844 2832 4900 ad
2871 4840 3051 4903 debita
3072 4852 3127 4900 et
3151 4858 3343 4912 oppor-

1762 4948 1887 4995 tuna
1912 4926 2083 4994 oﬁicia
2128 4938 2178 4992 in
2208 4924 2452 5011 ecclesiis
2497 4926 2867 4993 indili‘erenler
2908 4938 3096 4996 adesse
3128 4935 3341 4998 debent.

1762 5029 1947 5086 fenore
1977 5030 2173 5101 aliquo,
2206 5028 2298 5084 aut
2322 5026 2631 5094 venatione,
2662 5024 2741 5081 vel
2771 5031 2948 5101 aliqua
2972 5027 3351 5098 aucupationc;

1762 5125 2087 5181 rusticorum
2120 5107 2421 5179 ministerio
2453 5106 2672 5179 omnino
2713 5136 2817 5175 non
2868 5130 3218 5196 occupentur,
3252 5130 3352 5184 nec

1758 5216 1873 5272 Siue
1900 5228 2096 5275 ornatu
2128 5208 2458 5274 sacerdotali
2483 5224 2639 5273 extra
2670 5208 2861 5269 domes
2884 5231 3012 5272 suas
3036 5216 3352 5287 appareant.

1760 5314 1807 5342 Μ
1834 5310 1893 5342 0‘1
1926 5306 2101 5346 ani-nn
2152 5324 2271 5344 annon
2301 5306 2524 5347 βαι-τηατ
2554 5298 2846 5342 anhelitum
2877 5300 3125 5342 υἷιιωιιην
3171 5301 3358 5336 nhcnr-
