4006 5662
619 422 754 482 12ᾉ7

1337 425 1628 485 APPEND.
1667 425 1762 484 AD
1801 424 1977 482 SJEC.
2020 425 2113 485 IX.
2152 455 2221 508 :—
2257 422 2628 480 AUCTORES
2666 421 2828 482 ANNI
2866 421 3158 480 INCERTI.

3747 427 3870 484 ιειε

619 539 906 604 audierim,
944 537 1034 594 ubi
1059 539 1216 594 nulla:
1248 541 1584 596 szecularium
1614 541 1818 597 idonea:
1844 553 2086 610 personae
2112 537 2194 594 in-
2223 543 2270 604 Α
2369 539 2880 608 Vigcsimosecundo
2927 541 3173 603 sancivit,
3207 548 3292 604 ut,
3321 540 3366 595 si
3417 541 3691 612 quispiam
3745 561 3875 600 com-

617 635 925 696 veniantur,
959 647 1024 687 ne
1054 633 1250 687 veritas
1275 633 1598 700 occultetur,
1626 643 1680 688 et
1719 631 1892 688 malus
1930 640 1989 686 ιιι
2027 631 2201 685 bonus

619 725 979 786 existimetur,
1014 722 1066 776 in
1099 723 1434 792 providentia
1462 725 1532 780 sit
1557 724 1815 795 episcopi,
1848 732 1908 778 ut
1931 738 2114 778 coram
2143 737 2202 776 se

617 824 671 870 et
697 816 1126 884 competentibus
1145 814 1417 885 judicibus
1443 817 1583 872 hanc
1604 817 1762 871 aliter
1790 815 2072 870 veritatem
2103 815 2204 870 lto-

619 908 841 962 norilice
867 907 1138 962 attollant.

688 997 1123 1065 Quartodecimo,
1155 1005 1213 1053 ut
1239 1001 1509 1064 sacerdos,
1535 1007 1628 1054 aut
1653 997 1775 1068 quis
1796 997 1934 1052 alius
1956 996 2009 1050 in
2032 995 2203 1052 eccle-

617 1092 836 1145 Stastico
865 1091 1052 1145 ordine
1075 1102 1378 1160 provectus,
1411 1093 1453 1148 si
1479 1093 1531 1148 in
1557 1107 1622 1148 eo
1642 1092 1844 1149 scelere
1896 1090 2204 1146 inveniatur

617 1198 722 1252 quo
748 1183 1084 1252 abjiciendus
1132 1184 1221 1249 sit,
1259 1184 1538 1256 depositus
1584 1184 1919 1256 providentia
1965 1182 2202 1253 episcopi

620 1279 754 1328 liene
780 1275 995 1344 proviso
1041 1275 1159 1330 loco
1189 1277 1572 1343 constituatur,
1605 1277 1696 1332 ubi
1741 1283 1963 1347 peccata
2002 1273 2201 1346 lugeat,

616 1373 670 1418 et
700 1365 924 1420 ulterius
947 1381 1050 1420 non
1077 1367 1402 1423 committat.

687 1455 1118 1524 Quintodecimo,
1164 1468 1243 1524 ut,
1287 1459 1331 1515 si
1377 1460 1662 1532 episcopus
1705 1463 1854 1534 (dist.
1904 1464 1996 1532 81,
2030 1480 2081 1520 c.
2143 1465 2205 1522 Si

615 1549 922 1634 quispiam),
955 1552 1256 1622 presbyter,
1293 1551 1578 1618 diaconus,
1606 1553 1690 1610 vel
1736 1557 2097 1614 subdiaconus
2139 1557 2206 1614 de

615 1654 936 1709 quacunque
964 1641 1163 1696 femina
1201 1643 1431 1700 crimine
1475 1643 1848 1702 fornicationis
1875 1649 2203 1719 suspicatus,

614 1741 736 1800 post
778 1734 1005 1802 primam
1029 1741 1085 1788 et
1129 1735 1420 1796 secundam
1451 1744 1506 1791 et
1535 1739 1748 1792 tertiam
1779 1740 2203 1798 admonitionem

615 1823 1040 1891 metropolitani,
1099 1825 1182 1880 vel
1230 1825 1452 1882 alterius
1500 1830 1762 1900 episcopi,
1810 1840 1904 1886 aut
1949 1831 2064 1902 ejus
2117 1835 2203 1889 cui

2301 628 2559 700 probatus
2591 631 2824 695 invasor,
2850 630 2995 685 dicat
3021 646 3118 702 pro
3139 644 3295 700 parte
3328 633 3583 688 ecclesiae
3624 648 3681 688 se
3719 637 3876 704 egisse

2302 721 2367 777 de
2405 721 2614 791 privata
2644 722 2745 777 sibi
2793 736 2851 776 re
2899 721 3222 792 pertinente,
3261 725 3329 778 ab
3383 725 3503 796 ipso
3545 740 3753 796 suoque
3787 726 3879 781 b2-

2303 813 2434 868 rede
2469 813 2806 883 pcrsolvatur
2858 813 3084 868 invasio.
3132 813 3403 869 Sacerdos
3442 817 3680 885 denique
3722 817 3879 871 intali

2301 905 2455 976 culpa
2481 920 2684 976 pauper
2710 906 2983 971 inventus,
3018 920 3048 958 a
3080 907 3302 976 proprio
3330 907 3596 961 canonice
3621 906 3881 975 iudicetur

2303 999 2576 1069 episcopo,
2605 997 2888 1069 episcopus
2915 1013 2944 1052 a
2980 1000 3399 1069 metr0politauo
3430 1008 3492 1053 ut
3519 1015 3628 1053 non
3669 1000 3884 1055 ecclesia

2304 1090 2404 1145 sibi
2433 1090 2718 1145 commissa
2749 1092 3003 1145 damnum
3030 1090 3299 1146 sustineat
3319 1091 3387 1145 de
3413 1091 3721 1146 invasione.

2375 1179 2834 1246 Vigcsimotertio,
2861 1179 2928 1232 de
2957 1180 3300 1234 monasteriis
3343 1179 3886 1254 monachorumtsive

2306 1273 2803 1339 sanctimonalium,
2859 1283 2915 1328 et
2964 1274 3030 1334 de
3075 1274 3325 1329 omnibus
3377 1259 3504 1327 aliis
3539 1288 3641 1343 pro
3664 1261 3886 1330 diversis

2306 1367 2721 1424 necessitatibus
2751 1368 2818 1422 ad
2847 1366 3244 1437 eleemosynam
3269 1367 3595 1422 constitutis
3627 1368 3887 1437 pracepit,

2306 1471 2366 1516 ut
2387 1477 2483 1532 per
2510 1461 2889 1531 episcoporum
2919 1458 3358 1524 sollicitudinem,
3407 1459 3462 1512 in
3493 1474 3730 1528 quorum
3769 1459 3889 1512 dite-

2307 1554 2415 1609 cesi
2452 1553 2568 1608 haec
2597 1552 2856 1618 existunt,
2889 1551 3210 1607 ordinentur
3251 1551 3320 1605 ad
3368 1551 3594 1607 easdem
3627 1550 3887 1616 utilitates,

2307 1645 2504 1716 quibus
2529 1644 2825 1699 constituta
2859 1651 3007 1698 sunt.

2381 1734 2874 1805 Vigesimoquarto,
2912 1733 3178 1804 disposuit
3208 1734 3273 1790 de
3295 1734 3574 1800 ecclesiis,
3604 1751 3726 1806 qua:
3753 1735 3805 1789 in
3827 1735 3893 1788 di-

2308 1827 2483 1882 versis
2525 1826 2836 1896 regionibus
2877 1826 3253 1882 sacerdotibus
3288 1836 3344 1882 et
3392 1827 3698 1882 solitudine
3747 1827 3894 1881 desti-

613 1910 895 1980 su‘bjacere
941 1914 1174 1981 videtur,
1207 1916 1515 1973 inveniatur
1553 1920 1782 1976 fabulari
1816 1938 1940 1978 cum
1978 1939 2063 1991 ea,
2105 1924 2206 1980 ali-
2236 1917 2282 1976 Β
2312 1928 2462 1986 tutas,
2494 1919 2637 1974 nullo
2675 1919 2856 1975 debito
2891 1917 3065 1975 ofﬁcio
3108 1928 3394 1984 resonant,
3425 1928 3486 1972 ut
3516 1919 3822 1987 epismpus,
3855 1917 3892 1970 si

613 2017 787 2072 quove
833 2005 990 2059 modo
1029 2008 1364 2074 conversari,
1412 2011 1671 2065 canonice
1707 2010 1983 2082 judicetur
2021 2033 2033 2069 :
2077 2016 2203 2088 quia

613 2094 700 2149 cui
730 2097 1004 2165 propriam
1066 2097 1267 2153 habere
1311 2114 1535 2154 uxorem
1584 2117 1690 2157 non
1740 2104 2096 2174 permittitur,
2138 2107 2206 2162 ab

613 2186 759 2239 omni
784 2186 982 2241 femina
1015 2187 1174 2242 debet
1203 2203 1262 2243 se
1295 2189 1589 2246 abstinere.

642 2275 1110 2351 .Scxtodecimo,
1159 2287 1220 2334 ut
1282 2280 1412 2335 nulli
1466 2282 1841 2353 episcoporum
1904 2285 2065 2342 liceat
2117 2303 2206 2344 res

614 2365 920 2424 immobiles
944 2367 1012 2424 de
1045 2367 1303 2438 subjectis
1321 2371 1582 2442 {plebibus
1613 2373 1836 2446 aliisque
1880 2377 1985 2447 piis
2016 2378 2205 2434 tollere

613 2460 768 2527 locis,
798 2477 866 2518 ne
894 2465 948 2520 in
995 2465 1084 2522 tali
1128 2465 1272 2523 facto
1303 2483 1567 2540 pauperes
1593 2472 1978 2542 inveniantur;
2013 2485 2204 2533 contra

613 2569 780 2627 agens
811 2559 1070 2615 canonica
1095 2562 1420 2618 auctoritate
1446 2567 1806 2623 coarctandus
1828 2569 2045 2624 existat.

685 2654 1156 2724 Septimodecimo,
1193 2667 1252 2712 ιιι
1277 2659 1578 2732 presbyteri
1605 2663 1847 2717 omnium
1875 2664 1943 2719 ad
1997 2680 2055 2720 se
2084 2680 2206 2719 cur-

613 2749 846 2803 rentium
891 2750 943 2804 in
971 2751 1382 2824 quibuscnuque
1429 2756 1603 2811 sacris
1631 2755 1764 2812 locis
1801 2757 2104 2816 oblationes
2137 2761 2204 2814 ad

614 2842 904 2896 missarum
935 2842 1199 2900 solemnia
1229 2845 1534 2916 recipiant:
1569 2847 1696 2918 quia
1732 2863 1853 2904 cum
1897 2848 1994 2906 Dei
2029 2859 2084 2906 et
2111 2851 2206 2906 Ito-

614 2934 821 2990 minnm
855 2936 1181 2993 mediatores
1218 2941 1477 3004 existant,
1509 2941 1562 2996 in
1605 2942 1924 2998 exercendis
1951 2943 2112 3009 votis,
2149 2951 2206 2998 et

612 3025 918 3083 relaxandis
953 3029 1224 3100 peccatis,
1272 3029 1639 3104 largissimam
1669 3033 1866 3090 debent
1895 3035 2203 3091 orationem

609 3131 892 3190 peragere.

679 3208 1119 3277 Octavodecimo,
1157 3225 1216 3269 nt
1240 3215 1525 3286 episcopus
1577 3217 1680 3273 sibi
1732 3219 1977 3290 subjecto
2017 3235 2206 3277 sacer-

613 3301 744 3369 doti,
775 3304 858 3358 vel
903 3303 992 3360 alii
1030 3305 1244 3370 clerico,
1279 3307 1380 3362 nisi
1414 3305 1481 3361 ab
1522 3307 1628 3363 alio
1656 3310 1977 3380 postulatus,
2018 3311 2203 3368 dimis-

612 3393 788 3448 sorias
818 3409 924 3450 non
956 3394 1153 3451 faciat:
1187 3405 1332 3453 etne
1363 3397 1511 3454 falsa:
1537 3407 1595 3454 ut
1629 3415 1774 3456 verae
1803 3402 2117 3468 credantur,
2148 3412 2204 3457 et

613 3497 755 3539 verre
803 3493 862 3540 ut
910 3484 1057 3541 falsa:
1106 3488 1477 3558 suspicentur.
1528 3491 1852 3547 universalis
1905 3491 2198 3562 pontificis,

611 3574 697 3629 vel
730 3574 1019 3647 imperiali,
1071 3576 1157 3634 vel
1205 3578 1600 3650 metropolitani
1647 3580 1790 3636 bulla
1840 3595 1934 3638 eas
1959 3583 2201 3640 roborari

612 3676 845 3740 oportet.

687 3757 1072 3828 Nonodecimo,
1105 3771 1163 3817 ut
1192 3763 1451 3834 episcopi,
1485 3765 1830 3834 universique
1864 3765 2200 3831 sacerdotes,

614 3850 742 3920 quia
777 3852 842 3904 ad
891 3851 1060 3906 solam
1115 3853 1208 3908 Dei
1257 3853 1496 3920 laudem,
1552 3855 1924 3924 bonorumque
1977 3870 2200 3926 operum

613 3943 881 3997 actionem
910 3945 1333 4011 constituuntur,
1365 3945 1596 4000 debeant
1621 3953 1726 4000 tam
1749 3960 1849 4014 pro
1874 3945 2202 4000 ecclesiasti-

611 4036 712 4102 cis,
744 4051 905 4106 quam
934 4053 1034 4108 pro
1061 4037 1294 4108 prapriis
1331 4037 1446 4093 suis
1481 4037 1804 4103 actionibus,
1853 4048 2079 4108 excepto
2106 4053 2203 4108 pu-

612 4126 755 4184 blico
783 4129 1030 4194 crimine,
1082 4129 1284 4186 habere
1333 4130 1655 4186 advocatum
1701 4145 1808 4185 non
1863 4129 2019 4184 malae
2045 4128 2202 4186 famae

613 4231 944 4291 suspectum,
981 4224 1075 4279 sed
1125 4224 1281 4278 bonae
1317 4223 1612 4294 opinionis,
1655 4232 1710 4278 et
1741 4223 2027 4278 laudabilis
2065 4224 2202 4278 artis

614 4312 914 4380 inventum,
949 4329 1038 4379 ne,
1067 4313 1195 4369 dum
1223 4314 1458 4370 humana
1487 4313 1638 4370 lucra
1667 4314 1972 4380 intendunt,
1999 4322 2200 4370 aeterna

613 4407 832 4473 prmmia
859 4406 1110 4476 perdant.

687 4496 982 4568 Vigesimo,
1014 4511 1093 4565 ιιι,
1145 4498 1191 4555 si
1241 4500 1511 4572 quispiam
1565 4499 1907 4556 sacerdotum
1951 4499 2200 4554 inventus

613 4582 798 4651 fuerit,
827 4588 916 4658 qui
948 4589 1272 4646 advocatum
1303 4590 1575 4661 injudicio
1597 4591 1842 4663 proferre
1873 4607 1978 4648 non
1999 4591 2199 4660 valeat,

613 4692 795 4733 coram
829 4680 984 4750 plebe
1007 4684 1223 4754 propria
1255 4700 1386 4740 suus
1429 4675 1714 4756 episcopus
1742 4685 1915 4755 ipsum
1943 4687 2198 4741 sacerdo-

615 4778 720 4826 tem
749 4773 1020 4841 discutiat,
1054 4776 1099 4831 si
1135 4775 1293 4834 bonae
1324 4794 1392 4832 an
1420 4778 1576 4833 malae
1619 4778 2049 4834 conversationis
2086 4779 2201 4834 exi-

613 4871 739 4928 stat,
771 4874 864 4919 aut
892 4867 1046 4938 cujus
1080 4869 1160 4923 rei
1208 4884 1372 4924 causa
1404 4869 1587 4925 debite
1633 4870 1954 4925 advocatum
2000 4868 2201 4924 habere

615 4972 716 5010 non
747 4958 950 5026 possit:
990 4961 1130 5016 male
1165 4976 1293 5016 vero
1316 4962 1589 5028 inventus,
1621 4978 1718 5034 pro
1747 4961 2006 5032 qualitate
2032 4961 2200 5032 culpa:

613 5049 908 5104 secundum
937 5067 1199 5109 canonem
1225 5069 1472 5110 normam
1503 5055 1780 5109 emendari
1813 5063 2053 5109 curetur.

688 5138 1156 5213 Vigesimoprimo,
1200 5155 1258 5200 ut
1302 5147 1715 5212 monasterium,
1755 5145 1841 5200 vel
1877 5145 2200 5213 oratorium,

621 5232 880 5287 canonice
910 5247 1280 5294 constructum
1321 5255 1350 5295 a
1390 5240 1628 5296 dominio
1671 5239 2087 5305 constructoris,
2136 5254 2202 5295 eo

625 5321 814 5389 invito,
849 5340 955 5380 non
1006 5330 1309 5400 auferatur;
1346 5332 1613 5404 liceatque
1654 5332 1729 5387 illi
1783 5331 1923 5387 idem
1978 5331 2203 5404 presby-

623 5425 758 5481 tero,
783 5419 869 5473 cui
901 5420 1150 5489 voluerit,
1183 5441 1279 5494 pro
1302 5442 1456 5483 sacro
1487 5425 1660 5484 oliicio
1705 5425 1849 5482 illius
1879 5427 2198 5493 dioeceseos,

617 5513 675 5562 et
722 5509 877 5564 bona;
914 5514 1268 5580 auctoritatis,
1302 5517 1604 5574 dimissorie
1630 5534 1752 5574 cum
1797 5532 2061 5575 consensu
2090 5518 2204 5588 epi-

623 5601 790 5648 8οοηί-
844 5617 910 5642 ηρ
962 5603 1133 5650 malm
1187 5609 1400 5658 mrislatr
1436 5611 1838 5662 commendare.
1885 5610 1959 5662 ita
2015 5619 2074 5662 ut
2130 5610 2200 5660 ad

2304 2013 2522 2084 proprio
2543 2010 2654 2080 juri
2687 2011 2928 2067 ecclesiae
2956 2020 3084 2066 sunt
3110 2011 3396 2082 subjectae,
3439 2010 3652 2064 ibidem
3689 2011 3804 2064 sine
3828 2011 3896 2060 in-

2307 2105 2648 2160 termissione
2670 2105 3046 2175 presbyterum
3077 2102 3414 2166 constituat;
3449 2111 3538 2164 ut,
3572 2101 3619 2155 si
3658 2101 3709 2154 in
3744 2115 3895 2153 sarcu‘

2304 2195 2500 2252 larium
2529 2195 2811 2250 hominum
2855 2205 2983 2250 sunt
3006 2195 3131 2265 jure
3167 2195 3512 2256 constitutm,
3548 2195 3619 2247 ab
3665 2194 3900 2262 episcopo

2305 2287 2719 2351 admoneantur,
2771 2295 2828 2341 et
2887 2285 2958 2353 si,
3009 2285 3294 2349 admoniti,
3359 2286 3723 2354 presbyteros
3770 2282 3896 2336 infra

2306 2380 2467 2435 trium
2502 2378 2769 2434 mensium
2794 2377 3032 2444 spatium
3065 2377 3265 2431 ibidem
3296 2375 3673 2445 neglexerunt
3703 2373 3895 2428 consti-

2305 2481 2458 2526 tuere
2481 2471 2683 2540 absque
2706 2469 2954 2542 neglectu
2984 2468 3266 2539 principis,
3295 2479 3498 2539 urgeat
3519 2467 3827 2537 episcopus,
3850 2474 3898 2516 ut

2305 2563 2420 2634 ejus
2447 2564 2716 2620 sententia
2753 2563 3100 2619 emendetur.

2318 2678 2322 2681 ·
2376 2655 2861 2728 Vigesimoquiuto,
2904 2662 2961 2708 ιιι
3000 2653 3246 2710 ecclesma
3304 2651 3575 2723 quaelibet
3628 2651 3899 2706 destructa:

2306 2749 2525 2819 proprio
2564 2746 2832 2817 stipendio
2869 2755 3277 2811 restaurentur;
3306 2761 3418 2800 non
3448 2742 3762 2799 sufﬁciente
3779 2757 3898 2797 vero

2306 2837 2636 2901 necessario,
2667 2852 2698 2890 a
2721 2835 2918 2907 populo
2945 2835 3120 2905 plebis
3151 2834 3519 2890 auxilientur.

2377 2929 2836 3001 Vigesimosexto,
2882 2936 2941 2981 ιιι
2967 2925 3096 2982 nulli
3129 2927 3524 2998 episcoporum
3559 2925 3772 2980 liceata
3793 2924 3903 2980 sub

2301 3022 2448 3094 jecto
2487 3022 2790 3086 sacerdote,
2821 3018 2906 3075 vel
2930 3019 3035 3074 alio
3062 3018 3305 3090 quolibet
3331 3018 3548 3073 clerico
3569 3033 3638 3072 ex
3661 3017 3762 3090 piis
3783 3015 3904 3069 locis

2308 3118 2628 3173 donationes
2667 3115 2811 3170 ultra
2831 3122 3032 3170 statuta
3061 3113 3289 3168 Patrum
3321 3114 3580 3184 exigere,
3605 3122 3704 3168 aut
3733 3126 3903 3182 super-

2309 3209 2558 3280 imposita
2577 3205 2962 3282 [superposita]
2996 3207 3049 3262 in
3087 3207 3329 3278 angariis
3355 3205 3598 3261 inferre.

2377 3299 2902 3372 Vigesimoseptimo,
2933 3307 2993 3352 ιιι
3038 3297 3267 3353 abbates
3309 3296 3453 3352 tales
3480 3297 3898 3357 constituantur,

2309 3392 2400 3463 qui
2440 3392 2521 3446 sui
2567 3388 2812 3446 vocabuli
2860 3387 3226 3442 ministerium
3258 3387 3372 3442 Deo
3423 3388 3654 3459 possint
3701 3387 3892 3442 indubi-

2305 3491 2484 3538 tanter
2535 3483 2788 3554 supplere
2827 3499 2839 3535 :
2883 3481 2955 3536 ita
2986 3482 3154 3545 docti,
3183 3490 3245 3535 ut
3291 3493 3655 3550 quaecunque
3689 3479 3899 3534 fratrm

2303 3577 2632 3648 negligentia
2677 3575 2992 3641 acciderint,
3047 3573 3270 3630 omnino
3298 3586 3649 3643 cognoscere
3694 3570 3902 3643 possint,

2302 3677 2358 3724 et
2388 3668 2699 3724 emendare.

2376 3757 2869 3830 Vigesimooctavo,
2902 3766 2962 3811 ut
2989 3755 3278 3826 episcopus
3301 3753 3356 3809 in
3398 3768 3505 3809 sua
3537 3752 3764 3808 dimcesi
3790 3749 3902 3805 dli-

2304 3860 2495 3923 genter
2540 3860 2921 3922 perscrutetur
2956 3848 3095 3914 illos,
3129 3848 3222 3920 qui
3250 3846 3370 3902 solo
3420 3846 3623 3901 habitu
3667 3843 3898 3900 monachi

2303 3942 2564 4007 existunt,
2611 3950 2665 3996 et
2713 3942 2780 3996 ad
2828 3940 3106 4010 proprium
3160 3937 3570 3993 monasterium
3614 3935 3898 3990 redimens

2303 4048 2482 4109 cogat,
2536 4044 2630 4090 aut
2687 4045 2975 4108 prospectu
3033 4049 3277 4106 congruo
3329 4032 3386 4088 in
3418 4032 3575 4088 aliud
3624 4030 3815 4094 mittat,
3846 4037 3898 4081 at

2304 4129 2608 4201 regularem
2631 4129 2797 4183 vitam
2830 4136 3066 4183 servent.

2376 4219 2816 4290 Vigesimonono,
2867 4225 2929 4273 ut
2972 4215 3187 4272 feminae
3245 4230 3374 4287 quae
3412 4214 3671 4271 habitum
3703 4214 3899 4284 religan-

2303 4332 2445 4382 sum,
2490 4325 2583 4371 aut
2634 4315 2875 4371 velamen
2912 4314 3140 4369 obtentu
3185 4310 3472 4382 religionis
3529 4318 3894 4380 susceperunt

2303 4410 2557 4480 deinceps
2602 4409 2722 4465 viro
2762 4407 2958 4464 sociari
3007 4423 3114 4461 non
3177 4405 3615 4476 permittantur;
3659 4401 3900 4475 praerni-

2305 4512 2439 4559 catae
2467 4512 2670 4570 autem,
2708 4501 2774 4558 ad
2807 4499 3184 4572 paenitentiam
3215 4507 3596 4554 coerceauuir.

2378 4594 2705 4666 Trigesimo,
2735 4601 2794 4648 ιιι
2824 4592 2910 4646 die
2934 4590 3217 4647 Dominico
3252 4588 3436 4644 nullus
3465 4589 3672 4644 audeat
3702 4600 3893 4643 merca-

2308 4687 2502 4753 tiones,
2559 4686 2663 4741 nisi
2690 4685 2743 4740 in
2779 4683 2998 4740 cibariis
3041 4682 3230 4746 rebus,
3271 4689 3368 4736 aut
3398 4680 3662 4752 quaelibet
3707 4681 3892 4736 rustica

2303 4794 2466 4849 opera
2519 4777 2730 4843 facere;
2784 4775 3044 4846 alioquin,
3094 4784 3156 4830 ut
3196 4783 3593 4845 transgressor,
3625 4774 3700 4829 ad
3735 4773 3896 4847 peni-

2307 4874 2531 4926 tentiam
2560 4869 2858 4940 redigatur.

2376 4960 2878 5032 TrigesimOprimo,
2918 4965 2978 5012 ιιι
3019 4957 3306 5013 Dominico
3331 4957 3419 5013 die
3457 4972 3754 5028 personam
3780 4972 3892 5012 sua-

2302 5066 2516 5128 pectam
2568 5065 2624 5111 et
2653 5064 2801 5110 reatu
2828 5053 3107 5120 infamem,
3159 5062 3256 5109 aut
3289 5054 3493 5125 Optima
3525 5054 3890 5110 satisfaciam:

2304 5150 2541 5212 solvant,
2573 5156 2667 5203 aut
2715 5147 2769 5202 in
2822 5146 3087 5201 custodiis
3115 5147 3572 5213 constituantput
3597 5147 3885 5204 licitisrie

2304 5244 2406 5300 bus
2430 5243 2737 5314 iudicetur;
2776 5259 2900 5298 nam
2931 5242 3142 5314 legibus
3176 5243 3481 5300 inﬁrmatur
3497 5241 3882 5314 judidano—

2304 5335 2506 5393 minico
2523 5335 2612 5392 die
2655 5336 3052 5408 depromptum.

2378 5429 2943 5500 Trigesimosecundo,
2991 5437 3050 5484 ut
3091 5429 3227 5486 nulli
3261 5429 3522 5486 laicorum
3554 5432 3721 5487 liceat
3753 5431 3802 5486 in
3825 5444 3884 5485 eo

2304 5524 2444 5592 loco,
2473 5523 2562 5579 ubi
2595 5521 2897 5595 presbyteri
2943 5530 3000 5578 et
3023 5523 3212 5580 caeteri
3241 5523 3422 5580 clerici
3460 5525 3730 5590 existunt,
3759 5521 3882 5594 qni

2305 5619 2700 5662 nrnchvmrinm
2731 5626 3094 5662 mmmmalnr.
3129 5620 3346 5662 mman
3373 5619 3538 5662 mic-t

3727 5629 3857 5644 -——4‘-
