4006 5434
68 497 206 555 1249

60 698 139 753 ria
163 696 468 768 elegerunt,
491 711 520 748 a
538 692 882 748 monasteriis
895 693 1078 764 egredi
1095 707 1199 747 non
1222 690 1638 762 permittuntur:

59 786 234 853 italii,
264 786 357 857 qui
401 785 553 840 inviti
581 783 877 853 sinejustae
919 781 1236 838 offensionis
1267 781 1494 836 crimine
1528 795 1644 835 rue-

58 878 315 934 nasteriis
345 889 474 932 sunt
507 876 828 940 intromissi,
854 875 958 930 nisi
987 875 1226 930 volentes
1267 890 1376 930 non
1416 883 1640 929 tenean—

58 977 186 1033 tur;
216 969 343 1039 quia
373 967 517 1039 quod
549 983 656 1023 non
689 975 898 1037 petunt,
931 982 1038 1022 non
1069 968 1384 1024 observant.

128 1061 650 1132 Trigesimoquarto,
699 1069 761 1114 ut
803 1059 1046 1128 magistri
1075 1067 1132 1114 et
1167 1059 1420 1115 doctores
1452 1057 1506 1111 in
1533 1056 1646 1111 sin-

54 1151 196 1222 gulis
233 1151 390 1218 locis,
442 1151 496 1206 in
537 1152 736 1222 quibus
781 1151 1081 1206 necessitas
1131 1151 1391 1214 occurrit,
1440 1148 1644 1204 consti-

58 1253 300 1308 tuantur,
351 1243 441 1313 qui
478 1242 728 1298 liberales
769 1251 916 1298 artes
962 1241 1180 1297 assidue
1206 1241 1434 1296 doceant
1466 1257 1478 1293 :
1512 1248 1568 1294 et
1595 1238 1643 1294 si

56 1334 194 1390 tales
245 1350 358 1390 non
408 1334 785 1400 inveniuntur,
844 1343 1024 1388 tamen
1099 1332 1296 1386 divina:
1347 1331 1643 1400 Scriptum

53 1425 306 1497 magistri
357 1432 413 1480 et
458 1424 792 1481 institutores
835 1422 1192 1480 ecclesiastici
1225 1420 1384 1477 ollicii
1414 1420 1644 1476 nullate-

49 1530 155 1570 nus
181 1515 388 1572 desint.

120 1606 655 1679 Trigesimoquinto,
686 1617 746 1663 ut
794 1608 1105 1664 sacerdotes
1141 1605 1471 1661 admoneant
1496 1603 1643 1660 viros

48 1715 110 1755 ac
146 1698 429 1765 mulieres,
470 1699 561 1770 qui
589 1698 745 1757 festis
783 1700 972 1756 diebus
1000 1699 1068 1754 ad
1100 1697 1390 1754 ecclesiam
1415 1711 1644 1751 concur-

48 1797 196 1854 runt,
241 1804 310 1844 ne
341 1788 616 1856 ballando,
644 1800 699 1845 et
744 1790 920 1860 turpia
943 1788 1107 1844 verba
1146 1787 1482 1844 decantande
1506 1787 1638 1842 cbo-

44 1896 136 1935 ros
168 1888 393 1936 teneant
416 1896 481 1937 ac
503 1881 720 1946 ducant,
735 1881 1144 1937 similitudinem
1169 1894 1496 1952 paganorum
1515 1893 1638 1948 per-

846 488 1118 549 PSEUDO
1155 482 1576 547 LUI'I‘PRANDI
1611 484 1737 541 LIB.
1779 484 1867 542 DE
1906 483 2082 543 VlTlS
2119 483 2286 541 ROM.
2325 481 2526 542 PONT.

136 602 603 675 Trigesimotertio
629 608 839 667 statuit,
868 609 944 665 ut,
970 601 1112 657 sicut
1132 601 1208 666 hi,
1249 599 1340 670 qui
1371 605 1642 653 monaste-
1669 601 1716 660 Α
1745 596 2120 668 presbyterum
2154 597 2207 651 in
2237 596 2414 652 aliena
2452 595 2672 651 dicecesi
2712 603 3036 661 morantem,
3064 607 3119 652 et
3150 613 3324 668 sazpe-
3424 626 3426 628 τ

3187 481 3323 540 i250

1747 703 1974 744 numero
2016 697 2285 755 vocatum,
2332 689 2657 758 demumque
2696 690 3243 756 excommunicatum,
3269 698 3327 746 et

1747 786 1926 834 tamen
1955 779 2024 835 ad
2052 778 2324 848 propriam
2363 778 2672 848 parochiam
2698 778 2874 834 redire
2899 778 3194 846 nolentem,
3226 780 3324 836 de-

1744 873 1942 941 posuit,
1974 880 2030 928 et
2072 872 2286 942 penitus
2307 870 2627 926 sacerdotali
2661 871 2867 926 honore
2900 871 3151 941 privavit.
3190 872 3323 928 ltem

1744 967 1796 1020 in
1833 965 2022 1021 eadem
2069 965 2280 1037 synodo
2327 964 2556 1030 monuit,
2588 973 2644 1019 et
2670 963 2969 1034 apostolica
2998 965 3324 1020 auctoritate

1742 1057 2016 1127 prtecepit,
2054 1066 2115 1111 ut
2171 1056 2542 1126 unusquisque
2588 1055 2876 1126 episcopus
2920 1073 3018 1127 per
3062 1057 3323 1113 diaereses

1743 1154 1800 1202 et
1822 1147 2108 1218 parochias
2127 1162 2273 1210 suas,
2298 1162 2395 1216 per
2421 1162 2479 1201 se
2503 1156 2558 1203 et
2581 1149 3015 1218 per'sacerdotes
3042 1163 3168 1203 suos
3192 1151 3322 1204 sub-

1737 1234 1942 1305 jectum
1985 1236 2087 1292 sibi
2123 1237 2378 1308 populum
2413 1246 2648 1302 moneat,
2680 1247 2743 1293 ut
2792 1238 3059 1308 primitias
3089 1249 3143 1293 et
3181 1240 3324 1295 rleei'

1745 1343 1862 1382 mas
1905 1328 2281 1384 incunctanter
2317 1328 2663 1400 persolvant:
2696 1329 2796 1384 has
2845 1337 3021 1382 autem
3064 1329 3192 1382 dare
3225 1346 3324 1383 no—

1744 1418 1941 1484 lentes,
1989 1435 2268 1492 quousque
2305 1420 2607 1491 suppleant,
2639 1436 2669 1475 a
2695 1421 2818 1477 cibo
2855 1429 2911 1475 et
2945 1429 3076 1492 potu
3098 1438 3326 1492 suspen-

1745 1509 1896 1563 dant.
1929 1507 2083 1576 Quod
2114 1510 2157 1564 si
2190 1525 2290 1566 nec
2310 1526 2410 1581 pro
2435 1510 2537 1565 hac
2574 1510 2926 1579 suspensione
2955 1510 3204 1580 supplere
3235 1527 3327 1566 cu-

1743 1601 2006 1664 raverint,
2064 1612 2253 1656 sancta
2307 1601 2684 1656 communione
2726 1603 3025 1671 priventur.
3078 1605 3231 1670 item,
3275 1606 3327 1660 in

1743 1691 1932 1746 eadem
1966 1691 2413 1762 irrefragabiliter
2440 1691 2767 1747 afﬁrmando
2818 1693 3068 1757 instituit,
3121 1703 3179 1750 ut
3206 1696 3326 1750 nul-

1743 1778 1829 1836 lus
1853 1781 2229 1852 episcoporum
2275 1782 2360 1838 vel
2386 1783 2730 1849 sacerdotum
2760 1799 2872 1840 rem
2901 1800 2984 1840 sui
3006 1785 3143 1841 tituli
3167 1803 3326 1842 usur-

1743 1885 1876 1940 pare
1919 1881 2014 1927 aut
2045 1872 2286 1930 alienare
2329 1875 2779 1945 praesumatzqui
2812 1883 2992 1931 autem
3039 1876 3142 1932 hoc
3188 1876 3330 1932 fece-

45 1973 259 2045 agendo
300 1993 314 2029 :
351 1975 476 2045 quia
531 1973 683 2038 tales,
715 1975 761 2029 si
799 1989 922 2029 eum
960 1972 1259 2046 minoribus
1308 1972 1545 2041 peccatis
1570 1968 1637 2023 ad
1673 1961 1714 2020 Β
1744 1962 1834 2026 rit,
1871 1963 2188 2019 canonicam
2219 1964 2334 2020 sine
2359 1965 2523 2021 dubio
2544 1965 3031 2024 subeatultionem.
3055 1969 3155 2026 Hie
3182 1972 3328 2027 ordi-

41 2063 336 2119 ecclesiam
366 2065 622 2130 veniunt,
650 2080 772 2120 cum
815 2064 1112 2134 majoribus
1163 2071 1528 2118 revertuntur.
1577 2060 1636 2115 Si

38 2168 172 2210 vero
224 2169 337 2210 non
385 2163 604 2210 cessant
648 2154 932 2220 admoniti,
971 2168 1003 2207 a
1039 2152 1419 2208 communione
1464 2148 1639 2206 modis

39 2245 300 2302 omnibus
325 2245 737 2317 suspendantur.

111 2335 604 2408 Trigesimosexto,
627 2346 686 2391 ut
713 2336 842 2391 nulli
867 2335 1049 2402 liceat,
1079 2345 1304 2407 excepta
1335 2351 1494 2392 causa
1522 2335 1636 2392 foro

39 2428 356 2492 nicationis,
403 2445 627 2485 uxorem
666 2429 996 2500 relinquere,
1038 2437 1094 2485 et
1141 2429 1300 2483 aliam
1343 2429 1444 2484 sibi
1474 2445 1638 2500 copu-

39 2519 195 2574 lare:
229 2519 477 2590 alioquin
507 2519 760 2574 convenit
788 2527 1244 2589 transgressorem
1278 2518 1471 2574 sociari
1493 2522 1639 2588 prio-

37 2611 84 2665 ri
139 2609 423 2682 conjugio.
475 2609 530 2664 Si
565 2619 741 2664 autem
787 2610 871 2663 vir
909 2617 964 2664 et
993 2623 1129 2664 uxor
1175 2607 1511 2663 solummodo
1539 2623 1636 2678 pro

35 2703 298 2774 religiosa
321 2703 432 2756 vita
461 2702 720 2757 divortire
748 2701 892 2757 inter
922 2717 982 2757 se
1021 2702 1431 2765 consenserint,
1464 2699 1636 2756 nulla.-

37 2803 199 2849 tenus
253 2793 374 2848 sine
405 2793 735 2849 conscientia
773 2793 1012 2863 episcopi
1063 2792 1177 2859 ﬁat,
1227 2802 1286 2848 ut
1313 2795 1382 2848 ab
1425 2807 1490 2850 eo
1525 2793 1638 2848 sin-

31 2886 311 2958 gulariter
363 2885 582 2955 proviso
629 2885 1033 2940 constituantur
1070 2883 1191 2940 loco
1235 2900 1408 2942 :nam
1467 2899 1635 2940 uxore

32 2978 285 3041 nolente,
318 2985 415 3031 aut
462 2975 634 3032 altero
661 2991 874 3042 eorum,
904 2977 1066 3032 etiam
1099 2991 1200 3048 pro
1230 2976 1322 3032 tali
1354 2991 1412 3032 re
1447 2976 1635 3032 matri-

29 3069 287 3125 monium
319 3086 427 3124 non
459 3067 721 3124 solvatur.

104 3159 684 3232 Trigesimoseptimo,
705 3170 767 3216 ut
792 3159 920 3216 nulli
947 3160 1111 3217 liceat
1133 3177 1242 3217 uno
1267 3169 1508 3232 tempore
1536 3161 1635 3216 ha-

27 3252 170 3307 bere
217 3265 450 3306 uxorem
490 3258 546 3304 et
595 3250 983 3319 concubinam;
1033 3251 1159 3322 quia
1192 3265 1314 3306 cum
1345 3251 1488 3306 domi
1525 3265 1630 3306 non

24 3342 103 3397 sit
160 3341 406 3407 lucrum,
449 3341 644 3397 animae
691 3341 753 3396 tit
798 3315 1184 3398 detrimentum
1224 3358 1237 3394 :
1273 3341 1510 3412 alioquin
1545 3356 1636 3397 ec-
1660 3315 1704 3377 Ο

25 3432 356 3488 clesiastica
406 3425 787 3487 communione
833 3431 1082 3487 videatur
1131 3431 1382 3503 indignus
1430 3448 1442 3483 :
1503 3439 1558 3487 et
1590 3429 1636 3488 si

1739 2055 1887 2110 navit
1913 2057 2201 2128 episcopos
2243 2059 2597 2131 quadraginta
2649 2069 2776 2124 tres,
2816 2063 3162 2135 presbyteros
3200 2080 3330 2121 vero

1741 2147 2094 2220 undeviginti,
2125 2148 2384 2205 diaconos
2428 2160 2658 2221 septem.
2692 2141 3035 2209 Obdormivit
3064 2163 3247 2212 autem
3273 2155 3328 2212 in

1740 2236 1966 2294 Domino
1990 2254 2080 2294 xvi
2107 2238 2334 2295 Kalend.
2362 2240 2616 2312 Augusti.

2125 2334 2258 2392 CVI.
2283 2365 2354 2376 --
2381 2335 2812 2395 BENEDICTUS
2860 2337 2942 2394 Ill.

2225 2429 2399 2500 (Anno
2447 2429 2642 2484 Christi
2689 2431 2837 2502 855.)

1804 2517 2166 2588 Benedictus,
2213 2523 2432 2578 natione
2479 2523 2787 2591 Romanus,
2837 2541 2904 2582 ex
2946 2535 3097 2597 patre
3145 2528 3325 2597 Petro,

1735 2612 1874 2669 sedit
1896 2628 2067 2669 annos
2093 2613 2248 2678 duos,
2281 2628 2495 2670 menses
2517 2629 2633 2680 sex,
2665 2615 2780 2671 dies
2808 2619 3014 2672 decem.
3069 2617 3192 2674 Fuit
3229 2636 3327 2674 au-

1737 2713 1845 2759 tem
1876 2707 2208 2776 temporibus
2227 2704 2499 2760 Loduwici
2527 2704 2620 2760 ﬁlii
2643 2705 2908 2772 Lotharii,
2932 2707 3028 2762 ﬁlii
3051 2707 3328 2766 Loduvvici
3379 2714 3383 2718 '

1736 2795 2102 2865 imperatoris.
2150 2797 2439 2868 Postquam
2489 2799 2668 2855 clerus
2711 2809 2768 2855 et
2806 2801 3035 2871 pepulus
3085 2804 3228 2859 hunc
3275 2812 3329 2859 et

1735 2888 2056 2944 renitentem
2077 2890 2378 2959 elegerunt,
2397 2900 2452 2947 et
2464 2890 2619 2960 juxta
2639 2909 2844 2949 morem
2867 2895 2919 2948 in
2941 2896 3328 2965 patriarchium

1735 2979 2093 3045 deduxerunt,
2123 2981 2398 3036 decretum
2424 2995 2834 3053 componentes,
2858 2992 2912 3040 et
2936 2985 3187 3041 manibus
3209 2977 3352 3057 pro?

1734 3070 1868 3141 priis
1920 3072 2277 3138 roborantes,
2335 3082 2398 3128 ut
2440 3073 2618 3144 prisca
2671 3077 3002 3132 consuetudo
3051 3079 3328 3148 poscebat,

1735 3161 2106 3217 invictissimis
2140 3161 2399 3218 Lothario
2433 3178 2498 3218 ac
2537 3162 2828 3221 Loduwico
2863 3166 3120 3238 Augustis
3164 3168 3331 3225 desti-

1737 3259 2021 3306 naverunt.
2071 3251 2177 3307 Sed
2215 3253 2401 3325 legati,
2442 3254 2542 3324 qui‘
2565 3254 2843 3310 decretum
2895 3257 3228 3325 deferebant,
3277 3261 3330 3315 in

1737 3342 1950 3406 itinere,
1979 3345 2216 3414 corrupti
2247 3346 2300 3400 in
2327 3345 2673 3402 Anastasium
2701 3350 3074 3420 presbyterum
3098 3369 3127 3406 a
3154 3353 3332 3409 Leone

1738 3434 2065 3504 depositum,
2112 3435 2390 3491 voluntate
2433 3437 2579 3491 illum
2627 3440 2977 3509 praeﬁciendi,
3024 3443 3330 3498 declinave-

19 3525 503 3596 perseveraverit,
536 3526 606 3582 ab
636 3524 868 3580 ecclesia
896 3525 1113 3595 penitus
1138 3534 1464 3596 amputetur.

100 3616 644 3690 Trigesimooetavo,
697 3626 756 3671 ut
802 3618 867 3673 de
896 3617 1114 3688 propria
1152 3617 1494 3689 cognatione,
1551 3616 1640 3673 vel

19 3725 207 3782 quam
247 3718 508 3780 cognatus
552 3708 760 3773 habuit,
789 3707 968 3764 nullus
1004 3709 1201 3763 audeat
1236 3708 1290 3761 in
1329 3707 1639 3778 conjugium

19 3799 310 3872 copulare
358 3817 373 3854 :
437 3798 484 3854 si
533 3799 655 3870 quis
711 3813 843 3855 vero
879 3796 1071 3854 fecerit
1105 3806 1156 3853 et
1184 3796 1637 3868 perseveraverit,

18 3895 180 3950 sciat
209 3907 277 3949 se
300 3892 533 3949 vinculis
559 3893 920 3948 anathematis
950 3892 1288 3947 innodatum.

97 3985 594 4056 Trigesimonono,
650 3994 710 4040 ut
754 3984 935 4040 nullus
962 3983 1205 4040 absolute
1235 3985 1520 4056 presbyter
1550 4000 1642 4040 or-

17 4081 292 4143 dinetur,
323 4087 380 4134 et
424 4085 488 4133 ut
525 4078 679 4149 juxta
709 4077 1017 4133 facultatem
1059 4093 1242 4133 rerum
1286 4079 1555 4145 ecclesiae,
1586 4086 1642 4135 et

17 4171 380 4236 oblationes,
416 4169 502 4226 vel
548 4170 778 4225 reditum
808 4170 989 4226 clerici
1018 4170 1354 4226 ordinentur.

95 4260 573 4332 Quadragesimo,
605 4268 665 4314 ut
690 4259 992 4333 presbyteri
1015 4260 1206 4316 urbani
1237 4270 1291 4316 et
1323 4262 1640 4328 suburbani,

17 4368 74 4412 et
105 4353 349 4410 rurales
375 4367 585 4414 omnes.
629 4351 997 4408 indiﬂerenter
1017 4352 1084 4407 ad
1123 4351 1408 4408 concilium
1428 4354 1641 4423 episco-

17 4445 72 4517 pi
108 4442 381 4508 veniant,
425 4449 518 4496 aut
546 4455 815 4497 canonum
837 4441 1271 4513 correptionibus
1300 4440 1638 4510 subjaceant.

92 4533 752 4605 Quadragesimoprimo,
807 4542 868 4588 ut
913 4533 1107 4598 laicus,
1140 4533 1233 4602 qui
1268 4535 1643 4605 presbyterum

17 4629 153 4685 sine
177 4639 464 4682 consensu
491 4625 728 4695 episcopi
752 4624 955 4696 proprii
977 4639 1072 4680 sua
1104 4631 1370 4695 potestate
1399 4623 1642 4680 ecclesiae
1673 4677 1719 4707 ἢ
1745 4644 1827 4693 εει
1849 4637 1901 4691 in
1928 4635 2234 4707 pontiﬁcem
2257 4644 2632 4690 consecratus,

17 4727 366 4793 cuicunque
392 4722 708 4790 instituerit,
745 4737 777 4777 a
809 4721 1048 4778 ﬁdelium
1079 4721 1456 4777 communione
1485 4734 1646 4791 sepa-
1671 4721 1717 4737 ν
1819 4729 1920 4783 Hic
1960 4727 2189 4782 Ramldo
2236 4728 2492 4799 episeOpo
2540 4725 2607 4782 de
2652 4725 2923 4796 parricida
2971 4727 3044 4783 ita
3082 4727 3340 4797 scripsit:

17 4827 225 4874 retur.
259 4813 593 4888 Presbyteri,
623 4813 670 4870 Si
704 4815 866 4870 ῑθτιίο
903 4814 972 4869 ab
1010 4814 1286 4885 episcopo,
1341 4812 1425 4867 νεὶ
1467 4812 1643 4884 legato
1757 4819 2031 4888 Volumus,
2055 4829 2109 4874 ut
2133 4837 2226 4889 per
2246 4818 2524 4874 duodecim
2544 4833 2707 4872 annos
2737 4817 2832 4870 sub
2857 4834 3010 4874 onere
3032 4819 3345 4890 pauitantia:

17 4912 182 4981 ejus,
230 4907 299 4962 de
326 4905 548 4961 allel'ius
575 4905 804 4962 CCdBSia
829 4906 1083 4962 recedere
1108 4904 1392 4972 admonili.
1425 4906 1643 4962 Obedit‘e
1749 4915 2119 4975 constituatur,
2145 4911 2221 4966 ita
2247 4920 2303 4965 ut
2327 4911 2570 4967 omnibus
2609 4907 2786 4962 diebus
2818 4908 3081 4978 jejunium
3133 4908 3347 4964 celebret

17 4997 355 5063 noluerint,
380 4999 586 5069 proprii
612 4995 777 5053 cilicii
802 4997 1027 5068 gradum
1059 4998 1332 5052 amittant.
1751 5023 1914 5077 usque
1940 5007 2008 5061 ad
2031 5019 2320 5072 vesperum,
2362 5011 2409 5053 et
2456 5005 2646 5074 absque
2674 5013 2828 5052 carne
2866 5002 3083 5074 uinoque
3122 5016 3184 5052 ac
3214 5002 3352 5070 pisce

96 5088 340 5150 Ultimo
371 5104 501 5145 vero
531 5087 769 5162 capitulo
823 5088 1233 5144 immutabiliter
1257 5090 1535 5161 praecepit,
1577 5106 1646 5147 ne
1752 5099 1924 5152 cibum
1953 5104 2148 5160 sumat,
2185 5094 2410 5166 exceptis
2449 5098 2635 5155 diebus
2671 5091 2813 5160 {estis
2851 5109 2915 5148 ac
2961 5093 3268 5159 Dominicis,
3309 5104 3355 5148 et

18 5186 187 5241 nllus
216 5181 414 5243 abbas,
441 5190 534 5237 aut
571 5179 802 5254 quilibet
827 5180 965 5235 alius
983 5189 1274 5250 praesumat
1304 5183 1651 5254 presbyteros
1753 5207 1784 5242 α
1827 5185 2043 5245 Pascha
2087 5204 2254 5259 usque
2292 5183 2652 5251 Pentecosten
2683 5197 2699 5236 .'
2735 5197 2826 5251 per
2873 5185 3209 5260 quinquennii
3247 5202 3362 5239 vero

18 5281 70 5333 in
108 5270 395 5331 ecclesiis
427 5280 687 5337 statuere,
737 5269 841 5325 nisi
885 5271 979 5340 qui
1009 5279 1064 5327 et
1103 5271 1403 5329 sacerdotis
1452 5275 1652 5344 gradus
1751 5288 1954 5346 tempus
1975 5282 2032 5335 in
2049 5277 2327 5333 ecclesiam
2350 5274 2576 5342 intrare
2603 5288 2702 5331 non
2723 5286 3026 5344 pra-sumat,
3051 5289 3209 5345 neque
3233 5290 3368 5328 com-

125 5375 144 5388 ι·
173 5379 199 5392 -ι
243 5361 373 5394 Jan-0
395 5371 634 5408 mea-snt,
667 5367 722 5402 pl
752 5359 1010 5398 nonnninn
1033 5362 1099 5398 (In
1141 5359 1400 5400 nonlnnlic
1429 5367 1639 5414 nrashv.

1753 5373 1980 5414 οηηηὸροι
2017 5391 2030 5404 ο
2072 5382 2196 5410 πηιο
2233 5372 2371 5412 fni-nc
2406 5372 2660 5430 aprlp...”
2690 5373 2884 5402 Ιηηηηη
2918 5378 3190 5408 “avenac-On,
3250 5367 3370 5408 duo“

1739 3541 1884 3598 runt,
1915 3541 1970 3588 et
1993 3534 2096 3588 hoc
2125 3533 2264 3604 apud
2291 3533 2563 3604 principes
2592 3536 2878 3604 praedictos
2905 3540 3139 3594 versutia
3177 3540 3331 3596 calli-

1737 3623 1924 3680 ditatis
1955 3623 2269 3690 eﬁ‘ecerunt,
2301 3633 2570 3695 quatenus
2602 3641 2790 3681 eorum
2818 3627 3076 3684 voluntati
3100 3615 3330 3688 censen?

1741 3715 1937 3771 tientes
1963 3715 2189 3769 Romam
2217 3714 2444 3785 legatos,
2480 3715 2573 3785 qui
2602 3715 2951 3774 Anastasium
2992 3719 3332 3778 inthroniza-

1740 3814 1880 3872 rent,
1911 3806 2227 3876 dirigerent.
2269 3805 2371 3873 Qui
2403 3821 2527 3862 cum
2556 3806 2682 3862 illuc
2703 3819 2988 3876 venerunt,
3015 3814 3355 3882 praedictum.

1739 3897 2042 3969 depositum
2081 3898 2344 3954 violenter
2379 3899 2435 3954 in
2463 3900 2854 3970 patriarchium
2895 3903 3332 3976 introduxerunt,

1740 3998 1796 4044 et
1825 3989 2170 4045 Benedictum
2201 3989 2458 4061 ejectum,
2491 3998 2547 4046 et
2574 3992 2871 4062 pontiﬁcali
2909 4006 3059 4052 veste
3101 3999 3337 4054 denuda-

1743 4087 1878 4146 tum,
1901 4080 1954 4135 in
1982 4089 2130 4136 arcta
2155 4081 2399 4136 custodia
2427 4083 2632 4144 servari
2650 4083 2953 4154 jusserunt.
2991 4088 3096 4142 Sed
3119 4090 3333 4144 demum

1741 4189 1809 4230 ex
1836 4174 2109 4229 communi
2138 4185 2265 4231 voto
2292 4183 2348 4230 et
2377 4176 2663 4240 sententia,
2709 4178 2960 4233 triduano
2979 4178 3185 4247 jejunio
3211 4197 3332 4236 cum

1741 4268 1988 4324 oratione
2017 4275 2072 4322 et
2100 4267 2294 4338 vigiliis
2329 4267 2604 4322 celebrato
2639 4267 2708 4322 ab
2752 4269 3020 4336 omnibus,
3068 4279 3122 4327 et
3169 4273 3336 4327 etiam

1741 4361 1810 4417 ab
1836 4361 1922 4416 bis
1945 4359 2037 4430 qui
2065 4359 2217 4428 prius
2233 4358 2704 4414 excommunicato
2728 4361 3042 4430 presbytero
3070 4361 3332 4428 faverant,

1742 4451 2067 4506 unanimiter
2093 4457 2228 4504 nutu
2255 4447 2438 4503 divino
2461 4448 2516 4503 in
2545 4448 2892 4504 Benedictum
2925 4462 3332 4518 convenerunt;

1742 4552 1799 4600 et
1823 4544 1878 4599 in
1905 4542 2194 4614 praesentia
2234 4550 2288 4598 et
2325 4555 2592 4597 consensu
2625 4534 2984 4612 imperialium
3011 4542 3337 4615 legatorum,

17 5369 114 5397 I1»:
