4006 5544
175 397 306 458 12ᾆό

949 395 1216 458 PSEUDO
1244 397 1662 458 LUITPRANDI
1702 398 1832 468 tau.
1875 399 1962 470 ne
2005 401 2180 474 VITIS
2223 402 2387 474 non.
2427 403 2630 461 eonr.

3291 409 3434 472 1954

163 527 256 572 non
286 507 476 572 valent,
508 507 746 578 legitime
776 507 1062 578 accipiant.
1111 508 1167 562 Si
1217 508 1338 577 quis
1367 524 1488 564 cum
1528 509 1737 577 duabus
1766 516 1814 578 Α
1841 510 1971 564 Item
2001 512 2153 589 dicit,
2189 515 2532 582 monachum,
2579 513 2669 588 qui
2697 515 2862 572 semel
2906 514 2964 572 δέ
3009 517 3120 574 Deo
3161 521 3328 588 vovit,
3377 533 3433 580 et

159 598 442 662 sororibus,
471 607 564 652 aut
598 615 717 652 cum
749 597 850 663 his,
886 614 1019 668 quas
1046 616 1198 652 sacra
1229 597 1508 668 Scriptura
1550 600 1732 668 prohi-

157 695 258 755 Irct,
291 690 448 743 fuerit
479 689 796 753 fornicatus,
828 690 874 748 si
905 690 1116 761 dignata
1146 693 1318 764 egerit,
1342 693 1732 760 paenitentiam,

156 784 303 836 liceat
340 781 387 835 ei
422 797 646 835 uxorem
696 781 959 850 accipere.
1006 782 1269 836 Similiter
1313 795 1365 837 ct
1399 783 1610 837 mulieri
1643 782 1732 836 tali

151 873 344 927 sociere
379 872 538 941 lapsa:
577 871 752 924 facere
782 871 926 926 licet.
957 871 1110 937 Item,
1143 873 1528 942 quan-entilms,
1553 882 1732 925 utrum

152 965 334 1018 marito
385 979 609 1018 uxorem
657 963 958 1018 adulteram
986 963 1140 1033 juxta
1191 973 1514 1020 nuuidauam
1563 964 1729 1034 legem

149 1059 449 1114 interficere
514 1055 700 1122 liccat,
756 1057 1068 1125 respondit,
1113 1057 1298 1111 dieens
1341 1080 1353 1110 :
1394 1057 1586 1110 Sancta
1637 1056 1733 1110 Dei

148 1149 376 1202 lirclesiu
401 1147 682 1201 mundanis
702 1164 963 1218 nunquam
983 1149 1358 1222 constringitur
1376 1145 1592 1217 legibus,
1616 1165 1731 1218 qua:

144 1240 370 1308 gladium
405 1256 504 1292 non
537 1239 688 1291 liabet
715 1239 814 1291 nisi
846 1239 1190 1308 spirituulem,
1239 1237 1332 1310 qui
1373 1257 1474 1293 non
1516 1241 1729 1307 occidit,

143 1331 227 1384 sed
257 1330 496 1398 vivi/teat.
535 1327 807 1382 Mundarit
834 1329 1014 1394 etiam,
1047 1340 1099 1382 ut
1131 1329 1418 1383 homicidas
1439 1340 1550 1400 post
1578 1331 1729 1384 unius

143 1423 261 1475 enni
301 1422 527 1490 spatium
569 1420 722 1474 liceat
764 1418 1038 1482 ecclesiam
1071 1422 1304 1474 introire.
1356 1419 1511 1486 Item,
1556 1434 1611 1474 ut
1637 1423 1729 1496 ivi-

141 1512 241 1566 dua
269 1508 466 1576 velata,
493 1507 624 1568 etin
653 1509 844 1564 eodem
887 1508 1075 1574 habitu
1126 1526 1444 1579 permanere
1485 1511 1728 1584 professa

139 1618 241 1655 non
263 1608 587 1671 praesumat.

208 1697 261 1750 In
310 1696 414 1750 alia
463 1694 715 1766 cpistola,
771 1710 933 1774 quam
985 1693 1264 1750 Luitherto
1317 1696 1726 1772 archiepiscopo

139 1789 274 1843 idem
297 1788 538 1858 pontifex
566 1789 786 1854 direxit,
811 1790 1087 1860 praecepit,
1120 1789 1291 1858 illum,
1317 1793 1407 1860 qui
1431 1807 1724 1861 paganum,

1845 603 2084 673 regulam
2114 613 2419 660 sancttn'um
2446 607 2664 661 Patrum
2693 610 2954 681 suscepit,
2980 628 3082 666 non
3108 612 3222 684 jam
3248 631 3277 668 a
3303 630 3432 687 pro-

1838 695 2015 762 posito
2047 711 2202 766 posse
2231 698 2446 752 reverti.

1907 783 2204 841 Prmdictus
2231 788 2467 860 pontifex
2493 787 2742 843 Photium
2770 789 3426 864 Constantinopolitanum

1837 875 2104 944 deposuit,
2137 879 2260 945 quia
2288 895 2351 932 ex
2380 879 2518 934 laico
2548 893 2896 938 consecratus
2946 885 3012 938 ab
3055 889 3428 943 excommuni-

1836 979 1959 1022 eato
1980 971 2252 1040 episcopo,
2278 983 2330 1026 et
2359 975 2534 1028 adhuc
2565 975 2764 1045 Ignatio
2787 977 3090 1046 patriarcha
3115 983 3423 1049 superstite,

1835 1059 2014 1117 subito
2040 1065 2322 1134 episcopus
2352 1077 2433 1120 est
2475 1079 2853 1136 consecratus;
2901 1082 2955 1125 et
2996 1073 3120 1140 quia
3153 1084 3277 1140 ante
3329 1092 3424 1128 au-

1834 1152 2092 1209 dientiam
2158 1159 2644 1216 cxcommtmieatis
2711 1163 3112 1217 communicare
3165 1143 3424 1235 praesum-

1833 1257 2035 1316 pserat.

1904 1339 2046 1395 Ideni
2079 1341 2318 1412 pontifex
2353 1341 2684 1400 Rothardum
2713 1348 3021 1419 episcopum
3067 1349 3428 1404 Suessionen-

1833 1449 1968 1499 sem,
1996 1434 2063 1488 ab
2113 1436 2405 1492 Iliucmaro
2449 1441 2736 1494 Ithemensi
2778 1443 3185 1514 archiepiscopo
3215 1445 3424 1515 deposi-

1834 1534 1965 1589 tum,
2000 1528 2112 1581 sedi
2149 1545 2258 1583 sua:
2287 1532 2556 1598 restituit;
2589 1533 2710 1602 quia
2737 1533 2993 1588 Romana:
3019 1537 3162 1592 sedis
3188 1537 3424 1606 appella-

1833 1619 1906 1673 tio
1931 1621 2070 1692 apud
2100 1623 2409 1691 praedictum
2430 1615 2896 1694 archiepiscommi
2922 1613 3423 1698 tempusdilationis

1829 1711 2117 1782 impetrare
2163 1729 2266 1768 non
2300 1715 2482 1769 valuit.
2527 1715 2624 1772 IIic
2666 1719 2934 1772 ordinavit
2961 1720 3239 1790 episc0pos
3267 1736 3422 1782 sexa-

1829 1803 1978 1874 ginta
2015 1805 2276 1876 quinque,
2324 1807 2669 1878 presbyteros
2715 1820 2942 1880 septem,
2971 1811 3244 1867 'diaconos
3288 1829 3421 1898 qua-

137 1896 237 1934 non
269 1881 320 1934 in
351 1881 514 1950 bello,
542 1880 634 1934 sed
671 1881 778 1944 odii
813 1881 1184 1947 meditatione,
1229 1881 1313 1936 vel
1358 1892 1576 1952 propter
1601 1900 1725 1948 ava-
1760 1899 1802 1966 Β
1835 1904 1973 1952 tum;
2048 1897 2226 1954 Idibus
2284 1909 2466 1954 autem
2539 1899 2793 1956 Novemb.
2863 1903 3117 1974 migravi;
3182 1905 3249 1958 ad
3305 1880 3419 1960 ’ΠΨ

136 1975 312 2028 ritiam
363 1973 648 2040 occiderit,
705 1983 765 2038 ut
817 1974 1143 2038 homicidam
1190 1975 1388 2032 debere
1441 1979 1722 2047 poenitere.

134 2067 261 2122 Item
293 2066 450 2136 juxta
483 2083 689 2126 morem
736 2069 993 2134 Romana:
1031 2069 1286 2136 Ecclesiae
1327 2086 1357 2126 a
1386 2070 1728 2142 Quinquage-

132 2159 266 2213 sima
304 2175 474 2230 usque
505 2160 555 2214 in
584 2156 789 2216 Pascha
813 2151 977 2216 etiam
1005 2158 1158 2214 Iaicis
1191 2149 1236 2212 ai
1259 2148 1425 2216 carne
1455 2161 1726 2214 abstinen-

135 2253 257 2306 dum
285 2267 408 2306 esse
434 2253 714 2323 praecepit.
741 2254 870 2320 Item
897 2254 962 2308 de
985 2267 1068 2318 eo,
1095 2253 1148 2312 in
1181 2253 1334 2322 cujus
1368 2255 1557 2312 lancea
1588 2254 1725 2312 alter

132 2360 187 2402 se
225 2331 530 2412 interemit,
572 2346 642 2404 ita
681 2346 937 2418 pt‘wcepit
982 2363 996 2402 :
1043 2347 1102 2409 δί
1150 2347 1262 2416 ejus
1301 2346 1595 2424 "voluntule,
1636 2351 1724 2418 qui

133 2436 366 2492 (eliceant
395 2437 580 2502 tenuit,
611 2447 809 2508 gestum
855 2447 954 2502 est,
995 2437 1266 2494 homicidii
1308 2453 1420 2492 reus
1467 2438 1720 2514 Imitetur;

129 2528 174 2580 .ςὶ
210 2538 383 2582 autem
412 2545 470 2582 eo
495 2529 766 2599 ignorante
789 2538 1057 2606 patratum
1086 2539 1180 2593 est,
1222 2529 1466 2583 innoxius
1507 2547 1618 2583 esse
1653 2533 1722 2584 vi-

130 2621 303 2676 detur.
334 2621 464 2684 Itcm
501 2622 680 2688 illum,
726 2622 816 2694 qui
844 2637 1007 2678 causa
1054 2619 1348 2694 probanda:
1389 2622 1601 2677 chorda:
1637 2638 1720 2677 sa-

129 2717 318 2788 gittam
367 2717 622 2778 emittcns
672 2715 841 2774 ﬁlium
870 2715 1148 2788 proprium
1193 2714 1380 2770 nolens
1425 2714 1718 2780 interemit,

123 2805 280 2875 jussit
304 2807 587 2876 ptenitere,
617 2815 673 2861 ut
701 2806 767 2860 de
795 2807 1084 2870 homicidio
1115 2821 1222 2862 non
1257 2814 1446 2886 sponte
1471 2791 1716 2876 peracto.

132 2896 202 2951 De
229 2914 313 2964 eo,
341 2898 432 2969 qui
473 2899 745 2955 insaniens
765 2897 1000 2968 aliquem
1028 2897 1310 2974 occiderit,
1345 2895 1514 2952 dicit:
1557 2895 1616 2949 Si
1648 2897 1716 2951 ad

127 3009 312 3048 sanam
335 3003 556 3050 mentem
582 2994 890 3064 perveniret,
915 2991 1079 3048 levius
1099 2990 1345 3061 pmnitere
1367 2990 1531 3056 debet,
1557 3005 1715 3060 quant

127 3084 169 3138 si
195 3085 310 3155 quis
331 3101 477 3140 sana:
503 3085 686 3140 mentis
718 3085 816 3138 hoc
843 3084 1058 3154 faceret.

121 3194 128 3200 ’
196 3175 340 3229 Idem
385 3169 626 3246 pontifex
678 3173 1084 3238 Constantieusi
1132 3173 1384 3244 episcopo
1436 3172 1714 3230 Salomoni

1831 1988 2058 2044 minum.

2235 2085 2414 2142 CVIII.
2456 2120 2524 2128 —
2560 2081 2909 2144 ADRIANCS
2946 2090 3010 2144 11.

2324 2180 2497 2253 (Anno
2533 2181 2726 2238 Christi
2765 2183 2914 2252 867.)

1901 2267 2192 2336 Adrianus,
2223 2271 2440 2326 natione
2465 2270 2760 2338 Romanus,
2789 2288 2853 2327 ex
2877 2282 3030 2350 patre
3057 2273 3313 2346 Thalaro,
3339 2293 3420 2342 se-

1826 2363 1902 2418 dit
1942 2364 1993 2418 in
2023 2366 2332 2435 episcopatu
2374 2382 2543 2420 annos
2583 2378 2836 2436 quatuor,
2881 2383 3096 2426 menses
3145 2369 3416 2436 undecim,

1825 2457 1939 2511 dies
1981 2457 2188 2512 decem.
2228 2457 2327 2512 Hic
2362 2459 2430 2514 ab
2477 2460 2725 2514 on'mibus
2775 2457 3035 2522 Romanis
3088 2461 3419 2528 unanimiter

1822 2545 2027 2600 electus
2057 2555 2159 2610 est.
2189 2547 2426 2613 Quorum
2457 2550 2867 2604 nuanimitatcm
2892 2559 2947 2604 et
2972 2549 3295 2604 desiderium
3323 2567 3418 2604 au-

1821 2636 1977 2694 diens
2009 2639 2327 2695 Lodewicus
2358 2642 2682 2712 imperator,
2709 2657 3038 2712 cognoscens
3068 2643 3262 2706 etiarn,
3292 2660 3418 2714 qua-

1820 2728 1939 2784 liter
1991 2730 2043 2784 in
2092 2748 2154 2787 eo
2177 2731 2454 2787 decretum
2492 2735 2604 2788 suis
2633 2733 3120 2812 subscriptioniluis
3163 2734 3413 2788 roboras-

1819 2830 1958 2888 sent,
1985 2821 2140 2878 valde
2169 2825 2386 2894 gavisus
2407 2865 2421 2886 ,
2451 2841 2574 2879 mox
2605 2824 2934 2896 imperialem
2964 2825 3181 2895 scripsit
3207 2826 3413 2895 cpisto-

1819 2909 1951 2976 lam,
2003 2926 2102 2982 per
2141 2928 2300 2981 quam
2330 2913 2557 2969 electam
2599 2915 2715 2970 fieri
2745 2915 3027 2984 przesulem
3071 2914 3413 2988 collaudavit,

1820 3001 1994 3075 Hujus
2055 3007 2386 3076 temporibus
2435 3006 2749 3063 Lodcwieus
2797 3008 2944 3062 dedit
2988 3007 3241 3064 Ecclesia:
3287 3009 3415 3064 Cor-

1817 3093 2024 3151 beiensi
2054 3106 2109 3151 et
2138 3096 2507 3153 IIerifordensi
2549 3099 2808 3168 quasdattt
2842 3097 3132 3154 decimales
3159 3098 3416 3155 ecclesias

1818 3201 1942 3243 cum
1970 3190 2101 3260 ipsis
2125 3191 2350 3246 decimis
2379 3191 2431 3244 in
2459 3191 2717 3261 parochia
2746 3189 3074 3268 Osbrugensi
3108 3190 3412 3264 [Osnal.ru-

126 3269 237 3339 (30,
273 3283 326 3337 q.
359 3267 413 3333 1,
451 3281 505 3324 c.
545 3263 860 3338 Satomoni)
887 3265 1169 3340 epistolam
1211 3265 1465 3334 scripsit,
1517 3267 1569 3320 in
1611 3282 1716 3336 qua

1827 3268 2019 3353 gensi],
2057 3281 2425 3337 consentiente
2451 3283 2704 3352 episcopo
2736 3290 2790 3336 et
2829 3265 2973 3336 omni
2998 3263 3160 3337 clero.
3192 3285 3415 3342 Carolus

120 3361 394 3432 prohibet,
425 3375 493 3414 ne
531 3375 670 3422 unus
714 3359 878 3416 homo
911 3359 1141 3436 accipiat
1191 3359 1323 3414 duas
1385 3367 1714 3436 commatres

119 3453 428 3526 spirituales
448 3493 464 3520 ,
493 3467 652 3510 unam
693 3461 814 3522 post
842 3451 1000 3505 aliam
1037 3469 1048 3504 :
1077 3449 1202 3522 quia
1232 3466 1353 3505 cum
1387 3450 1468 3504 vir
1493 3458 1545 3504 et
1576 3466 1714 3505 uxor

116 3564 226 3603 una
251 3563 378 3604 caro
406 3561 502 3617 per
531 3545 858 3604 connubium
886 3542 1206 3606 efﬁciantur,
1248 3552 1416 3599 restat
1459 3543 1714 3604 nimirum

112 3648 454 3712 compatrem
479 3637 733 3694 constitui
775 3636 848 3692 illi
887 3637 1118 3701 mulieri,
1153 3634 1306 3704 cujus
1345 3636 1396 3697 in
1432 3636 1712 3690 matrimo-

112 3732 208 3786 nio
241 3737 517 3800 assuinpta
539 3744 676 3783 uxor
706 3736 1000 3783 commater
1026 3741 1146 3782 esse
1174 3727 1458 3781 videbatur
1487 3740 1501 3779 :
1548 3736 1602 3781 et
1629 3726 1711 3780 id-

109 3822 264 3878 circo
288 3821 436 3887 dicit,
469 3819 643 3876 virum
680 3834 784 3873 non
815 3833 973 3890 posse
1001 3818 1074 3878 illi
1106 3817 1315 3880 mulieri
1352 3816 1503 3890 jungi
1537 3817 1589 3871 in
1623 3832 1712 3871 co-

105 3916 238 3986 pula
259 3955 273 3979 ,
305 3929 428 3986 quae
471 3920 768 3976 commater
809 3893 926 3966 erat
957 3909 1094 3978 ejus,
1126 3925 1249 3963 eum
1300 3925 1406 3978 qua
1449 3899 1550 3962 una
1584 3924 1711 3964 caro

107 4006 293 4068 fuerat
323 4005 569 4062 eli'eetus.
619 4002 752 4060 Item
785 4003 1050 4080 praecipit,
1082 4018 1149 4062 ne
1180 4002 1392 4070 mulier,
1441 4020 1559 4074 quae
1608 4004 1709 4059 viri

104 4099 288 4166 tilium
311 4106 380 4154 ex
402 4099 506 4153 alia
535 4098 735 4176 femina
765 4096 1005 4168 genitum
1036 4093 1102 4149 de
1132 4110 1286 4162 sacro
1319 4095 1463 4151 fonte
1493 4096 1707 4164 levavit,

102 4205 339 4268 propter
368 4197 473 4268 hoc
502 4212 534 4250 a
558 4196 677 4256 viro
706 4202 1009 4264 separetur,
1046 4191 1173 4263 quia
1203 4191 1498 4252 secundum
1525 4207 1709 4250 sacros

102 4304 372 4354 canones,
407 4287 512 4346 nisi
535 4304 598 4344 ex
631 4287 912 4352 amborum
940 4301 1206 4342 consensu
1237 4295 1288 4340 et
1317 4285 1590 4354 religionis
1613 4287 1711 4341 ob,

101 4392 262 4437 tentu
294 4398 400 4437 non
429 4382 589 4438 debet
631 4381 913 4451 coniugem
959 4379 1231 4435 dimittere
1276 4377 1468 4446 coniux
1499 4395 1514 4431 :
1545 4377 1709 4433 habet

100 4485 296 4529 tamen
323 4489 489 4546 grave
515 4481 794 4544 peccatum
829 4470 1041 4538 mulier,
1065 4485 1184 4539 qua:
1211 4469 1335 4524 odio
1364 4468 1566 4522 habens
1596 4484 1706 4522 ma~

99 4565 308 4630 ritum,
359 4565 514 4636 quasi
561 4580 723 4620 causa
777 4563 993 4636 pietatis
1044 4570 1300 4633 operatur
1352 4561 1702 4632 impietatem.

1815 3372 2180 3427 Romanorum
2198 3373 2492 3442 imperator
2507 3383 2558 3427 et
2572 3373 2834 3444 patricius
2861 3373 3010 3428 dedit
3040 3375 3408 3436 honoriﬁcam

1815 3463 2110 3529 Ecclesia,
2164 3470 2218 3517 et
2261 3451 2678 3518 honorificandze
2729 3477 2758 3517 a
2814 3462 2924 3518 Deo
2983 3461 3358 3520 Ilersveldensi
3392 3506 3406 3532 ,

1813 3557 2072 3626 quasdam
2101 3556 2337 3611 decimas
2366 3556 2416 3609 in
2454 3554 2790 3610 Frisonevelt
2816 3565 2870 3611 et
2896 3555 3135 3632 Hasscga
3180 3557 3408 3616 [Ialhere

1814 3647 2046 3704 stadensi
2073 3646 2384 3716 adjacentes
2413 3647 2654 3712 dioecesi,
2689 3661 2823 3717 quas
2853 3646 3161 3717 Stephanus
3185 3664 3319 3718 papa
3357 3649 3410 3704 in

1813 3739 2032 3794 basilica
2063 3739 2122 3793 B.
2151 3738 2295 3794 Petri
2340 3740 2425 3794 die
2473 3750 2662 3795 sancto
2716 3740 2938 3795 Paschae
2967 3757 3062 3796 sua
3092 3741 3412 3800 auctoritate

1813 3838 1866 3885 ct
1895 3831 2235 3900 imperatoris
2266 3832 2682 3902 subscriptione,
2714 3840 2768 3886 et
2801 3831 3093 3901 llisdeglno
3119 3843 3144 3870 α
3189 3829 3413 3883 IIthcr-

1814 3925 2052 3980 stadensi
2099 3927 2351 3996 episcopo
2412 3935 2679 3996 prmscnte
2709 3965 2723 3988 ,
2777 3924 3138 3980 confirmavit.
3186 3923 3410 3980 Carolus

1813 4018 2008 4087 quippe
2057 4031 2246 4072 omnes
2290 4017 2530 4072 decimas
2571 4015 2624 4070 in
2669 4016 2903 4070 Saxonia
2955 4015 3311 4069 constituerat
3343 4013 3406 4066 ad

1815 4108 1996 4182 regale
2041 4112 2343 4176 scrvitimn,
2388 4121 2442 4166 et
2486 4126 2581 4165 cas
2628 4126 2721 4165 rex
2767 4111 2895 4164 dare
2933 4109 3131 4177 potuit,
3178 4125 3283 4177 quo
3311 4123 3404 4160 vo-

1811 4199 1928 4256 luit.

1883 4291 1981 4346 IIic
2039 4291 2328 4361 apostolica
2384 4289 2708 4344 auctoritate
2750 4289 3015 4352 firmavit,
3062 4289 3105 4342 si
3154 4289 3406 4359 thlltCt'pS

1811 4383 2078 4453 quispiam
2110 4383 2420 4451 episcopum
2452 4381 2699 4436 occidere
2745 4383 3053 4447 tentaverit,
3105 4381 3183 4434 vel
3224 4381 3403 4450 flagel-

1811 4475 1922 4529 Iare
1949 4517 1961 4539 ,
1989 4487 2081 4528 aut
2108 4475 2295 4529 saltem
2324 4483 2605 4543 percutere
2625 4515 2638 4538 ,
2681 4483 2738 4526 ut
2766 4489 2793 4526 a
2827 4473 2935 4527 Deo
2965 4484 3017 4528 ct
3048 4478 3253 4527 sanctis
3285 4473 3400 4542 ejus

1811 4565 2060 4620 omnibus
2090 4567 2160 4619 sit
2189 4565 2492 4618 anathema.
2541 4562 2662 4617 Illos
2709 4571 2908 4628 autem,
2959 4565 3049 4634 qui
3098 4563 3312 4616 illicitas
3350 4571 3404 4614 et

94 4659 243 4715 Item
265 4659 334 4714 de
356 4633 672 4730 presbytero
700 4633 891 4730 μῖξίς.
921 4657 976 4724 5,
1009 4671 1057 4712 c.
1086 4654 1385 4726 Presbyter)
1412 4655 1493 4710 vel
1521 4657 1704 4710 diaco-
1735 4633 1787 4693 Ῑ)
1813 4659 2148 4714 incestuosas
2170 4656 2390 4726 copulas
2418 4656 2762 4720 contrahunt,
2797 4656 2840 4708 si
2869 4656 3106 4710 secundo
3127 4655 3209 4708 vel
3244 4655 3402 4708 tertio

93 4767 192 4822 no,
223 4767 392 4823 quem
424 4751 700 4810 asserebat
723 4750 975 4812 Salomon
998 4749 1279 4820 episcopus
1310 4749 1534 4804 crimina
1563 4747 1704 4803 nolle

90 4844 323 4918 publice
365 4842 630 4908 confiteri,
677 4842 772 4897 sed
808 4841 944 4898 velle
984 4857 1042 4898 se
1073 4857 1194 4912 cum
1219 4855 1561 4897 sacramento
1609 4841 1702 4896 de-

86 4939 332 5006 fendere
352 4980 367 5006 ,
386 4945 438 5000 et
462 4945 642 4992 tamen
669 4932 882 4989 dicebat
908 4943 1096 4988 notum
1109 4947 1229 4988 esse
1251 4934 1502 5006 episeopo
1528 4929 1705 4988 scelus

85 5032 276 5103 ἱρείας
309 5032 427 5098 {Ofe
459 5035 771 5100 ραιτθιιιιω
804 5027 1114 5096 respondet,
1151 5041 1260 5081 non
1295 5041 1418 5084 esse
1447 5030 1703 5099 episcopo

81 5124 280 5192 scelus
312 5121 548 5194 legitime
574 5116 942 5183 manifestum,
985 5118 1032 5174 si
1072 5117 1354 5190 presbyter
1388 5121 1473 5178 vel
1515 5120 1701 5176 (Πέλοψ

77 5231 192 5275 nus
229 5228 348 5269 non
380 5211 536 5268 fuerit
555 5223 660 5280 per
686 5208 1130 5281 approbationem
1165 5210 1382 5276 testium
1417 5213 1554 5270 forte
1581 5225 1702 5265 con-

71 5311 296 5374 victus,
340 5315 434 5360 aut
457 5307 571 5378 ipse
615 5315 712 5372 sua
737 5302 900 5360 fuerit
941 5314 1132 5373 sponte
1159 5304 1338 5361 scelus
1372 5307 1547 5382 ipsum
1575 5319 1702 5360 eou-

63 5405 292 5473 fgsgus.
349 5397 548 5465 Idcirco
575 5436 592 5462 ,
635 5393 952 5467 priusquam
987 5399 1220 5464 alterum
1263 5401 1458 5458 horum
1485 5399 1701 5460 eveniat

58 5513 181 5542 non
229 5493 437 5531 δρινκ-υ·
467 5507 561 5521 ἠαδ
601 5488 802 5528 ηνῖντιιιί
831 5488 1005 5534 ηίῖίιιίη
1031 5509 1044 5536 ε
1076 5489 1200 5536 auia
1239 5493 1352 5541 SOI?
1402 5503 1697 5536 οιίηειιιιιυιο

1812 4751 2070 4806 admoniti
2103 4767 2195 4805 eas
2216 4766 2319 4804 non
2353 4749 2676 4811 dissolvunt,
2707 4757 2761 4801 et
2787 4749 3001 4820 dignam
3029 4749 3402 4818 poenitentiae:

1812 4863 1917 4902 non
1968 4845 2198 4914 egerint,
2230 4859 2258 4896 a
2293 4842 2565 4904 liminibus
2591 4840 2835 4898 ceclesia:
2866 4860 2986 4898 cum
3025 4841 3137 4896 suis
3162 4841 3408 4908 scquat'i-
3474 4877 3476 4880 .

1809 4939 1912 4995 bus
1939 4935 2297 5010 eliminandos
2336 4951 2456 4993 esse
2491 4932 2752 4990 decrevit.
2789 4933 2922 4991 Item
2955 4942 3205 5004 raptores
3243 4931 3406 4999 virgi-

1811 5035 2020 5104 ginum,
2045 5033 2136 5102 qui
2163 5045 2260 5095 eas
2285 5029 2532 5102 legitimo
2564 5025 2793 5095 nuptiali
2816 5027 2962 5096 iure,
2989 5025 3075 5084 vel
3107 5025 3406 5078 secundum

1811 5128 1996 5191 filum,
2027 5125 2112 5180 Vel
2137 5123 2334 5192 legem,
2363 5126 2448 5190 vel.
2470 5135 2683 5193 pacem.
2713 5125 3074 5190 acquisivissc
3097 5129 3412 5177 noscuntur,

1809 5222 2002 5286 eadem
2032 5215 2300 5279 sententia
2345 5217 2498 5282 feriri
2525 5211 2687 5282 jussit
2719 5227 2733 5272 :,
2773 5229 2918 5282 quos
2947 5213 3200 5277 tandem,
3240 5211 3343 5268 nisi
3386 5222 3416 5258 ιι

1808 5325 1979 5380 prava
2007 5311 2305 5366 intentione
2337 5302 2689 5368 recesserint,
2720 5306 3064 5372 anathemati
3096 5302 3421 5360 submittcm

1807 5401 1910 5468 dos
1937 5416 2057 5462 esse
2098 5398 2270 5460 modis
2297 5401 2560 5464 omnibus
2591 5391 2888 5461 judicatvit.
2933 5402 3064 5466 Item
3103 5391 3419 5435 ῑηιιιδίεείιιιδει
