3992 6306
511 425 654 486 ηδε

1147 427 1439 493 APPEND.
1475 431 1571 494 AD
1605 431 1778 499 SEC.
1818 435 1913 498 IX.
1943 471 2015 485 —
2041 438 2413 503 AUCTORES
2451 445 2614 504 ANNI
2647 443 2944 507 INCERTI.

3664 457 3801 517 1256

506 545 669 603 liceat
692 543 949 602 clericum
982 545 1259 604 attitulare
1297 549 1350 605 in
1385 551 1614 608 ecclesia
1654 565 1854 624 praeter
1883 557 2091 629 episco-
2118 565 2166 624 Α
2194 560 2298 628 sit;
2338 562 2428 618 ubi
2475 562 2694 620 Fulconi
2728 565 3024 623 Rhemensi
3068 567 3320 642 episcopo
3351 568 3470 627 vice
3499 588 3599 628 sua
3643 589 3800 632 com-

506 659 657 713 pum,
701 644 769 697 ad
808 643 964 712 cujus
990 643 1384 700 ordinationem
1413 655 1469 702 et
1495 656 1819 717 potestatem
1847 650 2101 709 dimeesis

504 737 745 790 omnium
768 733 892 805 jure
913 735 1299 805 Ecclesiarnm,
1317 741 1614 796 secundum
1648 743 1928 815 antiquam
1968 762 2100 803 con-

503 829 860 895 stitutionem,
888 844 988 901 pro
1011 847 1108 886 sua
1145 831 1341 903 cuique
1363 834 1670 904 pertinente
1693 839 1975 909 parochia.

918 939 1059 998 CIX.
1095 973 1167 984 —
1204 943 1510 1003 JOANNES
1549 949 1680 1006 VIII.

1005 1031 1179 1103 (Anno
1219 1034 1415 1090 Christi
1453 1038 1607 1107 872.)

572 1118 811 1177 Joannes
852 1123 994 1178 sedit
1016 1139 1188 1180 annos
1209 1125 1417 1193 decem,
1441 1127 1557 1185 dies
1584 1130 1735 1186 duos.
1762 1132 1862 1190 Hic
1883 1133 2104 1191 decreto

502 1227 603 1267 suo
627 1212 844 1278 statuit,
875 1222 936 1267 ut
965 1215 1098 1270 nulli
1143 1217 1338 1272 dueum
1381 1218 1540 1276 liceat
1566 1225 1862 1294 quemlibet
1890 1229 2104 1298 episco-

502 1317 629 1372 pum
677 1303 732 1357 in
773 1305 1118 1374 pmsentiam
1175 1306 1403 1365 Romani
1455 1314 1700 1383 prmsnlis
1736 1317 2098 1386 introducere,

503 1393 586 1447 vel
614 1409 812 1451 census
838 1397 906 1451 ab
935 1411 1003 1452 eo
1023 1397 1089 1453 ad
1112 1407 1358 1471 sumptus
1378 1403 1763 1473 publicos,'seu
1789 1408 1927 1464 dona
1953 1425 2101 1480 qua:-

501 1482 634 1540 libet
655 1487 912 1558 exigere;
953 1491 1049 1546 sed
1088 1507 1187 1548 nec
1221 1509 1404 1550 coram
1437 1496 1589 1554 laicis
1626 1501 1938 1572 episcopum
1966 1519 2100 1558 eon-

500 1575 667 1629 cessit
697 1592 712 1630 :
745 1576 976 1636 clericos
999 1589 1056 1636 et
1085 1583 1548 1652 sanctimoniales,
1575 1590 1805 1660 pupillos
1833 1600 1889 1647 et
1909 1593 2103 1651 viduas

499 1664 602 1720 sub
651 1667 821 1723 tutela
859 1671 1238 1742 episcoporum
1267 1690 1388 1732 esse
1413 1677 1674 1748 decrevit,
1704 1693 1759 1739 et
1787 1699 1882 1741 eos
1904 1686 1970 1741 ad
2002 1702 2102 1742 sa:-

500 1754 706 1812 cularia
725 1757 931 1827 judicia
957 1764 1100 1818 trahi
1124 1766 1296 1822 modis
1316 1769 1569 1827 omnibus
1586 1773 1882 1831 interdixit.
1901 1776 2102 1844 Quem-

502 1845 634 1902 libet
658 1858 842 1906 autem
873 1853 1068 1910 ducem
1116 1855 1200 1912 vel
1244 1858 1409 1915 alium
1441 1870 1633 1919 contra
1665 1865 1779 1922 haec
1825 1877 2097 1938 agentem,

2205 653 2371 707 missa
2401 670 2620 710 causam
2649 671 2839 712 eorum
2861 659 3161 715 examinari
3191 662 3488 718 mandavit.

2634 747 2812 805 CXIII.
2868 781 2942 793 -
2981 749 3370 809 FORMOSUS.

2278 836 2572 895 Formosus
2643 839 2963 898 Portuensis
3021 845 3351 917 episcopus,
3424 850 3570 905 sedit
3637 867 3814 912 anna

2204 927 2464 997 quinque,
2503 946 2717 986 menses
2743 947 2835 987 sex
2865 944 2914 987 ε.
2966 934 3068 1001 Qui
3115 935 3408 994 Formosus
3459 941 3813 1011 religiosissi—

2209 1034 2328 1074 mus
2360 1035 2390 1073 a
2435 1019 2693 1077 Romanis
2720 1021 3070 1080 vehementer
3099 1025 3498 1098 afﬂictabatur;
3544 1031 3708 1100 cujus
3757 1044 3814 1090 et

2205 1110 2422 1165 hortatu
2471 1128 2569 1167 rex
2611 1113 2922 1186 Arnulphus
2958 1117 3189 1175 Romam
3241 1122 3556 1178 advenerat.
3610 1123 3666 1178 In
3713 1141 3816 1181 cu-

2198 1199 2289 1270 jus
2339 1201 2623 1273 ingressu,
2689 1205 3001 1264 ulciscendo
3063 1225 3214 1280 papa:
3269 1210 3547 1280 injuriam,
3611 1216 3816 1273 multos

2205 1292 2568 1350 Romanorum
2600 1297 2869 1369 principes
2907 1301 3124 1356 obviam
3155 1303 3256 1358 sibi
3304 1318 3670 1375 preperantes
3717 1311 3816 1364 de-

2204 1382 2388 1439 collari
2443 1387 2714 1457 przreepit.
2785 1387 2960 1446 Causa
3041 1403 3222 1448 autem
3298 1394 3596 1453 simultatis
3669 1401 3818 1456 inter

2209 1473 2528 1532 Formosum
2565 1495 2758 1550 papam
2795 1490 2852 1537 et
2896 1482 3168 1540 Romanos
3199 1487 3313 1543 haec
3357 1487 3502 1544 fuit:
3555 1491 3816 1550 Formosi

2205 1563 2493 1622 decessore
2538 1567 2814 1635 defuncto,
2865 1570 3087 1644 Sergius
3137 1577 3357 1644 quidam
3406 1578 3670 1636 Romanae
3710 1584 3820 1638 Ec-

2203 1657 2383 1713 clesire
2411 1660 2670 1718 diaconus
2714 1664 2836 1730 fuit,
2868 1680 3030 1736 quem
3073 1666 3444 1725 Romanorum
3477 1690 3609 1743 pars
3663 1691 3820 1746 qua-

2203 1748 2329 1804 dam
2359 1767 2552 1822 papam
2606 1754 2707 1810 sibi
2753 1755 3034 1828 elegerat:
3076 1761 3321 1829 quaedam
3351 1779 3481 1820 vero
3532 1783 3663 1836 pars
3707 1785 3820 1824 non

2205 1838 2392 1895 inlima
2447 1852 2578 1897 natu
2632 1843 2952 1902 Formosum
3001 1847 3363 1920 [nominatum
3411 1854 3623 1928 Form.]
3689 1856 3822 1911 Por-

501 1942 1082 2001 emomm'mlcandum
1153 1961 1274 2004 esse
1324 1949 1596 2020 decrevit;
1657 1930 2097 2026 persc‘gramem'
2129 1930 2175 1990 Β
2207 1931 2414 2026 tuensis
2439 1933 2676 1990 civitatis
2721 1935 3054 2008 episcopum,
3104 1954 3201 2010 pro
3227 1955 3357 1996 vera
3388 1943 3676 2015 religione,
3739 1946 3823 2000 di-

501 2043 632 2086 vero
663 2033 1026 2094 anathematis
1054 2039 1271 2096 vinculo
1296 2042 1686 2102 innodandum.

571 2119 719 2178 Idem
754 2123 896 2180 inter
924 2137 1124 2184 caetera
1153 2132 1220 2187 de
1251 2133 1478 2191 decimis
1500 2138 1877 2197 sacerdotibus
1904 2141 2098 2200 dandis

500 2211 576 2268 ita
603 2217 896 2286 pmcepit:
929 2219 1099 2288 Quas,
1141 2223 1353 2280 scilicet
1380 2227 1647 2296 decimas,
1679 2248 2098 2306 unumquemque

500 2304 712 2374 ﬁdelem
737 2308 818 2363 illi
841 2314 1104 2368 sacerdoti
1127 2320 1256 2372 dare
1281 2320 1581 2376 censuimus
1606 2336 1631 2364 ι
1673 2325 1728 2380 in
1751 2304 1904 2396 cujus
1937 2304 2098 2398 paro-

501 2397 627 2453 chia
657 2400 784 2455 dum
826 2404 1009 2473 procul
1045 2407 1204 2463 dubio
1254 2421 1454 2467 constat
1501 2416 1598 2469 sub
1633 2419 1859 2490 episcopi
1899 2397 2098 2492 proprii

499 2485 718 2556 ditione,
746 2493 873 2562 quia
906 2494 977 2548 ad
1004 2496 1101 2551 hoc
1132 2499 1481 2570 recipiendum
1513 2504 1578 2558 ab
1618 2485 1858 2578 episcopo
1894 2485 2005 2564 suo.
2018 2521 2095 2566 est

500 2583 835 2651 constitutus,
885 2604 1128 2657 manere;
1165 2602 1214 2646 et
1263 2593 1382 2649 ideo
1430 2597 1634 2653 nullum
1667 2600 1886 2657 alterius
1915 2604 2098 2660 dioece-

497 2686 612 2726 seos
635 2675 1058 2734 sacerdotem'aut
1085 2681 1292 2738 (evitant
1309 2685 1464 2742 alteri
1473 2689 1600 2758 jure
1621 2707 1686 2746 ea
1713 2709 1901 2748 novum
1927 2693 2092 2767 [τοι-8.

501 2769 787 2845 canonum]
833 2773 1007 2830 debita
1049 2776 1351 2848 hujusmodi
1389 2784 1576 2840 audire
1621 2786 1969 2857 impudenter,
2021 2789 2099 2845 vel

500 2865 690 2914 temere
710 2878 965 2932 querere,
1000 2877 1092 2921 aut
1120 2871 1353 2940 accipere
1382 2872 1779 2933 damnationem
1823 2878 1951 2952 [[ον.
1981 2891 2099 2937 tan-

501 2958 635 3017 tum,
658 2949 1030 3030 donationem]
1060 2958 1136 3012 vel
1163 2960 1522 3019 donationem.
1558 2965 1689 3020 Cum
1721 2949 1842 3023 vero
1865 2972 1956 3041 qui
1995 2974 2101 3028 ali-

503 3051 586 3097 ter
610 3044 740 3100 dare
769 3045 845 3100 vel
869 3049 1101 3119 accipere
1139 3058 1548 3126 prresumpserit,
1577 3059 1931 3118 ecclesiastica
1956 3081 2099 3120 cont-

515 3134 763 3190 munione
784 3139 970 3192 tandiu
1011 3139 1316 3208 judieamus
1354 3162 1567 3203 manare
1603 3153 1886 3220 privatum,
1935 3157 2099 3213 donec

505 3227 795 3282 secundum
826 3230 922 3284 hoc
952 3242 1143 3289 nostra:
1179 3239 1480 3307 apostolica:
1519 3247 1850 3303 auctoritatis
1889 3251 2100 3322 capitu-

503 3315 612 3370 lum
644 3320 905 3376 studuerit
927 3341 1098 3395 agere.

571 3407 741 3478 Hujus
771 3417 1102 3486 temporibus
1145 3418 1466 3480 Lodewicus
1510 3426 1805 3499 imperator
1833 3433 1902 3490 ab
1923 3435 2093 3491 Adal-

501 3499 620 3572 giso
675 3503 1058 3565 Beneventano
1113 3513 1250 3569 duce
1305 3518 1634 3576 constrictus
1709 3524 1902 3590 timore
1947 3529 2092 3597 vitaz,

493 3588 851 3664 jurejurando
895 3599 1151 3670 ﬁrmavit,
1199 3620 1474 3677 nunquam
1523 3626 1582 3666 se
1635 3588 1926 3672 Beneventi
1959 3588 2095 3675 lines

499 3684 642 3741 ultra
709 3689 1063 3761 intraturum,
1094 3712 1270 3769 neque
1297 3716 1364 3756 es
1415 3703 1657 3774 periculo
1708 3707 1918 3780 injuria:
1965 3719 2095 3769 tunc

501 3776 603 3832 sibi
628 3778 786 3835 illatae
813 3783 1106 3842 vindictam
1153 3789 1442 3860 aliquando
1473 3776 1827 3855 exacturum.
1873 3804 1957 3859 Ab
1987 3803 2093 3861 hoc

501 3876 683 3924 autem
705 3869 1019 3941 juramento
1066 3883 1406 3947 postmodum
1437 3888 1726 3954 praedictus
1771 3907 1908 3962 papa
1966 3911 2090 3949 eum

498 3957 688 4017 Romae
718 3963 950 4020 absolvit
977 3971 1296 4026 auctoritate
1323 3974 1414 4028 Dei
1445 3985 1503 4032 et
1529 3977 1585 4031 S.
1618 3957 1790 4046 Petri,
1815 3957 2091 4042 avliirmans

498 4051 631 4106 nihil
666 4053 768 4109 sibi
800 4055 1011 4124 obesse,
1040 4062 1184 4132 quod
1210 4065 1278 4120 ob
1308 4067 1496 4122 mortis
1524 4071 1820 4140 periculum
1853 4077 2092 4132 evaden-

495 4141 623 4198 dum
651 4155 874 4204 coaetus
913 4149 1138 4219 fecerat,
1170 4169 1268 4211 nec
1317 4170 1717 4216 sacramentmn
1747 4178 1867 4220 esse
1907 4165 2095 4222 dicen-

495 4231 644 4300 dum,
694 4239 836 4306 quod
892 4251 1080 4308 contra
1145 4244 1373 4302 salutem
1435 4251 1783 4325 reipublicae,
1841 4258 2091 4330 quamvis

493 4341 617 4381 cum
649 4329 834 4387 multis
858 4336 1344 4405 exsecrationibus,
1375 4341 1540 4400 fuerit
1566 4347 1852 4416 prolatum.

995 4435 1105 4492 CX.
1142 4469 1214 4479 —
1259 4439 1590 4501 MARINUS.

1000 4537 1172 4607 (Anno
1210 4539 1404 4596 Christi
1437 4544 1586 4618 882.)

563 4627 805 4690 Marinus
836 4635 976 4693 sedit
1008 4653 1210 4695 annum
1250 4659 1436 4712 unum,
1466 4662 1682 4708 menses
1721 4652 1977 4724 quinque.

926 4738 1061 4796 CXI.
1093 4774 1164 4784 —-
1190 4745 1544 4806 ADBIANUS
1581 4751 1666 4808 III.

989 4843 1162 4914 (Anno
1201 4846 1396 4904 Christi
1431 4851 1582 4923 884.)

557 4920 830 4986 Adrianus
857 4930 1001 4987 sedit
1038 4951 1237 4992 annum
1266 4954 1454 5010 unum,
1489 4920 1706 5003 menses
1754 4959 2006 5021 quatuor.

875 5031 1032 5088 CXII.
1063 5064 1135 5074 —
1160 5035 1571 5100 STEPHANUS
1607 5045 1694 5101 VI.

985 5126 1158 5198 (Anno
1195 5129 1390 5188 Christi
1427 5135 1578 5209 88-5.)

560 5202 872 5280 Stephanus
921 5219 1062 5274 sedit
1108 5237 1279 5280 annos
1343 5241 1459 5282 ses.
1510 5202 1611 5284 Hic
1666 5230 2080 5314 IIerimanum.b

486 5293 866 5358 Coloniensem
903 5307 1400 5384 archiepiscopum,
1438 5326 1492 5373 et
1519 5320 1864 5391 Adalgarium

486 5387 812 5463 burgensem
861 5399 1328 5476 archiepiscopum
1383 5411 1451 5465 de
1507 5412 1782 5472 Bremensi
1847 5421 2076 5479 ecclesia

485 5486 876 5546 contendentes
909 5490 1269 5552 Wormatiam
1307 5498 1377 5554 ad
1418 5504 1681 5573 synodum
1727 5509 1911 5567 venire
1959 5510 2073 5581 ius-

555 5607 586 5640 ι
628 5599 801 5660 Locus
831 5607 1140 5666 mendosus.

557 5667 1184 5770 rolleman‘riukm.n\n’ide
1226 5692 1544 5770 Mantzium
1581 5692 1673 5749 lib.
1725 5712 1765 5770 ll
1817 5695 2067 5770 Μαι-ορ..

483 5739 642 5839 Ξ
654 5745 972 5839 εξ
1011 5751 1272 5839 ἓμάθηε.
1285 5811 1297 5824 ,
1309 5739 2066 5839 iiifﬁiiibil'jad

486 5801 666 5864 Trith.
692 5812 746 5868 sn
777 5801 979 5876 caici.
1011 5801 1272 5899 mea};
1285 5811 1297 5824 °
1320 5801 1625 5842 “’““““’“’
1647 5801 1764 5838 “““”

2112 4639 2165 4700 D

2204 2023 2564 2095 vinarumque
2613 2028 2984 2084 doctrinarum
3040 2031 3269 2088 scientia
3304 2049 3500 2105 papam
3539 2038 3647 2092 sibi
3699 2038 3816 2095 ﬁeri

2204 2115 2521 2170 anhelabat.
2571 2115 2708 2172 Nam
2764 2119 2894 2174 dum
2947 2121 3095 2176 ineo
3120 2134 3286 2191 esset,
3321 2135 3378 2180 ut
3429 2126 3662 2200 Sergius
3689 2145 3819 2199 apo-

2203 2206 2469 2262 stolorum
2499 2207 2740 2265 vicarius
2767 2209 3010 2268 ordinari
3055 2214 3355 2287 debuisset,
3397 2233 3459 2274 ea
3504 2238 3628 2290 qua:
3683 2224 3816 2279 For-

2202 2297 2339 2352 mosi
2396 2296 2613 2354 favebat
2667 2301 2914 2370 partibus
2971 2318 3122 2374 pars,
3184 2321 3292 2361 non
3352 2309 3615 2367 mediocri
3691 2329 3814 2370 cura

2205 2388 2439 2444 tumultu
2472 2399 2528 2444 et
2588 2389 2787 2460 injuria
2838 2392 3092 2465 Sergium
3144 2398 3212 2453 ab
3259 2398 3418 2455 altari
3467 2404 3707 2474 expulit,
3763 2416 3840 2462 et‘

2202 2477 2523 2536 Formosum
2561 2496 2756 2552 papam
2787 2484 3092 2540 constituit.
3140 2485 3543 2561 Descenditque
3573 2493 3811 2567 Sergius

2201 2569 2254 2624 in
2284 2571 2564 2640 Tusciam,
2603 2584 2870 2645 quatenus
2915 2575 3191 2634 Adelberti
3240 2584 3604 2652 potentissimi
3665 2605 3815 2644 mar-

2199 2663 2413 2718 ebionis
2479 2665 2682 2721 auxilio
2723 2665 3011 2736 juvaretur
3059 2684 3075 2724 :
3125 2673 3269 2742 quod
3319 2682 3375 2729 et
3434 2674 3650 2732 factum
3709 2691 3811 2736 est.

2200 2752 2334 2808 Nam
2374 2753 2637 2812 Formosa
2659 2757 2936 2826 defuncto,
2982 2769 3146 2838 atque
3191 2762 3474 2838 Arnulpho
3497 2769 3550 2823 in
3582 2774 3814 2842 propria

2199 2846 2471 2902 exstincto
2523 2846 2812 2922 [reverso],
2862 2851 2909 2908 is
2957 2853 3049 2923 qui
3118 2866 3242 2925 post
3296 2872 3484 2914 necem
3550 2859 3811 2920 Formosi

2199 2951 2340 3027 papa
2391 2940 2720 2996 constitutus
2770 2953 2855 2998 est
2932 2942 2959 2983 δ
2991 2985 3007 3010 ,
3084 2947 3393 3018 expellitur,
3475 2951 3816 3027 Sergiusque

2201 3011 2342 3100 papa
2380 3045 2474 3100 per
2516 3031 2866 3090 Adelbertum
2917 3011 3286 3096 constituitur.
3333 3042 3454 3110 Quo
3483 3011 3812 3116 eon'stim'to,

2203 3133 2262 3178 ut
2285 3123 2502 3194 impius,
2545 3125 3030 3200 doctrinarumque
3056 3131 3364 3190 divinarum
3411 3135 3654 3204 inscius,
3685 3140 3816 3196 For-

2206 3231 2418 3271 mosum
2469 3224 2626 3272 extra
2690 3219 2998 3291 sepulcrum
3048 3226 3286 3290 extrahi,
3359 3237 3530 3300 atque
3577 3233 3637 3286 in
3691 3235 3816 3290 sede

2128 3293 2176 3358 C
2203 3306 2558 3376 pontiﬁcatus
2640 3312 3081 3370 sacerdotalibus
3148 3293 3496 3376 vestimentis
3559 3323 3812 3380 indutum

2198 3400 2452 3456 collocari
2481 3404 2764 3474 praecepit,
2795 3405 2885 3461 cui
2911 3416 2966 3462 et
2997 3407 3074 3463 ait
3098 3426 3112 3463 :
3141 3409 3276 3466 Cum
3305 3411 3640 3471 Portuensis
3663 3434 3814 3476 esses

2197 3499 2502 3570 episcopus,
2547 3515 2648 3556 cur
2689 3503 3006 3574 ambitionis
3060 3507 3250 3578 spiritu
3313 3510 3632 3570 Romanam
3693 3519 3813 3572 uni-

2195 3589 2463 3644 versalem
2499 3591 2684 3646 sedem
2735 3595 3054 3664 usurpasti?
3109 3595 3203 3654 His
3244 3601 3507 3671 expletis,
3568 3609 3810 3664 sacratis

2195 3689 2419 3735 exutum
2450 3683 2806 3750 vestimentis,
2862 3685 3155 3758 digitisque
3205 3691 3382 3747 tribus
3407 3695 3702 3763 abscissis,
3756 3701 3810 3755 in

2197 3772 2437 3829 Tiberim
2480 3774 2678 3846 jactari
2718 3779 2998 3849 praecepit,
3043 3789 3376 3854 cunctosque
3399 3801 3542 3856 quos
3577 3789 3697 3860 ipse
3715 3807 3815 3846 or-

2194 3861 2500 3933 dinaverat,
2527 3867 2696 3937 gradu
2727 3869 2950 3940 proprio
2972 3870 3248 3941 depositos
3275 3875 3477 3931 iterum
3503 3882 3810 3936 ordinavit.

2197 3953 2352 4021 Quod
2408 3972 2571 4026 quam
2621 3958 2762 4021 male
2810 3961 3006 4032 egerit,
3059 3973 3216 4034 pater
3255 3967 3637 4037 sanctissime,
3692 3975 3814 4028 ani.

2200 4051 2545 4106 madvertere
2587 4051 2822 4120 poteris;
2856 4055 3112 4124 quoniam
3138 4065 3193 4112 et
3220 4059 3298 4126 hi,
3336 4062 3427 4129 qui
3471 4078 3502 4117 a
3525 4061 3672 4120 Juda
3705 4067 3813 4122 Do-

2195 4137 2323 4192 mini
2356 4139 2525 4194 nostri
2557 4137 2683 4195 Jesu
2713 4141 2912 4197 Christi
2947 4146 3223 4215 proditore
3259 4158 3388 4206 ante
3427 4156 3808 4223 proditionem

2193 4228 2446 4294 salutem,
2490 4245 2586 4285 seu
2632 4232 3066 4292 benedictionem
3109 4241 3492 4312 apostolicam,
3539 4264 3812 4320 percepe-

2192 4331 2350 4385 runt;
2396 4337 2459 4376 ea
2483 4332 2604 4392 post
2625 4326 3008 4394 proditionem,
3040 4331 3354 4404 prepriique
3379 4341 3642 4409 corporis
3671 4358 3808 4399 sus-

2192 4412 2505 4482 pensionem
2562 4415 2784 4472 minimc
2817 4427 2943 4472 sunt
2971 4421 3190 4490 privati,
3232 4427 3336 4481 nisi
3367 4443 3506 4497 quos
3544 4432 3807 4506 improba

2194 4499 2334 4560 forte
2414 4503 2759 4563 deftndarant
2820 4508 3044 4581 ﬂagitia.
3131 4514 3449 4576 Benedictio
3520 4499 3808 4596 siquidem

2192 4611 2312 4666 qua:
2341 4597 2607 4658 ministris
2650 4601 2854 4660 Christi
2917 4607 3268 4678 impenditur,
3326 4628 3434 4669 non
3481 4632 3588 4688 per
3645 4635 3804 4688 eum,

2191 4689 2282 4758 qui
2331 4690 2565 4759 videtur,
2611 4696 2953 4753 sacerdotem
3010 4698 3315 4758 infunditur
3357 4723 3370 4759 :
3425 4722 3612 4780 neque
3647 4715 3805 4769 enim

2192 4780 2283 4848 qui
2318 4779 2458 4851 rigat
2485 4789 2574 4838 est
2618 4783 2840 4855 aliquid,
2898 4802 3072 4860 neque
3107 4793 3199 4862 qui
3256 4793 3487 4866 plantat,
3518 4779 3648 4857 sed
3709 4805 3806 4876 qui

2190 4871 2586 4930 incrementum
2619 4879 2730 4946 dat,
2773 4879 2914 4936 Deus
2943 4881 2994 4952 (Ι
3018 4881 3140 4938 Cor.
3190 4887 3294 4958 in).
3342 4887 3578 4956 Quanta:
3607 4871 3806 4954 autem

2189 4967 2552 5034 auctoritatis,
2601 4980 2923 5044 quantasque
2975 4974 3252 5048 religionis
3297 4995 3434 5052 papa
3485 4983 3805 5048 Formosus

2193 5054 2380 5125 fuerit,
2435 5059 2563 5114 hinc
2605 5061 2862 5134 colligere
2909 5080 3230 5136 possumus;
3279 5074 3542 5142 quoniam
3580 5079 3720 5136 dum
3769 5097 3803 5136 ι

2191 5153 2552 5223 piscatoribus
2597 5161 2942 5228 postmodum
2994 5171 3140 5218 esset
3182 5163 3458 5234 inventus,
3501 5181 3679 5242 atque
3731 5172 3802 5230 ad

2189 5244 2250 5299 Β.
2300 5245 2445 5302 Petri
2498 5250 2864 5319 apostolorum
2915 5252 3177 5326 principis
3213 5257 3498 5316 ecclesiam
3530 5263 3800 5336 deporta-

2189 5344 2295 5403 tus,
2344 5348 2655 5396 sanctorum
2707 5344 2952 5412 quwdam
2990 5345 3254 5418 imagines
3304 5351 3451 5408 hunc
3500 5354 3560 5410 in
3611 5356 3800 5414 loculo

2185 5427 2417 5496 positum
2473 5433 2857 5488 venerabiliter
2913 5435 3240 5493 salutarunt.
3294 5438 3411 5498 Hoc
3463 5459 3716 5518 namque
3763 5465 3800 5506 ι

2184 5516 2606 5589 religiosissimis
2653 5521 2914 5580 Romanae
2958 5525 3108 5583 urbis
3147 5528 3280 5585 viris
3305 5544 3554 5604 persaepe
3579 5516 3795 5595 audivi.

3699 5617 3792 5636 -ω

2255 5634 2501 5718 οΪυΓὺει
2553 5639 2760 5712 reliqua
2817 5652 2942 5718 sunt
2991 5643 3305 5718 Luitprandi
3359 5648 3453 5706 Iib.
3498 5669 3517 5708 I
3578 5634 3794 5711 Rerum

2181 5719 2279 5780 per
2306 5705 2527 5780 E_ur0p..
2557 5705 2696 5780 gest'.
2725 5727 2775 5768 c.
2811 5715 2864 5769 8.

2250 5775 2297 5874 ςιῆ
2322 5775 2806 5874 {qriern_'0nuph._
2846 5785 2904 5844 in
2945 5786 3144 5847 Adnot.
3193 5790 3262 5849 ad
3303 5791 3575 5856 Platiuam
3618 5807 3791 5874 putat

2175 5861 2298 5906 esse
2337 5848 2596 5914 tabulam.
