4006 5456
190 409 299 465 Ηὅῖ

861 407 1072 463 EPIST.
1114 405 1416 460 MONACII.
1460 403 1713 462 MONTIS
1749 401 2019 459 OLIVETI
2056 401 2148 457 AD
2183 397 2364 456 LEON
2401 399 2501 454 PP.
2545 395 2627 452 Ill.

3236 352 3374 446 iis:

2659 565 2664 570 ,
3223 559 3226 561 λ

179 757 855 910 siccum
941 643 1202 902 IX
1257 754 1261 758 ·
1315 739 2305 928 AUCTORES
2427 733 3376 922 ANONYMI.

411 1077 413 1079 ’
489 1123 1070 1229 EPISTULA
1138 1099 2095 1211 PEREGRINORUM
2171 1108 3014 1206 MONACHORUM

1201 1333 1262 1374 IN
1313 1333 1532 1375 ΜΟΝΤΕ
1575 1328 1824 1376 OLIVETI
1867 1324 2306 1370 BABITANTIUM

966 1480 1076 1539 AD
1123 1458 1450 1538 LEONEM
1499 1475 1581 1536 lll
1630 1473 2117 1534 PONTIFICEM
2162 1459 2570 1531 ROMANUM

1087 1639 1250 1701 (Apud
1276 1637 1461 1700 Balur..,
1488 1637 1798 1686 Miscellsnea
1823 1647 1978 1696 sacra,
2005 1643 2117 1684 tom.
2143 1634 2212 1693 ll,
2241 1646 2348 1696 pag.
2380 1635 2483 1688 8t.)

227 1879 564 1938 Sanctissimo
592 1893 656 1932 ac
687 1876 1125 1932 reverentissimo
1161 1874 1378 1930 domino
1407 1874 1458 1928 in
1502 1873 1718 1929 Christo
1824 1887 1942 1926 mus
1978 1873 2030 1926 iu
2061 1880 2245 1926 nostra
2284 1871 2461 1942 lingua
2487 1885 2607 1941 quae
2632 1887 2726 1926 vos
2753 1887 2858 1926 non
2895 1872 3075 1927 dicitis
3101 1872 3154 1928 in
3183 1870 3396 1941 Graeca.

155 1971 294 2028 Patri
318 1971 474 2026 LEONI
499 1983 710 2023 summo
738 1967 976 2038 pontiﬁci
998 1975 1053 2021 et
1080 1965 1367 2020 universali
1396 1981 1545 2035 papa:
1574 1965 1715 2021 sedis

153 2071 346 2115 sancta:
370 2056 674 2130 apostolica:
703 2056 853 2112 urbis
886 2055 1070 2110 Roma:
1120 2054 1468 2126 congregatio
1518 2055 1715 2109 montis

151 2148 356 2204 Oliveti.
611 2214 616 2220 ‘

222 2224 440 2292 Domine
462 2236 648 2302 Pater,
690 2245 741 2292 te
779 2237 1026 2307 dignatus
1058 2244 1140 2292 est
1174 2235 1434 2290 Dominus
1480 2234 1716 2292 exaltare

147 2344 308 2398 super
331 2344 514 2398 omnes
543 2328 876 2392 sacerdotes,
925 2337 978 2383 et
1023 2327 1257 2384 exaltata
1296 2336 1389 2382 est
1429 2326 1582 2382 sedes
1627 2335 1717 2381 tua

144 2430 330 2475 sancta
380 2435 541 2490 super
583 2434 771 2474 omnes
801 2418 957 2474 sedes
1008 2418 1436 2473 Christianorum
1462 2457 1476 2482 ,
1504 2417 1590 2472 cui
1621 2431 1718 2471 suo

142 2511 538 2581 ore-dignatus
587 2519 670 2564 est
705 2509 954 2564 Christus
998 2508 1177 2563 dicere
1228 2527 1240 2562 :
1299 2507 1375 2562 Tu
1430 2524 1483 2562 es
1536 2506 1719 2564 Petrus

142 2601 359 2674 (Matth.
392 2617 501 2665 xvr,
533 2601 644 2666 l8),
691 2607 796 2654 etc.
833 2598 1220 2670 Benignissime
1243 2596 1423 2663 Pater,
1464 2611 1584 2660 nos,
1628 2595 1719 2664 qui

138 2690 331 2748 sumus
367 2692 454 2746 hic
502 2691 552 2744 in
589 2699 775 2746 sancta
823 2689 1040 2744 civitate
1084 2687 1380 2743 Jerusalem
1428 2686 1716 2758 peregrini,

137 2783 308 2836 ullum
341 2781 611 2836 hominem
642 2762 803 2850 super
832 2786 991 2847 terra,
1011 2793 1116 2833 non
1163 2793 1408 2832 amamus
1436 2777 1721 2846 plusquam

136 2888 260 2937 vos,
290 2881 343 2925 et
370 2858 712 2940 in'quantum
743 2870 986 2924 valemus
1013 2870 1066 2923 in
1095 2869 1215 2923 istis
1240 2867 1444 2923 sanctis
1469 2866 1603 2921 locis
1621 2881 1722 2935 pro

135 2960 295 3014 vobis
316 2961 402 3014 die
423 2969 690 3029 noctuque
716 2959 941 3013 Domino
971 2955 1241 3011 fundimus
1253 2948 1440 3026 preces
1469 2953 1722 3024 prostrati

131 3067 332 3106 ("nites
359 3052 502 3106 servi
543 3053 618 3106 tui
652 3066 814 3121 super
845 3060 1043 3104 terram
1071 3063 1192 3105 cum
1223 3048 1493 3119 lacrymis.
1539 3047 1724 3116 Itaque

129 3151 326 3196 notam
385 3142 480 3196 tibi
510 3141 736 3196 facimus
787 3139 1190 3194 tribulationem
1233 3148 1470 3193 nostram
1499 3178 1513 3201 ,
1562 3152 1721 3206 quam

1779 1957 1781 1959 ’
1815 1961 1944 2024 etin
1970 1957 2151 2013 Gloria
2176 1958 2328 2014 Patri
2358 1975 2463 2014 non
2503 1961 2684 2039 dicitis
2719 1962 2853 2016 sicut
2881 1972 2992 2016 erat
3023 1962 3076 2024 in
3121 1962 3401 2033 principio,

1815 2063 1870 2110 et
1890 2054 1942 2108 in
1966 2051 2147 2107 Gloria
2163 2053 2450 2121 inexcelsis
2475 2069 2579 2115 non
2601 2054 2803 2109 dicitis.
2831 2053 2908 2107 Tu
2929 2055 3071 2109 solus
3091 2053 3401 2116 altissimus,

1815 2157 1870 2200 et
1899 2131 2060 2198 Pater
2089 2152 2262 2197 noster
2292 2144 2397 2198 alio
2425 2145 2583 2200 modo
2611 2146 2808 2210 dicitis,
2839 2138 2894 2199 et
2938 2146 2991 2198 in
3031 2144 3278 2216 symbolo
3305 2159 3404 2200 nos

1818 2236 2047 2291 dicimus
2078 2237 2200 2307 plus
2224 2252 2383 2304 quam
2409 2252 2524 2300 vos,
2552 2237 2641 2307 qui
2667 2253 2732 2291 ex
2760 2237 2920 2290 Patre
2950 2235 3194 2305 Filioque
3220 2252 3406 2307 prece.-

1818 2329 1920 2394 dit,
1970 2328 2110 2384 unde
2157 2328 2287 2384 dicit
2333 2328 2434 2384 iste
2485 2321 2735 2383 Joannes
2763 2328 3016 2383 inimicus
3058 2327 3253 2382 animae
3295 2340 3407 2383 suae

1817 2427 2038 2490 pr0pter
2080 2419 2224 2479 hunc
2270 2434 2577 2474 sermonem
2620 2434 2686 2474 eo
2734 2419 2875 2488 quod
2913 2405 3170 2474 ihmretici
3215 2417 3406 2476 simus;

1820 2509 2465 2580 Quos-Hierosolymitas
2521 2509 2830 2580 rogavimus
2869 2509 3110 2566 dicentes
3161 2526 3175 2562 :
3228 2506 3408 2564 Nolite

1821 2598 2056 2671 [audire]
2087 2599 2240 2654 odire
2267 2599 2411 2654 hunc
2451 2600 2746 2663 hominem,
2776 2614 2874 2653 nec
2912 2598 3106 2654 dicatis
3143 2598 3211 2654 de
3251 2595 3408 2654 nobis

1821 2691 2073 2744 haereses.
2116 2688 2268 2755 Quod
2317 2690 2360 2744 si
2392 2705 2489 2744 nos
2527 2688 2706 2744 dicitis
2757 2689 3066 2750 lucreticos,
3099 2688 3166 2742 de
3212 2687 3408 2741 throno

1822 2780 1964 2835 beati
1997 2778 2143 2834 Petri
2168 2779 2351 2834 dicitis
2382 2779 2653 2834 haeresim.
2682 2779 2748 2832 Et
2785 2780 2829 2833 si
2875 2779 2976 2834 hoc
3001 2777 3180 2832 dicitis
3217 2790 3410 2846 pecca-

1824 2879 1935 2924 tum
1979 2868 2234 2924 inducitis
2278 2884 2438 2938 super
2487 2883 2600 2924 vos.
2628 2869 2694 2923 Et
2724 2867 3038 2922 sacerdotes,
3071 2866 3408 2934 scripserunt

1824 2959 1980 3025 nobis
1998 2966 2202 3013 cartam
2225 2958 2292 3013 de
2321 2958 2426 3014 ﬁde
2459 2967 2643 3013 nostra
2665 2974 2830 3029 quam
2871 2958 2997 3013 licet
3031 2957 3407 3020 crederemus,

1826 3051 2052 3107 dicendo
2075 3050 2273 3125 nobis:
2317 3051 2621 3106 Creditisne
2661 3052 2802 3106 sicut
2842 3058 3029 3104 sancta
3081 3049 3411 3104 resurrectio

1828 3143 2080 3198 Domini?
2106 3141 2216 3217 Nos
2235 3151 2414 3196 autem
2439 3143 2672 3197 diximus
2699 3141 2839 3211 quod
2869 3141 2949 3196 sic
2979 3139 3254 3196 credimus
3274 3154 3414 3209 quo-

125 3235 225 3288 hic
255 3235 513 3303 patimur.
544 3233 800 3298 Joannes,
827 3232 916 3302 qui
950 3231 1049 3285 fuit
1075 3232 1141 3287 de
1167 3223 1494 3297 monasterio
1524 3227 1581 3283 S.
1615 3227 1715 3282 Sa-
1749 3229 1792 3288 B
1821 3234 1978 3288 modo
2004 3240 2189 3288 sancta
2211 3233 2538 3287 resurrectio
2563 3231 2775 3286 Domini
2801 3239 2856 3286 et
2881 3231 3037 3285 sedes
3053 3237 3238 3284 sancta
3269 3243 3402 3297 apo-

122 3329 238 3390 bzn,
270 3341 440 3396 quem
477 3325 783 3380 Thcodulus
833 3324 1104 3394 iguminus
1149 3339 1337 3402 servus
1378 3330 1556 3377 vester
1595 3322 1719 3385 scit,

122 3419 250 3487 ipse
278 3417 495 3472 levatus
520 3426 604 3472 est
634 3432 794 3487 super
841 3431 938 3471 nos
964 3417 1190 3471 dicendo
1218 3416 1358 3486 quod
1405 3414 1598 3470 Franci
1631 3416 1721 3484 qui

119 3501 262 3562 sunt
294 3509 353 3562 in
391 3517 577 3563 monte
601 3506 792 3564 Oliveti
824 3507 1065 3562 haeretici
1115 3515 1262 3571 sunt,
1303 3514 1360 3561 et
1388 3505 1522 3560 dixit
1569 3506 1725 3560 nobis

114 3599 258 3668 Quia
291 3597 492 3652 omnes
520 3596 711 3650 Franci
745 3596 981 3651 haeretici
1017 3595 1167 3660 estis,
1200 3606 1253 3650 et
1287 3583 1536 3665 reprobat
1566 3595 1722 3649 ﬁdem

111 3697 387 3743 nostram
417 3686 644 3740 dicendo
673 3686 796 3756 quia
829 3701 933 3738 non
957 3693 1041 3739 est
1067 3685 1239 3755 major
1261 3678 1502 3740 haeresis.
1533 3685 1599 3738 Et
1626 3699 1724 3739 nos

106 3779 167 3833 ei
193 3778 483 3832 dicimus:
505 3776 715 3839 Frater,
739 3775 856 3830 sile.
882 3775 1035 3843 Quod
1065 3776 1110 3830 si
1135 3792 1232 3832 nos
1258 3777 1390 3831 dicis
1420 3775 1719 3841 haereticos,

106 3871 186 3924 de
216 3869 362 3924 sede
400 3878 587 3924 sancta
635 3867 927 3939 apostolica
971 3868 1104 3923 dicis
1148 3869 1416 3924 lueresim.
1455 3869 1521 3922 Et
1557 3882 1724 3938 usque

103 3960 167 4012 in
200 3964 442 4013 tantum
485 3974 582 4014 nos
612 3958 950 4014 conturbavit
980 3967 1036 4011 ut
1077 3959 1128 4012 in
1161 3958 1246 4013 die
1287 3959 1479 4013 natalis
1512 3957 1723 4012 Domini

101 4051 165 4103 in
191 4059 468 4106 sanctam
498 4049 807 4106 Bethlehem
835 4048 884 4104 in
914 4060 1100 4104 sancto
1125 4051 1407 4121 praesepio,
1431 4050 1517 4104 ubi
1543 4058 1726 4106 noster

98 4141 409 4194 Dominus
437 4139 742 4210 redemptor
780 4140 998 4193 humani
1045 4139 1256 4210 generis
1300 4154 1395 4208 pro
1425 4139 1606 4211 mundi
1634 4155 1723 4195 sa-

94 4230 230 4282 lute
267 4229 440 4283 nasci
468 4229 718 4299 dignatus
745 4238 848 4293 est,
897 4228 1241 4284 submitteret
1285 4230 1450 4285 laicos
1480 4223 1728 4284 homines

89 4319 205 4388 qui
245 4333 365 4372 nos
399 4317 548 4372 foras
578 4317 838 4388 projicere
871 4319 1088 4383 vellent,
1118 4318 1344 4376 dicendo
1377 4323 1518 4390 quod
1553 4315 1726 4377 luere-

93 4411 203 4464 tici
236 4411 394 4464 estis
420 4451 434 4474 ,
467 4418 521 4464 et
562 4410 680 4464 libri
728 4425 863 4479 quos
892 4410 1102 4464 habetis
1143 4411 1381 4466 haeretici
1427 4422 1569 4466 sunt.
1621 4413 1725 4466 Sed

86 4513 209 4568 per
243 4507 509 4553 vestram
539 4503 777 4554 sanctam
805 4499 1102 4554 Orationem
1131 4509 1184 4554 et
1223 4501 1378 4554 ﬁdem
1407 4501 1727 4556 confortavit

1823 3325 2008 3381 stolica
2066 3324 2327 3380 Romana.
2357 3324 2499 3379 'Post
2551 3325 2667 3378 hare
2720 3323 2835 3392 ipse
2885 3321 3305 3390 archidiaconus
3356 3318 3413 3372 in

1824 3425 2011 3472 sancto
2033 3415 2387 3471 Constantino
2416 3431 2522 3470 una
2557 3416 2836 3470 nobiscum
2876 3411 3128 3469 ascendit
3161 3413 3213 3465 in
3241 3425 3410 3482 pergo

1822 3517 1877 3564 et
1906 3507 2225 3577 legitipsam
2251 3500 2454 3562 cartam
2480 3506 2531 3560 in
2560 3506 2775 3576 popu'o.
2810 3505 2876 3558 Et
2918 3519 3016 3558 uos
3061 3502 3199 3556 servi
3239 3500 3408 3555 vestri

1823 3596 2400 3653 anathematizavimus
2433 3610 2647 3651 omnem
2697 3593 2946 3649 haeresim
2988 3601 3043 3647 ct
3090 3605 3282 3645 omnes
3316 3587 3412 3658 qui

1823 3693 1889 3747 de
1925 3698 2113 3747 sancta
2135 3690 2267 3745 sede
2293 3688 2589 3758 apostolica
2616 3687 2858 3742 Romana
2883 3685 3116 3739 dixerint
3138 3683 3273 3737 ham
3285 3681 3411 3736 sim.

1823 3791 1891 3845 Et
1916 3805 2080 3855 nunc,
2107 3789 2320 3844 domine
2349 3787 2508 3841 Pater
2533 3783 2940 3854 benignissime,
2962 3781 3202 3852 cogitare
3229 3780 3418 3848 digne-

1827 3883 1902 3938 ris
1927 3881 1994 3936 de
2020 3881 2175 3936 nobis
2207 3879 2379 3935 servis
2409 3880 2534 3944 tuis,
2572 3878 2661 3948 qui
2698 3875 2799 3930 etsi
2821 3875 2887 3930 de
2908 3874 3202 3944 longinquo
3223 3870 3416 3933 simus,

1824 3987 1952 4027 oves
1977 3981 2079 4026 tua:
2107 3987 2312 4036 sumus,
2350 3980 2407 4026 et
2448 3970 2543 4025 tibi
2571 3967 2893 4024 commissus
2941 3974 3026 4021 est
3053 3964 3233 4019 omnis
3262 3979 3419 4017 muno

1834 4062 1955 4126 dus,
1998 4063 2136 4117 sicut
2172 4070 2353 4118 vestra
2399 4060 2661 4115 sanctitas
2706 4058 2838 4121 scit,
2879 4057 3018 4111 sicut
3045 4056 3121 4109 ait
3160 4053 3421 4109 Dominus

1827 4153 1881 4206 Ρ.
1905 4163 1986 4209 tro
2017 4172 2029 4207 :
2061 4153 2120 4208 Si
2141 4154 2314 4224 diligis
2358 4171 2457 4216 me,
2510 4152 2686 4215 Patre,
2715 4166 2869 4220 pasce
2887 4165 3012 4202 oves
3057 4163 3200 4200 meas
3230 4146 3414 4216 (Joau.

1829 4261 1943 4310 χιι,
1982 4243 2092 4315 16).
2131 4243 2520 4314 Benignissime
2557 4249 2741 4310 pater,
2779 4240 2906 4292 dum
2948 4252 3122 4292 essem
3157 4250 3259 4306 ego
3307 4234 3418 4290 Leo

1829 4348 2016 4388 servus
2073 4341 2250 4386 vester
2292 4331 2358 4383 ad
2407 4338 2594 4384 sancta
2644 4327 2866 4398 vestigia
2911 4335 3090 4379 vestra
3116 4331 3172 4378 et
3217 4323 3284 4377 ad
3327 4323 3418 4392 pia

1832 4423 2054 4494 vestigia
2097 4420 2280 4476 domui
2329 4419 2504 4475 Caroli
2553 4418 2781 4488 piissimi
2836 4415 3179 4486 imperatoris
3216 4413 3421 4484 ﬁliique

1833 4515 2022 4580 vestri,
2053 4512 2356 4567 audivimus
2401 4512 2453 4565 in
2507 4509 2709 4582 capella
2756 4508 2873 4578 ejus
2920 4507 3025 4562 dici
3067 4508 3120 4561 in
3175 4507 3422 4577 symbolo

86 4607 212 4645 nos
242 4591 553 4646 Dominus.
581 4591 693 4646 Non
713 4593 860 4646 enim
899 4602 1185 4662 potuerunt
1213 4609 1311 4647 nos
1344 4592 1487 4648 foras
1512 4588 1726 4662 ejicere.

1836 4604 1959 4658 ﬁdei
1997 4577 2086 4675 qui
2130 4619 2196 4656 ea:
2231 4599 2394 4655 Patre
2431 4577 2670 4670 Filioque
2722 4577 2990 4668 procedit,
3034 4607 3088 4653 et
3117 4597 3168 4650 in
3197 4596 3418 4651 humilia

86 4684 395 4738 Diximus
425 4691 652 4738 omnes:
683 4685 780 4740 llic
811 4685 1055 4739 volumus
1102 4686 1256 4740 mori.
1288 4685 1421 4740 Nam
1461 4685 1605 4740 {oras
1631 4701 1729 4741 nos

85 4789 220 4826 non
256 4772 535 4841 cjicietis.
565 4773 716 4829 Unde
741 4775 1031 4830 etl‘ecimus
1062 4791 1248 4831 vocem
1276 4784 1514 4830 nostram
1541 4791 1730 4831 omnes

85 4876 209 4918 nos
265 4865 439 4919 servi
467 4867 630 4919 vestri
683 4865 889 4934 pariter
929 4865 1154 4920 dicendo
1191 4867 1256 4918 ad
1305 4867 1613 4921 sacerdotes
1639 4866 1728 4935 qui

85 4962 244 5008 sunt
289 4955 359 5009 in
412 4963 600 5008 saneta
651 4955 908 5008 civitate:
951 4953 1157 5017 Videte,
1196 4963 1377 5023 patres
1417 4963 1471 5009 et
1517 4945 1730 5020 fratres,

86 5046 159 5100 de
191 5047 332 5102 isto
360 5046 591 5111 homine
610 5045 701 5115 qui
731 5053 914 5098 contra
938 5060 1034 5098 nos
1065 5049 1212 5100 tanta
1254 5056 1306 5100 et
1334 5047 1459 5100 talia
1497 5039 1752 5119 loquitur~

85 5148 138 5193 ξι
176 5147 424 5195 contra
456 5137 612 5192 ﬁdem
643 5147 886 5192 sanctam
909 5136 1223 5202 Romanam,
1259 5139 1383 5207 quia
1420 5140 1543 5194 talia
1569 5141 1734 5195 verba

87 5240 435 5298 iun'quam
463 5227 766 5282 audivimus
790 5225 854 5278 de
875 5221 1031 5294 gente
1053 5237 1257 5283 nostra.
1286 5227 1351 5280 Et
1373 5239 1494 5298 post
1515 5230 1627 5287 hzec
1649 5228 1737 5283 die

85 5327 318 5374 iancto
385 5316 672 5372 Dominico
719 5318 1029 5384 congregati
1075 5326 1201 5371 sunt
1247 5320 1557 5376 sacerdotes
1610 5332 1735 5374 cum

86 5409 254 5456 'lem
287 5416 367 5456 el.
395 5408 593 5456 nomiln
637 5413 828 5444 ιιηηηνι

886 5411 1129 5442 ⁸⁶⁸⁵⁸Ὴιηὶ
1177 5405 1478 5450 consula—qm
1522 5405 1734 5448 “nmini

1836 4695 2007 4750 sancti
2055 4693 2320 4764 Gregorii,
2355 4708 2516 4761 quam
2571 4681 2914 4747 nobis'ﬁlius
2965 4699 3146 4746 vester
3193 4688 3423 4743 domnus

1835 4783 2062 4839 Carolus
2113 4782 2406 4852 imperator
2454 4782 2638 4847 dedit,
2679 4780 2732 4833 in
2786 4780 3045 4850 parabola
3107 4789 3420 4834 octavarum

1836 4871 2078 4937 Pascha},
2109 4873 2198 4925 ubi
2226 4871 2391 4927 dixit:
2421 4869 2526 4924 Sed
2556 4865 2673 4940 ejus
2698 4869 2876 4922 missio
2902 4869 3015 4938 ipsa
3039 4867 3297 4938 processio
3321 4874 3422 4926 est,

1836 4963 1924 5034 qui
1957 4965 2022 5018 de
2061 4961 2224 5016 Patre
2253 4960 2486 5031 procedit
2518 4971 2565 5015 et
2617 4957 2786 5013 Filio.
2816 4959 2880 5012 Et
2924 4959 2977 5012 in
3032 4956 3212 5029 regula
3253 4956 3428 5032 sancti

1837 5055 2138 5121 Benedicti,
2184 5069 2346 5125 quam
2399 5053 2557 5131 nobis
2595 5049 2744 5108 dedit
2794 5051 2948 5131 ﬁlius_
2977 5045 3168 5108 vester
3205 5049 3433 5101 domnus

1841 5145 2085 5214 Carolus,
2110 5163 2229 5218 qua:
2249 5125 2416 5202 habet
2443 5145 2606 5205 ﬁdem
2645 5141 2911 5211 scriptam
2929 5125 3014 5202 'de
3047 5149 3231 5202 sancta
3264 5150 3321 5193 et
3355 5137 3436 5190 iu-

1840 5239 2132 5308 separabili
2162 5237 2452 5300 Triuitate,
2485 5241 2662 5298 dicit:
2698 5230 2875 5288 Credo
2911 5234 3161 5305 Spiritum
3203 5232 3437 5302 sanctum

1842 5327 2015 5387 Deum
2053 5348 2231 5388 verum
2275 5345 2340 5384 ea:
2372 5325 2545 5390 Patre
2591 5323 2965 5402 procedentem
3008 5341 3054 5383 et
3097 5326 3254 5398 Filio.
3285 5321 3351 5377 Et
3389 5319 3443 5371 in

1840 5416 2058 5456 (“alnum
2103 5434 2260 5456 IIIle
2322 5415 2483 5452 ιπιιιῖο
2547 5436 2618 5456 mm
