3992 6306
558 314 697 383 “59

1335 308 1626 382 serene.
1667 324 1760 383 AD
1797 325 1971 384 διες.
2010 326 2098 383 Ix.
2122 328 2207 368 ‘—-
2244 313 2613 387 sucrones
2647 326 2975 389 ANONYMI.

556 422 721 504 Filio,
751 445 806 495 ct
835 436 901 493 de
937 436 1040 493 hac
1079 436 1225 493 misit
1267 439 1524 510 grandem
1548 454 1788 496 errorem
1818 455 1917 515 per
1962 440 2142 496 omnia
2170 448 2217 509 Α
2248 448 2370 498 tens
2410 442 2552 497 Deus
2591 444 2685 498 sua
2732 439 2829 499 vos
2863 444 3203 514 protectione
3240 446 3548 512 custodiat.
3592 456 3762 517 atque
3792 462 3825 503 a

560 524 913 595 titanasteria,
961 535 1015 583 et
1052 527 1362 598 requirebat
1403 529 1561 585 ﬁdem
1603 540 1843 586 nostram
1874 538 1931 586 et
1976 530 2142 587 libros

555 626 793 685 nostros,
817 627 873 674 et
896 618 963 673 de
989 617 1208 675 domino
1251 618 1515 690 Gregorio
1554 619 1685 676 dicit
1712 620 1854 690 quod
1886 636 1992 677 non
2034 620 2142 677 sint

559 709 851 780 recipiendi
874 708 992 780 ejus
1018 710 1163 767 libri.
1197 711 1346 768 Unde
1369 713 1565 768 iterum
1592 723 1753 784 atque
1769 714 1961 769 iterum
1978 754 1993 778 ,
2016 726 2141 771 San-

550 806 646 868 tte
669 802 850 871 Pater,
873 803 928 859 in
956 812 1154 860 terram
1186 808 1439 877 prostrati
1460 822 1583 864 cum
1613 808 1873 880 laerymis
1897 808 2139 879 postula-

558 908 680 949 mus
704 903 760 951 et
787 910 1040 968 rogamus
1061 904 1113 952 te
1137 911 1234 968 per
1252 892 1469 953 Patrem
1499 908 1555 955 et
1575 898 1770 954 Filium
1793 907 1849 954 et
1878 897 2138 971 Spiritum

555 991 825 1052 sanctum,
854 988 944 1057 qui
986 985 1224 1043 Trinitas
1253 989 1626 1061 inseparabilis
1654 1006 1794 1046 unus
1835 986 2052 1056 dicitur,
2081 1001 2139 1045 ut

555 1072 795 1144 digneris
818 1076 1093 1147 inquirere
1120 1087 1230 1133 tam
1260 1079 1314 1134 in
1343 1078 1535 1136 Graeco
1560 1096 1722 1151 quam
1764 1081 1820 1136 in
1852 1080 2042 1139 Latino
2069 1082 2137 1138 de

555 1170 759 1226 sanctis
784 1171 1034 1228 Patribus
1059 1174 1151 1243 qui
1185 1173 1499 1245 Symbolum
1528 1185 1946 1247 composuerunt
1974 1176 2136 1231 istum

553 1274 859 1318 sermonem
890 1263 983 1318 ubi
1002 1262 1201 1321 dicitur
1222 1281 1288 1319 ea:
1329 1262 1491 1321 Patre
1525 1265 1769 1336 Filioque
1793 1265 2044 1337 procedit.
2068 1264 2135 1320 Et

553 1351 609 1406 in
640 1351 829 1408 Graeco
859 1368 964 1409 non
1005 1354 1192 1410 dicunt
1234 1356 1377 1411 sicut
1425 1370 1545 1423 nos,
1578 1357 1671 1413 sed
1717 1357 1905 1412 dieunt
1946 1355 2038 1427 qui
2071 1373 2136 1411 ex

459 1434 467 1441 ’
554 1438 720 1496 Patre
738 1443 991 1512 procedit,
1033 1434 1090 1499 et
1127 1446 1312 1501 vident
1354 1447 1514 1502 istum
1563 1461 1869 1503 sermonem
1914 1463 2133 1520 gravem

553 1547 715 1604 quem
743 1549 842 1591 nos
867 1535 1096 1593 dicimus
1135 1537 1188 1593 in
1231 1537 1440 1595 Latino.
1477 1539 1544 1594 Et
1592 1541 1850 1597 mandere
1894 1541 2135 1613 digneris

553 1625 752 1682 domno
776 1626 971 1693 Carolo
996 1628 1306 1701 imperatori
1330 1629 1442 1688 lilio
1474 1640 1653 1688 vestro
1681 1633 1825 1704 quod
1847 1647 1944 1689 nos
1970 1633 2133 1689 istum

549 1728 854 1773 sermonem
885 1719 942 1774 in
970 1719 1087 1790 ejus
1133 1721 1338 1791 capella
1382 1723 1707 1791 audivimus,
1735 1725 1826 1796 qui
1864 1742 1930 1780 ex
1974 1723 2135 1781 Patre

2244 532 2467 603 perﬁdis
2504 534 2757 589 omnibus
2810 530 3036 615 regnum
3081 544 3323 618 vestrum
3369 538 3453 593 sui
3506 538 3831 596 extensione

2242 625 2449 679 brachii
2473 623 2758 691 defendat,
2789 641 2993 699 vosque
3024 637 3144 698 post
3170 628 3327 702 longa
3353 645 3626 686 annorum
3657 629 3830 685 curri-

2242 713 2364 769 cula
2394 716 2462 773 ad
2490 717 2686 786 gaudia
2712 725 2917 774 teterna
2948 720 3231 790 perducat.
3267 721 3585 778 Piissimum
3621 720 3830 779 domini

2200 871 2206 877 θ
2242 802 2419 859 Caroli
2461 805 2749 876 imperium
2796 808 2973 880 gratia
3025 825 3261 881 superna
3313 813 3627 879 custodiat,
3669 813 3831 884 eique

2244 896 2488 951 omnium
2521 898 2763 968 gentium
2794 900 2933 955 colla
2963 901 3294 959 substernat.

2308 985 2500 1067 Incipit
2532 987 2851 1062 Symbolum:
2870 994 3177 1070 orthodoxi:
3201 997 3327 1066 ﬁdei
3358 996 3549 1053 Leonis
3582 1016 3761 1070 papa

2305 1075 2420 1133 Leo
2444 1077 2728 1149 episcopus
2748 1096 2940 1138 servus
2959 1096 3240 1145 servorum
3262 1085 3357 1141 Dei
3374 1087 3635 1143 omnibus
3650 1089 3831 1143 orien-

2241 1165 2437 1224 talibus
2464 1168 2740 1226 Ecclesiis.
2762 1171 2878 1229 Hoc
2900 1174 3203 1245 symbolum
3233 1178 3552 1234 orthodoxa:
3582 1177 3711 1234 ﬁdei
3737 1193 3831 1234 vo-

2237 1256 2323 1315 bis
2347 1257 2614 1316 mittimus
2638 1270 2698 1316 ut
2722 1262 2830 1317 tam
2859 1278 2958 1320 vos
2977 1280 3141 1335 quam
3169 1267 3348 1322 omnis
3375 1267 3617 1323 mundus
3633 1283 3830 1323 secul-

2238 1347 2364 1404 dum
2404 1347 2706 1423 Romanam
2743 1362 2985 1410 sanctam
3022 1355 3345 1411 catholicam
3382 1366 3438 1411 et
3467 1358 3831 1428 apostolica-

2238 1432 2538 1497 Ecclesiam
2588 1448 2796 1500 rectam
2856 1454 2913 1500 et
2966 1446 3286 1503 inviolatam
3350 1449 3588 1504 teneatis
3640 1448 3829 1503 ﬁdem.

2236 1529 2519 1605 Credimus
2550 1542 2798 1593 sanctam
2828 1534 3154 1593 Trinitatem
3176 1576 3192 1603 ,
3223 1536 3275 1593 id
3303 1545 3418 1603 est,
3448 1538 3668 1594 Patrem
3688 1578 3707 1603 ,
3736 1537 3829 1592 Fi-

2190 1672 2195 1676 .
2236 1622 2401 1703 lium,
2438 1634 2492 1680 et
2530 1624 2792 1697 Spiritum
2831 1637 3114 1695 sanctum,
3154 1644 3321 1684 unum
3357 1628 3526 1684 Deum
3578 1628 3831 1700 omnipo-

2240 1716 2480 1783 tentem,
2525 1718 2687 1774 unius
2732 1719 3082 1785 substantiae,
3131 1719 3293 1775 iunius
3332 1721 3621 1787 essentize,
3662 1719 3831 1775 unius

552 1807 797 1882 Fitioque
818 1812 1070 1882 procedit.
1102 1812 1171 1868 Et
1203 1828 1300 1870 nos
1346 1814 1439 1871 hic
1477 1829 1665 1872 servos
1702 1818 1915 1872 vestros
1956 1823 2136 1872 certos
2166 1822 2210 1881 Β
2239 1808 2556 1877 Ροιθειθιίεν
2585 1806 2902 1865 Creatorem
2934 1810 3177 1865 omnium
3207 1819 3583 1867 creaturarum
3604 1851 3619 1876 ,
3652 1826 3688 1866 a
3720 1824 3831 1883 quo

550 1898 733 1957 facere
752 1901 1022 1972 digneris,
1050 1901 1176 1973 quia
1202 1900 1348 1958 nulla
1372 1903 1582 1976 species
1621 1901 1779 1973 hujus
1808 1903 2135 1962 sacramenti

553 2002 662 2050 tam
704 1994 862 2049 nobis
905 1993 1163 2050 amabilis
1200 1995 1447 2055 videatur
1492 2010 1654 2066 quam
1701 2004 1924 2050 sanctus
1957 2004 2139 2051 vester

548 2085 731 2141 vultus
751 2095 805 2140 et
850 2095 1035 2143 sancta
1063 2087 1241 2143 oratio
1280 2096 1337 2142 et
1372 2087 1477 2159 dep
1507 2087 1684 2144 ecatio
1732 2102 1826 2143 seu
1872 2087 2134 2143 memoria

550 2184 751 2235 vestra.
780 2176 1022 2235 [luderet
1067 2177 1359 2249 poscimus,
1404 2177 1789 2249 benignissime
1829 2177 2010 2242 Pater,
2039 2192 2133 2232 ve-

547 2277 716 2325 stram
747 2269 1147 2326 sanctissimam
1176 2270 1431 2340 pietatem
1462 2280 1520 2325 ut
1566 2268 1665 2325 hos
1708 2284 1895 2329 servos
1922 2279 2134 2327 vestros

546 2347 810 2416 Joannem
836 2360 1233 2432 presbyterum,
1276 2359 1501 2431 quando
1538 2360 1649 2415 Deo
1688 2359 2025 2431 gubernante
2065 2359 2133 2415 ad

546 2458 954 2507 sacrosanctam
981 2458 1217 2508 vestram
1245 2446 1566 2523 gravitatem
1586 2452 1953 2522 pervenerint,
1984 2451 2134 2507 beni-

548 2555 653 2612 gne
680 2542 959 2612 suscipere
985 2542 1281 2614 dignemini
1303 2551 1360 2599 et
1396 2543 1555 2599 nobis
1584 2543 1757 2599 servis
1790 2543 1988 2599 vestris
2015 2558 2135 2599 ccr-
2163 2619 2166 2622 ἢ

549 2640 663 2688 tum
691 2633 1004 2700 mandatum
1033 2633 1288 2706 dirigere.
1314 2632 1772 2690 Commendamus
1804 2649 1904 2690 nos
1951 2633 2134 2690 Domi-

545 2723 721 2790 uicus,
754 2716 1094 2793 Theodorus,
1122 2725 1479 2792 Arimundus,
1505 2724 1821 2797 Gregorius,
1868 2720 2128 2793 Joannes,

544 2813 678 2879 Leo,
707 2826 764 2870 et
784 2816 962 2872 omnis
984 2817 1334 2888 congregatio
1380 2818 1448 2872 de
1495 2827 1679 2873 monte
1713 2825 1904 2873 sancto
1933 2816 2130 2892 Oliveti

544 2906 765 2963 humilis
793 2907 935 2963 servi
963 2909 1127 2965 vestri
1150 2909 1347 2966 vestris
1370 2910 1543 2966 sac'is
1571 2925 1635 2966 ac
1660 2908 1771 2966 Deo
1807 2910 1982 2982 dignis
2009 2926 2132 2966 ora-

545 2998 805 3054 tionibus.
839 2999 980 3055 Dens
1020 3008 1077 3054 et
1131 3001 1390 3057 Dominus
1441 3010 1629 3058 noster
1670 3010 1744 3069 te,
1791 3000 2133 3058 sanctissime

543 3088 741 3158 Pater,
769 3104 893 3147 eum
940 3092 1189 3149 omnibus
1222 3089 1338 3149 tuis
1386 3093 1454 3148 ad
1496 3093 1881 3149 exaltationem
1929 3092 2133 3151 sanctae

2237 1899 2420 1955 omnia
2440 1941 2455 1966 ,
2486 1914 2584 1971 per
2616 1914 2777 1970 quem
2806 1901 3020 1967 oiunia,
3054 1901 3108 1956 in
3146 1906 3259 1973 quo
3279 1901 3494 1968 omnia,
3526 1900 3762 1956 Patrem
3797 1916 3831 1955 a

2236 2008 2294 2047 se
2338 1993 2499 2064 ipso,
2554 2008 2661 2049 non
2705 1992 2774 2048 ab
2818 1993 2956 2057 alio,
3005 1993 3201 2048 Filium
3248 2010 3278 2048 a
3327 1990 3488 2049 Patre
3540 1993 3829 2064 genium,

2232 2089 2406 2145 Deum
2444 2104 2635 2146 verum
2673 2089 2742 2145 de
2766 2089 2879 2145 Deo
2912 2104 3070 2155 vero,
3104 2089 3281 2144 lumen
3305 2103 3492 2143 verum
3521 2089 3588 2142 de
3618 2086 3831 2142 lumine

2234 2184 2384 2246 vcr‘o,
2428 2197 2533 2236 non
2594 2188 2772 2235 tamen
2828 2179 2934 2234 duo
2979 2164 3215 2244 lumina,
3259 2178 3362 2234 sed
3394 2192 3560 2232 unum
3612 2175 3827 2231 lumen.

2235 2269 2498 2342 Spiritum
2526 2281 2772 2328 sanctum
2802 2286 2830 2326 a
2855 2270 3017 2326 Patre
3043 2279 3096 2326 et
3134 2286 3163 2324 a
3200 2269 3339 2325 Filio
3374 2269 3665 2339 aequaliter
3705 2283 3829 2340 pro-

2233 2364 2547 2431 cedentem,
2577 2360 3094 2419 consubstantialem
3122 2371 3448 2419 coaeternum
3472 2361 3625 2417 Patri
3660 2371 3721 2418 et
3742 2358 3832 2417 Fi-

2232 2455 2324 2510 lio.
2362 2455 2526 2511 Pater
2561 2456 2754 2527 plenus
2783 2456 2926 2512 Deus
2959 2456 3012 2510 in
3042 2471 3137 2517 se,
3178 2454 3349 2511 Filius
3381 2454 3578 2528 plenus
3615 2455 3773 2511 Deus
3798 2469 3831 2510 a

2230 2542 2393 2599 Patre
2423 2545 2666 2616 genitus,
2693 2543 2929 2616 Spiritus
2956 2558 3177 2601 sanetus
3204 2540 3395 2615 plenus
3420 2545 3567 2601 Deus
3592 2561 3629 2599 a
3664 2545 3833 2602 Patre

2230 2643 2286 2691 et
2306 2633 2445 2689 Filio
2464 2634 2781 2705 procedens.
2806 2632 2924 2689 Non
2951 2643 3133 2689 tamen
3158 2642 3269 2689 tres
3292 2634 3423 2690 deos
3443 2635 3711 2699 dicimus,
3738 2635 3833 2691 sed

2230 2728 2398 2781 unum'
2428 2727 2598 2781 Deum
2630 2725 3086 2797 omnipotentem,
3120 2730 3385 2781 aeternum
3406 2767 3425 2791 ,
3453 2725 3833 2793 invisibilem.

2232 2814 2761 2881 incommutabilem,
2817 2816 2909 2888 qui
2960 2808 3107 2873 totus
3153 2826 3237 2871 est
3285 2816 3486 2887 ubique
3543 2822 3833 2887 presens,

2231 2924 2337 2964 non
2368 2925 2466 2980 per
2494 2918 2677 2979 partes
2704 2909 2940 2975 divisus,
2973 2911 3069 2966 sed
3112 2919 3259 2990 totus
3296 2911 3350 2965 in
3390 2912 3693 2975 omnibus,
3725 2927 3835 2967 non

2231 3000 2498 3067 localiter,
2544 3002 2638 3056 sed
2680 3001 3060 3071 personaliter,
3102 3001 3195 3072 qui
3230 3003 3349 3057 sine
3387 3004 3833 3059 commutatione

2231 3092 2312 3148 sui
2360 3091 2633 3147 mutabilia
2677 3093 2885 3147 creavit
2932 3100 2989 3149 et
3029 3100 3213 3147 creata
3254 3094 3559 3163 gubernat,
3614 3107 3836 3165 semper

545 3192 658 3236 sua:
704 3181 958 3237 Ecclesiae
1000 3189 1055 3237 et
1085 3180 1152 3236 ad
1199 3182 1435 3248 salutem~
1459 3183 1655 3239 animae
1696 3190 1801 3239 tute
1828 3191 1882 3239 et
1907 3184 1977 3239 ad
1997 3199 2128 3256 gau-i
2155 3174 2200 3236 C
2230 3190 2463 3237 manens
2486 3181 2538 3236 id
2560 3181 2702 3251 quod
2729 3190 2809 3237 est
2828 3221 2844 3247 ,
2876 3181 2962 3236 cui
2991 3180 3122 3236 nihil
3151 3183 3404 3238 accidens
3428 3197 3561 3239 esse
3590 3184 3833 3253 poterit,

542 3273 691 3329 dium
718 3283 964 3330 nostrum
994 3289 1201 3346 regere,
1227 3282 1528 3353 protegere,
1563 3283 1618 3331 et
1652 3275 1741 3351 pia
1781 3276 2129 3333 miseratione

544 3366 598 3419 in
628 3363 886 3421 omnibus
907 3370 973 3421 et‘
986 3379 1084 3436 per
1106 3366 1291 3421 omnia
1320 3365 1594 3423 custodire
1621 3365 1895 3439 dignetur,
1928 3368 2020 3438 qui
2048 3367 2128 3423 di-

542 3455 685 3510 citur
708 3455 1023 3513 benedictus
1052 3457 1105 3511 in
1134 3456 1349 3517 saecula.
1530 3458 1540 3465 ‘

880 3546 984 3603 Leo
1014 3544 1165 3618 Papa
1191 3546 1290 3620 I_II
1318 3547 1509 3604 Carolo
1537 3550 1792 3621 Angusto.

612 3631 847 3696 Domino
866 3639 1115 3710 piissimo
1136 3649 1194 3697 et
1221 3641 1571 3698 serenissimo
1597 3641 1792 3698 victori
1831 3656 1897 3697 ac
1934 3635 2133 3696 trium!

2229 3272 2353 3345 quia
2383 3271 2612 3342 simplici
2640 3271 2942 3327 divinitatis
2968 3279 3178 3358 natura:
3204 3270 3342 3326 nihil
3370 3271 3501 3327 addi
3530 3272 3625 3328 vel
3654 3274 3830 3329 minui

2228 3374 2436 3436 potest,
2471 3365 2598 3436 quia
2626 3377 2844 3436 semper
2871 3365 3016 3436 quod
3044 3371 3161 3430 est,
3192 3364 3276 3419 cui
3320 3378 3547 3435 semper
3591 3366 3835 3436 primum

2225 3465 2310 3514 est
2328 3499 2343 3524 ,
2371 3458 2458 3530 cui
2486 3458 2875 3528 sempiternum
2901 3466 3016 3523 est,
3044 3450 3130 3511 cui
3161 3456 3300 3511 idem
3327 3465 3412 3511 est
3436 3472 3587 3524 esse,
3624 3458 3833 3524 vivere.

2135 3566 2139 3570 ·
2229 3559 2282 3605 et
2309 3550 2633 3623 intelligere.
2662 3550 2729 3605 Et
2755 3550 2869 3606 haec
2899 3550 3001 3604 tria
3027 3565 3168 3605 unus
3191 3548 3354 3605 Deus.
3384 3549 3519 3606 [hoc
3551 3552 3665 3606 tria
3690 3552 3835 3607 idem

2226 3636 2368 3698 Deus
2409 3652 2463 3698 et
2504 3641 2796 3707 Dominus,
2840 3657 2966 3697 vera
3008 3650 3065 3697 et
3109 3640 3447 3712 sempiterna
3478 3640 3736 3698 Trinitas
3770 3643 3829 3698 in

386 4862 391 4867 ο
416 4824 423 4829 ’
454 4884 457 4885 ν
536 4832 680 4887 dam.
705 4831 915 4888 Interea
936 4838 1269 4888 revertentes
1289 4831 1793 4901 praesenteslldeles
1818 4831 2117 4893 servientes

424 5665 431 5671 ’
532 5658 729 5734 stolam
764 5674 925 5730 quam
957 5642 1114 5714 nobis
1142 5654 1383 5727 praedicti
1408 5653 1595 5731 ﬁdeles
1616 5651 1783 5707 vestri
1809 5648 2118 5707 detulerunt

541 3733 757 3803 phatori
809 3732 923 3788 lilio
971 3735 1202 3788 amatori
1256 3733 1352 3789 Dei
1403 3743 1460 3790 et
1509 3732 1723 3790 Domini
1774 3732 1949 3789 nostri
1996 3731 2123 3789 Jesu
2224 3733 2506 3803 personis,
2543 3748 2672 3788 vera
2702 3742 2758 3789 et
2787 3734 3118 3804 sempiterna
3151 3733 3335 3788 unitas
3376 3733 3432 3787 in
3479 3734 3837 3798 substantia,

540 3825 743 3883 Christi
790 3824 1011 3883 Canow
1047 3826 1288 3898 Augusto
1324 3826 1447 3883 Leo.
1472 3828 1756 3899 episcopus
1794 3841 1984 3883 servus
2006 3841 2123 3883 ser-
2224 3823 2351 3893 quia
2383 3838 2487 3877 una
2515 3832 2601 3879 est
2638 3822 2944 3879 substantia
2981 3821 3147 3879 Pater
3185 3832 3242 3879 et
3280 3822 3459 3887 Filius
3493 3834 3553 3880 et
3593 3824 3835 3896 Spiritus

541 3920 731 3972 verum
768 3915 885 3971 Dei.
926 3915 1124 3971 Omnia
1157 3931 1279 3986 quae
1316 3918 1385 3973 de
1428 3917 1654 3989 singulis
1684 3918 1932 3989 partibus
1968 3916 2127 3974 nobis
2224 3923 2463 3970 sanctus.
2495 3913 2623 3970 llaec
2646 3928 2776 3969 vero
2801 3920 2991 3969 sancta
3017 3913 3261 3969 Trinitas
3285 3913 3423 3969 nihil
3451 3924 3542 3970 est
3569 3916 3627 3969 in
3658 3917 3839 3972 tribus

541 4005 797 4063 aceldunt
824 4018 1047 4063 necesse
1074 4008 1156 4064 est
1185 4014 1245 4064 ut
1274 4017 1469 4065 vestra:
1500 4009 1809 4066 intimemus
1856 4009 2122 4080 imperiali
2223 4006 2471 4077 personis
2497 4005 2658 4061 simul
2686 4005 2979 4060 nominatis
3005 4020 3168 4077 quam
3201 4005 3255 4060 in
3285 4022 3389 4060 una
3419 4008 3679 4077 qualiLel
3712 4024 3837 4079 per-

539 4096 818 4167 petestati.
858 4095 1125 4154 Praesenti
1155 4097 1421 4170 siquidem
1450 4102 1594 4163 antio
1623 4099 1940 4155 direxerant
1967 4100 2124 4157 nobis
2222 4109 2356 4151 sena
2379 4093 2547 4151 semel
2569 4093 2735 4160 dicta,
2759 4093 3016 4165 quoniam
3041 4111 3380 4167 unaquazque
3400 4111 3649 4166 persona
3672 4099 3837 4169 plena

534 4190 820 4261 epistolam
858 4191 1109 4247 monachi
1147 4192 1240 4262 qui
1272 4191 1325 4247 in
1351 4198 1547 4248 saneto
1572 4201 1756 4248 tuente
1784 4190 1977 4249 Oliveti
2009 4207 2125 4248 mo-
2213 4199 2308 4257 est
2336 4189 2638 4245 substantia
2667 4190 2720 4244 in
2749 4204 2829 4255 se,
2860 4205 2967 4245 non
2997 4199 3176 4246 tamen
3210 4199 3323 4247 tres
3352 4192 3711 4259 substantiae,
3738 4194 3840 4251 sed

540 4289 731 4336 rantur
750 4276 873 4337 ﬁdei
896 4281 1296 4337 contentionem
1322 4282 1689 4338 continentem
1712 4297 1875 4354 quam
1901 4283 2043 4338 inter
2062 4297 2124 4340 se
2221 4295 2362 4336 unus
2384 4281 2558 4346 Deus,
2585 4295 2689 4339 una
2716 4281 3022 4337 substantia
3045 4323 3060 4347 ,
3090 4298 3196 4337 una
3224 4284 3465 4338 essentia
3482 4324 3509 4350 ι
3531 4301 3645 4340 una
3672 4295 3837 4342 mter-

540 4372 833 4429 habebant.
862 4371 987 4430 Nos
1004 4386 1135 4429 vero
1162 4372 1478 4444 Symbolum
1496 4374 1814 4431 orthodoxa
1849 4373 1979 4429 ﬁdei
2014 4372 2121 4430 illis
2221 4370 2401 4435 nitas,
2435 4386 2543 4427 una
2574 4371 2922 4443 magnitudo,
2955 4388 3064 4429 una
3093 4372 3345 4450 bonitas,
3374 4371 3551 4430 Pater
3574 4386 3633 4431 et
3656 4376 3837 4433 Filius

502 4528 506 4534 _
540 4463 821 4530 misimus,
854 4473 1122 4535 quatenus
1147 4464 1668 4536 omnes‘secundum
1704 4465 1847 4521 hanc
1872 4474 2116 4521 nostram
2154 4535 2177 4536 ﬁt
2219 4469 2276 4517 et
2304 4454 2541 4532 Spiritus
2572 4470 2817 4518 sanctus.
2847 4460 2958 4518 Nec
2998 4462 3147 4519 aliud
3184 4471 3272 4519 est
3309 4463 3477 4518 Pater
3525 4466 3584 4520 in
3627 4476 3839 4522 natura

524 4562 784 4614 sanctam
832 4557 1153 4614 catholicam
1196 4566 1253 4621 et
1290 4535 1641 4630 apostolicam
1682 4556 1979 4614 Ecclesium
2032 4572 2119 4613 re-
2148 4535 2196 4592 Ι)
2222 4568 2385 4624 quam
2424 4552 2595 4609 Filius
2639 4553 2723 4609 vel
2763 4553 2999 4624 Spiritus
3036 4563 3291 4623 sanctus,
3332 4570 3434 4610 nec
3464 4555 3621 4612 aliud
3654 4557 3839 4613 Filius

538 4660 681 4705 ctam
717 4658 773 4703 et
810 4647 1120 4721 inviolatam
1156 4657 1377 4705 teneant
1411 4648 1595 4705 iidem.
1632 4646 1803 4716 Quam
1843 4660 1975 4704 vero
2008 4649 2119 4717 epi-
2221 4652 2278 4699 et
2306 4641 2546 4714 Spiritus
2574 4650 2798 4701 sanctus
2836 4660 3000 4716 quam
3045 4643 3210 4701 Pater
3247 4645 3304 4700 in
3345 4654 3584 4711 natura,
3624 4647 3837 4717 quibus

2220 4744 2302 4790 est
2330 4751 2436 4791 una
2463 4744 2680 4791 natura.
2709 4735 2815 4793 Sed
2844 4737 2982 4792 alius
3004 4746 3092 4793 est
3116 4737 3276 4793 Pater
3299 4737 3353 4793 in
3381 4752 3623 4807 persona
3644 4780 3663 4803 ,
3688 4738 3841 4795 arma

2220 4825 2392 4883 Filius
2422 4827 2477 4883 in
2508 4842 2737 4899 persona
2759 4868 2775 4893 ,
2802 4827 2941 4883 alius
2966 4827 3205 4900 Spiritus
3228 4838 3451 4884 sanctus
3474 4830 3533 4885 in
3560 4845 3833 4899 persona.

2218 4917 2276 4972 lu
2316 4917 2477 4973 Patre
2517 4918 2832 4985 aeternitas,
2872 4918 2927 4974 in
2971 4916 3109 4974 Filio
3148 4919 3463 4990 aequalitas,
3508 4921 3568 4975 in
3608 4921 3837 4993 Spiritu

2223 5016 2416 5063 sancto
2463 5008 2783 5065 aeternitatis
2818 5008 3257 5081 :equalitatisque
3291 5010 3588 5076 connexio.
3640 5010 3835 5068 Unam

2222 5115 2416 5157 omnes
2450 5101 2504 5156 in
2536 5100 2837 5158 substantia
2879 5110 2934 5157 et
2971 5101 3243 5169 essentia,
3282 5102 3739 5173 omnipotentia,
3779 5102 3839 5159 et

2220 5193 2526 5263 divinitate.
2572 5191 2727 5248 Sicut
2764 5192 2911 5248 enim
2939 5190 3139 5249 eadem
3164 5201 3354 5247 sancta
3389 5191 3644 5247 Trinitas
3676 5193 3849 5253 inse:

2220 5272 2479 5357 parabilis
2504 5294 2587 5340 est
2615 5285 2670 5339 in
2701 5283 3040 5351 substantia,
3086 5283 3161 5337 ita
3208 5280 3596 5353 inseparabilis
3642 5291 3738 5339 est
3778 5284 3837 5339 in

2220 5374 2509 5447 operibus.
2558 5373 2809 5445 quamvis
2845 5388 3011 5444 opera
3052 5372 3147 5427 Dei
3191 5371 3521 5443 quibusdam
3563 5375 3839 5442 personis

2219 5467 2530 5537 specialiter
2553 5465 2915 5531 conveniant,
2957 5464 3100 5519 sicut
3142 5461 3287 5517 Patri
3327 5476 3433 5517 vox
3479 5461 3569 5517 illa
3601 5476 3741 5532 quae
3769 5462 3838 5518 de

2217 5548 2356 5618 ctelo
2386 5558 2569 5615 sonuit
2601 5574 2763 5632 super
2795 5557 3071 5613 Christum
3108 5554 3466 5626 baptizatum,
3503 5562 3561 5610 et
3599 5555 3678 5612 ad
3704 5553 3835 5610 Filii

2216 5664 2504 5722 personam
2537 5632 2891 5703 humanitatis
2920 5644 3296 5700 tantummodo
3334 5643 3577 5715 pertinet
3630 5659 3833 5701 susce-

539 5731 728 5805 vestrae
764 5727 1040 5805 serenitati
1069 5747 1334 5802 misimus.
1371 5743 1464 5799 liis
1501 5728 1813 5814 praelibatis,
1868 5741 2114 5812 omnipo-
2215 5743 2350 5813 ptio,
2379 5751 2435 5799 ct
2461 5727 2697 5811 spiritus
2724 5736 2897 5795 sancti
2926 5749 3171 5808 persente
3196 5734 3416 5828 proprie
3441 5734 3713 5806 congruit
3744 5733 3841 5792 il]-

524 4738 730 4796 'stolam
768 4748 961 4796 vestra:
997 4736 1265 4810 imperiali
1299 4739 1558 4810 potentia:
1588 4740 1845 4795 misimus
1875 4738 2115 4810 relegen-

534 4922 702 4977 Vestri
722 4963 738 4989 ,
769 4921 1009 4994 Agamus
1041 4920 1379 4977 videlicet’et
1414 4910 1726 4991 Roculplms
1746 4960 1772 4988 ,ι
1800 4936 1831 4975 a
1869 4918 2118 4976 Hieroso-

526 5012 695 5086 lymis
723 5013 1034 5071 detulerunt
1057 5012 1215 5070 nobis
1239 5012 1524 5084 epistolam
1550 5004 1775 5069 Th'onue'
1801 5010 2113 5083 Hierolosy-

470 5138 481 5145 ~
532 5118 746 5162 morum
780 5107 1122 5178 patriarchae.
1172 5105 1347 5176 Quam
1386 5103 1685 5177 relegentes
1719 5104 2018 5175 reperimus
2059 5110 2118 5158 ut

532 5210 632 5270 per
668 5206 912 5255 nostram
949 5198 1314 5270 precatoriam
1363 5196 1647 5269 epistolam
1694 5191 1887 5252 vestra:
1928 5194 2114 5265 pietati

456 5276 465 5282 ’
530 5273 631 5345 eos
666 5289 1191 5346 commendaremus.
1231 5288 1347 5356 Qua
1377 5286 1446 5343 de
1469 5302 1537 5343 «re
1562 5300 1850 5359 precamur
1877 5293 2115 5341 vestram

480 5454 485 5458 _
532 5379 869 5455 impeiialem
907 5382 1205 5453 potentiam
1246 5388 1337 5448 ut,
1379 5381 1521 5449 sicut
1568 5374 1712 5435 soliti
1753 5377 1922 5443 estis,
1954 5390 2117 5448 super

533 5489 725 5533 omnes
753 5474 942 5532 lideles
970 5484 1186 5555 vestros
1217 5472 1502 5545 impertire
1529 5470 1864 5542 sull‘ragium,
1892 5469 1966 5526 ita
1993 5468 2115 5526 cum
2132 5462 2143 5555 ς

533 5571 616 5626 eis
637 5566 1082 5624 misericordiam
1106 5550 1301 5620 'facere
1332 5562 1591 5636 iubeatis.
1632 5560 1808 5632 Ipsam
1845 5559 2119 5629 vero-epi-
