3992 6306
147 338 274 396 1261

1171 313 1405 396 noun.
1441 338 1533 396 DE
1569 307 1841 394 oscinis
1871 307 1963 396 ετ
1999 321 2289 412 ictu-nio.

3255 321 3395 400 12δά

146 454 389 509 columba
425 458 478 508 in
515 452 668 523 cujus
705 454 884 524 specie
921 453 1060 536 idem
1093 443 1333 525 Spiritus
1371 465 1592 512 sanctus
1629 457 1720 511 de-
1749 473 1795 530 Α
1825 468 1986 528 atque
2013 429 2405 526 immortalem,
2432 425 2752 516 crucillxum
2777 460 2831 515 in
2857 437 3171 516 inﬁrmitate
3195 434 3400 526 nostra,

144 544 355 598 scendit
395 559 555 614 super
596 544 843 599 eumdem
883 543 1082 600 Filium
1127 546 1422 602 secundum
1449 548 1722 602 hominem

145 633 496 710 baptizatum.
531 633 735 688 Tamen
779 619 986 703 abmue
1016 636 1164 692 omni
1203 634 1541 690 dubitatione
1575 634 1722 689 illam

142 714 331 777 vocem
372 717 427 778 et
470 717 615 791 illam
653 723 959 779 columbam
1001 724 1056 780 in
1097 725 1300 780 Christi
1333 725 1722 780 humanitatem

145 819 254 864 tota
280 820 469 866 sancta
501 810 741 868 Trinitas
767 823 987 882 operata
1018 823 1134 880 est,
1178 813 1333 883 cujus
1375 829 1538 885 opera
1581 815 1724 868 inse-

141 893 399 969 parabilia
441 910 590 958 sunt.
633 903 916 960 Credimus
952 907 1200 962 eumdem
1241 905 1435 961 Filium
1468 907 1556 962 Dei
1590 907 1722 963 Vera

139 980 269 1044 bu’m
309 985 639 1048 aite’r‘naliter
676 1003 861 1048 uatum
891 995 958 1050 de
986 995 1178 1061 Patre,
1210 995 1722 1054 consubstantialem

142 1082 288 1137 Patri
312 1098 408 1153 per
431 1084 615 1140 omnia
636 1125 652 1148 ,
677 1071 1045 1156 temporaliter
1071 1094 1255 1140 natum
1277 1087 1344 1142 de
1362 1086 1566 1158 Spiritu
1597 1102 1721 1142 san-

140 1181 231 1228 cto
273 1181 329 1228 et
372 1173 542 1230 Maria
587 1175 833 1247 virgine,
865 1177 1000 1231 duas
1042 1176 1332 1232 habentem
1370 1179 1718 1245 nativitates,

139 1280 304 1320 unam
332 1280 400 1320 ex
430 1265 593 1322 Patre
639 1276 929 1333 teter-nam,
961 1268 1187 1324 alteram
1218 1283 1282 1324 ex
1315 1279 1490 1325 matre
1519 1278 1719 1342 tempo-

139 1353 306 1410 ralem
326 1395 341 1420 ,
369 1355 461 1426 qui
487 1356 650 1411 etiam
673 1357 840 1414 Filius
866 1359 959 1413 Dei
1002 1374 1113 1414 sua:
1137 1361 1319 1416 carnis
1365 1363 1721 1430 conceptione

133 1457 436 1530 conceptus
461 1457 547 1530 est
586 1457 642 1504 et
683 1463 794 1505 sua:
823 1451 1004 1507 carnis
1032 1443 1311 1507 nativ'itate
1337 1465 1516 1508 natus.
1551 1443 1718 1509 Deum

137 1527 325 1594 verum
365 1527 690 1599 confitemur
720 1553 1042 1616 conceptum
1087 1555 1143 1600 et
1176 1529 1347 1602 Deum
1392 1563 1581 1602 verum
1623 1563 1718 1602 na-

136 1638 252 1684 tum
271 1671 287 1696 ,
315 1633 564 1703 eumdem
591 1651 780 1690 verum
813 1627 980 1691 Deum
1011 1651 1200 1692 verum
1250 1638 1524 1693 hominem
1553 1654 1718 1694 unum

132 1718 409 1799 Christum
451 1720 647 1778 Filium
692 1720 785 1780 Dei
824 1725 1198 1801 unigenitum,
1245 1725 1340 1797 p‘er
1390 1728 1622 1797 primum
1664 1735 1720 1783 et

1825 549 2183 619 eumdemque
2216 563 2433 619 semper
2474 550 2745 605 viventem
2785 549 2838 604 in
2877 549 3076 616 virtute
3123 564 3252 614 sua,
3304 547 3404 618 qui

1825 637 2068 694 mortuus
2096 648 2179 696 est
2206 640 2387 695 carnis
2418 655 2529 695 sua:
2552 651 2728 694 morte
2755 650 2811 696 et
2835 625 3074 710 Sepultus
3093 681 3109 705 ,
3139 627 3301 712 atque
3323 629 3393 700 ab

1823 727 2039 796 inieris,
2074 732 2330 788 damnato
2371 741 2424 788 et
2463 733 2695 803 spoliato
2724 733 2968 804 principe
2999 734 3162 789 totius
3205 735 3394 806 iniqui.

1821 815 1994 886 tatis,
2050 823 2268 878 rediens
2319 824 2477 878 tertia
2530 823 2617 879 die
2670 823 3006 887 resurrexit,
3059 833 3222 894 atque
3273 810 3398 880 cum

1824 910 2100 994 triumpho
2131 913 2314 983 gloriae
2342 901 2650 986 videntibus
2679 915 2957 985 discipulis
2983 901 3182 982 omium
3215 901 3404 994 ascen-

1823 1003 1936 1068 dit,
1965 1003 2164 1060 sedens
2189 1005 2242 1059 in
2274 1005 2496 1070 dextera
2523 993 2735 1072 Patris,
2782 1007 2834 1060 id
2859 1015 2976 1072 est,
3017 1007 3302 1078 majestate
3325 993 3404 1063 di"-

1822 1095 2070 1151 vinitatis
2090 1137 2104 1160 ,
2139 1097 2264 1152 inde
2284 1095 2396 1166 jam
2428 1089 2692 1153 venturus
2715 1087 2963 1168 judicare
2996 1087 3147 1154 vivos
3175 1108 3229 1153 et
3260 1096 3401 1154 mori

1825 1191 1975 1248 tuos,
2007 1200 2170 1254 quem
2201 1187 2350 1256 impii
2372 1187 2707 1258 judicantcm
2735 1175 2994 1242 videbunt
3023 1187 3076 1242 in
3117 1199 3197 1264 ea"
3226 1175 3400 1269 forma

1821 1287 1928 1342 qua
1955 1273 2253 1329 crucifixus
2279 1283 2394 1340 est,
2421 1291 2528 1329 non
2559 1276 2612 1330 in
2640 1291 2704 1330 ea
2733 1275 3038 1330 humilitate
3067 1281 3172 1346 qua
3203 1273 3401 1346 injuste

1813 1362 2089 1432 judicatus
2115 1375 2198 1420 est
2216 1405 2231 1431 ,
2258 1366 2356 1420 sed
2382 1366 2434 1420 in
2463 1381 2526 1420 ea
2551 1365 2800 1424 claritate
2847 1382 2954 1440 qua
2993 1353 3139 1436 jnsl'e
3180 1355 3398 1437 judica-

1823 1449 1976 1512 turus
2019 1451 2104 1512 est
2145 1459 2444 1523 mundum;
2489 1445 2646 1528 cujus
2685 1457 2982 1534 maiestatis
3023 1453 3160 1512 visio
3199 1446 3402 1514 πίει-υἱ

1819 1553 1904 1603 est
1947 1534 2190 1602 omnium
2234 1557 2545 1602 sanctorum
2597 1539 2893 1602 beatitudo.
2947 1545 3048 1614 Qui
3102 1547 3398 1602 secundum

1821 1636 1962 1691 hanc
2004 1635 2164 1691 ﬁdem
2217 1647 2419 1691 rectam
2469 1651 2574 1691 non
2619 1628 2946 1701 crediderit,
2993 1635 3138 1690 hunc
3182 1623 3424 1702 damnat

1819 1725 2027 1791 sancta,
2045 1717 2309 1782 catholica
2333 1717 2388 1782 et
2412 1725 2704 1797 apostolica
2733 1723 2997 1791 Ecclesia",
3024 1740 3144 1795 qua:
3174 1723 3396 1778 fundata

133 1797 434 1878 perfectum
463 1815 516 1868 in
547 1815 756 1872 duabus
785 1797 993 1872 naturis
1026 1818 1078 1872 in
1109 1818 1270 1876 unius
1308 1833 1558 1888 persona:
1601 1819 1715 1874 sin-
1744 1818 1790 1877 B
1816 1826 1900 1872 est
1927 1819 1994 1872 ab
2025 1818 2138 1886 ipso
2167 1815 2291 1871 Jesu
2319 1816 2536 1872 Christo
2560 1815 2788 1872 Domino
2817 1824 3025 1871 nostro.
3055 1815 3140 1870 Clli
3171 1810 3393 1882 estoqlol-

132 1901 424 1971 gularitate
478 1906 866 1979 impassibilcm
918 1918 973 1963 et
1015 1909 1372 1974 passibilem,
1425 1911 1709 1966 mortalem

1823 1909 1900 1963 ria
1929 1909 1982 1963 in
2010 1908 2223 1965 sarcula.
2253 1910 2440 1964 Amen.
2499 1961 2504 1964 .

759 2275 1218 2356 HOMILIA'
1259 2278 1391 2354 DE
1454 2279 1870 2368 DECIMIS
1930 2283 2056 2358 ΕΤ
2115 2283 2246 2360 DE
2297 2283 2726 2364 JEJUNIO

773 2461 776 2463 λ
834 2469 1107 2528 Auctore
1150 2469 1410 2542 incerto,
1455 2469 1558 2529 sed
1599 2465 1710 2549 qui
1758 2491 1882 2532 wvo
1930 2473 2148 2534 Caroli
2194 2474 2413 2552 Magni
2455 2478 2644 2538 vixit.

1297 2637 1458 2700 (Apud
1495 2637 1678 2700 nam,
1705 2603 1908 2702 captiui.
1935 2629 2050 2690 tem.
2082 2613 2163 2690 in

202 2928 374 3005 Totos
404 2911 888 3004 nomines'deoeds
912 2953 1096 2996 amare
1119 2950 1173 2995 et
1199 2931 1540 3004 benefacere,
1575 2942 1710 2994 dites
1740 2947 1785 3008 Ο
1810 2940 2052 3011 jejunate
2091 2941 2176 2997 die
2207 2929 2464 3000 Mei-coris
2507 2954 2564 3001 et
2609 2905 2834 3004 Veneris
2863 2929 2920 3006 et
2956 2919 3202 3014 Sabbati.
3241 2959 3312 3014 Et
3337 2942 3408 3016 is:

129 3038 364 3096 ctissimi
389 3036 609 3094 fratres.
637 3035 746 3092 Sed
765 3034 896 3107 plus.
911 3032 1016 3088 illis
1032 3030 1240 3088 debetis
1262 3029 1442 3086 facere
1469 3031 1604 3084 bene
1624 3031 1717 3100 qui

129 3128 255 3198 plus
279 3127 389 3182 Deo
409 3127 652 3182 serviunt
671 3135 727 3181 et
761 3138 890 3180 cum
915 3123 1054 3177 bona
1083 3119 1189 3174 lide
1208 3119 1416 3175 vivunt.
1445 3117 1719 3174 Primitias

129 3220 200 3272 de
230 3217 494 3272 fructibus
518 3224 653 3271 vesti
669 3214 715 3270 is
729 3225 791 3270 .et
820 3214 887 3269 de
909 3211 1188 3266 laboribus
1210 3208 1418 3264 debetis
1437 3207 1632 3264 oll‘erre
1651 3207 1719 3263 ad

127 3305 327 3372 altare,
351 3303 407 3360 id
439 3314 543 3372 est,
566 3297 744 3376 spicas
766 3312 932 3359 novas
957 3311 1012 3358 et
1033 3288 1164 3358 uvas
1191 3309 1247 3355 et
1271 3292 1415 3355 fava.
1441 3300 1588 3357 Alias
1607 3301 1719 3370 pri-

128 3399 320 3454 mitias
349 3397 414 3454 ad
452 3399 668 3454 domum
703 3383 1004 3468 presbyteri
1032 3393 1101 3450 de
1135 3394 1282 3450 omni
1307 3390 1487 3448 [ructu
1513 3392 1720 3448 debetis

125 3497 372 3558 portare,
395 3496 449 3544 et
468 3487 751 3559 presbyter
775 3501 869 3542 eas
885 3485 1188 3544 benedicat.
1219 3483 1286 3538 Et
1301 3482 1380 3549 sic
1403 3497 1528 3564 cum
1557 3483 1719 3538 bene-

127 3579 370 3634 dictione
403 3576 614 3636 Domini
639 3566 980 3634 manducate.
1012 3576 1078 3632 Et
1105 3575 1404 3646 precamini
1432 3567 1718 3630 Dominum

127 3679 188 3722 ut
217 3667 346 3724 cum
373 3685 468 3724 sua
497 3669 670 3741 gratia
699 3671 755 3724 et
795 3667 1162 3723 misericordia
1194 3665 1456 3721 concedat
1490 3663 1641 3720 vobis
1665 3664 1717 3719 in

126 3771 274 3828 pace
301 3757 554 3830 colligere
574 3757 708 3813 alios
739 3756 944 3812 fructus
964 3766 1021 3812 et
1049 3757 1103 3811 in
1147 3745 1246 3812 suo
1286 3757 1474 3810 sancto
1498 3755 1720 3829 servitio

127 3851 347 3906 nsitare
365 3859 421 3906 et
445 3849 590 3920 quod
627 3849 705 3904 illi
740 3848 918 3920 placet
958 3847 1084 3903 inde
1133 3847 1332 3903 facere.
1373 3846 1441 3900 Et
1486 3846 1720 3902 decimas

127 3952 348 4003 vestras
377 3952 486 3998 non
524 3943 732 3998 debetis
761 3942 996 3997 retinere
1031 3953 1131 3997 nec
1177 3940 1332 3996 tarde
1373 3940 1577 3995 donare
1619 3955 1719 3996 nec

126 4027 305 4105 peimi
329 4029 515 4090 causa.
542 4033 652 4090 Nec
678 4029 886 4090 debetis
913 4040 1230 4104 exspectare
1257 4042 1316 4087 ut
1336 4032 1636 4104 presbyteri
1664 4042 1722 4088 et

125 4123 321 4180 clerici
359 4125 449 4180 alii
485 4125 722 4180 decimas
762 4124 914 4180 vobis
955 4123 1258 4194 requirant;
1301 4125 1397 4202 sed
1431 4139 1553 4180 cum
1578 4125 1720 4180 bona

125 4215 416 4272 voluntate
444 4230 542 4271 vos
574 4213 686 4286 ipsi
723 4215 842 4270 sine
881 4213 1249 4270 admonitione
1285 4214 1494 4270 debetis
1516 4214 1718 4270 donare

1821 3032 1927 3088 illis
1949 3031 2136 3114 diebus
2157 3034 2364 3090 debetis
2392 3037 2576 3092 venire
2601 3039 2668 3092 ad
2689 3034 2986 3098 Ecclesiam
3014 3031 3203 3103 audire
3227 3034 3410 3106 unuse

1819 3121 2050 3192 quisque
2077 3118 2299 3178 missam
2326 3135 2381 3178 et
2407 3126 2517 3181 Deo
2551 3117 2749 3184 oll'erre
2776 3123 3040 3188 sacriﬁcia
3083 3143 3138 3192 et
3164 3135 3398 3196 lumina-

1819 3213 1898 3268 ria
1940 3224 1996 3270 et
2037 3215 2318 3272 incensum
2344 3225 2402 3272 et
2427 3217 2739 3274 elimosinas
2767 3210 2986 3277 denare.
3031 3222 3219 3281 Nullus
3243 3226 3402 3283 Cbri‘o

1819 3305 2026 3360 stianus
2055 3305 2214 3360 debet
2240 3305 2425 3361 laxare
2450 3307 2550 3362 ista
2569 3306 2796 3377 jejnnia,
2843 3312 2887 3365 si
2921 3312 3042 3368 talis
3084 3314 3262 3372 infans
3288 3317 3399 3374 noti

1820 3401 1904 3448 est
1931 3393 2022 3464 qui
2050 3409 2154 3448 non
2178 3396 2349 3463 possit
2369 3387 2638 3465 jejunare,
2671 3406 2766 3453 aut
2791 3399 2911 3455 talis
2936 3416 3100 3458 senex
3139 3406 3222 3460 vel
3245 3400 3400 3462 inﬁr-

1821 3500 1958 3563 ntus.
1987 3484 2056 3538 Et
2078 3483 2170 3554 qui
2198 3485 2300 3539 ista
2323 3484 2526 3556 jejunia
2548 3487 2697 3542 laxat
2723 3498 2814 3543 aut
2854 3491 3094 3562 negligit,
3113 3487 3396 3563 peccatum

1819 3574 2024 3644 grande
2049 3575 2174 3630 inde
2197 3575 2377 3630 habet.
2412 3576 2516 3631 Ista
2545 3575 2753 3648 jejunia
2783 3580 2990 3640 debetis
3035 3584 3308 3641 custodire
3343 3582 3404 3642 et

1819 3663 2131 3742 observare,
2163 3664 2218 3719 id
2239 3673 2342 3729 est,
2372 3665 2461 3720 die
2488 3653 2749 3724 Memoris
2772 3679 2898 3724 ante
2925 3670 3136 3726 initium
3159 3673 3402 3742 Quadra-

1817 3756 2054 3826 gesimae,
2083 3762 2138 3811 et
2161 3755 2248 3810 die
2273 3753 2438 3820 Jovis,
2476 3755 2700 3813 Veneris
2741 3769 2798 3816 et
2835 3759 3094 3818 Sabbato.
3130 3763 3198 3818 Et
3227 3773 3403 3822 totum

1818 3843 2298 3914 Quadragesimum
2340 3845 2549 3901 debetis
2584 3845 2848 3915 jejunare,
2889 3850 2992 3904 nisi
3021 3851 3074 3906 in
3103 3851 3190 3908 die
3211 3851 3398 3908 Demi-

1818 3936 1941 3990 uico
1969 3950 2075 3990 non
2104 3934 2312 3991 debetis
2331 3935 2600 4006 jejuuare'.
2626 3937 2728 4004 Qui
2776 3939 2828 3994 in
2871 3940 2957 3995 die
2981 3939 3260 4000 Dominico
3283 3946 3402 4000 sine

1819 4025 2000 4096 aliqua
2029 4026 2360 4082 neccsSitate
2380 4027 2612 4099 jejunat,
2639 4040 2923 4099 peccatum
2961 4031 3084 4086 inde
3128 4033 3308 4089 habet.
3336 4035 3398 4092 In

1817 4115 1995 4186 vigilia
2035 4110 2240 4170 Natalis
2277 4116 2488 4182 Domini
2516 4117 2778 4186 jejunate,
2804 4123 2858 4172 et
2887 4119 2942 4174 in
2970 4119 3151 4188 vigilia
3176 4112 3399 4177 Pascha:

1817 4217 1872 4263 et
1903 4207 2280 4262 Pentecosten.
2313 4206 2368 4258 In
2404 4206 2584 4276 vigilia
2622 4206 2796 4260 sancti
2839 4205 2985 4261 Petri
3007 4216 3063 4262 et
3088 4209 3262 4264 sancti
3289 4205 3398 4264 An-

121 4315 186 4362 et
220 4307 296 4360 ad
315 4305 532 4360 domum
555 4285 1092 4377 presbyteri'ducere.
1117 4304 1266 4359 Alias
1286 4299 1597 4360 elimOsinas
1621 4303 1713 4358 de-
1747 4306 1791 4366 Ι)
1819 4297 1962 4354 dreaa
1990 4285 2045 4352 et
2077 4295 2249 4350 sancti
2269 4293 2532 4352 Johannis
2561 4296 2816 4365 Baptistae
2834 4295 3094 4367 jejunate,
3125 4305 3180 4354 et
3205 4315 3395 4377 preca-_

123 4397 280 4453 betis
304 4397 614 4466 dispensare
639 4412 740 4466 per
767 4395 1007 4465 hospites
1035 4402 1093 4450 et
1116 4409 1402 4464 pauperes.
1438 4391 1544 4450 Sed
1574 4393 1712 4448 deci-

122 4503 262 4545 mas
287 4503 392 4543 non
421 4487 547 4543 licet
579 4487 734 4543 vobis
753 4487 952 4542 donare
972 4483 1128 4540 alteri
1153 4500 1312 4553 quam
1335 4483 1621 4542 sacerdoti.
1649 4483 1716 4538 Et

121 4579 225 4636 ille
257 4579 528 4649 dispensat
569 4593 662 4636 eas
693 4595 816 4635 cum
839 4579 1032 4634 timore
1073 4588 1129 4632 et
1170 4576 1468 4634 reverentia
1497 4576 1606 4632 .Dei
1647 4576 1716 4632 ad

121 4680 283 4728 tecta
313 4671 568 4727 Ecclesia:
601 4680 656 4726 et
681 4671 736 4726 in
773 4669 1060 4725 luminaria
1085 4677 1140 4724 et
1167 4668 1220 4724 in
1246 4667 1589 4738 susceptione
1620 4667 1716 4722 bo-

117 4763 340 4834 spitum
365 4770 421 4817 et
447 4769 742 4833 pauperum
761 4772 817 4816 et
840 4761 893 4816 in
935 4775 1062 4816 suos
1090 4775 1221 4815 usus
1249 4768 1304 4814 et
1344 4773 1496 4815 suam
1534 4772 1720 4814 neces-

120 4851 376 4907 sitatem.
409 4849 620 4922 "Jejunia
652 4850 861 4907 debetis
890 4849 1161 4906 custodire
1185 4848 1426 4917 Quatuor
1452 4847 1718 4918 Tempora

119 4944 188 5000 in
221 4957 388 5006 anno,
430 4941 482 4997 id
525 4951 631 5008 est,
662 4955 848 4998 mense
881 4940 1071 4996 Martio
1099 4939 1152 4994 in
1191 4939 1364 5010 prima
1395 4933 1716 5010 septimana,

118 5033 356 5105 quando
383 5033 552 5090 intrat
577 5031 821 5097 Martius,
849 5031 1056 5086 debetis
1077 5027 1326 5098 jejnnare
1349 5029 1438 5084 die
1459 5026 1722 5084 Mercoris

119 5138 187 5182 et
229 5125 320 5184 die
341 5125 569 5182 Veneris
588 5133 644 5180 et
675 5123 764 5180 die
791 5122 1036 5179 Sabbati.
1065 5121 1123 5176 lu
1146 5135 1332 5176 mense
1350 5118 1512 5181 Junio
1545 5119 1598 5174 in
1628 5133 1718 5178 sea

122 5221 319 5279 cunda
345 5221 642 5292 septimana
665 5227 948 5290 postquam
970 5215 1160 5272 Junius
1193 5214 1384 5278 intrat,
1413 5211 1622 5286 debetis
1635 5208 1720 5282 jeé

113 5313 332 5382 innare
359 5312 444 5367 die
469 5309 728 5366 Met-coris
772 5317 828 5364 et
869 5307 1095 5363 Veneris
1139 5313 1196 5361 et
1237 5303 1326 5360 die
1365 5301 1612 5358 Sabbati.
1658 5300 1717 5356 ln

120 5417 330 5462 mense
390 5401 696 5474 Septembr.
757 5401 810 5456 in
867 5399 1025 5455 tertia
1075 5397 1376 5467 septimana
1435 5401 1719 5464 postquam

121 5493 463 5564 September
491 5485 680 5558 intrat,
701 5490 944 5560 jejunate
973 5489 1060 5544 die
1088 5487 1348 5544 Mereor-is
1391 5493 1448 5540 et
1489 5482 1718 5538 Veneris

119 5591 192 5643 οι
213 5581 462 5640 Sabbati.
489 5583 546 5640 In
570 5577 754 5639 mens'e
783 5580 1077 5637 December
1109 5579 1160 5635 in
1191 5585 1386 5648 quarta
1413 5583 1716 5649 septimana

1819 4389 1949 4444 mini
1985 4398 2043 4442 ut
2087 4388 2188 4459 ipsi
2238 4398 2396 4444 orent
2431 4405 2530 4458 pro
2559 4390 2710 4445 vobis
2749 4390 2817 4445 ad
2851 4389 3161 4460 Dominum.
3192 4392 3259 4452 Et
3285 4375 3396 4448 ilo‘

1821 4488 1930 4535 tres
1957 4478 2073 4533 dies
2095 4488 2221 4532 ante
2243 4477 2624 4542 AsCensionem
2652 4479 2862 4535 Domini
2884 4479 3144 4549 jejunate.
3181 4480 3248 4535 Et
3279 4497 3404 4536 cru-

1822 4573 1915 4623 Ces
1949 4575 2004 4621 et
2043 4566 2297 4636 reliquias
2325 4567 2633 4637 sequimini.
2665 4583 2771 4622 non
2799 4568 2852 4621 in
2872 4569 3018 4638 joco,
3059 4583 3158 4624 nec
3185 4569 3406 4625 caballi.

1823 4658 2032 4725 cando;
2068 4659 2163 4714 sed
2189 4667 2312 4714 eum
2343 4657 2648 4714 humilitate
2675 4667 2730 4714 et
2759 4659 3082 4716 contritione
3111 4660 3291 4716 cordis
3319 4674 3408 4714 co-
3448 4661 3456 4666 ’

1819 4749 2027 4806 lebr-ate
2055 4750 2200 4820 ipsas
2226 4749 2572 4821 Rogatioues,
2597 4759 2652 4804 et
2672 4765 2703 4804 a
2718 4765 2880 4804 carne
2899 4764 3090 4806 omnes
3116 4749 3403 4818 abstinete,

1822 4850 1878 4900 et
1906 4843 2102 4908 missas
2126 4840 2326 4897 audite.
2364 4839 2466 4906 Qui
2503 4839 2590 4897 vel
2631 4839 2740 4894 alio
2765 4847 3002 4910 tempore
3030 4840 3110 4896 vel
3138 4841 3259 4896 aliis
3289 4841 3405 4895 die-

1822 4937 1924 4994 bus
1945 4927 2174 5009 jejunat,
2205 4936 2510 4992 mercedem
2545 4937 2667 4991 inde
2691 4936 2870 4991 habet.
2904 4935 2946 4992 Τ
2950 4935 3106 4990 a'men
3146 4936 3248 4990 ista
3260 4933 3404 5004 jeju-

1823 5029 1912 5084 nia
1958 5043 2078 5099 quae
2120 5028 2354 5084 diximus
2394 5027 2570 5084 nullus
2609 5027 2880 5082 dimittere
2909 5025 3090 5092 debet,
3135 5027 3230 5081 sed
3278 5039 3402 5082 cum

1825 5123 1962 5178 bona
1987 5119 2262 5176 voluntate
2295 5119 2456 5176 debet
2487 5133 2551 5173 ea
2579 5117 2852 5173 custodire
2878 5125 2935 5172 ‘et
2959 5130 3117 5172 orare
3143 5128 3241 5187 pro
3267 5129 3327 5172 se
3349 5125 3406 5170 et

1825 5224 1924 5280 pro
1949 5209 2064 5264 suis
2083 5208 2294 5274 amicis;
2318 5216 2374 5262 ut
2398 5221 2504 5277 per.
2517 5208 2629 5262 haec
2648 5206 2851 5277 jejunia
2873 5215 2929 5260 et
2945 5220 3042 5276 per
3063 5205 3166 5280 alia
3189 5208 3326 5260 bona
3349 5212 3404 5260 et

1825 5312 1922 5369 per
1945 5298 2255 5364 elimosinas
2275 5297 2422 5366 pium
2441 5296 2722 5352 Dominum
2739 5297 3028 5366 propitium
3054 5304 3108 5350 et
3130 5295 3401 5365 placatum

1833 5391 2036 5448 habere
2063 5390 2363 5460 possimus,
2400 5389 2516 5458 ipso
2547 5396 2836 5458 praestante
2860 5387 2954 5459 qui
2978 5387 3108 5442 vivit
3132 5395 3190 5441 et
3215 5391 3406 5454 regnat

1833 5483 1886 5539 in
1913 5483 2094 5539 secula
2117 5482 2438 5538 seculorum.
2470 5481 2610 5537 Aine.
2641 5497 2656 5549 ι

1629 5752 2002 5765 ...ι--ν--η-
