4006 5438
189 489 299 545 ιξδδ

1132 508 1135 511 ·
1176 482 1264 536 DE
1303 479 1604 536 MONACH.
1644 474 1991 534 CENOMAN.
2032 473 2400 530 NARRATIO.

3234 488 3397 569 sese

186 583 303 637 enim
341 579 383 632 iu
423 584 700 646 capturum
734 573 1256 638 Norcomannorum,
1305 582 1359 628 et
1403 572 1482 625 sic
1528 584 1712 624 eorum
1741 571 1789 629 Α
1819 577 2005 625 scente
2032 580 2211 640 posset
2239 584 2519 640 apparere,
2552 581 2848 640 prmscrtrm
2907 591 3028 630 eum
3076 594 3130 632 In
3179 583 3405 650 pericu‘a

183 671 328 742 pinnis
349 668 554 721 attritus
604 665 904 719 interierat.
957 663 1145 732 Itaque
1194 661 1453 732 paulatim
1499 658 1712 714 adoles-

181 777 289 822 cens
327 758 701 814 informabatur
748 764 808 810 ut
859 755 1052 810 collum
1101 756 1200 810 sub
1249 754 1350 808 levi
1377 752 1507 822 jugo
1560 749 1716 804 Chria

179 851 236 905 sli
281 840 598 904 submitteret
640 855 806 916 atque
854 847 1187 915 propositum
1236 845 1406 913 patris
1451 841 1712 912 expleret.

180 940 271 994 Sed
296 933 618 1008 magister'id
650 937 764 992 fieri
811 951 968 1004 posse
1010 937 1266 1006 negabat,
1293 935 1480 988 dicens
1511 950 1523 984 :
1579 930 1715 996 Quia

176 1044 473 1098 nequaquam
533 1029 638 1082 huc
690 1026 879 1082 venisti
925 1035 982 1078 ut
1051 1026 1350 1081 monachus
1400 1021 1712 1082 ellicereris,

175 1132 266 1174 nec
289 1120 389 1174 ideo
431 1128 705 1172 tonsuram
756 1117 1034 1185 accepisti,
1065 1116 1159 1169 sed
1192 1129 1292 1168 nec
1339 1121 1590 1183 parentes
1641 1109 1713 1162 tui

175 1209 250 1265 bis
291 1209 609 1264 sermonibus
667 1207 1035 1276 adquiescent.
1090 1205 1476 1265 Perseverante
1536 1207 1714 1252 autem

171 1302 251 1356 illo
292 1303 337 1355 in
378 1299 746 1356 adfirmatione
798 1306 854 1353 et
905 1296 1219 1352 defensione
1270 1295 1356 1362 rei.
1387 1307 1508 1361 qua:
1568 1301 1717 1359 pete-

171 1396 424 1447 batur-non
477 1392 690 1455 ﬂendae,
722 1391 950 1459 contigit
995 1397 1054 1442 ut
1105 1385 1402 1455 avunculus
1443 1383 1580 1452 ejus,
1624 1380 1716 1449 qui

166 1497 274 1537 eum
336 1496 550 1553 paterno
605 1465 798 1535 affectu
855 1485 1188 1548 susceperat,
1255 1473 1504 1529 videlicet
1557 1470 1714 1532 Urso,

167 1572 433 1628 declinaret
519 1571 572 1624 in
653 1569 1062 1637 monasterium
1126 1581 1286 1621 causa
1361 1559 1714 1630 hvisitationis.

162 1666 301 1732 Quod
346 1680 461 1720 cum
518 1664 694 1722 edilia;
732 1667 1174 1736 przepararentur
1232 1667 1288 1712 et
1325 1657 1552 1711 invicem
1591 1667 1726 1718 con-_

166 1756 535 1817 fabularentur,
598 1753 744 1812 inter
797 1763 994 1807 caetera
1059 1764 1218 1804 orsus
1265 1757 1348 1802 est
1404 1743 1720 1800 adolescens

159 1843 402 1905 avunculo
428 1843 711 1899 ostendere
752 1840 1079 1894 voluntatem
1128 1835 1409 1907 propositi,
1455 1833 1720 1887 laborem-

1815 659 2000 714 losiori
2032 668 2189 715 (etate
2207 659 2321 730 jam
2350 671 2692 730 pervenerat.
2724 663 2856 720 Erat
2881 667 3048 734 enim,
3080 678 3139 723 ut
3162 674 3400 727 :estima-

1815 753 2210 816 batur,.deeem
2246 761 2302 806 et
2329 761 2452 809 octo
2478 768 2765 809 annorum.
2795 755 2994 812 lterum
3026 768 3206 816 autem
3234 778 3403 818 vene-

1817 840 2308 912 rabilis'episcopus
2338 844 2655 911 perquisivit
2685 845 2728 898 si
2772 848 2981 901 cunctis
3009 849 3196 905 diebus
3225 852 3401 907 destiw

1816 938 1998 985 nasset
2038 944 2386 999 perseverare
2417 931 2480 994 in,
2515 933 2704 987 ordine
2756 936 3097 1009 monastico..
3124 938 3219 995 lllo
3268 955 3430 997 vero»-

1818 1023 2135 1076 adﬁrmante
2163 1031 2217 1075 et
2248 1031 2586 1078 contestante
2609 1040 2790 1080 coram
2839 1029 3090 1084 omnibus
3111 1071 3124 1093 ,
3157 1031 3305 1086 dedit
3345 1031 3416 1088 eis

1817 1111 2247 1166 benedictionem
2296 1113 2526 1168 domnus
2569 1115 2873 1186 episcopus,
2903 1123 3280 1192 concessitque
3324 1123 3413 1187 10-.

1818 1216 1939 1256 cum
1968 1210 2022 1255 et
2051 1203 2294 1257 ordinem
2325 1207 2682 1262 monasticum
2710 1223 2868 1277 quem
2903 1212 3137 1279 petebat.
3178 1212 3273 1266 His
3323 1212 3394 1267 ita
3453 1254 3456 1258 .

1820 1295 2130 1359 transactis,
2161 1311 2283 1350 cum
2321 1297 2560 1354 audisset
2601 1300 2858 1369 prazfatus
2905 1303 3223 1368 avunculus,
3250 1304 3399 1359 vide-

1819 1385 1947 1439 licet
1969 1384 2128 1450 Urso,
2162 1403 2274 1440 rem
2299 1396 2472 1442 actam
2496 1389 2564 1442 ab
2591 1391 2843 1461 episc0po
2892 1391 3020 1462 (non
3048 1393 3193 1447 enim
3222 1393 3400 1448 fuerat

1821 1483 1950 1530 tunc
1975 1491 2231 1544 praesens,
2253 1477 2377 1546 quia
2409 1478 2714 1534 infirmatus
2738 1481 2968 1550 quodam
2997 1483 3116 1551 loco
3137 1483 3420 1555 jacebat)“

1820 1569 2056 1637 graviter
2081 1569 2290 1637 accepit
2329 1585 2450 1624 cum
2479 1573 2689 1628 caeteris
2717 1575 3035 1642 parentibus
3061 1576 3202 1643 quod
3234 1590 3417 1646 nepos:

1821 1673 2009 1712 eorum
2035 1660 2278 1728 perditus
2303 1669 2447 1716 esset
2480 1664 2661 1720 seculo
2687 1673 2742 1719 et
2766 1665 3067 1735 adquisitus
3095 1667 3226 1722 Deo.
3257 1666 3413 1722 Misit.

1823 1746 1890 1800 ad
1917 1749 2330 1827 arcersiendum.
2348 1766 2494 1806 eum.
2519 1752 2763 1823 Cumque
2785 1765 2910 1810 ante
2938 1770 3060 1811 eum
3083 1757 3412 1823 adstitisset,

1823 1855 1946 1895 cum
1973 1843 2118 1902 omni
2156 1844 2236 1898 ira
2264 1853 2318 1898 et
2348 1846 2544 1918 mentis
2573 1847 2779 1904 insania
2811 1850 2883 1904 ita
2931 1851 2998 1905 ad
3038 1865 3160 1907 eum
3189 1853 3402 1908 locutus

158 1955 256 2009 que
291 1955 437 2008 quem
469 1939 793 2008 patiebatur,
825 1952 885 1992 ac
915 1943 1095 1989 votum
1125 1932 1316 2002 patris.
1381 1929 1474 1983 llis
1497 1927 1714 1989 auditis,
1752 1940 1794 1997 Β
1821 1943 1904 1987 est
1933 1949 1948 1986 :
1977 1933 2114 2000 Quid
2154 1934 2355 2001 fecisti,
2385 1938 2585 1993 miser?
2605 1938 2785 2006 Quare
2812 1943 3118 1999 monachus.
3157 1959 3278 1999 esse
3305 1959 3409 1998 νο-.

153 2031 391 2084 sacerdos
426 2045 528 2084 non
561 2029 781 2083 minime
821 2027 1015 2080 anxius
1054 2024 1290 2095 graviter
1335 2020 1561 2084 ferebat,
1610 2031 1717 2083 non

153 2123 370 2197 [tamen]
415 2125 636 2178 minime
683 2121 1054 2178 contradicere
1085 2119 1314 2174 audebat
1339 2115 1481 2186 quod
1525 2113 1722 2169 exhor-

151 2217 252 2271 tari
291 2215 516 2272 nolebat.
562 2214 851 2270 Consensit
881 2222 1058 2267 tamen
1094 2211 1283 2266 nolens
1309 2209 1399 2262 diu
1434 2207 1636 2278 petenti
1666 2211 1726 2267 ut

145 2308 344 2364 faceret
373 2307 513 2376 quod
544 2307 815 2376 poscebat.
855 2303 1156 2372 Statimque
1196 2309 1400 2355 mutato
1429 2298 1613 2352 habitu
1644 2296 1729 2368 ine

142 2401 260 2456 diit
283 2399 578 2464 cucullam;
613 2414 675 2452 ac
695 2397 912 2467 .cadens
939 2397 1005 2449 ad
1032 2387 1194 2465 pedes
1215 2391 1484 2454 avunculi,
1523 2388 1726 2445 oscula-

143 2500 231 2544 tus
252 2500 332 2545 est
353 2490 488 2544 illos.
518 2487 610 2542 Sic
631 2487 699 2543 ab
720 2486 808 2549 illo
829 2486 916 2541 die
936 2496 989 2541 et
1015 2485 1272 2555 magister
1293 2483 1382 2554 qui
1406 2478 1724 2550 denegabat,

136 2587 197 2634 et
242 2580 336 2650 illi_
361 2579 450 2649 qui
496 2577 813 2633 deridebant
848 2591 1032 2630 vocem
1065 2574 1353 2644 loquentis,
1386 2573 1440 2626 in
1475 2573 1728 2627 exhorta-

137 2675 340 2726 tionem
391 2679 445 2724 et
499 2667 920 2728 consolationem
967 2665 1104 2719 versi
1159 2671 1301 2719 sunt.
1362 2663 1568 2716 Interea
1624 2659 1728 2715 illis

133 2761 328 2816 diebus
362 2759 646 2829 episcopus
681 2773 712 2810 a
742 2758 958 2811 civitate
989 2756 1198 2826 longius
1227 2761 1541 2816 recesserat,
1576 2765 1728 2806 exer—

130 2866 270 2904 cens
308 2863 443 2918 opus
483 2847 882 2917 prmdicationis
926 2854 980 2900 et
1025 2843 1451 2899 conﬁrmationis
1480 2857 1576 2911 per
1606 2856 1728 2912 pro-

129 2939 374 2992 vinciam
413 2937 545 2991 locis
579 2937 919 2995 necessariis.
963 2935 1096 2991 Cum
1143 2943 1321 2990 autem
1365 2940 1730 2988 reverteretur

124 3020 190 3085 et.
219 3039 364 3085 esset
388 3045 496 3084 non
528 3029 684 3100 longe
699 3029 776 3091 ah
805 3027 956 3092 urbe,
985 3027 1198 3082 vocavit
1226 3026 1544 3097 magistrum
1568 3040 1728 3095 supra

126 3122 428 3177 memorati
454 3107 837 3183 adolescentis,
863 3120 952 3190 qui
983 3130 1036 3175 et
1059 3119 1227 3174 abbas
1253 3117 1565 3173 monasterii
1589 3125 1726 3183 erat,

124 3222 192 3271 ut
223 3214 391 3268 sciret
418 3228 538 3282 quae
568 3221 860 3282 agerentur
879 3210 1020 3266 circa
1055 3209 1347 3264 monachos
1371 3219 1426 3264 et
1458 3215 1729 3263 monaste-

1824 2021 2006 2076 luisti?
2033 2023 2142 2100 Cur
2166 2024 2374 2094 elegisti
2403 2042 2583 2081 unum.
2598 2044 2822 2097 parvum
2845 2045 3037 2100 panem
3059 2047 3156 2101 pro
3178 2026 3402 2087 numero

1824 2118 2138 2172 centenario
2163 2127 2451 2188 etparum
2478 2122 2658 2176 vinum
2688 2139 2786 2192 pro
2813 2125 3074 2179 calicibus
3121 2126 3402 2195 epotandis

1824 2219 1997 2275 usque
2026 2207 2094 2260 ad
2121 2207 2427 2262 satietatem
2443 2209 2470 2261 ?.
2503 2207 2865 2276 Quamobrem
2901 2213 3010 2266 vita
3032 2228 3318 2283 porcorum
3350 2216 3419 2268 in~

1827 2294 2184 2370 leguminibus
2205 2306 2260 2352 et
2286 2298 2445 2354 horto
2472 2306 2533 2352 ut
2555 2299 2822 2356 sufﬁciens
2851 2302 2945 2356 tibi
2977 2318 3125 2359 esses
3155 2305 3424 2360 voluisti?-

1828 2386 1929 2442 Ubi
1952 2396 2109 2442 erunt
2141 2389 2345 2444 delicias
2383 2392 2624 2445 carnium
2671 2407 2807 2461 quas
2860 2393 3135 2460 dimisisti,
3167 2397 3406 2453 suavitas

1828 2480 2130 2549 potionum,
2163 2480 2451 2536 delectatio
2489 2496 2683 2557 canum
2731 2470 3188 2556 accipin-umque,
3233 2495 3412 2546 tactus

1828 2571 2177 2641 voluptuosus
2223 2572 2554 2626 mulierum?
2600 2573 2734 2627 Cum
2772 2588 2901 2644 ergo
2946 2576 3181 2630 animum
3225 2577 3413 2632 adole-.

1829 2663 2033 2717 scentis
2067 2670 2254 2717 contra
2281 2662 2397 2717 haec
2433 2661 2924 2737 fortiterresistere
2960 2665 3181 2721 vidisset
3223 2676 3275 2720 et
3321 2681 3412 2722 re-

1829 2764 2026 2822 sponsa”
2055 2767 2161 2807 non
2201 2752 2455 2823 juvenilis
2505 2753 2599 2807 sed
2656 2755 2852 2809 robore
2897 2755 3090 2810 senilis
3140 2764 3406 2810 cerneret.

1832 2845 2064 2901 addebat
2113 2845 2280 2899 multo
2322 2845 2709 2912 sceleratiora,
2763 2846 2833 2900 ita
2881 2855 2940 2900 ut
2987 2848 3148 2902 etiam
3193 2847 3414 2903 lenones

1832 2937 2150 2991 immitteret
2173 2936 2262 3006 qui
2288 2952 2409 2992 eum
2435 2946 2826 3009 provocarent;
2859 2954 3069 2993 necnon
3097 2940 3260 2994 etiam
3287 2955 3415 2996 con-

1831 3027 2016 3084 citavit
2041 3035 2266 3083 czcteros
2292 3028 2607 3093 avunculos,
2641 3028 2849 3083 scilicet
2899 3028 3254 3095 Lethardum,
3287 3031 3414 3085 Wa-

1833 3121 2092 3187 nilonem,
2127 3131 2182 3176 et
2215 3120 2413 3176 multos
2443 3119 2577 3176 alios
2601 3130 2871 3191 parentes,
2918 3123 3008 3192 qui
3061 3132 3117 3178 et
3167 3124 3416 3179 dicebant

1833 3211 1929 3266 ei:
1963 3209 2073 3266 Cur
2121 3225 2222 3265 nos
2264 3210 2598 3282 degenerare
2647 3211 2898 3266 voluisti?
2941 3211 3088 3282 Opus
3142 3214 3414 3282 progeniei

123 3305 324 3358 rium-
371 3304 662 3372 Postquam
707 3315 838 3356 vero
877 3307 1070 3355 cuncta
1111 3300 1397 3370 cognovit,
1443 3297 1735 3353 novissime
1761 3288 1805 3350 C
1835 3310 2036 3359 nostra)
2058 3317 2179 3357 cum
2207 3303 2538 3372 pauperibus
2557 3311 2613 3358 et
2643 3304 2906 3358 mendicis
2950 3319 3057 3358 non
3099 3303 3221 3358 fuit.
3253 3303 3416 3359 Nobis

121 3401 197 3454 de
244 3398 521 3468 discipulo
561 3396 932 3466 interrogavit.
981 3394 1188 3461 Quibus
1225 3391 1736 3462 interrogationibus

118 3504 466 3558 responsum
498 3488 643 3543 dedit
671 3486 836 3541 abbas
856 3526 868 3549 ,
903 3493 1065 3555 atque
1093 3483 1271 3538 omnia
1302 3498 1423 3552 quae
1449 3481 1586 3536 facta
1613 3481 1736 3535 fue-

117 3589 255 3634 rant
323 3578 651 3634 enuntiavit.
713 3577 830 3643 Quo
877 3575 1061 3629 audito
1094 3617 1109 3641 ,
1173 3575 1399 3629 domnus
1435 3573 1738 3642 episcopus

113 3671 468 3734 admiratus,
510 3669 858 3744 concitus-in
905 3668 1084 3724 eundo
1141 3681 1310 3734 usque
1355 3665 1422 3719 ad
1468 3663 1739 3719 civitatem

112 3763 437 3831 pervenit,
483 3762 624 3816 scire
673 3760 854 3814 volens
899 3775 1060 3830 quam
1109 3759 1343 3827 speciem
1393 3757 1616 3811 haberet
1654 3768 1744 3809 res-

112 3854 351 3918 audita,
384 3854 481 3908 sed
514 3852 871 3916 incredibilis;
899 3849 1170 3919 jussitque
1199 3847 1446 3903 abbatem
1491 3855 1546 3900 et
1590 3845 1746 3898 novi-.

112 3947 272 4000 tium
308 3960 518 4000 vocare
545 3955 600 3999 et
625 3945 888 4014 quosdam
929 3957 995 3996 ex
1037 3941 1314 3995 fratribus.
1366 3939 1610 4006 Curaque
1653 3951 1744 3991 co-

106 4055 258 4104 ram,
286 4054 362 4094 eo
392 4040 731 4103 assisterent,
755 4046 929 4092 stante
955 4035 1160 4091 circum
1183 4035 1327 4089 circa
1357 4031 1500 4086 omni
1525 4040 1740 4086 caterva

105 4128 476 4183 clericorum
501 4127 866 4195 laicorumque
888 4129 1024 4196 (erat
1053 4124 1194 4178 enim
1220 4124 1350 4177 hora
1380 4121 1447 4174 ad
1469 4120 1745 4187 celebran-

102 4217 274 4272 dum
291 4217 592 4271 missarum
614 4215 897 4280 solemnia,
919 4215 1042 4284 quia
1067 4212 1331 4269 festivitas
1353 4209 1746 4266 Puriﬁcationis

100 4320 351 4366 sancta:
379 4308 562 4371 Mariae
595 4307 871 4378 instabat),
895 4307 970 4360 ait
990 4305 1320 4377 stupefactus
1341 4304 1406 4358 ad
1431 4301 1754 4374 jamdictum.

99 4402 422 4459 novitium
458 4420 471 4454 :
499 4400 680 4470 Nuper
709 4409 783 4465 te,
809 4399 978 4453 frater
1004 4398 1298 4467 Rigranne,
1319 4396 1638 4451 canonicum
1667 4392 1747 4448 'di-

93 4496 283 4559 misi,
319 4503 388 4549 et
419 4493 578 4548 modo
600 4492 926 4548 cucullatum
959 4489 1136 4544 video.
1162 4489 1258 4542 Die
1284 4501 1414 4557 ergo
1454 4485 1608 4540 nobis
1652 4497 1749 4538 cur

95 4589 232 4641 hoc
277 4584 500 4646 fecisti,
531 4584 611 4639 vel
639 4583 763 4653 quis
790 4583 986 4652 coegit,
1018 4589 1111 4634 aut
1142 4579 1428 4634 consilium
1467 4576 1747 4632 dedit.-‘At

88 4677 213 4731 ille
243 4675 558 4743 respondit
588 4692 602 4727 :
635 4673 846 4728 Nullius
873 4670 1098 4727 consilio
1127 4671 1212 4725 vel
1259 4668 1627 4738 suggestione,
1653 4667 1750 4721 sed

85 4769 244 4824 sola
288 4767 588 4820 voluntate
610 4775 666 4821 et
693 4766 996 4834 ,sponsione
1019 4764 1219 4834 proprii
1251 4761 1438 4826 animi,
1462 4775 1494 4814 a
1531 4775 1618 4815 me
1645 4760 1752 4814 hoc

82 4867 329 4912 actum
367 4866 477 4912 est.
496 4856 696 4910 Retulit
724 4857 906 4924 itaque
927 4855 1268 4909 audientibus
1287 4852 1538 4908 omnibus
1557 4853 1758 4908 cuncta:

82 4949 416 5019 superius
444 4948 610 5003 dicta.
643 4946 889 5002 Addebat
919 4946 1079 5000 etiam
1111 4946 1379 5002 somnium
1410 4944 1658 5000 mirabile
1697 4955 1760 4998 se

82 5039 387 5102 vidisse,
419 5036 578 5106 cujus
609 5035 985 5104 interpretatio
1024 5035 1150 5096 talis
1199 5045 1341 5099 erat,
1399 5041 1461 5087 ut
1512 5035 1760 5091 secutum

83 5129 498 5191 dimitteret,
532 5135 586 5180 et
631 5127 798 5180 vitam
867 5126 1224 5182 monasticam
1284 5134 1512 5181 teneret.
1565 5119 1759 5182 Adhu'c

85 5228 334 5273 autem
370 5202 490 5272 non
518 5216 776 5270 credente
795 5213 1066 5282 episcopo,
1101 5232 1203 5273 nec
1227 5214 1440 5271 caeteris
1461 5216 1767 5274 adtendene

88 5315 314 5378 tibus,
359 5309 636 5378 adjuravit
659 5319 784 5363 eum
815 5321 878 5360 ex
909 5323 1004 5360 suo
1031 5310 1339 5367 ministerio
1362 5311 1678 5370 terribiliter
1706 5314 1766 5360 ut

81 5404 262 5438 “una
277 5404 518 5438 Ιρνρίιη·
536 5401 577 5438 ci
597 5413 719 5438 val"!
744 5405 943 5438 ρςκρηι.
974 5395 1091 5436 luco
1113 5416 1244 5438 vom
1264 5399 1611 5438 ηηηηιιηυιινιι
1635 5411 1763 5438 mlm

1837 3381 2315 3460 ﬂoruitmundus,
2363 3395 2516 3464 copia
2559 3394 2675 3450 auri
2719 3405 2781 3450 et
2815 3395 3022 3465 argenti
3076 3395 3424 3465 lapidumque

1838 3487 1979 3558 apud
2005 3502 2103 3542 nos
2133 3487 2250 3541 fuit.
2302 3485 2466 3542 Nobis
2513 3501 2663 3540 arma
2700 3485 2898 3556 fulgida
2948 3486 3432 3555 resplenduerunt,-

1838 3580 1962 3648 equi
1990 3577 2194 3632 auratis
2224 3577 2338 3632 oris
2379 3585 2436 3632 et
2467 3584 2630 3643 ._torto
2682 3577 2820 3631 collo
2871 3577 3190 3639 arriserunt.
3244 3577 3310 3631 Et
3362 3587 3415 3632 tu

1839 3667 2020 3723 omnia
2059 3667 2160 3738 ista
2190 3665 2474 3736 Sprevisti?
2529 3665 2656 3731 Haec
2707 3666 2972 3722 dicebant
3010 3667 3283 3730 scelestes,
3324 3668 3417 3737 qui

1841 3775 1963 3816 eum
1989 3760 2056 3814 ad
2086 3759 2309 3814 meliora
2329 3759 2567 3813 excitare
2595 3757 2914 3824 debuerant,
2944 3759 3035 3828 qui
3064 3759 3235 3829 magis
3268 3773 3428 3828 poma

1841 3852 2017 3921 patice
2027 3849 2268 3904 viventes
2287 3849 2526 3919 demergi
2551 3849 2757 3906 letbeas
2777 3851 2830 3904 in
2853 3851 3024 3906 undas
3044 3850 3228 3904 volunt
3254 3863 3435 3920 quam~

1843 3959 1964 4000 cum
1991 3942 2231 3997 liberatis
2264 3942 2412 3997 fonte
2435 3941 2656 3997 salutari
2679 3942 2820 3998 ablui
2851 3951 2907 3998 et
2932 3941 3176 4012 piissimo
3221 3941 3432 3997 libera».

1843 4037 1948 4092 tori
1971 4035 2483 4091 eﬂ‘ectudecantari
2530 4043 2656 4105 post
2701 4025 2980 4094 veniarum
3033 4033 3294 4097 laborem,
3345 4032 3430 4086 di:-

1846 4128 2052 4183 cendo:
2085 4126 2442 4183 Transivimus
2477 4141 2570 4195 per
2597 4125 2766 4191 ignem
2806 4133 2854 4177 et
2892 4119 3437 4192 aquanz,,et.cduxisti

1848 4235 1942 4273 nos
1969 4220 2024 4272 in
2049 4216 2377 4286 refrigerium
2401 4214 2573 4286 (Psal.
2602 4228 2724 4276 va,
2753 4211 2864 4280 12).
2901 4211 3012 4265 δαὶ.
3041 4210 3254 4264 animus
3272 4207 3433 4276 jure.

1848 4308 1933 4362 nis
1955 4307 2188 4361 invictus
2211 4303 2528 4374 permansit,
2555 4303 2780 4372 cupiens
2803 4302 3098 4355 observare
3133 4299 3277 4368 quod
3317 4313 3441 4354 οων»

1849 4403 2022 4466 perat,
2052 4396 2126 4448 ita
2156 4401 2214 4448 ut
2241 4408 2338 4463 per
2369 4393 2605 4462 quinque
2628 4405 2800 4445 annos
2847 4403 2971 4444 eum
3016 4401 3274 4444 revocare
3320 4402 3444 4441 now

1850 4493 2092 4556 possent,
2114 4484 2334 4539 ordines
2360 4497 2488 4538 suos
2512 4493 2568 4537 et
2594 4480 2826 4536 aﬂ'ectus
2840 4479 3114 4549 regulares
3135 4479 3189 4533 in
3234 4492 3440 4533 mona-.

1855 4574 2022 4630 sterio
2049 4589 2171 4629 cum
2199 4573 2412 4628 caeteris
2439 4573 2768 4627 custodiens.
2798 4570 2970 4625 Porro
3003 4571 3143 4625 inter
3164 4569 3280 4645 base
3310 4582 3434 4622 eum

1846 4678 2068 4735 omnem
2096 4663 2511 4718 bacchationem.
2547 4676 2708 4732 super
2735 4657 3072 4727 jamdictum.
3114 4657 3440 4725 magistrum

1854 4755 2210 4825 exagitarent,
2238 4753 2700 4823 culpanda-illum,
2725 4761 2783 4806 et
2827 4751 3150 4821 requirendo
3190 4748 3440 4818 ,discipu-a

1855 4849 1990 4913 lum,
2015 4847 2245 4904 festinus
2285 4845 2542 4915 magister
2591 4843 2820 4900 reddere
2849 4842 3288 4907 commendatum
3333 4854 3444 4894 non

1864 4939 2118 5010 neglexit.
2151 4938 2251 5006 Qui
2277 4936 2604 5006 recipientes
2631 4943 2909 5004 nepotem,
2934 4937 3278 4991 retinuerunt
3299 4931 3446 5000 apud

1863 5045 1921 5086 se
1943 5046 2158 5103 semper
2187 5032 2412 5102 ﬁguram
2440 5026 2693 5086 monachi
2715 5023 3026 5081 habentem.
3043 5027 3173 5082 Post
3195 5018 3454 5076 retentio-

1863 5139 1985 5179 nem
2009 5141 2136 5182 vero
2163 5135 2285 5180 octo
2312 5122 2524 5178 dierum
2549 5131 2605 5179 et
2629 5115 2884 5186 amplius,
2930 5135 3124 5177 rursus
3165 5113 3325 5170 valde
3365 5112 3461 5166 oh-

1863 5225 2146 5271 seerantes
2170 5215 2666 5271 remiserunteum
2715 5207 2768 5260 in
2809 5211 3231 5269 monasterium,
3270 5203 3474 5271 depre-:

1867 5314 2026 5362 cante
2053 5307 2314 5378 discipulo
2332 5345 2348 5369 ,
2375 5311 2430 5358 et
2466 5307 2576 5362 illis
2601 5295 3095 5362 consentientibus.
3118 5300 3251 5356 Cum
3288 5299 3477 5348 autem:

1873 5402 2088 5436 lmnnnc
2128 5391 2427 5436 armi-viandi
2462 5400 2674 5438 nni-nne:
2699 5385 2898 5432 and“:
2930 5385 3329 5434 ρροιραςοοιίηηα
3351 5394 3470 5416 nor-
