3992 6306
559 405 708 488 test
1359 401 1648 459 APPEND.
1687 401 1780 471 AD
1817 401 1989 459 sesc.
2025 401 2116 457 ιχ.

2260 396 2631 464 AUCTORES
2669 393 2854 456 ANON
2867 397 3000 454 ΥΜΙ.
3697 398 3827 478 1268

559 519 766 582 naclms
825 515 1138 589 susciperet.
1189 515 1348 587 iErgo
1423 515 1515 570 diu
1582 515 1956 572 dissimulante
2011 515 2137 579 illo,
2169 516 2218 575 Α
2244 513 2396 572 dotes
2425 520 2610 569 contra
2639 512 3159 586 legem,arripiendo
3185 513 3544 569 ministerium
3571 513 3824 585 episcopi.

565 609 862 686 novissime
924 605 1200 687 mandavit
1251 608 1450 663 domno
1510 607 1761 678 episcopo
1823 617 1883 662 ut
1947 608 2149 674 faceret
2249 603 2384 658 Nam
2418 603 2902 660 incluserunteum
2933 605 2988 660 in
3016 604 3250 676 quodam
3271 603 3576 670 cenaculo,
3600 605 3694 660 ubi
3721 606 3830 662 sine

566 697 712 780 quod
762 695 904 752 ratio
948 705 1012 774 et
1049 697 1342 771 auctoritas
1389 697 1824 752 commendabat.
1876 695 2028 780 Quod
2093 705 2148 750 et
2242 695 2449 765 judicio
2485 695 2812 771 venerabilis
2863 696 3104 766 episcopi
3147 703 3205 750 et
3221 695 3565 750 sacerdotum
3584 695 3828 751 emendo

568 777 770 870 @ctum
799 793 917 849 est;
955 787 1273 869 accepitque
1299 786 1709 867 benedictiones
1731 777 1976 858 quinque-
2018 802 2138 855 gra-

558 878 746 957 duum,
774 877 976 948 degens
1001 885 1055 931 et
1093 892 1447 947 perseverans
1473 877 1776 954 voluntarie
1814 877 1867 930 in
1899 885 2144 931 sanctam

556 968 1050 1040 conversationem.
1074 967 1242 1038 igitur
1258 966 1494 1036 expletis
1513 967 1696 1038 postea
1722 965 1879 1044 annis
1911 967 2143 1041 duobus,

555 1055 868 1126 supervenit
902 1055 1180 1124 repentina
1229 1055 1344 1109 dies
1400 1055 1809 1132 adimprovisus
1855 1055 1980 1134 ﬁnis
2024 1055 2146 1109 vitae

562 1145 811 1229 Qrsonis.
855 1146 1099 1222 cumque
1150 1146 1218 1204 ad
1278 1145 1484 1200 exitum
1539 1154 1895 1216 urguerctur,
1931 1146 2144 1202 vocavit

551 1226 870 1308 prmdictun‘i
905 1239 1230 1302 monachum
1262 1247 1511 1308 nepotem
1541 1254 1717 1294 suum.
1749 1226 2022 1310 Ipso'vcro
2051 1238 2142 1292 ad-

553 1327 782 1402 sistente
805 1343 987 1383 coram
1012 1341 1102 1394 eo,
1118 1317 1430 1385 ammonere
1451 1329 1660 1385 curavit
1683 1330 1748 1383 de
1765 1316 1934 1399 gloria
1957 1326 2140 1406 mundi

553 1431 718 1494 quam
749 1417 1106 1500 relinquebat,
1137 1433 1242 1498 non
1271 1407 1558 1500 dimittens.
1578 1419 1934 1496 intentionem
1978 1431 2140 1487 quam

553 1523 768 1579 scmper
795 1497 1060 1592 habuerat
1092 1519 1151 1565 ut
1186 1497 1254 1567 ad
1285 1497 1605 1567 canonicam
1633 1511 1800 1565 vitam
1834 1518 2138 1566 revertere-

552 1607 660 1670 tur,
692 1600 819 1661 dato
836 1589 1090 1665 consilio,
1134 1611 1190 1656 et
1233 1600 1399 1658 rebus
1451 1602 1686 1658 maxime
1727 1601 1978 1656 omnibus
2020 1616 2140 1670 quae

555 1673 758 1742 habere
784 1695 1053 1758 potuerat,
1092 1699 1152 1745 ut
1179 1691 1296 1761 ejus
1330 1700 1566 1746 mentem
1609 1691 1677 1744 ad
1727 1691 2052 1760 cupidiciam
2083 1698 2138 1744 et

559 1776 776 1854 inanem
833 1780 1058 1850 gloriam
1111 1783 1394 1836 excitaret.
1428 1781 1605 1852 Atque
1645 1783 1719 1836 ita
1755 1781 1905 1836 obiit.
1941 1781 2142 1851 Imple-

2247 779 2398 864 illum
2431 795 2638 842 vestem
2670 786 3049 862 monasticam,
3101 785 3394 866 induerunt
3445 783 3606 840 albis.
3657 784 3828 854 Atque

2248 878 2322 932 ita
2353 879 2420 933 ad
2444 877 2743 950 secularem
2777 877 3244 936 conversationem
3275 890 3529 946 reversus
3552 883 3660 930 est.
3700 875 3830 950 Dm-

2247 984 2480 1042 nemque
2507 948 2762 1024 delictum
2791 983 2953 1039 super
2975 968 3292 1040 magistrum
3321 977 3379 1021 et
3408 973 3669 1022 domuum
3699 948 3828 1034 ’θρί-

2245 1075 2466 1138 scepum
2523 1071 2911 1132 congesserunt
2955 1076 3054 1140 pro
3113 1059 3432 1126 benefactis.
3493 1059 3644 1130 Ipsos
3688 1059 3828 1113 enim

2249 1146 2381 1204 vana
2415 1151 2656 1205 versutia
2682 1151 3094 1206 contenebratis
3116 1151 3289 1206 oculis
3329 1149 3568 1220 graviter
3613 1149 3680 1202 ad
3729 1148 3828 1202 ruio

2245 1230 2379 1304 nam
2395 1239 2572 1310 laquei
2608 1240 2886 1307 subduxit.
2916 1240 3017 1308 Qui
3075 1255 3176 1314 per
3221 1249 3427 1310 septem
3477 1253 3652 1293 annos
3694 1239 3828 1296 hanc

2242 1329 2554 1389 violentiam
2585 1331 2884 1402 timuerunt
2911 1329 3122 1396 facere,
3150 1338 3210 1383 ut
3254 1328 3427 1397 multo
3471 1327 3829 1400 damnabilior

2243 1403 2398 1477 ﬁeret
2448 1418 2661 1490 longius
2707 1405 2962 1474 ventilata
3015 1428 3070 1474 et
3108 1426 3344 1489 patrata,
3383 1417 3608 1482 etiamsi,
3635 1415 3834 1490 malum.

2241 1516 2409 1562 esset.
2440 1506 2575 1574 Quia
2598 1517 2802 1578 quanto
2827 1508 2947 1576 plus
2967 1499 3184 1576 aliquod
3207 1507 3407 1562 bonum
3434 1503 3824 1576 perduraverit,

2241 1605 2411 1661 tanto,
2461 1597 2506 1651 si
2558 1597 2848 1663 ceciderit,
2896 1596 3214 1668 profundius
3272 1597 3401 1652 ruit.
3449 1595 3726 1650 Similiter
3773 1604 3823 1650 et

2240 1687 2442 1744 malum
2469 1695 2674 1757 quanto
2697 1688 2926 1756 amplius
2976 1687 3342 1751 succreverit,
3396 1695 3551 1741 tanto
3594 1685 3826 1754 graviori

2244 1793 2418 1848 pains:
2443 1768 2764 1847 Subjacebit.
2829 1777 2976 1844 Quos
3024 1778 3176 1833 talia.
3233 1785 3536 1841 sectantes,
3587 1776 3831 1846 neglecto

548 1857 734 1939 sitque
756 1883 1002 1928 mortuus
1019 1873 1164 1943 quod
1185 1873 1402 1944 explere
1421 1875 1731 1945 nequiverat
1756 1873 1922 1927 vivus.
1946 1871 2023 1927 Ex
2045 1871 2132 1926 illa
2161 1862 2212 1922 Β
2240 1869 2415 1925 fructu
2438 1869 2799 1939 poenitentiae.
2830 1869 3018 1924 inanes
3047 1869 3230 1925 socius
3255 1866 3478 1940 [socios]
3499 1866 3708 1925 habere
3745 1881 3831 1920 ευο

551 1952 682 2029 ei'go
709 1961 796 2016 die
833 1975 861 2014 a
889 1963 1117 2031 pristina
1141 1964 1418 2018 voluntate
1440 1963 1805 2020 subdiaconus
1830 1963 1995 2033 cmpit
2032 1978 2151 2018 esse
2245 1963 2403 2034 piunt
2422 1971 2584 2031 atque
2608 1975 2840 2015 avernus
2867 1962 3142 2030 suscipere
3173 1959 3442 2015 desiderat
3477 2015 3480 2017 λ

549 2046 994 2132 alienus,junctus
1014 2053 1682 2120 conversationeetanimo
1704 2053 1991 2132 a'vunculis
2011 2053 2145 2119 suis,

2323 2047 2496 2123 Hujus
2517 2052 2593 2122 rei
2627 2050 2780 2106 testis
2802 2060 2884 2106 est
2905 2050 3084 2105 orntus
3106 2049 3243 2105 ordo
3261 2045 3731 2125 ipsius‘Ecclesiaz,
3747 2046 3828 2114 qui

551 2126 823 2222 hetbai-do
875 2135 1083 2193 scilicet
1125 2148 1181 2194 et
1214 2138 1515 2205 Amarrico,
1563 2125 1793 2221 quorum
1827 2138 2057 2195 consilio
2094 2137 2159 2194 et'
2253 2125 2626 2212 unusquisque
2656 2141 2952 2224 secundum
2981 2156 3140 2197 suum
3185 2129 3551 2204 ministerium
3584 2128 3829 2208 probare

550 2211 768 2312 ingenio
813 2236 958 2308 totus
988 2227 1161 2316 fertur
1182 2231 1234 2286 in
1259 2219 1532 2302 praeceps;
1573 2218 1936 2314 ﬁuntqueipsi
1967 2247 2147 2312 sacer-

2247 2233 2522 2309 polestita
2551 2233 2749 2302 factum
2787 2247 2929 2316 esse.

778 2625 1248 2759 primum
1305 2549 1591 2723 etum
1649 2623 2266 2751 RAVENNATIS
2318 2623 2450 2751 An
2510 2621 2974 2722 CAROLUM
3030 2619 3572 2751 mmorant.
3653 2566 3664 2573 ”

1889 2842 1960 2920 βλ
1986 2841 2222 2898 Biblioth.
2258 2841 2358 2894 PP.
2393 2843 2551 2917 mas.)
2679 2902 2682 2905 _

1990 3020 2391 3036 —~

621 3141 824 3218 Divina:
862 3145 1125 3222 largitatis
1161 3161 1408 3213 munero,
1442 3147 1732 3217 sapientia,
1777 3144 2128 3216 potentiaque
2157 3144 2202 3207 C
2237 3151 2321 3197 tra
2364 3140 2794 3198 ecclesiasticum
2839 3132 3046 3198 morem
3078 3141 3303 3209 faciunt,
3349 3147 3456 3214 qui~
3497 3147 3555 3200 in
3601 3149 3827 3205 ecclosia

587 3223 888 3308 mfulgido,
935 3237 1156 3292 domino
1221 3240 1332 3309 regi
1377 3239 1594 3295 (ἒΑιιοιο
1639 3238 1892 3309 glorioso,
1941 3245 2130 3292 sancta

577 3327 842 3402 iavennas
869 3327 1130 3394 Ecclesia,
1195 3330 1426 3401 inclytos
1489 3345 1614 3386 cum
1661 3328 1818 3384 felice
1875 3343 2130 3385 successu

546 3409 764 3492 semper
791 3437 1011 3479 manere
1039 3423 1361 3494 triumphos.

619 3513 935 3588 Quanquam
986 3513 1130 3582 enim
1183 3522 1378 3568 vestrm
1424 3513 1753 3569 celsitudinis
1783 3512 1984 3585 gloriae,
2033 3525 2136 3581 pro

546 3603 827 3682 sapientiae
861 3604 1160 3682 altitudine,
1203 3609 1260 3660 et
1291 3604 1495 3662 honore
1539 3589 1772 3674 imperii,
1817 3604 1960 3674 quod
1987 3603 2132 3657 inter

545 3679 810 3772 mortales
855 3679 1171 3765 principalis
1221 3696 1473 3761 habetur,
1531 3695 1745 3751 vivendi
1792 3704 1849 3749 et
1901 3692 2129 3749 docendi

546 3783 925 3860 ecclesiastica:
979 3785 1177 3858 regulae
1223 3799 1359 3854 pene
1409 3785 1588 3840 omnia
1641 3795 1766 3840 nota
1817 3784 2126 3848 videantur,

547 3873 793 3942 nihilque
822 3874 894 3928 sit
913 3874 1055 3949 quod
1087 3875 1154 3928 de
1181 3875 1362 3929 'sacris
1397 3875 1722 3931 lectionibus
1758 3875 1939 3928 minus
1968 3871 2127 3927 intel-

546 3960 748 4022 IOCtum
789 3970 985 4018 vestra:
1028 3961 1199 4032 regali
1231 3963 1531 4032 prudentiae
1573 3963 1914 4018 arbitretur:
1948 3971 2128 4016 tamen

547 4033 801 4134 quoniam
836 4053 1102 4124 quondam
1141 4037 1504 4108 difﬁcultatem
1534 4038 1594 4108 let
1629 4052 1940 4122 scrupulum
1967 4066 2130 4122 super

549 4145 906 4226 quorumdam
927 4143 1135 4208 habitu,
1164 4143 1254 4213 qui
1284 4142 1591 4199 ex’diversis
1613 4158 1822 4198 morum
1851 4153 1904 4210 et
1927 4141 2128 4232 regulae

541 4233 843 4320 disciplinis
893 4234 962 4289 ad
1027 4249 1238 4311 sacram
1289 4235 1614 4304 proveniunt
1659 4233 2012 4323 dignitatem,
2069 4231 2126 4286 iu

537 4333 724 4406 vestra
769 4339 922 4380 sacra
961 4332 1144 4401 mente
1188 4322 1303 4386 fore
1351 4323 1674 4390 audivimus,
1701 4321 1941 4378 collectis
1958 4321 2127 4392 Super

541 4416 648 4499 hoc
667 4415 988 4499 quibusdam
1018 4415 1254 4490 Patrum
1275 4413 1620 4494 antiquorum
1659 4412 1954 4488 exemplis,
1979 4413 2124 4483 quod

2233 3248 2340 3290 non
2380 3243 2668 3288 creverunt
2705 3249 2721 3285 :
2758 3231 2852 3288 sed
2899 3232 3006 3287 alio
3053 3235 3332 3291 venientes
3373 3237 3598 3302 itinere,
3653 3255 3828 3294 secum

2232 3325 2348 3380 haec
2373 3325 2426 3380 in
2449 3323 2765 3390 ecclesiam,
2799 3339 2924 3394 quae
2952 3325 3005 3379 in
3037 3326 3140 3380 alia
3185 3333 3606 3406 conversatione
3633 3333 3828 3386 habue-

2231 3426 2377 3482 rant,
2425 3416 2744 3474 intulerunt.
2776 3415 2980 3473 Amicti
3032 3420 3178 3474 enim
3225 3420 3411 3489 pallio,
3465 3423 3615 3478 sicut
3661 3424 3826 3480 Graeci

2231 3510 2500 3575 monachi,
2529 3519 2584 3565 et
2622 3510 2838 3580 lumbos
2896 3512 3172 3582 prmeincti
3227 3513 3460 3568 credunt
3514 3529 3580 3570 se
3633 3525 3830 3570 sancta:

2232 3598 2524 3670 Scriptum
2570 3599 2729 3654 ﬁdem
2761 3616 2867 3656 non
2896 3616 2994 3670 per
3017 3602 3289 3671 spiritum,
3320 3603 3413 3658 sed
3445 3617 3550 3673 per
3595 3605 3826 3660 litteram

2230 3688 2645 3758 complecturos.
2672 3688 2805 3743 Nam
2834 3690 2974 3765 siad
3007 3691 3111 3746 hoc
3143 3691 3245 3746 ista
3280 3701 3557 3763 praecepta
3595 3706 3744 3759 sum,
3772 3704 3826 3748 ut

2230 3779 2418 3835 taliter
2445 3789 2838 3849 servarentur:
2873 3791 2972 3843 cur
3008 3797 3116 3837 non
3152 3782 3289 3837 ﬁunt
3328 3784 3538 3854 pariter
3573 3801 3704 3855 qua:
3747 3800 3828 3840 se-

2231 3877 2496 3943 quuntur,
2529 3878 2590 3923 ut
2633 3869 2869 3924 lucerna:
2917 3872 3174 3948 ardentes
3203 3889 3309 3928 una
3341 3888 3468 3937 cum
3511 3876 3720 3932 baculo
3753 3885 3826 3930 te-

2228 3968 2460 4014 neantur
2477 3960 2506 4012 ‘l-
2540 3959 2753 4015 Habent
2791 3962 2936 4015 enim
2977 3977 3134 4017 suum
3193 3963 3296 4017 ista
3355 3967 3690 4034 mysterium
3716 4006 3732 4030 ,
3773 3973 3827 4020 et

2229 4037 2656 4121 intelligentibus
2704 4051 2778 4105 ita
2829 4050 2976 4106 clara
3025 4061 3172 4117 sunt,
3213 4061 3381 4109 utea
3427 4058 3630 4126 magis,
3668 4072 3822 4126 quam

2229 4142 2407 4209 decet,
2454 4143 2851 4214 signiﬁcatione
2891 4154 3199 4212 serventur.
3245 4145 3380 4201 Nam
3425 4147 3480 4201 in
3509 4147 3824 4203 lumborum

2225 4224 2622 4302 signiﬁcatione
2663 4233 2906 4298 castitas,
2947 4234 2999 4288 in
3027 4220 3222 4291 baculo
3247 4215 3487 4307 regimen
3522 4237 3820 4307 pastorale,

2227 4323 2280 4378 in
2324 4322 2563 4378 lucernis
2611 4325 2929 4380 ardentibus
2973 4313 3375 4400 fulgor‘operis
3418 4327 3547 4382 boni
3602 4328 3824 4382 demou-

2225 4423 2448 4468 stratur.
2485 4435 2503 4468 ι

548 4495 619 4580 de
647 4508 752 4564 hoc
790 4491 1004 4577 priores
1031 4508 1265 4562 sensisse
1293 4491 1610 4577 contigerit,
1643 4507 1852 4576 etquid
1875 4507 1999 4560 data
2025 4520 2122 4558 au-
2149 4504 2198 4562 D
2294 4503 2506 4560 Habent
2547 4513 2724 4559 tamen
2767 4505 2822 4559 hi
2862 4506 3027 4580 istum
3057 4504 3290 4562 forsitan
3334 4505 3580 4573 cultum,
3611 4522 3822 4564 morem

549 4577 824 4671 ctoritate'
853 4587 1258 4671 mandaverint,
1311 4589 1527 4652 servato
1578 4597 1632 4650 in
1681 4595 1882 4652 talibus
1922 4604 2122 4650 nostrae

473 4733 476 4736 .
546 4665 736 4747 tenore
764 4688 1044 4754 Ecclesiae,
1075 4666 1292 4760 dignum
1315 4689 1569 4759 duximus
1597 4699 1654 4743 et
1679 4702 1885 4764 morem
1916 4695 2117 4744 nostra

541 4763 798 4858 Ecclesia
823 4765 1214 4858 demonstrare,
1235 4765 1303 4858 et
1330 4784 1570 4834 vestram
1603 4777 1656 4832 in
1682 4777 1877 4855 talibus
1904 4777 2116 4833 ferven-

534 4849 642 4959 tem
673 4850 1006 4958 diligentiam
1037 4849 1313 4954 serenam.
1390 4859 1393 4862 ’

611 4952 934 5034 Pontificum
978 4963 1124 5019 enim
1154 4952 1538 5028 Romanorum
1573 4959 1889 5028 auctoritas,
1919 4973 2116 5029 qutuus

455 5113 459 5116 .
537 5057 597 5136 in
616 5035 678 5109 li.
695 5040 1088 5136 Peu‘q‘cu‘raet‘
1103 5052 1408 5136 sollicitudo
1425 5051 1679 5133 pascendi
1699 5064 1913 5120 gregem
1934 5048 2115 5130 Eccita-

531 5131 627 5203 siie
655 5161 686 5201 a
716 5131 943 5202 Domino
967 5144 1094 5202 Jesu
1115 5131 1449 5222 Christoest
1465 5131 1686 5206 tradita,
1715 5157 1784 5203 ex
1812 5141 1964 5196 clara
1987 5140 2114 5196 ﬁdei

532 5239 771 5311 puritate
789 5238 965 5302 docet,
988 5236 1186 5307 quibus
1203 5237 1369 5311 rebus
1385 5223 1669 5306 etreg’ub's
1681 5232 2110 5291 Christianorum

528 5309 642 5384 vita
683 5328 736 5383 in
776 5342 874 5383 sua
911 5312 1172 5396 cuiusq“
1207 5309 1541 5397 professione
1581 5323 1774 5406 debeat
1825 5322 2112 5406 contineri,

527 5422 814 5494 qualisque
844 5428 1094 5490 servetur
1143 5421 1198 5474 in
1228 5420 1380 5476 urbis
1426 5418 1612 5475 Romae
1653 5403 1900 5472 ecclesiis
1931 5403 2110 5470 'disci-

526 5515 696 5588 plina,
723 5519 960 5587 quorum
995 5513 1192 5570 beatus
1230 5494 1554 5568 leéstinus
1589 5511 1655 5566 de
1692 5496 1796 5565 hac
1825 5523 1886 5564 re
1923 5507 2106 5576 dispu-

527 5603 670 5675 t'ans,
717 5608 858 5663 inter
898 5614 1096 5663 caetera
1144 5602 1352 5658 infert:
1391 5620 1410 5654 α
1438 5589 1686 5658 Dicimus
1717 5599 1863 5656 enim
1897 5599 2108 5654 Domini

529 5701 836 5758 sacerdotes
855 5699 1232 5771 superstitioso
1254 5697 1433 5768 potius
1453 5694 1618 5750 cultui
1641 5694 1918 5756 inservire,
1943 5685 2106 5763 quam

528 5787 728 5864 mentis
750 5791 834 5844 vel
867 5789 989 5845 ﬁdei
1033 5789 1277 5860 pu'ritati,
1303 5796 1358 5843 et
1384 5800 1490 5842 non
1531 5785 1750 5852 mirum,
1781 5786 1873 5853 nil,
1907 5785 1948 5840 si
1979 5799 2108 5840 con-

2224 4596 2410 4666 potius
2432 4611 2591 4665 quam
2625 4596 2892 4676 rationem
2937 4607 3247 4666 sequentes,
3283 4599 3377 4669 qui
3425 4602 3822 4658 remotioribus

2224 4687 2470 4759 habitant
2495 4686 2650 4750 locis,
2672 4694 2734 4764 et
2752 4671 2948 4757 procul
2976 4703 3006 4742 a
3037 4689 3250 4758 caeteris
3281 4688 3505 4759 degunt.
3523 4689 3710 4746 'Unde
3739 4691 3820 4744 hic

2223 4779 2442 4834 habitus
2463 4779 2516 4833 in
2550 4779 2805 4836 Ecclesiis
2824 4780 3142 4848 Gallicanis,
3171 4791 3232 4836 ut
3255 4791 3337 4837 tot
3369 4797 3674 4848 annorum,
3709 4793 3822 4838 tau-

2223 4880 2508 4940 torumque
2556 4873 2874 4942 pontiﬁcum
2921 4874 2982 4926 in-
3005 4871 3237 4949 alterum
3283 4873 3535 4928 habitum
3587 4887 3820 4930 consue-

2224 4965 2354 5020 tudo
2403 4965 2696 5018 vertatur?
2759 4965 3109 5024 Discernendi
3161 4981 3192 5019 a
3245 4964 3403 5040 plebe
3460 4964 3552 5020 vel
3603 4968 3820 5022 castoris

2219 5070 2426 5122 sumus,
2453 5040 2720 5122 doctrina,
2755 5072 2860 5111 non
2888 5067 3070 5119 veste;
3099 5039 3545 5128 conversaiionei,
3576 5073 3692 5130 non
3722 5058 3817 5111 ba-

2217 5147 2364 5212 bitu;
2415 5134 2618 5202 mentis
2658 5143 3084 5224 puritate,'non
3132 5147 3308 5204 cultu.
3365 5147 3615 5202 Ducendi
3667 5149 3816 5202 enim

2214 5247 2343 5294 sunt
2369 5239 2550 5314 populi
2582 5237 2764 5309 potius
2813 5254 2976 5310 quam
3007 5239 3257 5305 ludendi;
3291 5252 3390 5294 nec
3417 5239 3814 5308 imponendum

2217 5340 2516 5386 esteorum
2561 5333 2755 5399 oculis,
2806 5334 2898 5388 sed
2945 5331 3217 5393 mentibus
3252 5341 3522 5402 praecepta
3564 5341 3704 5385 sunt
3737 5333 3818 5385 in-

2216 5421 2508 5488 fundenda.
2558 5421 2843 5478 Leovenim
2877 5431 3078 5482 sancta:
3125 5423 3381 5478 Romana:
3407 5421 3555 5478 sedis
3589 5425 3812 5492 episco-

2215 5529 2317 5584 pus
2353 5513 2484 5570 dicit
2515 5533 2528 5566 :
2578 5531 2596 5566 ι
2628 5511 2972 5583 Propositum
3017 5515 3267 5570 monachi
3296 5513 3530 5583 proprio
3571 5515 3814 5570 arbitrio

2215 5607 2302 5660 vel
2349 5607 2628 5662 voluntate
2671 5614 3003 5676 susceptum,
3036 5606 3211 5661 deseri
3251 5621 3356 5660 non
3393 5601 3556 5676 posse
3589 5607 3808 5675 absque

2213 5705 2461 5766 peccato.
2490 5697 2626 5764 Quia
2663 5696 2807 5767 quod
2839 5696 2961 5765 quis
2995 5697 3142 5751 vovit
3185 5696 3316 5762 Deo,
3346 5695 3508 5752 debet
3545 5698 3802 5752 reddere.

2215 5787 2367 5844 Unde
2396 5805 2538 5854 eum,
2580 5777 2671 5858 qui
2708 5788 2892 5845 relicta
2937 5789 3322 5861 singularitatis
3361 5789 3707 5867 professione
3735 5791 3799 5868 ad
