4006 5800
173 383 331 441 ηδθκ

1005 377 1111 432 ως.
1140 375 1480 436 CONV'ERS.
1518 375 1830 435 nomnen
1868 377 1957 432 nr
1990 367 2626 437 CARENTANORUM."

3296 354 3431 435 {270'

173 466 447 559 militiam,
469 493 552 548 vel
575 492 644 548 ad
669 492 885 562 nuptias
909 491 1191 547 devolutus
1213 499 1298 545 est
1321 489 1546 561 publica:
1570 489 1745 560 paeni-
1771 489 1818 551 A
1848 503 2187 561 nequaquam
2218 491 2509 556 obnoxius,
2533 491 2580 547 si
2604 491 2769 547 curiae
2792 475 3054 572 probatur
3082 474 3312 547 inertibus
3338 490 3433 571 ab:

170 587 355 645 tentias
397 584 770 641 satisfactione
800 584 1157 655 purgandum.
1194 602 1214 635 ι
1248 582 1514 639 Relictam
1563 582 1747 652 singu-

168 677 404 740 laritatis
451 674 875 747 professionem,
921 687 1030 727 non
1088 670 1391 742 scapulare,
1453 670 1598 740 quod
1652 684 1750 739 pro

166 785 332 843 apere
357 769 549 835 fertur,
576 767 823 838 exemplo
848 780 1012 835 supra
1042 765 1188 821 dicto
1224 764 1537 841 accipimus.
1566 761 1749 833 Neque

164 860 213 917 si
240 860 329 914 ad
378 856 673 918 sacerdotii
718 856 1040 927 dignitatem
1080 855 1414 919 ascenderis,
1462 853 1557 910 sed
1600 854 1645 909 si
1681 854 1751 909 ad

164 948 419 1006 militiam
446 950 530 1005 vel
562 948 639 1004 ad
653 948 869 1019 nuptias
892 947 1173 1004 devolutus
1195 957 1300 1011 est,
1331 945 1555 1016 publica:
1578 945 1752 1015 paeni-

160 1043 353 1109 tentia
396 1041 773 1108 satisfactione
808 1041 1123 1112 purgandus
1164 1040 1418 1113 habetur,
1458 1040 1514 1095 in
1554 1033 1751 1110 quibus

159 1131 289 1195 licet
324 1133 586 1189 innocens
612 1131 786 1202 possit
807 1145 929 1186 esse
962 1130 1181 1195 militia,
1209 1137 1264 1184 et
1303 1130 1591 1186 honestum
1622 1144 1761 1184 eon-

151 1225 392 1297 juginm,
437 1224 760 1280 electionem
812 1222 1115 1285 meliorem,
1160 1236 1284 1291 quae
1328 1220 1385 1276 in
1428 1219 1751 1276 sacerdotali

156 1315 341 1399 olljeio
364 1330 487 1372 esse
505 1330 615 1371 non
644 1322 847 1385 potest,
891 1312 1217 1378 deseruisse,
1234 1311 1621 1383 ,transgressio
1643 1323 1748 1369 est.

151 1408 227 1473 inf
264 1422 379 1479 quo
422 1405 660 1476 capitulo
704 1405 1039 1477 prepositum
1085 1404 1364 1469 monachi,
1409 1403 1750 1459 devotionem

153 1507 367 1555 sanetae
391 1497 845 1563 conversationis,
888 1512 994 1553 non
1045 1496 1275 1553 vestium
1305 1488 1512 1551 cultum
1552 1494 1752 1550 intelli-

150 1593 495 1663 gentes,.qni
535 1589 817 1660 multiplex
850 1599 903 1645 et
941 1589 1130 1645 varius
1169 1602 1267 1658 pro
1298 1588 1541 1644 locorum
1578 1596 1633 1645 et
1668 1603 1751 1644 re-

150 1697 391 1755 gnorum
420 1681 756 1757 diversitate,
776 1681 833 1735 in
861 1674 1174 1737 Graecorum
1205 1688 1260 1736 et
1283 1680 1602 1735 Latinorum
1633 1695 1748 1735 mu-

152 1775 355 1840 nachis
380 1774 679 1838 invenitur;
722 1774 775 1829 in
810 1774 897 1830 his
923 1774 1016 1845 qui
1047 1775 1115 1830 ad
1145 1775 1391 1846 regimen
1412 1773 1749 1830 ecelesiasti.

1851 579 2083 645 solutus,
2117 592 2467 654 paternorum
2508 582 2849 638 decretorum
2896 568 3097 653 regulis
3133 583 3228 636 aut
3273 568 3435 645 insti—

1853 672 1984 729 tutis
2013 671 2326 740 obnoxium,
2354 674 2447 729 sed
2474 671 2654 751 potius
2683 688 2890 730 morem
2918 665 3011 743 qui
3038 672 3091 727 in
3117 686 3180 729 ea
3204 668 3449 735 ecclesia"

1852 775 1918 816 ex
1955 763 2179 832 antiquo
2216 772 2322 827 est,
2369 762 2756 822 inviolabiliter
2788 764 3101 819 omnimodo
3139 764 3434 819 observan-'-

1854 852 2002 907 dum.
2033 852 2220 923 Neque
2246 855 2391 910 enim
2423 856 2490 910 ad
2517 841 2945 911 conservandam
2986 844 3151 911 totius
3193 853 3433 926 singula-

1855 945 2030 1001 ritatis
2072 944 2487 1016 professionem,
2536 964 2697 1019 quam
2745 948 3079 1004 sacerdotale
3113 946 3347 1004 oliicium
3378 946 3432 1002 in

1854 1034 2026 1097 forma
2056 1037 2183 1099 vitae
2222 1039 2600 1101 ecclesiasticae
2628 1040 2850 1097 minime
2876 1038 3106 1119 patitur;
3137 1040 3436 1117 observan.

1854 1127 1983 1182 dum
2009 1128 2065 1183 in
2094 1128 2355 1199 singulis;
2394 1143 2516 1200 quae
2544 1129 2703 1199 hujus
2732 1138 2900 1187 sectae
2938 1129 3202 1201 regularis
3245 1136 3435 1210 aucto:

1854 1218 1986 1274 ritas
2007 1220 2252 1290 praecipit
2277 1221 2571 1291 operanda,
2606 1222 2658 1275 i‘n
2688 1216 2808 1288 e’su',
2831 1222 2885 1276 in
2924 1220 3164 1286 silentio,
3205 1220 3258 1275 in
3278 1220 3434 1285 horis

1854 1309 2240 1375 custodiendis,
2262 1318 2318 1364 et
2341 1310 2393 1363 in
2416 1305 2669 1366 omnibus
2689 1312 3024 1383 regularibus
3052 1312 3265 1369 actibus
3285 1310 3438 1367 exhi-

1854 1398 2068 1468 bendis,
2099 1401 2272 1459 solum
2301 1401 2581 1472 scapulare
2614 1402 2859 1473 pallium,
2903 1403 3162 1475 neglectis
3198 1401 3430 1467 caeteris,

1855 1491 2126 1549 suiliciens
2150 1494 2395 1550 omnium
2421 1502 2705 1551 auctorum
2718 1486 2933 1573 judicio
2960 1497 3260 1553 retinemus
3290 1514 3304 1551 :
3338 1495 3435 1557 sed

1855 1585 2035 1656 potius
2060 1587 2162 1642 sub
2193 1586 2377 1645 habitu
2399 1587 2655 1661 singulari
2685 1605 2713 1645 a
2741 1590 2854 1646 vita
2875 1591 3091 1661 penitus
3115 1590 3430 1646 discordan—

1858 1684 1956 1741 tes,
1983 1676 2035 1731 in
2058 1678 2364 1735 communis
2379 1679 2501 1735 vita:
2524 1666 2936 1754 participatione
2962 1679 3436 1753 reprehendendos

1857 1770 2037 1825 acrius
2064 1770 2417 1827 :estimamus.
2449 1770 2558 1828 Nec
2598 1774 2701 1829 hac
2734 1774 2950 1844 quidem
2991 1774 3241 1841 dicimus,
3282 1770 3342 1829 ut
3378 1775 3447 1855 in

151 1880 286 1921 cum
310 1864 577 1920 canonico
598 1863 808 1928 ordine,
832 1864 1127 1935 episcopali
1149 1864 1415 1934 dignitate
1440 1872 1750 1929 sacrantur,
1784 1846 1826 1904 Β
1852 1858 2105 1913 omnibus
2135 1859 2294 1929 hujus
2317 1859 2621 1932 religionis,
2656 1876 2779 1923 eum
2808 1865 2876 1918 ad
2904 1860 3157 1920 sanctam
3173 1852 3449 1935 pervene-I

152 1956 203 2012 si
236 1957 293 2010 in
337 1956 664 2011 sacerdotali
712 1955 900 2011 habitu
926 1964 981 2010 et
1010 1955 1401 2015 consuetudine
1441 1954 1752 2010 ministrent

150 2047 434 2113 ecclesiis,
464 2048 518 2101 in
545 2048 742 2117 quibus
780 2048 1020 2121 provecti
1053 2054 1200 2112 sunt,
1242 2046 1377 2105 nihil
1405 2045 1629 2102 obviare
1655 2061 1755 2115 pa-

154 2141 351 2199 ternis.
383 2139 734 2209 antiquorum
781 2138 982 2210 regulis
1039 2154 1139 2208 pro
1184 2148 1385 2195 nostra:
1434 2139 1757 2209 capacitatis

154 2227 518 2298 intelligentia
562 2221 788 2284 omnino
826 2226 1171 2295 confidimus,
1218 2230 1313 2285 sed
1352 2230 1534 2299 potius
1573 2229 1752 2287 eccle—

154 2321 405 2375 siasticis
454 2330 513 2375 et
553 2319 867 2391 apostolicis
915 2319 1116 2392 regulis
1166 2320 1480 2389 innitentes,
1533 2337 1756 2378 concor-

153 2410 319 2474 diam
338 2427 503 2481 quam
526 2412 577 2466 in
605 2411 792 2467 habitu
818 2412 1162 2467 sacerdotum
1187 2412 1431 2490 Romana
1470 2422 1757 2469 conservat

154 2502 404 2559 Ecclesia
455 2505 786 2573 sequendam
826 2505 1154 2561 omnimodis
1172 2503 1480 2573 iudicamus
1515 2525 1528 2561 :
1562 2507 1756 2563 melius

150 2594 334 2649 multo
378 2595 550 2663 magis
579 2594 936 2662 arbitrantes,
989 2604 1049 2651 ut
1078 2594 1364 2657 uniformis
1403 2596 1755 2653 sacerdotalis

150 2684 332 2749 vastis
354 2684 689 2753 aequalitate,
704 2700 996 2749 commune
1024 2685 1366 2740 ministraadi
1389 2685 1632 2741 ecclesia:
1653 2684 1756 2740 mi-

142 2776 444 2832 nisterium
476 2776 797 2841 sortiantur,
823 2793 997 2848 quam
1028 2780 1231 2834 amieto
1256 2779 1359 2835 sub
1380 2779 1591 2834 honore
1617 2795 1756 2849 pon-

142 2863 398 2927 tifieatus
422 2865 589 2935 pallio
605 2866 883 2936 singulari,
914 2868 984 2922 ab
1007 2869 1290 2938 utriusque
1312 2867 1524 2932 ordine,
1561 2868 1755 2939 singue

142 2953 398 3010 laritatis
431 2954 722 3035 siquidem,
760 2964 817 3011 et
837 2956 1180 3027 episcopalis,
1216 2956 1575 3026 professione,
1618 2958 1750 3021 vita,

139 3056 212 3109 et
248 3048 493 3104 moribus
522 3049 883 3119 diserepetur,
916 3049 1025 3105 Nec
1054 3051 1198 3106 enim
1234 3050 1485 3116 dicimus,
1512 3059 1571 3106 ut
1598 3066 1759 3123 gene-

1859 1951 1969 2004 rint
1991 1949 2332 2021 dignitatem,
2359 1952 2551 2010 relicto
2572 1969 2723 2012 more
2750 1955 2994 2012 ecclesiae
3018 1953 3106 2014 vel
3136 1954 3437 2026 religionis,

1857 2042 1911 2097 in
1936 2049 2040 2113 qua
2074 2045 2315 2113 provecti
2363 2053 2509 2112 sunt,
2548 2048 2859 2103 mutandam
2903 2056 3108 2104 vestem
3151 2046 3439 2119 singulari!

1858 2132 1987 2190 tatis
2028 2134 2360 2205 generaliter
2387 2149 2710 2193 censeamus
2738 2154 2752 2191 :
2784 2137 2877 2193 sed
2908 2138 3088 2208 potius
3116 2137 3170 2191 in
3205 2145 3441 2206 utroque

1856 2222 2044 2286 habitu
2073 2224 2438 2292 sacerdotum,
2467 2240 2675 2283 morem
2717 2226 3072 2283 ecclesiarum
3108 2236 3165 2283 et
3190 2226 3441 2290 ordinem

1856 2314 1911 2369 in
1942 2314 2141 2384 quibus
2176 2316 2419 2387 provecti
2468 2326 2617 2382 sunt,
2670 2316 2835 2373 nullis
2861 2316 3083 2377 Patrum
3113 2317 3443 2391 praejudiciis

1854 2405 2184 2474 obnoxium,
2235 2408 2786 2478 irreprehenslbiliter
2828 2408 3160 2465 arbitramur
3208 2396 3447 2480 sequens

1856 2497 2003 2552 dum.

1926 2586 2099 2658 Hujus
2120 2589 2263 2644 e:.im
2294 2595 2495 2645 nostra:
2523 2591 2931 2647 consuetudinis
2952 2605 3195 2655 causam,
3238 2605 3270 2645 ο
3295 2590 3451 2667 bone
3470 2657 3482 2669 Γ

1857 2693 1975 2744 rex,
2009 2692 2109 2749 pro
2145 2687 2345 2738 nostrae
2385 2679 2819 2748 reprehensionis
2852 2680 3198 2746 necessitate,
3244 2690 3443 2733 vestras

1855 2770 2134 2826 serenitati
2187 2770 2505 2837 reddentes,
2569 2770 2826 2842 placitam
2881 2772 2990 2828 Deo
3035 2771 3443 2828 solicitudinem

1854 2871 2115 2928 vestram,
2158 2878 2319 2932 quam
2356 2878 2456 2933 pro
2508 2870 2651 2919 statu
2696 2873 2898 2920 sanctze
2941 2862 3037 2919 Dei
3083 2858 3347 2920 Ecclesia!
3383 2854 3449 2918 in'

1852 2954 2107 3017 omnibus
2152 2955 2265 3010 suis
2293 2954 2615 3011 utilitatibus
2659 2971 2754 3011 vos
2797 2955 3195 3012 ferventissimo
3242 2950 3449 3013 mentis.

1854 3049 2034 3105 studio
2053 3047 2277 3102 habere
2312 3047 2611 3108 multorum
2639 3047 2904 3109 relatione
2936 3051 3328 3120 comperimus,
3360 3065 3443 3107 se-

139 3138 351 3195 raliter
374 3140 628 3196 omnibus
661 3142 913 3197 ecclesiis
949 3142 1051 3198 hac
1085 3141 1203 3211 lege
1234 3142 1455 3198 habitus
1484 3144 1756 3210 constrint-
1781 3193 1822 3215 η
1857 3154 2052 3195 renare
2077 3139 2201 3194 data
2236 3139 2561 3195 auctoritate
2591 3138 2871 3195 humiliter
2905 3143 3229 3214 exopta'm'us
3255 3162 3268 3197 :
3294 3144 3442 3215 pario.

278 3193 311 3194 η
386 3193 399 3195 -
494 3193 499 3194 ,
669 3193 910 3197 ---πη
949 3193 1048 3198 __-_-
1086 3193 1197 3211 ην
1237 3193 1452 3198 ---ψη
1490 3193 1745 3210 -ί---,--,,,
1864 3193 1907 3195 ,-
2034 3193 2042 3194 κ
2090 3193 2095 3194 ν
2322 3193 2328 3194 ,
2383 3193 2386 3194 ,
2542 3193 2552 3195 -
2818 3193 2855 3195 --
2913 3193 3442 3215 ---Ἱππ---νη

136 3231 322 3304 gendi
349 3233 734 3288 auctoritatem
763 3234 1049 3288 donemus.
1779 3193 1822 3256 δ
1856 3239 2046 3301 terque
2084 3230 2253 3287 etiam
2292 3232 2588 3287 immensas
2618 3232 2915 3303 gratiarum
2960 3234 3205 3290 actiones
3233 3235 3443 3305 prinei.

227 3320 449 3378 Scimus
505 3324 650 3378 enim
678 3364 693 3390 ,
751 3325 891 3395 quod
946 3326 1304 3397 unusquisque
1350 3341 1409 3381 ιιι
1450 3341 1548 3381 suo
1596 3342 1767 3388 sensa.
1853 3321 1958 3391 pali
1984 3321 2550 3392 magnitudinivestrav.
2569 3320 2872 3387 referimus,
2898 3338 3018 3392 qua:
3043 3325 3215 3379 nosin
3239 3324 3441 3381 nostris

53 3462 63 3477 ,
132 3414 393 3469 abundet
415 3427 435 3467 :
467 3414 562 3470 sed
599 3430 699 3474 nos
737 3424 1159 3487 nostrarumque
1193 3416 1547 3473 ecclesiarum
1579 3417 1755 3488 ponti-
1855 3412 2003 3479 filiis,
2032 3413 2231 3471 vestris
2257 3414 2522 3489 siquidem
2554 3413 2803 3471 ﬁdelibus
2847 3410 3178 3482 oratoribus,
3218 3408 3451 3474 monere

137 3504 319 3570 ﬁces,
351 3519 491 3575 quos
515 3521 582 3561 ex
611 3506 842 3563 diversis
885 3509 1099 3563 merum
1126 3516 1184 3563 et
1227 3507 1426 3579 regulae
1453 3507 1755 3578 disciplinis
1851 3514 1908 3562 et
1934 3506 2207 3577 corrigere
2245 3505 2360 3562 suis
2385 3506 2558 3563 sacris
2582 3506 2828 3577 apicibus
2857 3515 2943 3564 est
2992 3508 3231 3579 dignata,
3270 3518 3326 3566 et
3353 3511 3439 3565 in-

130 3596 225 3651 ad
279 3610 493 3652 sacram
542 3600 856 3667 pervenisse
904 3599 1220 3670 dignitatem
1269 3599 1585 3669 gaudemus,
1622 3599 1667 3655 si
1698 3599 1756 3654 in
1854 3613 2017 3669 super
2042 3606 2299 3668 quantum
2330 3612 2427 3667 pro
2454 3606 2641 3653 sancta
2675 3596 2933 3669 religione
2961 3596 3209 3655 ferveant
3236 3601 3290 3655 in
3330 3598 3451 3657 suae

134 3687 355 3752 habitu
400 3687 724 3760 sacerdotali
772 3690 1020 3749 ecclesiis
1054 3690 1501 3757 ministraverint,
1546 3689 1752 3746 nullum
1854 3688 2157 3746 devotionis
2201 3688 2570 3744 admonitione
2629 3685 2821 3754 nobis,
2870 3703 2938 3743 ne
2989 3686 3443 3760 reprehensibilcs

132 3779 475 3836 habendum
500 3779 892 3851 praeiudicium,
925 3797 1103 3853 neque
1127 3797 1227 3853 pro
1255 3782 1473 3845 habitus
1493 3783 1759 3854 qualitate
1853 3786 2157 3847 videamur,
2189 3790 2431 3838 ostensa.
2486 3780 2642 3837 Unde
2685 3796 2753 3836 ne
2799 3784 3128 3838 statutorum
3170 3797 3439 3838 canonum

132 3868 438 3925 feriendos
457 3886 686 3927 censura
721 3857 982 3935 canonica
1012 3872 1387 3941 formidamus,
1410 3888 1475 3930 ex
1507 3876 1754 3946 antiquo-
1855 3875 1909 3930 in
1954 3874 2058 3930 hac
2088 3882 2271 3929 nostra
2316 3873 2706 3935 consuetudine
2754 3887 2972 3949 semper
3010 3880 3443 3944 transgressores

130 3974 284 4015 rum
310 3958 533 4015 Patrum
559 3961 824 4019 institutis
847 3963 1161 4025 omnimodo
1184 3963 1541 4020 arbitramur.
1855 3967 1995 4038 apud
2034 3982 2129 4022 vos
2157 3965 2455 4034 videamur,
2491 3965 2689 4037 quibus
2727 3966 2928 4038 regulis
2962 3966 3030 4022 ad
3068 3966 3457 4038 hujuscemodi

232 4048 441 4104 Verum
472 4050 691 4122 insuper
729 4054 1175 4113 consuetudinem
1213 4069 1279 4110 ac
1307 4068 1511 4112 morem
1554 4065 1755 4113 nostra:
1857 4063 2099 4115 tenorem
2125 4068 2180 4115 et
2214 4058 2460 4118 ordinem
2504 4067 2708 4114 nostra:
2737 4057 2980 4114 ecclesiae
3007 4061 3439 4115 conservandum

116 4138 412 4196 ecclesiae
435 4142 778 4198 concorditer
795 4144 1164 4210 retinendum,
1188 4161 1349 4221 quem
1373 4149 1585 4204 caeteris
1613 4148 1752 4211 stola
1855 4149 2156 4215 innitimur,
2198 4150 2250 4203 in
2290 4149 2376 4207 his
2413 4149 2613 4203 nostris
2657 4146 3042 4203 satisfactionis
3080 4148 3309 4205 literulis
3345 4165 3435 4206 ve-

120 4231 412 4286 vestibus
437 4232 743 4302 superjecta
782 4249 880 4304 pro
911 4235 1175 4306 dignitate
1211 4238 1519 4303 sacerdotii,
1553 4255 1656 4310 qua
1694 4242 1769 4298 iu.
1854 4251 1981 4298 stra:
2019 4240 2300 4311 principali
2329 4237 2684 4309 magnitudini
2713 4238 3014 4309 relegendis
3044 4239 3439 4297 ostendendum

117 4320 364 4395 popqu
389 4322 784 4394 principantur,
828 4330 1286 4394 conservandum,
1314 4328 1432 4398 ejus
1459 4332 1747 4401 pontiﬁcis,
1836 4325 2163 4390 curavimus
2198 4331 2591 4396 lubentissime,
2630 4330 2673 4385 si
2701 4330 2828 4401 quid
2861 4324 3052 4386 melius
3091 4339 3185 4385 aut
3222 4330 3434 4404 piarum

115 4429 331 4487 quam
358 4414 460 4468 sub
485 4424 637 4470 veste
666 4417 999 4487 paenitentia:
1022 4427 1075 4475 et
1108 4420 1309 4475 laboris
1340 4420 1392 4473 in
1432 4435 1533 4475 suo
1560 4422 1751 4477 ordine
1855 4423 2054 4496 regulis
2088 4423 2347 4479 canonica
2385 4421 2680 4492 scriptione
2721 4423 3106 4495 congruentius
3147 4423 3442 4484 tenendum

112 4508 475 4561 statuerunt
503 4514 764 4572 tenentes,
793 4523 891 4577 pro
915 4510 1146 4565 vestium
1179 4509 1438 4580 qualitate
1458 4517 1513 4573 et
1538 4511 1747 4577 habitu,
1782 4545 1827 4603 Β
1852 4516 1919 4581 de
1943 4517 2044 4571 hac
2072 4531 2130 4571 re
2153 4522 2331 4571 vestra
2355 4514 2556 4584 reperit
2581 4514 2773 4569 devota
2804 4515 3105 4588 regalisque
3127 4506 3433 4587 prudentia,

105 4593 376 4653 nullum
420 4595 579 4667 hujus
619 4600 849 4665 ordinis,
891 4601 935 4656 si
984 4602 1092 4657 vita
1139 4600 1256 4672 ejus
1291 4601 1343 4655 in
1383 4602 1750 4674 cujuscunque
1782 4593 1820 4603 ⁷
1852 4608 2048 4664 vestris
2101 4609 2153 4663 in
2200 4606 2451 4663 omnibus
2504 4605 2725 4663 monitis
2775 4619 3097 4666 annuentes.
3141 4608 3439 4669 Conservet

106 4687 447 4761 proposito
475 4688 623 4743 nullo
666 4692 814 4759 gravi
844 4691 1086 4748 facinore
1133 4695 1393 4765 probatur
1428 4695 1657 4761 infecta,
1695 4694 1750 4749 id
1854 4700 1996 4757 Deus
2032 4714 2248 4755 omnem
2293 4706 2529 4754 vestram
2568 4697 2844 4755 salubrem
2893 4702 3335 4767 dominationem,
3368 4701 3436 4757 ad
3520 4734 3525 4738 ~

100 4785 267 4841 est,
304 4777 352 4831 si
383 4792 489 4831 non
536 4779 610 4834 sit
638 4782 887 4837 secunda:
915 4784 1100 4840 uxoris
1143 4785 1349 4857 copulae
1397 4786 1667 4858 alligatus,
1702 4785 1747 4841 si
1856 4792 2259 4865 gubernandam
2284 4798 2340 4844 et
2367 4789 2620 4845 tuendam
2653 4789 2948 4850 Ecclesium
2974 4809 3125 4856 suam
3150 4800 3396 4854 sanetam
3421 4812 3444 4857 ε,

98 4869 486 4945 poenitentia
514 4872 724 4940 publica
754 4889 857 4928 non
893 4876 1152 4943 famosus,
1190 4877 1251 4949 si,
1276 4876 1419 4932 nulla
1449 4888 1600 4948 parte
1626 4893 1751 4932 cor-

1857 4884 2025 4943 Amen

102 4961 323 5039 poris
352 4962 689 5031 immunitas,
718 4967 763 5020 si
794 4968 973 5035 servili
1000 4977 1094 5029 aut
1118 4969 1425 5043 origiuaria:
1450 4970 1746 5029 conditioni

157 5087 1898 5115 Μ

1395 5190 2144 5285 .FRAGMENTUM

247 5322 353 5396 Ex
382 5334 680 5398 Historia
713 5331 784 5393 de
814 5335 1227 5405 Conuersione
1258 5340 1565 5407 Boiorum
1595 5337 2181 5479 etsgtstrmtgn‘ormzt
2207 5334 2292 5398 ad
2314 5319 2499 5415 ﬁdem
2531 5330 3145 5421 Christianam,_quw
3171 5350 3350 5397 ctrca.

1377 5435 1612 5479 annum
1796 5434 1975 5479 scrin
2008 5438 2043 5479 a
2072 5437 2132 5479 es
2168 5464 2182 5479 .

1377 5435 1612 5483 annum
1644 5434 1764 5479 non
1796 5434 2043 5499 scripta
2072 5434 2193 5489 est.

1022 5540 1042 5600 (
1048 5538 1187 5606 Apud
1220 5537 1467 5595 Duchesn.
1491 5537 1673 5599 Script.
1693 5546 1796 5586 rer.
1819 5534 2029 5601 Franci
2045 5542 2162 5587 tom.
2189 5532 2255 5598 ll,
2280 5536 2395 5597 pag.
2414 5528 2550 5597 220.)

216 5714 391 5788 lgiun-
413 5719 643 5777 Carolus
675 5717 986 5786 imperator,
1010 5736 1154 5777 anno
1185 5708 1493 5784 nativitatis
1522 5720 1742 5779 Domini
1852 5736 1970 5775 sam
2000 5684 2399 5776 multitudinem
2421 5762 2437 5788 ,
2487 5715 2714 5773 llnnnos
2743 5729 3129 5780 exterminare.
3159 5711 3259 5782 Qui
3293 5698 3457 5766 ιιιῖιίῖλ
