3992 6306
520 406 662 467 1271.

1319 405 1609 502 APPEND.
1650 410 1741 464 AD
1781 407 1951 464 SEC.
1994 408 2084 461 IX.
2122 438 2190 446 —
2228 406 2597 462 AUCTORES
2633 404 2962 463 ANONYMI.

3629 395 3782 458 ωδ.

521 535 630 592 tetu
675 521 874 589 Carolo
933 521 1268 600 imperatori.
1323 522 1521 578 Eodem
1571 542 1701 596 ergo
1753 541 1893 580 anno
1949 526 2096 580 misit
2123 529 2172 587 Α
2195 523 2410 584 amnem
2436 528 2687 594 Danubii,
2713 517 3112 598 utpotestative
3147 524 3395 595 populum
3427 530 3642 592 regeret
3669 509 3767 576 su‘a

522 615 750 674 Carolus
789 612 1070 682 Pippinum
1101 611 1269 666 filium
1323 629 1478 668 suum
1535 614 1587 668 in
1654 615 1919 668 llun‘niam
1973 628 2096 668 cum

2223 619 2601 686 iraadicatione,
2629 628 2684 674 et
2709 618 3015 690 evangelica
3045 615 3290 672 doctrina
3316 613 3535 668 doceret
3565 611 3786 666 servitu.

522 705 760 764 exercitu
800 702 986 758 multo.
1040 702 1140 770 Qui
1176 705 1497 774 perveniens
1524 719 1693 774 usque
1720 705 1787 759 ad
1829 704 2094 760 celebrem

521 813 707 854 eorum
756 797 956 861 locum,
985 797 1076 865 qui
1108 797 1304 856 dicitur
1332 797 1504 870 Rinch
1529 836 1544 862 ,
1582 796 1656 851 ibi
1687 797 1880 851 iterum
1907 810 2097 851 omnes

522 904 708 946 eorum
736 889 1007 959 principes
1037 904 1096 944 se
1121 888 1442 943 dediderunt
1466 889 1710 957 Pippino.
1732 887 1833 954 Qui
1862 887 1984 942 inde
2014 888 2098 941 re-'

521 991 763 1045 vertens,
791 989 999 1049 partem
1029 979 1320 1033 Pannonia:
1348 981 1491 1034 circa
1541 977 1715 1032 locum
1752 976 1983 1050 Pelessae
2013 977 2096 1030 iu-

523 1071 757 1138 [erioris,
785 1073 926 1126 ultra
953 1071 1292 1142 ﬁuviumqui
1319 1071 1516 1126 dicitur
1545 1071 1714 1140 Rapa,
1744 1077 1799 1124 et
1827 1069 1905 1124 sic
1930 1081 2100 1137 usque

525 1163 592 1217 ad
625 1163 860 1217 Dranum
904 1163 1024 1234 [al.,
1059 1163 1313 1235 Dravum]
1363 1161 1607 1226 ﬁuiium,
1637 1170 1693 1216 et
1715 1177 1782 1217 eo
1811 1176 1981 1230 usque
2009 1161 2098 1215 ubi

525 1252 734 1308 Dranus
755 1251 873 1308 ﬁuit
901 1253 954 1306 in
982 1253 1306 1320 Danubium,
1337 1262 1498 1322 prout
1530 1259 1849 1321 potestatem
1892 1250 2098 1313 habuit,

524 1343 936 1413 praenominavit
981 1359 1102 1399 eum
1141 1345 1386 1402 doctrina
1433 1352 1487 1400 et
1530 1331 1900 1400 ecclesiastico
1927 1339 2101 1396 ofﬁcio

525 1449 822 1518 procurare
845 1435 1095 1505 pupulum
1119 1435 1210 1504 qui
1236 1436 1496 1490 remansit
1517 1435 1588 1489 de
1613 1432 1820 1489 lluunis
1845 1440 1900 1486 et
1927 1430 2104 1485 Slavis

526 1527 580 1580 in
612 1525 718 1582 illis
743 1527 983 1604 partibus
1007 1527 1210 1583 Arnoni
1237 1526 1616 1584 Juvavensium
1639 1525 1910 1594 episcopo,
1935 1537 2104 1592 usque

525 1614 592 1669 ad
647 1617 988 1691 przesentiam
1041 1618 1301 1690 genitoris
1353 1618 1434 1673 sui
1507 1615 1682 1671 Caroli
1741 1613 2099 1684 imperatoris.

526 1705 874 1766 Postmodum
930 1723 1123 1780 ergo,
1153 1724 1294 1763 anno
1346 1706 1452 1764 803
1478 1748 1500 1773 ,,
1543 1706 1769 1766 Carolus
1814 1706 2107 1774 imperator

526 1796 796 1860 Boiariam
828 1799 1084 1866 intravit,
1117 1809 1179 1855 ct
1202 1800 1254 1854 in
1287 1815 1471 1854 mense
1497 1798 1716 1855 Octobri
1749 1786 2109 1868 Salzpu‘rgeu-

2198 713 2329 766 Deo.

2268 803 2559 872 Postquam
2604 816 2736 871 ergo
2780 801 3003 857 Carolus
3055 800 3370 868 imperator,
3398 793 3614 849 Hunnis
3657 792 3770 861 eje-

2198 896 2323 962 ctis,
2380 897 2718 966 episcopatus
2765 894 3080 966 dignitatem
3130 889 3455 946 luvavensis
3516 883 3778 941 Eocles'n

2201 988 2396 1043 rectori
2419 985 2849 1049 commendavit,
2871 983 3074 1039 Αγηοηί
3097 980 3348 1036 videlicet
3367 976 3780 1045 archiepiscopo

2199 1089 2253 1136 et
2306 1081 2420 1136 suis
2450 1077 2854 1135 successoribus
2904 1074 3124 1131 tenendi
3172 1063 3566 1144 perpetualiter
3616 1073 3782 1134 atque

2202 1171 2422 1242 regendi
2469 1170 2810 1240 perdonavit,
2837 1171 3120 1236 cmperunt
3158 1162 3338 1235 populi
3367 1161 3482 1216 sive
3501 1158 3652 1220 Slavi
3686 1171 3782 1211 seu

2201 1263 2399 1318 Boiarii
2441 1262 2740 1317 inhabitare
2809 1269 3036 1322 terram,
3081 1257 3224 1312 unde
3272 1253 3349 1309 illi
3391 1250 3605 1322 expolsi
3657 1257 3782 1303 sunt

2204 1355 2402 1418 Hunni,
2432 1366 2489 1411 et
2516 1353 2885 1424 multiplicari.
2925 1351 3076 1405 Tunc
3095 1350 3303 1420 primus
3347 1324 3786 1424 abAimperatg'ge

2204 1447 2532 1503 constitutus
2557 1452 2642 1498 est
2669 1418 2888 1498 conﬁnii
2935 1418 3116 1514 comes
3153 1418 3559 1495 Gonteran'nus,
3590 1426 3788 1493 secuti;

2205 1541 2306 1596 dus
2331 1538 2740 1598 Werenharius,
2779 1534 2970 1590 tertius
3005 1532 3270 1596 Albricus,
3297 1517 3528 1599 quartus
3547 1519 3786 1580 Gutefri—

2206 1631 2326 1694 dns,
2353 1629 2578 1698 quintus
2611 1624 2894 1681 Geroldus.
2949 1622 3168 1678 Interim
3195 1633 3326 1674 vero
3370 1616 3498 1698 dum
3541 1608 3788 1685 praedicti

2207 1696 2434 1777 comites
2459 1717 2776 1775 orientalem
2820 1713 3188 1787 procurabant
3216 1696 3458 1780 plagam,-
3485 1703 3655 1773 aliqui
3689 1701 3788 1755 dn-

2209 1827 2299 1867 ces
2327 1809 2636 1865 habitavere
2659 1807 2711 1861 in
2737 1806 2842 1860 illis
2862 1803 3107 1874 partibus
3136 1801 3202 1855 ad
3234 1799 3344 1867 jam
3373 1796 3578 1851 dictam
3602 1790 3790 1846 sedem

526 1900 675 1950 sem,
716 1875 770 1941 et
815 1888 1091 1958 praefatam
1133 1889 1532 1945 concessionem
1581 1889 1673 1942 ﬁlii
1725 1888 1809 1944 sui
1857 1901 2106 1951 cernens,
2137 1879 2184 1937 Β
2211 1902 2624 1976 pertinentibus.
2670 1899 2771 1966 Qui
2817 1896 3105 1952 comitibus
3140 1888 3381 1961 pmfatis
3407 1875 3622 1941 subditi
3643 1883 3795 1934 fuere

526 1981 849 2046 potestative
879 1981 1060 2042 multis
1084 1983 1387 2037 astantibus
1412 1981 1656 2043 ﬁdelibus
1685 1981 1798 2035 suis
1819 1979 2110 2034 conﬁrma-

527 2070 627 2134 vit,
657 2079 710 2126 et
740 2072 1104 2131 inconvulsam
1136 2074 1250 2130 ﬁeri
1279 2075 1568 2130 concessit.

601 2159 799 2220 lterum
831 2164 1072 2233 contigit,
1108 2180 1250 2225 anno
1278 2163 1587 2219 Nativitatis
1615 2164 1828 2219 Domini
1861 2163 1982 2227 798,
2011 2163 2112 2217 Ar-

532 2265 728 2308 nonem
748 2250 867 2320 jam
887 2254 1222 2325 episcopum,
1245 2271 1276 2309 a
1307 2255 1486 2310 Leone
1517 2271 1653 2326 papa
1679 2263 1902 2325 accepto
1927 2253 2110 2328 pallio,

533 2342 828 2397 remeando
858 2343 924 2404 de
961 2344 1127 2404 Borea
1173 2345 1383 2400 venisse
1411 2345 1546 2399 ultra
1575 2345 1803 2408 Padum,
1832 2344 1992 2413 eique
2011 2343 2112 2397 ob-

533 2431 713 2487 viasse
741 2433 965 2510 missum
993 2434 1171 2506 Caroli
1199 2450 1321 2490 cum
1352 2435 1578 2504 epistola
1607 2450 1722 2498 sua,
1753 2425 2020 2498 mandans
2039 2432 2113 2486 illi

533 2523 636 2592 ipsi
666 2524 860 2600 itinere
891 2524 944 2579 in
971 2534 1155 2594 partes
1183 2524 1466 2580 Slavorum
1497 2526 1593 2589 ire,
1623 2532 1678 2577 et
1704 2523 1990 2593 exquirere
2016 2537 2114 2576 vo—

533 2614 794 2678 luntatem
822 2615 1185 2692 populiillius,
1218 2624 1272 2670 et
1306 2615 1603 2684 praedicare
1643 2615 1716 2669 ibi
1742 2614 1967 2670 verbum
1998 2611 2112 2667 Dei.

537 2703 645 2760 Sed
677 2707 804 2785 quia
836 2707 938 2762 hoc
970 2706 1146 2764 facere
1176 2706 1454 2776 nequibat,
1483 2714 1772 2776 antequam
1801 2720 2116 2776 responsum

538 2795 771 2853 referret
817 2812 929 2853 sua:
974 2798 1278 2869 legationis,
1308 2797 1502 2854 festiue
1532 2796 1771 2866 perrexit
1798 2795 1865 2850 ad
1887 2795 2118 2864 impera-

539 2897 734 2956 torem,
779 2898 835 2944 et
862 2889 1044 2944 retulit
1069 2891 1117 2944 ei
1139 2890 1398 2960 quidquid
1440 2903 1539 2959 per
1566 2903 1690 2944 eum
1733 2876 2120 2947 dominus‘Leo

537 2995 676 3058 papa
712 2981 1008 3053 mandavit.
1033 2981 1159 3036 Post
1183 2980 1446 3050 expletam
1469 2978 1793 3048 legationem
1829 2977 2120 3044 imperator.

538 3075 798 3150 praecepit
857 3074 1061 3128 Arnoni
1110 3072 1514 3141 archiepiscopo
1569 3069 1794 3140 pergere
1841 3067 1894 3120 in
1938 3073 2124 3136 partes

543 3166 855 3245 Slavorum,
881 3175 935 3220 et
961 3165 1257 3236 praevidere
1281 3179 1498 3218 omnem
1542 3162 1685 3216 illaut
1712 3160 2008 3230 regionem,
2036 3171 2123 3212 ec-

2211 1974 2278 2047 ad
2331 1992 2610 2048 servitium
2663 1985 3050 2058 imperatoris.”
3079 1982 3318 2049 Quorum
3357 1974 3793 2031 nomina'sunt,

2212 2081 2631 2152 Prinnihlawga,
2669 2079 2938 2141 Ceincias,
2972 2075 3260 2146 Hroymar,
3299 2069 3484 2139 Etgar.
3514 2064 3650 2118 Post
3681 2060 3799 2115 illos

2213 2190 2342 2230 vero
2368 2176 2532 2230 duces
2555 2172 2758 2228 Boiarii
2791 2176 3067 2240 cmperunt
3097 2164 3419 2243 praedictas;
3436 2168 3648 2214 ten-am
3675 2154 3798 2208 dato

2215 2288 2400 2346 regum
2453 2269 2654 2325 habere
2684 2267 2739 2321 in
2794 2263 3136 2325 comitatum,
3179 2253 3568 2312 Hebriwinus,
3595 2247 3798 2344 Albga-

2217 2334 2328 2421 rius
2365 2371 2421 2418 et
2453 2360 2627 2416 Palio.
2673 2356 2771 2412 His
2815 2355 2892 2409 ita
2927 2349 3183 2422 peractis,
3223 2343 3505 2400 Ratbodus
3565 2334 3800 2405 suscepit

2217 2451 2580 2510 defensionem
2608 2443 2847 2507 termini,
2901 2441 2954 2494 in
2983 2437 3138 2508 cuius
3163 2435 3339 2506 spatio
3393 2427 3666 2498 temporis
3688 2424 3800 2494 qui-

2216 2546 2337 2600 dam
2353 2539 2634 2602 Prinnina,
2653 2533 2930 2590 exsulatus
2950 2547 2980 2585 a
3005 2529 3280 2599 Moymaro
3298 2526 3432 2580 duce
3453 2520 3800 2575 Μαι-πωπω

2217 2614 2378 2705 supra
2429 2628 2753 2692 Danubium,
2790 2623 2940 2678 venit
2983 2621 3050 2674 ad
3096 2615 3417 2671 Ratbodum.
3481 2610 3590 2676 Qui
3621 2605 3802 2662 statim

2218 2700 2564 2797 priesentavit
2609 2718 2757 2774 illum
2786 2713 3004 2770 domino
3035 2710 3146 2781 regi
3188 2715 3374 2769 nostro
3418 2700 3724 2762 Ludovico,
3754 2704 3806 2749 et

2218 2787 2317 2872 suo
2333 2816 2488 2888 jussu
2518 2810 2624 2865 ﬁde
2671 2809 2969 2862 instructus
3019 2799 3326 2870 baptizatus
3349 2803 3435 2850 est
3485 2792 3546 2846 in
3575 2787 3806 2843 ecclesia

2219 2881 2390 2964 sancti
2438 2899 2674 2964 Martini,
2709 2899 2830 2958 low
2858 2894 3102 2949 Treisma
3141 2896 3355 2951 vocato,
3396 2892 3529 2938 ante
3559 2881 3809 2948 videlicet

2221 2995 2513 3072 pertinenti
2552 2993 2625 3048 ad.
2647 2991 2831 3046 sedem
2861 2981 3268 3040 Juvavettsium.
3317 2977 3420 3044 Qui
3453 2984 3652 3046 postea
3685 2973 3810 3026 Rat-

2221 3061 2362 3147 bodo
2393 3087 2748 3145 commissus,
2803 3076 3020 3147 aliquod
3053 3089 3175 3129 cum
3205 3071 3296 3125 illo
3343 3067 3446 3121 fuit
3479 3075 3719 3128 tempus.
3749 3061 3812 3115 Et

2228 3197 2331 3235 non
2375 3176 2552 3233 multo.
2571 3180 2693 3245 post
2735 3171 2803 3226 de
2825 3165 3096 3236 Vulgariis
3123 3156 3415 3235 [Bulgaris]
3440 3154 3637 3245 Hecilo
3663 3153 3810 3245 Itali-

541 3258 903 3313 clesiasticum
933 3256 1166 3312 ofﬁcium
1199 3269 1349 3309 more
1378 3251 1668 3323 episcopali
1707 3249 1907 3312 colere,
1949 3261 2120 3316 popu-
2149 3226 2194 3285 (ἶ
2564 3226 2695 3318 ζώει
2741 3226 3034 3330 τρεεοηξιη,
3065 3226 3550 3321 ιιιδρυέ,ιεηίροιιε
3583 3241 3814 3297 Ludovi-

541 3350 730 3421 losque
773 3350 824 3404 in
861 3348 963 3404 ﬁde
1003 3357 1058 3402 et
1092 3344 1505 3402 Christianitate
1544 3339 1888 3412 praedicando
1917 3335 2127 3391 confor-

546 3449 686 3508 tare.
717 3440 870 3495 Sicut
909 3439 1000 3494 ille
1046 3437 1320 3508 praecepit,
1350 3434 1479 3490 fecit
1508 3451 1521 3487 :
1555 3431 1680 3487 illuc
1706 3427 1972 3485 veniendo
2000 3442 2127 3480 con-

545 3535 778 3592 secravit
809 3535 1090 3598 ecclesias,
1130 3531 1404 3598 ordinavit
1433 3519 1800 3600 presbyteros,
1847 3521 2126 3594 pupulum-

547 3640 652 3696 que
691 3625 1036 3694 praedicando
1091 3623 1290 3685 docuit,
1334 3629 1390 3674 et
1435 3620 1557 3674 inde
1599 3617 1812 3672 rediens
1860 3612 2128 3669 nuntiavit

553 3716 869 3785 bnperaturi
895 3715 1038 3784 quod
1067 3728 1260 3784 magna
1286 3713 1490 3773 utilitas
1509 3710 1579 3764 ibi
1613 3708 1876 3779 potuisset
1897 3703 2055 3766 eﬁici,
2081 3702 2126 3757 si

546 3806 815 3876 quisindc
842 3807 1119 3862 habuisset
1147 3814 1442 3860 certamen.
1473 3801 1625 3855 Tunc
1647 3800 1800 3870 jussu
1833 3797 2124 3866 imperato-

550 3898 628 3953 ris
655 3897 936 3952 ordiuatus
965 3905 1050 3951 est
1095 3894 1460 3952 Theudoricus
1500 3892 1787 3961 episcopus
1813 3888 1882 3942 ab
1909 3887 2128 3948 Aruone

549 3989 803 4059 episcopo
834 3986 1242 4044 Juvavensium.
1285 3985 1452 4051 Quem
1484 3984 1596 4054 ipse
1627 3982 1812 4038 Arnuu
1863 3988 1918 4032 ct
1951 3974 2133 4035 Gerul-

549 4083 652 4144 dus
677 4095 861 4144 comes
906 4080 1266 4151 perducentes
1320 4077 1373 4131 in
1404 4073 1753 4138 Slavoniam,
1786 4069 2052 4124 dederunt
2077 4066 2130 4130 in

551 4187 747 4230 manus
792 4171 1138 4241 principum;
1172 4166 1616 4224 commendantes
1667 4162 1740 4218 illi
1768 4160 2135 4231 episcopore-

553 4268 763 4338 gionem
792 4264 1248 4327 Carcntanorum,
1269 4270 1319 4316 et
1345 4259 1584 4315 confines
1605 4271 1792 4313 eorum
1812 4249 2133 4309 occidentali

553 4366 708 4440 parte
755 4355 920 4411 Drani
971 4355 1229 4418 ﬂuminis,
1278 4357 1453 4422 uSquc.
1497 4351 1622 4406 dum
1671 4349 1880 4402 Dranus
1923 4343 2042 4398 ﬂuit
2079 4341 2131 4395 in

2228 3374 2324 3415 cus
2371 3371 2464 3412 rex
2491 3351 2826 3410 Boiariorum
2858 3346 3006 3402 misit
3052 3338 3356 3396 Ratbodum
3401 3349 3530 3392 cum
3571 3330 3814 3386 exercitu

2229 3451 2400 3506 multo
2450 3447 2517 3502 ad
2573 3438 3043 3500 exterminandum
3073 3433 3412 3489 Ratimarum
3439 3426 3672 3500 ducatu.
3718 3421 3822 3487 Qui

2232 3549 2440 3604 difﬁsus
2490 3559 2550 3599 se
2581 3539 2810 3597 delendi
2841 3549 3022 3608 posse,
3067 3532 3120 3586 in
3167 3529 3348 3600 fugam
3386 3535 3696 3578 conversus
3741 3525 3822 3571 est

2233 3657 2356 3699 cum
2402 3639 2538 3702 suis,
2566 3636 2658 3706 qui
2689 3631 2890 3687 eadem
2925 3628 3236 3684 evaserunt,
3261 3627 3316 3674 et
3339 3614 3644 3686 ιιι-τεύξεως.
3671 3609 3826 3662 Prith

2233 3737 2390 3790 ninas
2420 3700 2661 3787 substitit
2704 3739 2826 3780 cum
2870 3720 3007 3786 suis,
3059 3709 3413 3787 pertransivit
3455 3705 3686 3760 ﬂuvium
3727 3700 3828 3754 53-.

2233 3841 2384 3889 vum,
2432 3822 2613 3891 ibique
2665 3823 2947 3882 susceptus
2974 3825 3004 3863 a
3048 3804 3354 3861 Salacbone
3396 3796 3606 3853 comite
3645 3790 3822 3861 paciﬁ-

2232 3884 2388 3974 catus
2409 3923 2493 3970 est
2527 3884 2652 3968 cum
2692 3905 2958 3962 Ratbodo.
2995 3899 3185 3968 Aliqua
3236 3907 3365 3950 vero
3405 3889 3706 3946 occasione
3730 3884 3823 3936 ite~

2235 4024 2352 4065 rum
2386 4011 2663 4077 percepta,
2704 3995 3022 4066 rogantibus
3066 3985 3340 4060 przedictis
3373 3981 3519 4050 regis
3529 3975 3824 4077 fidelibus,

2237 4064 2488 4172 prmstitit
2519 4064 2612 4149 rex
2652 4064 2929 4146 Priuuina:
2957 4083 3194 4152 aliquam
3227 4071 3500 4132 inferioris
3529 4064 3828 4124 Pannonia:

2237 4157 2291 4246 in
2345 4185 2666 4245 beneﬁcium
2723 4188 2933 4252 partem
2992 4174 3136 4236 circa
3201 4167 3420 4238 fluvium
3473 4160 3570 4232 qui
3631 4157 3838 4213 dicitur-

2238 4283 2401 4338 Sava.

593 4491 3822 4587 MM

1904 4705 2515 4797 EXCERPTUM

1521 4897 1574 4954 Ε
1613 4891 1822 4954 libello
1857 4887 1928 4948 de
1958 4886 2359 4950 conversione
2395 4883 2910 4966 Carentanorum.

627 5069 789 5148 (Apud
816 5064 1403 5141 Wilbelmy’attenbach,
1435 5061 1672 5118 Bei'rmqe
1699 5072 1786 5110 zur
1810 5055 2088 5118 Geschichte
2112 5053 2202 5105 der
2231 5048 2570 5103 Christilicheu
2595 5042 2798 5103 Kirchc,
2825 5055 2886 5094 ex
2911 5039 3026 5094 Cod.
3053 5036 3180 5088 Bibl.
3204 5036 3326 5086 Caes.
3354 5031 3465 5092 423,
3481 5041 3601 5079 saec.
3621 5022 3784 5081 Xlll)

637 5365 961 5424 Carentauis
1005 5364 1178 5432 primo
1210 5361 1521 5432 praedicavit
1549 5357 1822 5414 Modestus
1868 5357 2152 5427 episcopus
2181 5355 2228 5414 υ
2256 5350 2384 5410 Post
2429 5347 2574 5400 hunc
2613 5339 2914 5398 lloshaldus
2948 5338 3234 5406 episcopus
3261 5329 3362 5384 sub
3405 5326 3767 5406 Liuprammo
3792 5331 3842 5375 ct

567 5464 768 5519 missus
795 5468 854 5514 et
899 5463 1251 5512 consecratus
1279 5469 1310 5509 a
1345 5455 1504 5508 beato
1545 5449 1769 5521 Virgilio
1799 5449 1897 5505 sub
1924 5447 2153 5517 Pippino

567 5551 902 5606 Francorum
949 5559 1097 5617 rege.
1136 5543 1266 5604 Post
1291 5543 1437 5597 hunc
1467 5541 1664 5597 missus
1705 5549 1757 5594 et
1805 5545 2152 5592 coiisecratus

569 5649 657 5698 est
677 5638 1047 5696 Theudoricus
1075 5636 1361 5706 episcopus
1382 5633 1436 5688 in
1466 5631 1748 5704 prasentia
1775 5629 1952 5684 Caroli
1985 5628 2151 5696 impc-

575 5731 770 5794 t'abJris
817 5731 885 5785 ab
915 5730 1133 5785 Arnonc
1182 5725 1604 5794 archiepiscopo.
1662 5723 1792 5776 Post
1837 5721 1978 5774 hunc
2027 5719 2151 5775 Otto

577 5821 857 5896 cpiscopus
886 5825 1234 5874 consecratus
1261 5813 1328 5866 ab
1354 5811 1697 5865 Adclrammo
1728 5809 2147 5876 archiepiscopo.

2259 5440 2538 5497 Adelwino
2559 5431 3000 5505 archiepiscopis.
3031 5427 3165 5484 Huic
3186 5421 3420 5479 Osbaldo
3442 5418 3664 5488 scripsit
3693 5415 3848 5470 Nico-

2260 5534 2376 5588 laus
2401 5548 2535 5604 papa
2565 5532 2698 5586 duos
2726 5538 2962 5582 canones
3007 5520 3099 5591 qui
3148 5518 3199 5571 in
3244 5525 3472 5582 corpore
3495 5511 3845 5565 decretorum

2263 5602 2629 5680 inveniuntur.
2682 5619 2810 5674 Post
2859 5616 3004 5670 hunc
3034 5608 3316 5678 iuterjecto
3370 5602 3556 5670 aliquo
3604 5609 3848 5667 tempore

2263 5713 2578 5786 supervenit
2613 5709 2829 5780 quidam
2857 5705 3086 5759 Sclavus
3116 5701 3184 5754 ab
3213 5696 3430 5780 Hystrie
3480 5700 3536 5744 et
3583 5686 3846 5745 Dalmatia

2262 5809 2506 5872 partibus
2536 5804 2751 5861 nomine
2799 5797 3098 5854 Methudius
3135 5793 3224 5862 qui
3255 5786 3528 5845 adiuvenit
3572 5782 3852 5836 Sclavicas
