4006 5368
551 380 690 458 iis:

827 516 1017 590 Incipit
1043 520 1231 574 iterum
1254 518 1319 573 de
1341 518 1562 572 termino
1589 514 1850 585 paschali.

623 607 760 663 Non.
807 609 938 680 Apr.
988 619 1190 666 norunt
1237 610 1388 681 quin.
1428 625 1481 663 ν.
1659 624 1777 662 vui.
1834 606 1954 662 Kal.
2011 608 2134 664 inde

548 708 806 767 promunt
839 715 879 755 ι.
1060 700 1137 755 Id.
1168 700 1298 771 Apr.
1323 698 1487 754 etiam
1510 696 1688 754 sexies
1713 713 1788 752 νι.
1970 695 2137 752 Nonae

549 805 833 865 quaternae
898 812 1132 868 namque
1165 796 1419 868 dipondio
1464 810 1525 851 ιι.
1735 794 1867 848 Item
1907 793 2136 848 undena:

544 884 793 940 ambiunt
813 886 963 956 quin.
988 903 1042 942 ν.
1224 896 1298 940 ιν.
1330 886 1405 940 Id.
1430 883 1650 954 capiunt
1672 892 1856 940 ternos
1874 894 1957 938 ιιι.

547 976 741 1033 Tenue
768 979 887 1035 Kal.
931 981 1148 1036 titulant
1176 996 1323 1037 sena:
1365 996 1439 1036 v1.
1620 979 2020 1047 Quatuordeum
2043 995 2136 1034 cu-

544 1068 677 1124 bant
707 1069 760 1124 in
789 1071 954 1141 quad.
996 1087 1071 1127 tv.
1113 1071 1248 1141 03d.
1418 1071 1665 1142 Septena:
1689 1070 1766 1125 Id.
1807 1072 1905 1125 vn.
1936 1066 2137 1143 eligent

530 1160 701 1226 ιιι..-
841 1163 1016 1219 Feria:
1071 1163 1191 1219 Kal.
1252 1163 1555 1219 sortiu’ntur
1584 1194 1587 1195 ν
1619 1173 1803 1218 ternos
1850 1178 1932 1217 ιιι.
2044 1186 2049 1193 ε

545 1252 708 1310 Deme
753 1265 991 1328 septena:
1034 1256 1166 1312 dant
1216 1272 1324 1312 ass.
1350 1272 1389 1312 ι.
1573 1253 1755 1310 Pridie
1807 1252 1941 1309 Non.
1970 1268 2135 1323 porro

543 1348 824 1415 quaternis
877 1363 949 1402 IV.
1008 1344 1011 1345 ⁷
1128 1346 1364 1403 Novente
1410 1345 1533 1402 Kal.
1596 1354 1856 1401 notantur
1901 1359 2136 1416 namque

542 1440 802 1509 septenis.
835 1455 933 1495 vu.
1114 1434 1298 1497 Pridie
1317 1439 1393 1495 Id.
1422 1440 1679 1511 panditur
1705 1438 1859 1508 quin.
1899 1452 1955 1493 γ.

542 1526 661 1582 Kal.
694 1529 823 1599 Apr.
900 1545 1040 1585 unus
1057 1530 1377 1602 exprimitur
1397 1545 1433 1584 ι.
1602 1528 1871 1584 Duodena:
1894 1542 2131 1598 namque

541 1621 699 1678 docte
726 1624 1006 1691 quaternis
1036 1636 1108 1679 tv.
1134 1642 1137 1645 ν
1292 1622 1542 1692 Septena!
1570 1621 1751 1691 quinte
1777 1631 2000 1690 sperant
2026 1620 2132 1675 duo

541 1724 604 1765 ιι.
790 1711 1083 1780 Quartana:
1132 1712 1251 1768 Kal.
1313 1712 1503 1780 Quinte
1559 1710 1858 1781 conjiciunt
1899 1726 1953 1765 v.

540 1801 840 1871 Quindeme
866 1813 1137 1861 constant
1178 1805 1353 1861 tribus
1391 1802 1597 1875 adeptae
1666 1812 1747 1857 ιιι.
1776 1800 1913 1857 End.

965 1894 1158 1966 Incipit
1187 1894 1444 1949 terminus
1468 1892 1538 1947 ad
1571 1891 1702 1962 Rog.

610 1974 763 2042 Luna
815 2002 910 2043 xx.
945 2002 1025 2043 vt.
1073 1988 1153 2042 Id.
1201 1985 1327 2041 Mai.
1372 2001 1427 2041 v.
1607 1999 1689 2041 ιιι.
1739 1983 1858 2040 Kal.
1910 1982 2038 2038 Mai.
2087 2000 2125 2038 ι.

713 2092 804 2132 xv.
846 2077 967 2132 Kal.
1011 2077 1139 2132 .Iun.
1192 2093 1265 2131 νι.
1314 2075 1453 2131 Νοιι.
1502 2075 1629 2130 Mai.
1664 2091 1726 2130 ιι.
1902 2090 1977 2129 vt.
2010 2073 2128 2129 Kal.

538 2165 668 2221 Mai.
699 2183 756 2222 v.
943 2168 1015 2221 Id.
1069 2167 1197 2223 Mai.
1249 2184 1330 2222 ιιι.
1376 2184 1448 2222 tv.
1498 2167 1614 2222 Non
1650 2166 1776 2222 Mai.
1810 2182 1889 2221 vr.
2073 2176 2127 2219 'x.

536 2256 656 2312 Kal.
698 2257 823 2313 Iun.
874 2258 948 2313 iv.
1009 2258 1149 2329 Ogd.
1331 2275 1407 2314 tv.
1447 2257 1525 2313 Id.
1578 2258 1682 2313 Mai
1721 2268 1818 2314 VII.
2006 2257 2125 2313 Kal.

536 2343 663 2400 Mai.
697 2361 777 2401 ιιι.
824 2362 943 2401 xm.
996 2347 1115 2401 Kal.
1148 2347 1271 2402 Mai.
1306 2364 1343 2401 I.
1526 2362 1621 2402 vn.
1662 2346 1740 2422 Id.
1787 2345 1913 2401 Mai.
1942 2361 2019 2401 tv.
2052 2362 2126 2400 tv.

535 2436 653 2492 Kal.
682 2437 809 2493 Mai.
842 2454 939 2494 vn.
1118 2455 1229 2494 xvi.
1261 2439 1380 2494 Kal.
1412 2439 1536 2496 Iun.
1568 2455 1619 2495 v.
1793 2438 1956 2496 ‘Prid.
1984 2438 2124 2495 Non.

538 2523 666 2582 Mai.
693 2542 732 2581 ι.
916 2542 1014 2582 vn.
1044 2529 1164 2584 Kal.
1198 2528 1323 2584 Mai.
1358 2545 1431 2584 ιν.
1614 2524 1761 2586 Prid.
1794 2529 1873 2585 Id.
1905 2529 2031 2585 Mai.
2064 2542 2124 2585 ιι.

532 2632 533 2635 ‘
716 2626 769 2671 ν.
799 2616 937 2674 Νοιι.
967 2619 1093 2675 Mai.
1124 2636 1179 2674 v.
1365 2637 1441 2675 xt.
1468 2620 1588 2675 Kal.
1618 2620 1745 2677 Jun.
1771 2636 1854 2677 ιιι.
1894 2621 2031 2676 End.

913 2707 1105 2781 Incipit
1127 2711 1379 2766 terminus
1410 2711 1750 2767 Pentecostis.

606 2798 753 2856 Luna
785 2816 859 2856 tv.
891 2802 1111 2857 'tx.‘Ka|.
1145 2802 1267 2857 Jun.
1295 2818 1348 2857 v.
1527 2819 1610 2858 ιιι.
1643 2803 1720 2859 Id.
1751 2803 1875 2858 Mai.
1905 2819 1942 2858 ι.

533 2890 653 2946 Kal.
686 2890 811 2948 Jun.
856 2907 929 2947 νι.
972 2909 1069 2948 xu.
1112 2892 1232 2948 Kal.
1259 2892 1388 2948 Jun.
1434 2910 1493 2949 ιι.

702 3001 777 3041 tv.
810 2984 934 3040 Kal.
983 2984 1107 3040 Jun.
1152 3002 1233 3041 ιιι.
1416 3003 1506 3042 xv.
1541 2987 1660 3042 Kal.
1695 2987 1822 3043 Jun.
1872 3005 1946 3043 vr.

533 3091 654 3133 vni.
686 3077 765 3134 Id.
795 3073 922 3134 Iun.
973 3094 1046 3133 tv.
1094 3078 1231 3150 Ogd.
1411 3092 1509 3135 vu.
1564 3080 1683 3136 Kal.
1738 3080 1863 3135 Jun.
1904 3096 2000 3135 vu.
2043 3080 2119 3136 Id.

533 3165 660 3222 Mai.
686 3181 769 3221 ιιι.
952 3182 1035 3221 ιιι.
1076 3166 1214 3222 Non.
1254 3166 1378 3222 Jun.
1420 3184 1455 3223 ι.
1634 3185 1690 3223 x.
1717 3168 1835 3223 Kal.
1878 3168 2006 3225 Iun.
2040 3185 2115 3225 tv.

712 3275 784 3314 tv.
817 3258 891 3315 Id.
932 3259 1059 3314 Mai.
1089 3277 1186 3315 vn.
1364 3259 1512 3316 Prid.
1552 3260 1670 3317 Kal.
1717 3260 1842 3316 Iun.
1887 3277 1940 3316 v.

531 3364 656 3405 xm.
687 3349 805 3404 Kal.
844 3348 976 3405 Jun.
1010 3366 1047 3405 ι.
1222 3366 1319 3405 vn.
1365 3350 1440 3405 Id.
1487 3350 1612 3409 Mai.
1657 3362 1730 3406 tv.
1907 3352 2115 3408 v..Kal.

529 3438 655 3498 Jun.
686 3452 748 3497 ιι.
924 3457 1037 3497 xvr.
1064 3441 1181 3497 Kal.
1212 3440 1340 3497 Jun.
1373 3458 1424 3497 ν.
1467 3446 1534 3496 x'
1562 3441 1688 3497 Jun.
1724 3458 1805 3497 ιιι.
1833 3442 1972 3499 End.

764 3532 843 3588 De
868 3534 1024 3588 annis
1054 3533 1419 3588 communibus
1446 3543 1494 3588 et
1525 3532 1886 3589 embolimwis.

599 3624 754 3681 Com.
779 3640 919 3680 com.
944 3626 1088 3682 emb.
1115 3639 1257 3681 com.
1285 3628 1427 3681 com.
1459 3626 1604 3681 emb.
1629 3641 1769 3681 com.
1797 3628 1964 3694 emb.,
1990 3628 2111 3700 ogd.

528 3713 681 3770 Com.
714 3728 856 3771 com.
886 3715 1029 3769 emh.
1064 3729 1209 3769 com.
1241 3727 1387 3770 com.
1417 3715 1559 3770 emb.
1608 3728 1750 3770 com.
1797 3730 1939 3772 com.
1969 3718 2113 3774 emb.

528 3816 672 3859 com.
705 3806 875 3870 emb.,
906 3804 1033 3859 end.

599 3892 681 3949 Tu
710 3894 846 3949 istos
868 3895 1145 3964 regulares
1166 3935 1182 3961 ,
1215 3896 1308 3967 qui
1339 3905 1465 3951 ante
1495 3898 1630 3953 istos
1659 3897 1692 3950 4
1726 3894 2117 3970 ιοιιιιίιιοείκι-

526 3983 616 4040 siti
662 3992 834 4060 sunt,
867 3985 1005 4039 adde
1034 3986 1493 4057 concurrentibus
1540 3987 1826 4056 cujuslibet
1852 3990 1979 4044 anui
2004 4029 2019 4055 ,
2060 4001 2117 4045 et

524 4074 780 4145 deinceps
813 4073 1016 4145 partire
1058 4086 1157 4144 per
1190 4075 1479 4146 septimam
1526 4086 1758 4145 partem.
1801 4078 1859 4132 Si
1885 4079 1918 4133 7
1946 4094 2113 4134 rema-

524 4176 677 4235 nent,
716 4169 749 4223 7
773 4167 919 4241 J‘eria
950 4177 1111 4223 erunt
1155 4167 1229 4223 illi
1279 4168 1515 4223 termini.
1567 4166 1623 4224 Si
1655 4184 1819 4239 super
1844 4169 1876 4222 7
1907 4172 2035 4226 sunt
2057 4172 2111 4238 l,

521 4255 577 4319 2,
607 4258 662 4323 3,
694 4257 747 4324 4,
777 4259 836 4324 5,
865 4257 921 4324 6,
954 4258 985 4311 7
1010 4267 1135 4312 Ietae
1159 4257 1308 4314 ferite
1339 4268 1501 4314 erunt
1531 4259 1603 4314 illi
1635 4259 1872 4316 termini.

762 4350 841 4405 De
863 4351 1017 4405 annis
1040 4353 1401 4406 communibus
1430 4361 1478 4406 et
1508 4352 1866 4408 embolimwis.

593 4443 685 4501 IV.
724 4443 941 4499 Primus
963 4458 1138 4498 annus
1161 4445 1465 4499 communis
1493 4460 1564 4499 xv
1584 4443 1715 4517 .Kal.
1748 4444 1872 4500 Mai.
1900 4445 2107 4515 incipit.

524 4532 965 4591 Secundus'Non.
997 4535 1130 4605 Apr.
1164 4535 1381 4591 Tertius
1410 4534 1609 4590 embol.
1638 4536 1830 4607 incipit
1860 4552 1957 4591 vm
1985 4535 2104 4591 Kal.

1359 376 1645 458 APPEND.
1682 402 1775 458 AD
1814 401 1987 458 sam.
2030 401 2120 457 IX.
2160 432 2228 441 -
2265 400 2634 461 Αυοτοιιεε
2670 403 2999 461 woman.

2160 519 2207 578 Δ
2275 514 2429 571 Rutili
2451 515 2683 590 qualiter.
2716 516 3002 590 secundum
3032 514 3352 590 Latineaqu
3388 513 3608 590 Greece;
3635 535 3789 590 argu-

2135 4586 2186 4647 D

3685 403 3815 469 ﬂ“

2342 580 2515 641 menta
2535 586 2809 658 paschalia
2841 580 2978 642 τεοῖο
3004 580 3212 641 tramite
3247 588 3481 642 invenire
3502 580 3713 643 debeas:

2306 700 2393 758 Vl.
2440 703 2616 757 Latini
2665 719 2898 773 namque
2934 710 2969 758 ιι
3006 720 3066 758 ιιι
3104 703 3242 760 Non.
3272 703 3432 759 Mart.
3475 720 3652 774 usque
3678 706 3731 760 in
3764 721 3814 760 tv

2236 792 2373 849 Non.
2399 794 2555 865 Apr.,
2578 795 2767 850 diebus
2792 794 2997 850 scilicet
3021 795 3112 860 29,
3147 794 3553 851 observandum
3587 796 3813 852 maxime

2236 896 2584 952 censuerunt,
2608 897 2668 940 ut
2708 902 3045 957 quocumque
3070 901 3256 942 eorum
3290 888 3377 944 die
3405 888 3534 943 luna
3555 896 3682 942 nata
3703 886 3813 943 iue-

2236 972 2325 1043 rit,
2352 974 2548 1034 efﬁciat
2589 979 2747 1048 primi
2787 979 2989 1034 mensis
3033 979 3267 1048 initium,
3311 981 3468 1049 cujus
3510 981 3640 1036 luna
3666 981 3811 1047 14,85

2234 1066 2395 1125 Feria
2430 1068 2463 1124 6
2510 1069 2837 1140 provenerit,
2894 1060 3241 1139 subsequenti
3286 1072 3572 1128 Dominica
3596 1113 3611 1134 .
3646 1073 3699 1127 id
3736 1083 3812 1129 est

2236 1146 2359 1215 luna
2411 1160 2496 1224 16,
2544 1159 2893 1216 festivitatem
2940 1162 3252 1232 paschalem
3302 1163 3422 1219 sine
3470 1162 3813 1234 ambiguitate

2233 1246 2536 1303 celebrabis
2574 1249 2660 1303 14.
2687 1248 2855 1304 Porro
2883 1249 3005 1304 luna
3033 1252 3236 1307 mensis
3256 1251 3500 1322 ejusdem
3528 1268 3559 1305 a
3593 1258 3661 1305 xv
3702 1238 3808 1306 KaL

2206 1336 2389 1406 Apr.,
2432 1354 2601 1411 usque
2640 1340 2694 1394 in
2759 1356 2849 1397 xv:
2900 1339 3019 1396 Kal.
3078 1340 3203 1397 Mai.
3260 1343 3327 1398 ad
3379 1340 3481 1411 fer.
3531 1357 3656 1400 esse
3709 1358 3792 1399 ser

2234 1428 2460 1483 vandas.

2721 1522 2853 1579 Item
2874 1525 3013 1597 quod
3043 1527 3212 1581 verius
3232 1528 3324 1580 est.

2305 1611 2414 1669 VII.
2446 1608 2650 1669 Sancta
2705 1615 2945 1687 synodus
2998 1617 3102 1675 5l8
3130 1610 3491 1688 pontificum,
3544 1617 3638 1687 qui
3683 1616 3814 1687 apud

2233 1703 2469 1762 Nicaeam
2499 1707 2769 1764 civitatem
2798 1706 3059 1779 Bythiuia:
3080 1718 3471 1775 convenerunt,
3498 1695 3813 1764 inlustrante

2236 1795 2442 1866 Spiritu
2491 1807 2701 1865 sancto,
2733 1798 2963 1854 tirmiter
2998 1794 3329 1865 sanxerunt,
3360 1810 3423 1856 ut
3465 1801 3536 1856 ab
3597 1816 3694 1855 vtu
3739 1799 3807 1854 Id.

2161 1870 2210 1934 Β
2239 1885 2395 1941 Mart.
2421 1902 2593 1957 usque
2636 1887 2690 1942 in
2716 1888 2856 1943 diem
2887 1887 3024 1944 Non.
3067 1888 3222 1959 Apr.,
3244 1890 3389 1959 quod
3423 1898 3557 1945 sunt
3594 1890 3709 1946 dies
3726 1889 3809 1953 23,

2232 1977 2643 2049 qualiscumque
2690 1978 2814 2033 luna
2846 1988 2973 2036 nata
2998 1978 3182 2045 fuerit,
3220 1979 3473 2051 perhibet
3505 1979 3688 2037 facere
3720 1980 3813 2036 ini-

2232 2068 2364 2123 tium
2390 2068 2549 2139 primi
2579 2070 2801 2126 mensi

2301 2179 2435 2235 Itent
2458 2182 2522 2236 de
2543 2186 2628 2238 die
2649 2184 2839 2255 mensis
2866 2195 2913 2239 et
2938 2183 3079 2255 luna:
3104 2182 3371 2255 paschalia
3391 2185 3602 2243 ultima:
3621 2201 3747 2255 qua-

2794 2254 2917 2309 liter
2941 2254 3245 2311 celebretur.

2301 2343 2433 2401 VIII.
2458 2343 2728 2401 Statutum
2755 2346 3059 2403 invenimus
3079 2348 3132 2403 iu
3162 2348 3393 2405 concilio
3418 2347 3804 2413 Romanorum,

2229 2444 2288 2491 ut
2316 2450 2415 2490 nec
2440 2447 2567 2492 ante
2606 2453 2660 2492 ιιι
2703 2438 2819 2494 Kal.
2859 2438 3013 2509 Apr.,
3056 2455 3156 2496 nec
3206 2451 3328 2512 post
3354 2428 3451 2495 ¹γιι
3504 2440 3631 2495 Kal.
3688 2439 3804 2496 Mai.

2227 2527 2434 2584 Pascha
2470 2544 2575 2585 non
2608 2530 2803 2586 debeat
2832 2530 2968 2585 ﬁeri.

2728 2620 2865 2677 Item
2904 2623 3045 2694 apud
3078 2622 3310 2680 (ἔνατος.

2296 2710 2388 2766 IX.
2419 2711 2634 2769 Sancta:
2670 2713 2944 2769 memoriae
2980 2722 3169 2770 contra
3198 2714 3538 2785 Theophilus
3580 2714 3805 2771 Alcm

2108 2818 2113 2833 ι
2225 2801 2415 2858 drinus
2439 2802 2743 2873 episcopus,
2771 2804 2913 2859 datis
2940 2800 3183 2875 epistolis
3209 2805 3278 2860 ad
3314 2794 3685 2862 Theodosium
3714 2807 3805 2861 im-

1674 2910 1748 2950 νι.
1794 2894 1871 2951 Id.
1910 2894 2037 2949 Mai.
2067 2909 2120 2951 ν.
2170 2920 2173 2923 -

2225 2901 2559 2962 peratorem,
2592 2892 2646 2947 in
2690 2883 2885 2963 quibus
2926 2894 3251 2950 adnuntians
3285 2894 3357 2949 ab
3381 2910 3482 2950 vnt
3536 2895 3619 2949 Id.
3651 2894 3802 2949 Mart.

2224 2997 2396 3053 usque
2418 2982 2472 3037 in
2500 2982 2644 3036 diem
2683 2981 2821 3038 Non.
2844 2983 2999 3054 Apr.,
3030 2985 3219 3042 diebus
3256 2986 3468 3041 scilicet
3485 2985 3585 3051 29,
3613 2978 3804 3056 qualis-

2223 3086 2455 3144 cumque
2494 3072 2621 3128 luna
2654 3083 2776 3129 nata
2819 3070 3001 3142 fuerit,
3046 3076 3102 3131 in
3148 3076 3391 3148 quolibet
3433 3076 3621 3132 medio
3638 3076 3803 3147 spatio

2221 3163 2469 3234 perhibet
2510 3164 2689 3221 facere
2751 3165 2964 3221 initium
3015 3167 3175 3238 primi
3212 3167 3433 3223 mensis.
3487 3165 3645 3222 Luna
3682 3176 3803 3222 Vero

2143 3234 2190 3297 (ἶ
2224 3255 2289 3309 Il
2326 3271 2358 3311 a
2394 3272 2462 3311 xv
2502 3256 2621 3339 Kal.
2650 3257 2808 3329 Apr.,
2836 3234 3092 3330 usque-in
3132 3276 3201 3315 xv
3243 3258 3364 3315 Kal.
3396 3258 3526 3315 Mai.
3583 3259 3803 3321 solerter

2219 3339 2447 3421 inquiri,
2473 3351 2638 3406 etiam
2677 3353 2724 3406 si
2770 3351 2857 3407 die
2883 3351 3245 3408 Sahbatorum
3299 3351 3581 3418 inciderit,
3620 3365 3799 3408 conse-

2218 3441 2405 3511 quenti
2428 3442 2516 3499 die
2537 3442 2838 3509 Dominico,
2857 3444 2909 3500 id
2933 3454 3016 3501 est
3031 3444 3156 3499 luna
3181 3445 3266 3510 I5,
3299 3444 3509 3501 Pascha
3531 3445 3803 3503 celebrare

2104 3560 2109 3567 -
2219 3533 2559 3603 conscripsit.
2589 3534 2647 3590 Si
2685 3535 2773 3591 die
2801 3536 3081 3597 Dominico
3110 3536 3237 3592 luna
3268 3535 3358 3601 14,
3390 3534 3637 3607 ejusdem
3659 3551 3800 3591 men-

2218 3622 2315 3689 sis,
2343 3618 2517 3681 idest
2564 3625 2727 3696 primi
2776 3626 2979 3682 mensis
3033 3626 3294 3692 evenerit,
3320 3626 3438 3696 ipsa
3470 3625 3797 3681 hebdomada

2218 3718 2559 3784 transmissa,
2586 3720 2655 3774 ad
2681 3717 2906 3774 alteram
2946 3718 3087 3775 diem
3116 3719 3453 3774 Dominicam
3479 3717 3690 3775 Pascha
3722 3732 3797 3773 ce-

2142 3876 2147 3879 _
2216 3803 2416 3864 lebrari
2443 3808 2559 3864 sine
2588 3808 2753 3863 dubio
2775 3809 3118 3880 conscripsit.

2718 3897 2855 3954 Item
2891 3901 3032 3970 apud
3061 3899 3278 3955 Latinos

2288 3987 2355 4044 Χ.
2385 3989 2543 4045 Esset
2572 3988 2715 4047 aliud
2748 3990 3055 4059 exemplum
3093 3990 3160 4046 de
3189 3990 3347 4045 initio
3377 3990 3543 4062 primi
3580 3992 3788 4059 mensis,

2216 4087 2276 4135 ut
2296 4089 2460 4150 quota
2503 4079 2626 4134 luna
2668 4079 2827 4135 fuerit
2855 4080 2913 4136 in
2952 4079 3070 4135 Kal.
3103 4080 3223 4137 Jan.
3261 4090 3341 4136 tot
3378 4082 3497 4137 dies
3522 4080 3590 4138 de
3619 4092 3789 4139 mense

2215 4167 2409 4249 Martio
2432 4168 2483 4223 in
2507 4168 2613 4225 line
2640 4171 3001 4241 computabis,
3027 4179 3085 4225 et
3120 4171 3365 4227 invenies
3414 4173 3611 4243 procul
3639 4173 3787 4229 dubio

2215 4259 2418 4327 lunam,
2446 4270 2502 4317 et
2544 4261 2756 4317 initium
2795 4262 2956 4332 primi
3007 4262 3206 4318 mensis
3234 4272 3417 4333 potest
3449 4273 3662 4319 tantum
3690 4273 3786 4319 tres

2212 4358 2397 4408 mtates
2426 4351 2582 4418 lunae,
2614 4351 2715 4409 hoc
2743 4362 2846 4418 est,
2882 4353 2977 4418 25,
3005 4340 3212 4419 28,96.

2635 4440 2768 4497 Item
2789 4444 2853 4503 de
2875 4444 3142 4498 nativitate
3170 4441 3333 4498 Iunce.

2285 4530 2377 4586 XI.
2394 4530 2694 4600 Quanenda
2709 4534 3059 4588 estuativitas
3080 4534 3218 4591 lunae
3238 4534 3306 4590 II
3321 4535 3391 4589 ah
3416 4551 3513 4591 vui
3540 4535 3619 4591 Id.
3640 4527 3782 4591 Mart.

522 4626 653 4697 Apr.
676 4626 865 4681 Annus
888 4624 1083 4681 solaris
1102 4626 1265 4681 habet
1301 4626 1417 4683 dies
1444 4625 1570 4681 565.
1594 4627 1783 4683 Annus
1798 4628 2109 4685 communis
2138 4622 2186 4647 υ
2211 4636 2382 4699 usque
2411 4623 2464 4678 in
2498 4622 2633 4680 Non.
2661 4624 2816 4696 Apr.,
2845 4640 2964 4695 qua:
2993 4626 3151 4695 primi
3189 4624 3396 4682 mensis
3427 4643 3688 4683 novorum
3708 4641 3787 4681 os-

522 4719 686 4775 habet
713 4719 830 4775 dies
858 4717 984 4774 554.
1024 4719 1214 4773 Annus
1250 4714 1815 4777 embolimaeus'habet
1840 4721 1958 4776 dies
1977 4721 2102 4778 584·

521 4809 838 4867 Communis
866 4809 1085 4878 dicitur,
1114 4812 1239 4882 quia
1281 4813 1476 4868 similis
1504 4821 1589 4868 est
1622 4828 1848 4869 numero
1870 4813 2101 4870 dierum.

510 4866 901 4972 iEmbolimwus
950 4866 1085 4957 vero
1116 4866 1317 4967 (inec,
1347 4902 1491 4972 quod
1522 4904 1577 4957 in
1598 4901 1848 4958 Latinum
1877 4904 2107 4960 vertitur

511 4968 878 5062 |augmentum,
903 4993 1017 5048 sive
1049 4993 1307 5063 majorem
1340 5009 1563 5049 annum.

980 5084 1058 5140 De
1076 5088 1306 5158 epistolis
1333 5086 1656 5143 Grmcorum.

2214 4715 2385 4770 tendit
2440 4716 2672 4773 initium.
2716 4717 2763 4771 A
2792 4734 2870 4773 xu
2919 4733 3049 4775 vero
3086 4717 3204 4773 Kal.
3232 4717 3367 4789 Apr.
3401 4735 3579 4790 usque
3623 4720 3675 4773 in
3700 4734 3783 4773 xiv

2210 4805 2330 4860 Kal.
2359 4804 2484 4872 Mai,
2512 4809 2567 4862 in
2595 4822 2937 4880 quacumque
2959 4809 3047 4864 die
3073 4807 3141 4862 14
3171 4807 3294 4862 luna
3320 4810 3652 4872 occurrerit,
3681 4811 3784 4880 ipsa

2211 4905 2262 4953 te
2282 4897 2349 4952 ad
2375 4896 2794 4954 celebrationem
2818 4900 2991 4956 sancti
3021 4898 3247 4955 Pascha:
3276 4899 3530 4971 perducit

2278 4987 2338 5046 Si
2375 5004 2503 5045 vero
2533 4989 2600 5045 ll
2624 4990 2750 5046 luna
2772 5000 2899 5047 ante
2925 5008 3001 5048 xu
3030 4991 3151 5047 Kal.
3177 4992 3505 5057 occurrerit,
3536 4992 3678 5048 idem
3699 5000 3781 5045 aut

2209 5097 2307 5137 xm
2337 5080 2457 5136 Kal.
2480 5080 2649 5151 Apr.,
2673 5089 2769 5136 aut
2790 5096 2882 5138 ιιι
2920 5082 3042 5137 Kal.
3081 5082 3239 5153 Apr.,
3261 5091 3355 5137 aut
3377 5098 3451 5137 xv
3479 5081 3605 5139 Kal.
3632 5082 3781 5154 Apr.,

591 5171 658 5225 ν.
689 5172 939 5223 Legimus
1000 5174 1054 5216 in
1111 5176 1355 5224 nnislnlis
1401 5176 1731 5230 Grmmmm-
1793 5180 1935 5232 quod
1979 5181 2125 5228 nost'
2207 5173 2345 5226 scito
2372 5173 2627 5224 nironiam
2677 5174 3091 5230 naschalisluna
3135 5190 3242 5229 non
3262 5174 3497 5235 caused
3541 5175 3785 5233 eam
