4006 5648
158 295 282 369 1285

1390 287 1591 353 LIBER
1629 295 1717 350 DE
1752 292 2103 350 COMPUTO.
2150 307 2160 316 ’

3253 266 3388 350 ιιεό

157 393 310 492 usque
359 421 408 474 in
441 437 512 474 vn
546 421 660 474 Kal.
705 419 890 486 Maias,
926 429 1263 487 quocmnque
1307 411 1393 466 die
1424 409 1702 464 Dominico
1733 415 1780 472 Α
1812 407 1953 460 ιειίιί
1982 396 2113 461 festi
2130 422 2300 476 usque
2323 410 2388 463 ad
2412 410 2477 463 14
2507 410 2881 480 seqtlentcs,ld
2903 416 2986 463 est
3009 423 3039 462 a
3066 408 3206 478 prid.
3242 408 3385 465 Non.

154 499 336 582 regula:
377 511 622 564 videlicet
671 509 793 563 luna
840 506 1448 577 occurrerit,lsanctum
1498 497 1704 551 Pascha

154 600 313 654 modis
332 599 582 652 onmibus
602 597 914 653 celebraris.
940 595 1092 661 Quod
1121 592 1164 646 si
1192 599 1315 644 ante
1345 605 1398 642 ιιι
1431 587 1546 641 Kal.
1572 585 1702 653 Apr.

151 689 346 743 etiamsi
367 688 490 742 luna
516 689 802 751 uccurerit,
833 685 917 740 vel
951 693 1068 755 post
1088 699 1162 735 vit
1188 680 1304 734 Kal.
1339 678 1462 732 Maii
1495 675 1703 730 Pascha

149 780 438 836 nullatenus
467 779 788 834 celebratur.
1388 788 1391 791 '

443 871 518 925 De
539 872 797 926 communi
823 886 960 922 anno
982 877 1028 921 et
1057 863 1393 919 embolimwo.

210 960 338 1014 Xlll.
357 959 732 1015 Communium
755 967 808 1011 et
830 955 1284 1011 embolinncorum
1307 951 1446 1029 ratio
1474 948 1575 1001 ista
1603 955 1706 1008 est,

151 1060 205 1103 ut
235 1064 326 1118 per
348 1048 640 1116 ogdoadem
685 1054 740 1101 et
765 1044 1088 1100 endecadem
1112 1052 1433 1095 concurrere
1454 1036 1704 1090 debeant.

148 1140 274 1194 Stint
298 1147 476 1193 autem
505 1137 774 1207 ogdoades
805 1135 860 1199 8,
901 1133 1205 1189 endecades
1253 1131 1309 1184 11
1348 1147 1361 1182 :
1401 1141 1541 1182 com.
1565 1139 1705 1181 com.

147 1229 278 1282 emb.
323 1243 461 1282 com.
502 1243 640 1280 cum.
685 1227 826 1280 entb.
858 1222 1010 1279 com.
1053 1223 1195 1277 emb.
1246 1218 1555 1275 Endecades
1595 1217 1655 1270 11
1693 1232 1705 1269 :

148 1334 276 1374 com.
301 1334 442 1373 com.
471 1319 613 1372 emb.
655 1333 795 1372 com.
842 1316 986 1371 emb.
1033 1330 1171 1368 com.
1217 1308 1356 1367 com.
1399 1325 1539 1366 com.
1565 1308 1707 1373 emb.

147 1427 275 1468 com.
316 1413 458 1466 emb.
488 1412 554 1464 Et
583 1411 888 1466 inveniendi
915 1413 1065 1464 'sunt
1103 1408 1254 1462 verbi
1285 1407 1456 1476 gratia
1484 1405 1548 1459 14
1585 1405 1709 1460 luna

145 1501 400 1571 paschalis
429 1500 735 1555 festivitatis
759 1501 809 1554 in
834 1514 977 1554 anno
998 1499 1288 1569 praeterito.
1314 1497 1458 1551 Prid.
1482 1497 1556 1549 ιιι.
1581 1497 1708 1564 Apr.

64 1577 65 1580 η
145 1591 240 1646 fuit
269 1593 377 1661 ipsa
410 1591 556 1645 luna.
581 1591 668 1644 14.
715 1591 872 1644 Anno
909 1598 1177 1660 prasente
1209 1589 1260 1641 in
1291 1586 1356 1641 eo
1392 1588 1638 1640 datarum
1664 1585 1709 1639 si

144 1694 294 1749 super
317 1680 620 1735 extenderit
646 1681 835 1735 diebus
870 1679 956 1744 19,
987 1679 1091 1733 erit
1118 1693 1292 1731 annus
1319 1676 1706 1739 embolimams,

146 1770 184 1823 si
215 1779 358 1841 retro
385 1769 602 1822 inventa
643 1767 804 1823 fuerit
849 1769 1038 1823 diebus
1075 1769 1156 1833 ll,
1203 1767 1310 1822 erit
1353 1768 1528 1820 annus
1558 1781 1706 1821 com-

144 1861 331 1914 munis.

311 1936 440 2007 item
464 1950 528 2007 de
549 1940 700 2008 (mitis
729 1953 1084 2007 communibus
1110 1963 1157 2006 el
1183 1951 1534 2005 embolimwis.

207 2044 342 2098 XIV.
377 2043 436 2098 Si
467 2045 551 2098 vis
605 2045 745 2098 scire
794 2043 1010 2112 quando
1054 2043 1105 2095 in
1141 2057 1281 2095 anno
1311 2040 1602 2104 communi,
1630 2039 1712 2094 vel

143 2134 343 2204 quando
366 2133 420 2186 in
447 2133 783 2188 emholimceo
805 2132 1000 2187 debeat
1026 2132 1228 2186 Pascha
1256 2131 1589 2184 Dominicum
1625 2145 1714 2184 ce-

147 2225 354 2286 lebrari,
381 2224 571 2292 accipe
602 2223 883 2277 rationem.
918 2220 1159 2291 Namque
1197 2220 1591 2275 decenmovalis
1611 2219 1714 2273 cir-

143 2314 304 2380 culus,
329 2315 421 2383 qui
469 2313 1007 2368 enneacmdecaetlris
1045 2311 1236 2366 Graeco
1271 2306 1540 2365 vocabulo
1580 2325 1715 2364 nuu-

141 2416 379 2475 cupatur,
415 2421 514 2474 per
546 2404 840 2475 ogdoadem
871 2414 926 2457 et
966 2401 1294 2457 cndecadem
1333 2401 1620 2471 semperin
1656 2415 1714 2455 se

143 2494 447 2556 revolvitur,
506 2493 558 2546 id
622 2503 704 2547 εει
755 2507 858 2562 per
898 2492 931 2547 8
963 2500 1018 2546 et
1064 2492 1120 2544 1l
1175 2505 1368 2554 annos,
1423 2491 1512 2559 qui
1553 2490 1712 2544 simul

140 2581 300 2648 juncti
330 2582 640 2636 19faciuul.
675 2579 886 2651 Ogdoas
908 2595 1036 2650 ergo
1059 2579 1246 2648 incipit
1273 2593 1415 2632 anno
1435 2579 1714 2634 decemno-

145 2673 240 2725 vali
271 2674 322 2736 1,
351 2681 408 2726 et
457 2666 728 2726 clauditur
763 2671 1002 2742 ejusdem
1043 2669 1106 2735 8;
1137 2667 1289 2737 cujus
1327 2670 1350 2722 1
1390 2677 1443 2722 et
1481 2669 1516 2722 2
1543 2685 1714 2725 annus

145 2779 452 2818 communes
482 2773 627 2828 sunt,
653 2763 686 2817 5
716 2762 1122 2826 embolismalis,
1148 2761 1182 2815 4
1210 2770 1264 2817 et
1307 2762 1341 2816 5
1390 2762 1712 2826 communis,

146 2839 176 2905 6
209 2852 614 2913 embolismalis,
663 2851 692 2903 7
741 2851 1067 2916 communis,
1102 2851 1138 2905 8
1185 2850 1568 2905 embolismalis
1607 2859 1709 2905 est.

145 2939 332 3009 Sicque
371 2942 580 3012 ogdoas
605 2941 981 2996 communibus
1028 2941 1062 2994 5
1097 2949 1154 2996 et
1198 2937 1657 2996 embolismalibus
1679 2942 1714 2996 5

145 3033 396 3103 expletur.
436 3034 682 3088 Endecas
723 3041 923 3098 autem,
952 3048 1071 3103 quae
1119 3033 1308 3102 incipit
1344 3048 1486 3087 anno
1508 3034 1712 3087 decem-

1806 499 1937 567 Apr.
1967 514 2135 568 usque
2166 499 2218 552 in
2263 516 2356 554 vm
2402 501 2516 555 Kal.
2549 503 2703 571 Apr.,
2737 503 2861 570 quia
2887 501 3187 555 communis
3212 514 3388 555 annus

1807 599 1906 651 cst,
1933 589 2068 644 ﬁunt
2094 589 2210 645 dics
2235 592 2378 645 554.
3240 600 3247 605 ’

1877 700 2032 755 Auno
2059 703 2527 759 decemnOvenn‘ali
2555 707 2607 770 5,
2649 706 2774 759 luna
2808 706 2871 760 19
2902 722 2927 758 a
2959 706 3025 759 15
3073 704 3198 757 luna
3235 717 3380 772 prm-

1809 791 1952 844 teriti
1984 791 2112 848 festi
2145 810 2315 863 usque
2352 796 2416 849 ad
2462 797 2525 852 ~14
2571 810 2876 866 sequentes,
2912 797 2962 850 id
2992 803 3075 851 εει
3110 813 3136 848 a
3170 811 3240 848 vn
3265 791 3388 849 Kal.

1805 879 1936 948 Apr.
1972 897 2142 950 usque
2187 883 2238 936 in
2273 880 2396 938 ldus
2439 885 2596 954 Apr.,
2626 886 2752 954 quia
2792 868 3178 940 embolismalis
3215 896 3392 937 annus

1809 978 1910 1031 εει,
1939 968 2072 1023 ﬁunt
2101 971 2216 1025 dies
2243 973 2370 1026 584.

1877 1079 2034 1134 Auno
2055 1080 2529 1138 deccmnoVeunali
2558 1083 2611 1148 4,
2643 1084 2766 1137 luna
2795 1086 2818 1137 1
2853 1099 2882 1136 a
2913 1083 2980 1150 .15
3009 1083 3132 1138 luna
3149 1091 3370 1152 prseter-

1809 1166 1867 1222 iti
1903 1167 2024 1223 festi
2065 1186 2232 1240 usque
2261 1173 2328 1225 ad
2380 1172 2442 1225 14
2473 1185 2779 1242 sequentes,
2818 1172 2870 1226 id
2917 1182 3001 1228 εει
3054 1189 3084 1225 a
3126 1172 3266 1242 prid.
3299 1171 3375 1225 1d.

1806 1256 1938 1326 Apr.
1968 1273 2136 1328 usque
2185 1261 2238 1314 in
2270 1277 2323 1314 tv
2352 1260 2496 1331 Non.
2538 1262 2667 1332 Apr.
2701 1263 2825 1332 quia
2869 1254 3172 1317 Communis
3218 1275 3392 1315 annus

1809 1356 1910 1410 est,
1940 1346 2072 1400 ﬁunt
2097 1348 2214 1403 dies
2240 1348 2307 1402 55
2318 1350 2363 1408 4..

1879 1457 2037 1514 Anno
2072 1435 2545 1518 decemnoveunali
2597 1445 2651 1529 5,
2696 1465 2821 1520 luna
2850 1466 2885 1519 2
2934 1480 2965 1518 a
2997 1464 3064 1519 15
3093 1464 3216 1518 luna
3253 1478 3390 1533 pra:-

1813 1549 1954 1603 teriti
2002 1550 2121 1606 festi
2173 1568 2342 1622 usque
2373 1554 2425 1608 in
2453 1555 2517 1608 14
2551 1567 2861 1624 sequentes,
2895 1555 2945 1608 id
2972 1563 3055 1611 est
3085 1571 3114 1609 a
3145 1571 3204 1608 ιιι
3246 1553 3386 1608 Νοιι.

1808 1638 1938 1709 Apr.
1974 1657 2144 1710 usque
2180 1643 2234 1696 in
2277 1660 2329 1698 ιιι
2363 1644 2483 1698 Kal.
2506 1646 2682 1714 .Apr.,
2715 1646 2842 1714 quia
2870 1645 3172 1699 communis
3211 1657 3390 1699 annus

1738 1753 1784 1812 B
1811 1736 1912 1794 est,
1943 1727 2077 1784 ﬁunt
2102 1731 2219 1785 dies
2239 1731 2364 1785 554.

1882 1843 2040 1897 Anno
2061 1844 2536 1917 decemnovennali
2564 1847 2618 1909 6,
2646 1845 2770 1898 luua
2799 1846 2833 1900 5
2860 1861 2888 1898 a
2913 1845 2979 1899 15
3004 1845 3129 1898 luna
3157 1853 3384 1913 practer-

1813 1931 1871 1985 iti
1899 1932 2020 1987 festi
2050 1948 2218 2002 usque
2242 1935 2294 1988 iu
2328 1935 2394 1989 14
2424 1944 2732 2004 sequentes,
2762 1937 2812 1990 id
2843 1947 2927 1990 est
2961 1951 2990 1990 a
3016 1952 3048 1990 x
3087 1936 3206 1989 Kal.
3252 1935 3386 2004 Apr.

1816 2037 1986 2091 usque
2016 2024 2067 2077 in
2098 2039 2159 2077 ιιι
2191 2019 2268 2078 l.l.
2305 2027 2459 2093 Apr.,
2489 2026 2614 2095 quia
2644 2026 3034 2082 embolismalis
3063 2041 3239 2080 annus
3285 2031 3391 2087 est,

1816 2114 1952 2173 ﬁunt
1979 2114 2094 2169 dies
2123 2115 2248 2170 584.

1883 2206 2040 2262 Anno
2068 2209 2543 2265 decemnovennali
2578 2212 2628 2274 7,
2655 2211 2781 2266 luna
2807 2212 2839 2264 4
2861 2227 2890 2265 a
2911 2211 2978 2266 15
3003 2211 3127 2265 luna
3157 2219 3386 2278 praeter-

1815 2297 1874 2353 iti
1928 2298 2052 2354 festi
2091 2317 2259 2372 usque
2301 2301 2353 2356 in
2384 2295 2448 2358 14
2489 2313 2796 2373 sequentes,
2829 2304 2880 2356 id
2910 2312 2993 2358 est
3017 2320 3046 2357 a
3077 2319 3108 2356 v
3145 2301 3220 2356 ld.
3261 2302 3392 2371 Apr.

1813 2402 1984 2456 usque
2026 2389 2078 2442 in
2121 2406 2180 2444 ιιι
2230 2389 2347 2444 Kal.
2384 2391 2540 2460 Apr.,
2569 2393 2694 2461 quia
2741 2407 2914 2446 annus
2944 2392 3249 2447 communis
3289 2400 3394 2454 est,

1815 2475 1948 2530 ﬁttnt
1975 2477 2088 2531 dies
2114 2477 2240 2532 554.

1881 2568 2035 2621 Anno
2059 2569 2529 2625 decemnovennali
2561 2572 2616 2636 8,
2641 2572 2764 2626 luna
2792 2573 2825 2627 5
2855 2588 2884 2626 a
2912 2573 2978 2627 15
3007 2573 3130 2627 luna
3167 2583 3367 2642 praeter

1815 2656 1871 2710 iti
1925 2657 2042 2712 festi
2071 2675 2239 2729 usque
2267 2661 2320 2715 in
2360 2663 2425 2716 14
2470 2671 2777 2732 sequentes,
2824 2663 2984 2718 idest
3015 2678 3044 2717 a
3096 2665 3236 2735 prid.
3269 2663 3366 2718 Kal

1813 2747 2160 2835 Apulique
2185 2751 2238 2804 in
2263 2767 2352 2806 xxv
2380 2752 2497 2806 Kal.
2530 2753 2679 2820 Mai.,
2707 2753 2831 2822 quia
2882 2754 3269 2809 embolismalis
3300 2769 3369 2808 an

1815 2853 1917 2892 nus
1937 2848 2040 2906 cst,
2065 2840 2181 2895 dies
2211 2841 2334 2896 584.

1893 2927 2130 2998 Ogdoas.

1881 2991 2036 3076 Anno
2055 2991 2529 3077 decem'no'vennali
2559 3023 2611 3089 9,
2635 3024 2759 3080 luna
2785 3026 2818 3080 6
2848 3042 2878 3080 a
2904 3027 2993 3092 15,
3018 3027 3145 3083 luna
3172 3037 3397 3098 praeter-

145 3086 310 3178 novali
335 3124 388 3192 9,
425 3135 484 3179 et
505 3123 827 3179 terminatur
848 3086 936 3189 19',
961 3086 1138 3178 taliter
1163 3086 1424 3194 graditur,
1453 3130 1509 3175 ut
1541 3125 1563 3175 1
1601 3133 1653 3176 et
1676 3121 1712 3175 2
1739 3086 1784 3147 Β
1818 3113 1876 3167 ili
1926 3111 2048 3168 festi
2079 3129 2250 3184 usque
2301 3114 2356 3168 in
2405 3114 2469 3168 14
2510 3126 2818 3186 sequentes,
2866 3119 2917 3174 id
2948 3129 3031 3176 est
3073 3136 3103 3174 a
3172 3086 3241 3176 iw
3275 3119 3396 3175 Kal.

145 3230 336 3269 annum
364 3228 711 3269 communem
743 3214 962 3278 habeat,
991 3215 1025 3268 5
1053 3212 1501 3278 embolismalem,
1540 3211 1574 3265 4
1604 3221 1660 3266 ει
1682 3212 1717 3266 5

145 3322 300 3371 corn.,
330 3307 363 3360 6
389 3308 563 3372 emb.,
613 3306 643 3358 7
671 3317 726 3367 et
749 3307 782 3361 8
815 3321 979 3372 com.,
1016 3315 1070 3361 et
1097 3306 1130 3362 9
1153 3307 1318 3370 emb.,
1353 3305 1419 3361 10
1453 3320 1616 3370 com.,
1653 3307 1710 3359 11

146 3395 281 3450 emb.
316 3397 535 3452 haheat.
568 3396 1004 3466 Sicqueendecas
1025 3396 1576 3452 communibusannis
1597 3397 1719 3451 ideo

150 3487 361 3553 dicitur,
387 3488 515 3557 quia
541 3487 607 3542 de
634 3487 856 3542 minoris
873 3489 888 3509 ‘
908 3503 1098 3542 annor.
1118 3501 1222 3558 que
1239 3487 1496 3542 duodenis
1522 3487 1721 3543 mensi-

149 3577 244 3631 bus
263 3577 566 3632 secundum
591 3612 596 3618 .
620 3577 758 3631 lunae
787 3591 1003 3630 cursum
1034 3583 1089 3630 et
1115 3576 1302 3631 diebus
1346 3576 1451 3630 554
1479 3577 1718 3647 explent,

148 3664 576 3734 invicem-juncti
607 3664 657 3718 in
694 3663 927 3733 paschali
969 3663 1224 3719 felicitate
1262 3666 1559 3730 socientur,
1597 3667 1716 3735 qui-

145 3754 241 3809 bus
277 3756 346 3810 ad
388 3757 654 3810 rationem
696 3753 925 3809 solis-ll
971 3755 1087 3810 dies
1132 3756 1345 3821 desunt,
1376 3771 1512 3824 quos
1557 3755 1758 3827 IEgyr

146 3845 506 3916 ptiiepactas,
549 3845 603 3899 id
649 3853 734 3900 est
771 3844 1097 3913 adjectiones
1142 3855 1357 3911 vocant,
1406 3861 1540 3915 quas
1561 3862 1720 3916 supra

148 3938 358 4006 scriptis
385 3938 578 3992 diebus
627 3937 940 4007 adjicientes
970 3928 1254 3992 numerum
1303 3948 1498 3993 vocant
1530 3940 1723 3996 solaris

148 4027 288 4093 anni,
321 4028 375 4082 id
407 4037 496 4082 est
537 4027 642 4082 565
687 4027 998 4096 adimplent,
1028 4029 1169 4096 quod
1204 4028 1364 4082 etiam
1407 4029 1461 4083 in
1507 4030 1728 4085 emboli-

149 4131 384 4172 smorum
413 4119 625 4172 ratione
655 4117 890 4187 dirigens
941 4127 1334 4187 perscrutatnr,
1367 4127 1556 4189 potens
1578 4121 1726 4174 inve-

148 4207 280 4271 nire,
313 4223 551 4277 quorum
583 4209 661 4263 vis
685 4208 807 4263 talis
857 4217 978 4275 est,
1031 4217 1090 4263 ut
1135 4224 1234 4278 pro
1281 4211 1363 4264 sui
1400 4211 1758 4279 longitudiue'

149 4301 518 4352 communium
547 4314 812 4352 annorum
843 4299 1164 4354 detrimenta
1204 4311 1572 4369 compenscnt.
1601 4303 1729 4355 Em-

151 4388 439 4443 bolismalis
491 4389 690 4444 etenim
745 4388 962 4452 Grahce,
993 4389 1184 4442 Latine
1228 4403 1724 4459 superaugmenlum

1821 3204 1946 3260 Mai.
1974 3221 2142 3276 usque
2175 3206 2228 3259 in
2275 3222 2350 3260 vn
2379 3205 2457 3262 ιιι.
2504 3209 2662 3276 Apr.,
2707 3210 2833 3279 quia
2882 3211 3187 3266 communis
3220 3225 3396 3266 annus

1818 3301 1921 3357 εει,
1951 3293 2065 3348 dies
2086 3293 2211 3348 554.

1888 3383 2046 3438 Auno
2071 3385 2541 3456 decemnovennali
2581 3385 2667 3450 10,
2715 3389 2840 3440 luna
2863 3389 2895 3440 7
2922 3403 2953 3441 a
2998 3388 3064 3442 15
3099 3389 3227 3442 luna
3265 3404 3404 3458 pra:-

1821 3474 1966 3528 teriti
2015 3473 2137 3528 festi
2186 3490 2354 3543 usque
2390 3476 2442 3529 in
2487 3474 2550 3528 14
2581 3484 2887 3544 sequentes,
2923 3477 2975 3531 id
3008 3486 3092 3532 est
3133 3491 3162 3530 a
3187 3494 3284 3532 vm
3319 3478 3398 3532 ld.

1821 3565 1950 3634 Apr.
1997 3581 2164 3634 usque
2206 3564 2259 3618 in
2286 3580 2337 3618 γι
2369 3563 2486 3617 Kal.
2529 3565 2683 3635 Apr.,
2725 3567 2848 3636 quia
2878 3569 3181 3626 communis
3229 3583 3404 3640 annus

1822 3670 1923 3724 est,
1961 3659 2077 3714 dies
2105 3658 2234 3736 554.
2457 3691 2476 3703 μ
2781 3729 2799 3738 κ

1891 3754 2048 3806 Anno
2094 3753 2565 3807 decemnoveunall
2604 3755 2689 3819 11,
2719 3754 2845 3808 luna
2871 3755 2904 3809 8
2941 3771 2972 3809 a
3007 3755 3072 3810 15
3100 3755 3227 3810 luna
3267 3771 3403 3826 pra?-

1825 3841 1968 3896 teriti
2016 3840 2137 3896 fcsti
2182 3857 2351 3910 usque
2381 3843 2431 3895 in
2478 3843 2544 3896 14
2571 3855 2876 3913 sequentes,
2909 3845 2961 3899 id
3007 3855 3088 3900 εει
3129 3861 3160 3900 a
3203 3861 3236 3899 v
3283 3845 3404 3902 Kal.

1824 3934 1954 4002 Apr.
1999 3949 2166 4002 usque
2223 3935 2274 3988 in
2332 3940 2439 3989 xvu
2492 3934 2612 3990 Kal.
2658 3936 2806 4002 Mai.,
2849 3938 2974 4007 quia
3026 3938 3408 3993 embulismalis
3457 3941 3460 3944 ί

1826 4040 1998 4079 annus
2019 4034 2122 4090 εει,
2146 4026 2262 4081 dies
2289 4026 2411 4080 584.
2921 4020 2928 4029 ’

1895 4115 2053 4168 Anno
2095 4117 2567 4170 decemnovennali
2620 4116 2706 4181 12,
2745 4116 2869 4170 luna
2896 4117 2930 4171 9
2962 4133 2990 4170 a
3026 4118 3092 4172 15
3120 4117 3244 4171 luna
3273 4133 3407 4185 pne-

1831 4207 1972 4259 teriti
2002 4205 2122 4260 festi
2169 4221 2337 4274 usque
2367 4206 2417 4258 in
2449 4206 2511 4258 14
2541 4217 2849 4275 sequentes,
2884 4207 2934 4259 id
2959 4215 3042 4260 cst
3063 4224 3091 4260 a
3127 4223 3254 4260 xvm
3285 4207 3403 4260 Kal.

1829 4296 1958 4350 Mai.
1983 4312 2151 4365 usque
2177 4298 2228 4350 in
2257 4297 2393 4365 prid.
2418 4296 2554 4351 Non.
2587 4299 2737 4366 Apr.,
2773 4299 2896 4366 quia
2915 4299 3216 4354 communis
3238 4313 3408 4353 annus

1834 4397 1938 4452 est,
1963 4388 2078 4442 dies
2108 4387 2232 4441 554.

151 4479 366 4544 dicitur,
400 4481 531 4548 quia
561 4478 614 4534 id
641 4488 724 4534 est
749 4485 920 4532 annus
954 4480 1018 4534 l5
1040 4454 1313 4534 lunaribus
1342 4454 1638 4546 mensibus,
1672 4494 1728 4538 ει
1761 4454 1808 4512 D
1902 4482 2058 4535 Anno
2101 4480 2572 4536 decemnovennali
2611 4481 2695 4545 15,
2729 4479 2853 4532 luna
2883 4481 2946 4534 10
2967 4497 2996 4534 a
3026 4481 3086 4534 l5
3121 4481 3243 4534 luna
3271 4494 3410 4550 prac-

153 4573 336 4628 diebus
359 4573 470 4629 584
486 4571 759 4641 impletur,
787 4571 1019 4626 solarem
1042 4588 1240 4626 annum
1264 4573 1450 4629 diebus
1468 4575 1532 4628 19
1554 4584 1732 4630 trans-

155 4666 409 4722 cendens.
441 4663 578 4720 Nam
628 4665 992 4720 communium
1026 4673 1081 4718 et
1124 4664 1560 4720 embolismorum
1611 4667 1734 4722 talis

157 4756 532 4825 comprobatio
593 4765 694 4809 est.
727 4754 783 4810 Si
818 4755 961 4809 enim
1007 4772 1038 4810 a
1066 4755 1134 4809 15
1173 4754 1296 4807 luna
1335 4757 1576 4824 praeterit
1613 4755 1731 4812 festi

157 4860 326 4916 usque
352 4846 422 4900 14
451 4844 580 4900 anni
622 4839 864 4912 ejusdem
891 4855 1177 4916 sequentes
1202 4847 1317 4901 dies
1349 4846 1453 4902 554
1499 4846 1730 4911 fuerunt,

158 4937 666 4992 communisannus
707 4937 830 4991 erit.
888 4935 945 4991 Si
984 4949 1162 4992 autem
1211 4937 1412 4993 fuerint
1464 4941 1581 4995 dies
1606 4939 1729 5002 584,

159 5027 548 5085 embolismalis
580 5027 703 5100 erit.
732 5028 882 5094 Quod
923 5037 981 5083 ut
1004 5031 1180 5102 aptius
1208 5030 1321 5096 ﬁat,
1343 5047 1371 5084 a
1399 5034 1574 5103 primo
1595 5045 1734 5086 anno

161 5118 637 5181 decemnovennali
663 5135 831 5189 usque
859 5121 925 5175 ad
951 5120 1193 5178 ultimum
1235 5124 1474 5194 ejusdem
1498 5123 1733 5193 subjecta

161 5214 362 5281 poteris
391 5209 627 5265 formula
653 5209 885 5277 edoceri,
930 5214 1085 5285 cujus
1112 5213 1245 5268 ordo
1273 5215 1395 5271 talis
1422 5228 1523 5274 est.

229 5300 388 5354 Anno
418 5299 900 5353 decemnovennali
944 5303 996 5366 1,
1027 5303 1152 5356 luna
1198 5303 1263 5356 17
1295 5320 1321 5357 a
1359 5306 1430 5360 15
1459 5308 1578 5361 luna
1609 5315 1740 5374 pra!-

165 5392 303 5446 teriti
338 5390 463 5446 festi
497 5388 765 5457 paschalis
791 5398 954 5458 usQue
987 5395 1052 5449 ad
1079 5392 1144 5447 14
1169 5391 1406 5459 ejusdem
1436 5402 1740 5467 sequentes;

164 5480 215 5535 id
242 5490 328 5536 est
350 5495 386 5534 ra
417 5468 637 5535 16'Kal.
668 5476 789 5530 Mai.
817 5495 986 5549 usque
1013 5484 1064 5537 in
1095 5480 1229 5537 Non.
1274 5485 1403 5554 Apr.
1439 5489 1564 5559 quia
1594 5498 1742 5538 com~

164 5573 340 5626 munis
368 5584 549 5625 annus
570 5576 675 5632 εει,
707 5570 838 5624 ﬁunt
873 5571 988 5628 dies
1015 5574 1140 5630 554.

1835 4574 1976 4628 teriti
2004 4573 2123 4628 festi
2168 4588 2338 4643 usque
2367 4575 2418 4628 in
2449 4573 2512 4626 14
2557 4575 2865 4642 εεψιειιιεε,
2899 4573 2948 4626 id
2993 4582 3076 4626 est
3107 4588 3134 4625 a
3166 4588 3224 4626 ιιι
3269 4570 3408 4626 Νοιι.

1833 4667 1964 4737 Apr.
1994 4680 2161 4735 usque
2205 4665 2257 4719 in
2306 4663 2365 4720 tx'
2392 4665 2508 4720 Kal.
2552 4666 2705 4734 Apr.,
2741 4665 2869 4733 quia
2901 4665 3204 4720 communis
3239 4678 3414 4717 annus

1835 4769 1935 4821 est,
1970 4759 2083 4813 dies
2112 4757 2238 4812 554.

1905 4851 2062 4905 Anno
2084 4847 2556 4910 deccmnovennali
2585 4847 2671 4912 14,
2709 4847 2836 4902 luna
2868 4849 2926 4902 1l
2977 4863 3006 4901 a
3049 4846 3114 4900 15
3137 4847 3261 4900 luna
3283 4860 3421 4914 prm-

1841 4941 1984 4996 teriti
2008 4940 2127 4996 festi
2161 4954 2336 5008 usque
2365 4947 2423 5004 in
2449 4939 2515 4996 14
2540 4946 2848 5006 sequentes,
2875 4939 2929 4992 id
2956 4945 3039 4992 est
3077 4935 3145 4989 ab
3168 4952 3259 4990 vm
3299 4935 3422 4990 Kal.

1839 5035 1970 5104 Apr.
1997 5049 2164 5103 usque
2195 5033 2247 5086 in
2276 5043 2434 5106 ιιι-ῑά,
2455 5031 2535 5090 ιιι.
2576 5029 2725 5099 Apr.,
2769 5033 2894 5102 quia
2917 5027 3301 5087 embolismalis
3330 5021 3427 5084 an;

1844 5142 1946 5182 nus
1984 5136 2086 5193 est,
2117 5127 2230 5180 dies
2261 5127 2420 5201 58;,

1918 5220 2072 5274 Anno
2098 5215 2605 5300 decemnovennali
2631 5211 2714 5281 15,
2752 5215 2878 5274 luna
2908 5218 2972 5272 1'2
3003 5231 3032 5268 a
3063 5211 3129 5266 15
3155 5212 3279 5266 luna
3305 5225 3439 5284 pra:-

1850 5309 1993 5364 teriti
2018 5308 2138 5364 festi
2168 5323 2376 5384 usun
2412 5329 2464 5382 in
2491 5307 2555 5365 14
2596 5318 2898 5374 seruientes,
2923 5307 2972 5361 id
2994 5311 3075 5360 εει
3105 5303 3176 5377 ab
3206 5301 3282 5354 ιιι.
3315 5303 3448 5376 Apr.

1851 5414 2019 5469 usque
2076 5400 2126 5453 in
2179 5396 2312 5459 Kal.
2410 5417 2568 5479 Apin,
2613 5393 2731 5462 quia
2785 5412 2953 5452 annus
3003 5388 3304 5447 corr-munis
3351 5392 3455 5448 εει.

1853 5488 1967 5544 dies
1989 5489 2114 5544 554.
2423 5487 2427 5491 ’

1922 5583 2076 5636 Αιιιιο
2105 5581 2358 5648 decem.1
2374 5591 2640 5648 ηνεηιιτιιι
2666 5575 2748 5638 16,
2780 5594 2902 5632 mna
2935 5577 2996 5631 15
3019 5587 3062 5642 τι,
3085 5567 3145 5620 15
3170 5565 3291 5648 lupa
3328 5575 3468 5631 pra»
