4020 6310
551 283 688 392 issi
1336 309 1622 377 APPEND.
1663 319 1967 376 AD-szsc.
1996 321 2085 376 ix.
2119 351 2138 361 -

2239 317 2591 402 IUCTORES
2626 325 2954 386 ANonvm.
3381 313 3386 318 ’
3691 325 3826 380 ms

553 436 687 506 A’pr.
717 448 886 503 usque
915 433 966 486 in
1005 445 1081 486 xu
1113 431 1230 486 Kal.
1263 432 1418 500 Apr.,
1450 413 1579 500 quia
1611 433 1916 487 communis
1962 447 2136 486 annus
2163 439 2210 496 Α

553 514 656 591 est,
689 528 804 583 dies
830 526 956 582 551.
1021 562 1025 564 -

563 642 572 648 ·
621 618 780 672 Anno
811 618 1282 693 decemnovennali
1310 618 1396 682 I7,
1424 617 1546 671 luna
1577 617 1641 671 14
1680 633 1710 672 a
1749 619 1818 672 15
1839 618 1964 671 luna
1996 633 2134 688 prte-

555 705 699 773 teriti
739 705 860 760 festi
899 721 1068 774 usque
1103 707 1158 759 in
1186 705 1251 758 14
1281 714 1591 774 sequentes,
1624 706 1678 760 id
1716 715 1798 760 est
1829 708 1896 760 ab
1926 722 1980 760 x1
2011 705 2130 760 Kal.

551 785 682 862 Apr.
712 810 880 865 usque
905 795 956 848 in
989 811 1019 849 v
1065 795 1140 848 Id.
1172 795 1304 864 Apr.
1359 796 1486 848 auia
1530 809 1705 849 annus
1742 794 2132 849 embolismalis

552 895 655 950 est,
689 883 805 940 dies
836 880 960 940 581.

619 975 777 1029 Αιιηο
802 975 1277 1030 decemnovennali
1304 977 1392 1038 I8,
1423 973 1547 1028 luna
1581 974 1647 1028 I5
1678 991 1708 1028 a
1737 973 1949 1028 I51una
1989 987 2131 1042 pra:-

552 1065 698 1118 teriti
735 1063 855 1119 festi
887 1080 1056 1133 usque
1105 1067 1159 1117 in
1199 1065 1264 1117 I4
1314 1072 1622 1133 sequentes,
1669 1064 1720 1116 id
1773 1070 1855 1118 est
1887 1078 1916 1116 a
1963 1078 2013 1114 v1
2052 1061 2127 1116 Id.

550 1156 684 1226 Apr.
713 1169 883 1224 usque
921 1155 974 1208 in
1018 1170 1071 1209 IV
1105 1154 1222 1208 Kal.
1254 1153 1384 1208 Aur.
1439 1154 1565 1222 quia
1606 1167 1780 1234 annus
1829 1153 2133 1206 communis

550 1259 654 1312 est,
683 1247 813 1301 dies
831 1245 957 1300 554.
1036 1295 1040 1298 .

624 1335 778 1388 Auno
800 1333 1269 1388 decemnovennali
1297 1333 1384 1396 I9,
1416 1333 1543 1386 luna
1566 1333 1631 1386 I6
1662 1347 1690 1385 a
1727 1331 1793 1386 15
1832 1331 1954 1385 luna
1994 1347 2131 1400 pra:-

555 1426 698 1482 teriti
748 1426 870 1480 festi
901 1441 1070 1494 usque
1103 1424 1154 1477 in
1188 1423 1255 1478 14
1285 1432 1591 1492 sequentes,
1629 1422 1684 1476 id
1725 1430 1810 1476 est
1839 1437 1868 1476 a
1920 1439 1978 1476 ιιι
2007 1419 2128 1476 Kal.

533 1519 682 1586 .Apr.
712 1531 881 1584 usque
913 1516 1068 1569 in'xv
1098 1515 1214 1569 Kal.
1243 1514 1392 1580 Mai.,
1421 1515 1546 1585 quia
1579 1530 1754 1570 annus
1785 1514 2131 1570 embolisma-
2166 1563 2169 1565 _

552 1607 619 1660 lis
643 1615 746 1671 est,
775 1606 890 1660 dies
915 1605 1040 1660 581.

624 1697 716 1752 Sic
757 1696 926 1768 facies
985 1712 1198 1766 semper
1256 1697 1308 1750 in
1367 1695 1618 1750 omnibus
1669 1696 1844 1760 annis,
1902 1705 2128 1766 excepto

2734 437 2812 490 De
2849 444 3138 508 augmento
3155 438 3316 493 (ante.

2315 523 2494 578 XVIII.
2535 523 2726 595 Incipit
2745 537 3090 599 augmentum
3119 527 3279 582 lunae.
3301 525 3830 598 Augmentnmlunz

2241 627 2412 681 quare
2442 613 2519 676 Iit,
2546 622 2601 668 et
2622 615 2892 683 quomodo
2916 615 2997 680 Iit,
3018 615 3220 684 etquid
3242 624 3386 670 esset
3403 615 3448 669 si
3476 630 3588 668 non
3613 613 3831 684 fuisset.

2242 691 2422 768 Quare
2451 703 2587 757 idem
2609 744 2624 768 ,
2655 704 2781 772 quia
2809 713 2894 758 est
2917 704 2970 758 in
2998 714 3192 758 natura
3224 705 3362 759 luna;
3389 705 3648 766 tarditas,
3683 706 3835 773 quod

2241 797 2488 866 superius
2514 798 2761 852 ascensio
2804 798 2922 867 ejus
2966 798 3020 852 in
3060 808 3274 860 natura,
3317 812 3478 868 quam
3513 806 3832 866 putaretur,

2241 886 2391 940 addit
2415 883 2802 953 tarditas'ejus,
2823 887 2995 942 donec
3021 902 3126 941 non
3160 887 3402 951 interest,
3428 885 3574 956 quod
3594 886 3756 941 addit
3781 886 3832 939 in

2241 975 2418 1044 capite
2442 973 2508 1028 I9
2537 975 2590 1028 in
2616 983 2850 1038 noctem,
2881 973 3291 1044 q'uamadderet
3313 975 3367 1029 id
3397 989 3499 1044 per
3535 988 3712 1042 quam
3741 976 3828 1028 te-

2239 1063 2542 1118 nerint'I9
2615 1047 2714 1133 per
2776 1064 2876 1129 15,
2945 1063 3160 1133 quando
3225 1073 3509 1134 putaretur
3570 1062 3836 1118 ascensio

2239 1154 2379 1208 lunze
2420 1168 2540 1208 esse
2582 1153 2636 1206 in
2689 1152 3038 1222 plenitudine,
3090 1153 3216 1208 licet
3257 1153 3406 1224 prius
3449 1151 3836 1222 deprehende-

2239 1252 2406 1298 retur;

2279 1395 2282 1398 ,
2606 1331 2610 1336 ’
2691 1334 2768 1388 De
2809 1333 3362 1402 Kalendis’mensium.
3410 1380 3412 1382 ,

2307 1421 2447 1482 XIX.
2464 1424 2948 1480 KaleiidzeGraacus
2976 1438 3155 1481 sermo
3179 1430 3285 1488 est,
3312 1422 3404 1476 sed
3435 1421 3504 1474 ad
3533 1419 3832 1476 colendum

2237 1518 2453 1588 dicitur,
2482 1517 2535 1570 in
2559 1515 2810 1570 Latinum
2833 1514 3173 1581 vocationem
3195 1513 3464 1568 dicuntur.
3490 1510 3658 1580 Apud
3681 1509 3836 1565 Gr:-

2237 1624 2329 1664 cos
2355 1609 2421 1663 de
2447 1607 2560 1661 calo
2585 1605 2858 1669 Kalendaz,
2892 1605 3036 1676 apud
3067 1604 3292 1659 Latinos
3325 1603 3392 1657 de
3420 1617 3549 1656 voco
3581 1601 3829 1655 vocatio-

2234 1712 2333 1751 nes
2363 1697 2694 1768 derivantur.
2725 1695 2890 1750 Nonae
2911 1695 3135 1751 Grrecus
3169 1708 3346 1748 sermo
3366 1690 3490 1758 'est,
3541 1692 3697 1745 unde
3741 1704 3834 1742 ve-

551 1793 614 1846 in.
652 1793 825 1860 primo
855 1807 1016 1856 anno,
1060 1793 1114 1844 in
1145 1808 1252 1860 quo
1271 1791 1343 1845 21
1371 1791 1542 1844 ultimi
1575 1805 1744 1860 usque
1782 1792 1837 1845 in
1877 1791 1944 1845 11
1968 1792 2127 1860 primi
2163 1784 2207 1844 Β
2233 1786 2388 1840 niunt
2416 1785 2601 1840 Nonm.
2633 1785 2800 1840 Nonae
2823 1800 2851 1839 a
2882 1783 3136 1839 nundinis
3155 1783 3469 1838 derivantur
3499 1779 3653 1848 apud
3681 1777 3835 1832 ϐω

549 1883 864 1937 numerabis
912 1897 942 1936 a
987 1881 1180 1936 Pasch.
1232 1881 1611 1944 solemnitatis,
1655 1881 1931 1949 utrum‘in
1991 1897 2133 1953 anno

551 1975 941 2037 communi,.an
970 1973 1326 2028 embolismali
1368 1971 1559 2026 debeat
1606 1971 1894 2037 celebrari,
1924 1972 2047 2038 rite,
2079 1981 2133 2026 et

551 2069 758 2136 absque
783 2066 890 2121 ullo
923 2079 1110 2122 errore
1141 2065 1403 2134 reperies.

919 2178 996 2232 De
1023 2186 1250 2248 quatuor
1274 2150 1584 2246 differentiis
1611 2175 1773 2229 (ante.

622 2289 738 2345 XV.
766 2291 1004 2357 Quatuor
1027 2288 1342 2344 dill‘erentiae
1369 2289 1638 2341 lnnarnm.
1673 2287 2006 2352 Victorinus,
2029 2286 2098 2340 50
2114 2304 2140 2350 ;.

553 2382 818 2438 Onalilius
869 2391 924 2436 et
963 2380 1278 2434 Latereulus
1325 2378 1462 2432 alius
1503 2379 1610 2442 50;
1640 2377 1792 2432 'alius
1831 2377 1932 2440 29;
1967 2377 2133 2446 [apud

552 2471 820 2527 HebreOs
846 2470 914 2526 39
937 2479 985 2525 et
1021 2471 1205 2524 semis.
1238 2469 1391 2538 Apud
1435 2466 1718 2537 Aigyptios
1749 2466 1840 2521 29.
1894 2465 2131 2537 Egyptii

555 2563 756 2616 faciunt
805 2562 856 2614 in
905 2561 1050 2616 omni
1103 2574 1246 2612 anno
1303 2558 1370 2611 I2
1430 2572 1661 2612 menses.
1711 2557 1768 2610 In
1811 2571 2134 2625 unoquoque

554 2670 740 2708 mense
760 2653 828 2707 50
857 2653 992 2717 ι1ἰεε,
1032 2653 1086 2705 in
1111 2666 1216 2704 uno
1241 2665 1424 2704 mense
1454 2647 1487 2704 5
1507 2650 1594 2704 ad.
1618 2647 1930 2704 Communis
1963 2664 2134 2702 annus

553 2744 717 2798 habet
743 2743 858 2796 dies
881 2731 1007 2794 551.
1032 2741 1182 2796 Adde
1203 2739 1263 2793 11
1294 2757 1305 2791 :
1341 2737 1475 2791 Iinut
1497 2737 1613 2792 dies
1641 2733 1766 2791 565.
1791 2737 1943 2792 Adde
1971 2752 2133 2807 supra

556 2833 644 2898 19,
669 2842 723 2888 ει
742 2833 801 2887 Iit
832 2832 1027 2887 embol.
1062 2831 1159 2886 llic
1182 2838 1356 2885 arm’ns
1377 2831 1540 2885 habet
1563 2829 1679 2884 dies
1709 2829 1835 2883 584.

848 2922 924 2976 De
962 2921 1304 2976 celebratione
1341 2921 1508 2974 sancti
1552 2920 1845 2974 Paschatis.

624 3015 765 3069 XVI.
806 3015 921 3080 Quo
942 3014 1026 3068 die
1059 3012 1313 3068 debemus
1331 3012 1538 3066 Pascha
1560 3012 1850 3076 celebrare,
1879 2997 2019 3066 idem
2039 3012 2131 3076 50,

555 3104 641 3158 vel
669 3093 992 3196 31,;etlioc,
1033 3111 1092 3155 nt
1134 3102 1265 3166 dixi,
1306 3102 1358 3155 in
1384 3103 1450 3156 19
1476 3118 1616 3156 anno
1645 3102 1777 3173 cycli
1821 3103 1879 3156 Iit
1920 3111 2134 3172 propter
2161 3137 2206 3196 Ο

501 3232 503 3234 -
555 3189 902 3248 concordiam
941 3201 1271 3262 epacta'rnm.
1331 3192 1420 3245 Isti
1469 3201 1647 3247 autem
1705 3192 1774 3246 50
1821 3194 1935 3248 dies
1981 3201 2127 3258 sunt,

559 3286 718 3354 idque
747 3284 852 3338 554
874 3284 987 3338 dies
1017 3283 1141 3336 anni
1174 3282 1472 3338 communis
1497 3289 1656 3352 Supra
1679 3293 1932 3338 crescunt
1963 3298 2131 3352 usque

560 3377 612 3429 in
644 3375 747 3429 581
776 3375 889 3429 dies
930 3373 1057 3427 anni
1083 3372 1486 3439 embolismalis,
1519 3376 1645 3445 quia
1670 3373 1941 3432 communi
1971 3390 2130 3440 anno,

557 3473 651 3517 aut
675 3462 798 3524 554,
823 3451 937 3516 dies
959 3461 1162 3516 Pascha
1194 3471 1298 3516 non
1328 3461 1454 3515 licet
1476 3464 1772 3518 celebrare.
1807 3463 1978 3533 Supra
2006 3479 2134 3520 vero

558 3555 656 3609 hos
683 3555 796 3608 dies
820 3554 963 3607 licet.
993 3552 1048 3606 In
1075 3552 1423 3607 embolismali
1457 3562 1634 3608 autem
1677 3569 1818 3608 anno
1855 3563 1980 3608 ante
2007 3553 2132 3618 581,

557 3645 644 3698 vel
711 3644 765 3707 5,
835 3659 938 3698 non
977 3644 1136 3698 debet
1183 3643 1384 3697 Pascha
1438 3644 1727 3698 celebrari.
1785 3642 1956 3714 Supra
2007 3659 2135 3698 vero

558 3733 704 3788 licet.
769 3732 874 3787 Iste
926 3747 1066 3801 ergo
1130 3747 1386 3788 numerus
1453 3732 1661 3788 dierum
1724 3735 1776 3787 in
1837 3735 2136 3788 communi—

552 3822 660 3875 .bns
682 3822 853 3880 annis.
883 3830 936 3873 et
962 3821 1417 3877 embolismalibus
1448 3823 1500 3876 in
1531 3823 1892 3879 celebratione
1916 3823 2136 3880 Pascha)

558 3911 954 3966 observandum
979 3920 1082 3966 est.
1751 3904 1753 3906 ’

1022 4026 1098 4081 De
1131 4027 1429 4082 embolismo
1469 4031 1678 4100 majori.

579 4201 582 4203 Α
632 4137 793 4193 XVII.
831 4137 1021 4208 Incipit
1077 4139 1144 4194 de
1218 4140 1533 4194 embolismo
1595 4140 1805 4210 majori.
1873 4139 2134 4211 Majorum

562 4226 1001 4305 embolismorum
1042 4229 1179 4282 ratio
1217 4231 1475 4298 probatur
1520 4231 1774 4294 existere,
1818 4233 1958 4302 quod
1991 4247 2138 4288 com-

501 4321 503 4323 ’
561 4317 800 4370 manium
825 4333 1088 4372 annorum
1121 4319 1333 4374 videtur
1356 4314 1548 4374 damna
1573 4322 1842 4391 supplere,
1869 4333 2136 4393 quatenus

563 4414 616 4459 et
640 4407 813 4461 solare
837 4398 1044 4478 tempus
1070 4409 1274 4463 lunaris
1302 4411 1614 4480 exsequitur
1635 4413 1908 4470 excursio.
1938 4415 2134 4471 Embo-

2235 1889 2346 1930 eos.
2379 1876 2532 1945 Apud
2577 1874 2798 1929 Latinos
2843 1881 3164 1937 mercatum,
3207 1870 3288 1926 vel
3329 1867 3700 1924 mercimouia
3753 1865 3833 1919 di-

2234 1975 2450 2020 cuntur.
2483 1964 2605 2019 Idus
2633 1963 2855 2019 Graecus
2886 1977 3067 2018 sermo
3093 1971 3195 2016 est.
3227 1961 3284 2015 In
3314 1958 3574 2014 Latinum
3627 1955 3833 2013 dicitur

2234 2073 2330 2114 cor
2351 2057 2634 2118 mensium,
2665 2055 2752 2109 vel
2777 2055 3038 2109 medietas
3068 2053 3355 2107 mensium.

2371 2179 2374 2182 ~
2620 2143 2754 2198 Item
2780 2143 2843 2198 de
2865 2141 3124 2196 Kalendis
3147 2142 3421 2196 mensium.

2301 2236 2422 2291 XX.
2463 2234 2600 2302 Quid
2625 2243 2752 2288 sunt
2783 2234 2941 2288 dicta:
2982 2231 3268 2286 Kalendae?
3310 2229 3606 2302 Kalendas,
3634 2228 3824 2294 Nonae,-

2231 2326 2355 2381 Idus
2378 2325 2597 2380 Grtecus
2620 2339 2798 2379 sermo
2841 2332 2943 2377 est.
2985 2320 3214 2390 Propter
3242 2319 3408 2376 festos
3437 2319 3558 2374 dies
3589 2319 3826 2374 Romni

2235 2418 2610 2481 instituerunt,
2638 2417 2721 2470 vel
2751 2426 2970 2486 propter
3001 2413 3174 2469 oﬂicia
3202 2415 3630 2484 magistrorum;
3665 2415 3724 2467 in
3747 2415 3828 2468 bis

2233 2509 2379 2562 enim
2439 2507 2630 2562 diebus
2679 2505 3147 2577 congregabantur
3189 2505 3242 2558 in
3295 2505 3542 2559 urbibus.
3586 2501 3826 2571 Quidam

2235 2606 2412 2652 autem
2462 2596 2730 2650 Kalendas
2774 2610 2803 2648 a
2843 2581 3058 2648 colendo
3112 2593 3367 2663 appellari
3393 2593 3824 2669 existimarunt,

2232 2686 2380 2740 vel‘a
2406 2684 2546 2750 calo,
2579 2685 2631 2738 id
2662 2695 2748 2738 est
2775 2699 2920 2746 voco,
2948 2680 3071 2736 nam
3117 2683 3423 2752 astrologus
3469 2683 3713 2737 vocabat
3741 2699 3828 2752 po-

2232 2777 2438 2847 pulum,
2479 2785 2538 2828 ut
2567 2776 2816 2830 viderent
2842 2789 3127 2830 accensum
3162 2774 3324 2841 lunae,
3371 2775 3425 2829 id
3466 2785 3555 2829 est
3603 2774 3826 2830 initium

2232 2869 2422 2939 prima:
2461 2867 2622 2934 laute,
2661 2869 2742 2922 vel
2785 2867 3063 2922 stellarum
3094 2883 3347 2927 cursum.
3387 2883 3510 2938 qua:
3535 2878 3693 2932 ante,
3739 2877 3828 2920 aut

2167 3005 2171 3008 .
2236 2971 2382 3015 retro
2403 2971 2662 3026 currunt;
2688 2962 2829 3030 apud
2851 2969 3062 3015 veteres
3086 2961 3232 3014 enim
3255 2960 3499 3014 omnium
3530 2974 3821 3015 mensuum

2235 3053 2497 3124 principia
2522 3053 2856 3123 colebantur.
2887 3051 3052 3107 Nona:
3076 3067 3176 3123 pro
3197 3067 3305 3122 quo
3327 3052 3631 3107 dicuntur?
3660 3050 3826 3106 Nona:

2238 3159 2266 3198 a
2312 3144 2566 3198 nondinis
2621 3155 2844 3198 vocatte.
2881 3141 3164 3197 ’Nondinte
3225 3142 3369 3197 enim
3418 3151 3549 3196 sunt
3594 3141 3826 3211 publica

2192 3283 2196 3286 .
2235 3236 2638 3298 conventioncs,
2668 3235 2720 3288 id
2741 3244 2825 3288 est
2849 3249 2878 3287 a
2903 3233 3295 3302 negotiatione,
3327 3231 3444 3286 sive
3469 3247 3500 3284 a
3529 3233 3826 3286 mercimo-

2235 3328 2320 3378 nia
2371 3325 2618 3378 nondina:
2668 3323 3234 3379 solemnitasdicitur.
3285 3321 3464 3387 Quare
3504 3321 3730 3391 antiqui
3774 3336 3824 3373 tv

2232 3414 2396 3480 Non.,
2437 3413 2521 3468 vel
2571 3429 2621 3467 γι
2667 3412 2802 3467 Νοη.
2836 3411 2958 3466 ideo
2987 3411 3321 3467 diviserunt?
3356 3427 3410 3466 Iv
3443 3409 3614 3475 Νοιι..
3659 3411 3749 3466 vel
3773 3425 3823 3463 rt

2233 3505 2371 3559 Non.
2405 3520 2512 3558 non
2549 3501 2670 3558 ideo
2715 3492 3035 3571 diviserunt,
3079 3510 3139 3555 ut
3177 3517 3284 3556 non
3333 3501 3540 3555 scirent
3580 3500 3825 3556 latrones

2234 3604 2532 3649 mercatum
2559 3594 2798 3658 illorum,
2822 3593 3038 3662 quando
3058 3605 3181 3647 esse
3205 3591 3444 3656 deberet,
3472 3590 3566 3660 qui
3591 3591 3823 3645 abscon-

2235 3688 2427 3743 debant
2453 3701 2514 3741 se
2551 3700 2646 3756 per
2671 3686 2886 3740 diversa
2914 3681 3138 3738 latibula
3163 3682 3218 3736 in
3245 3683 3470 3738 secretis
3491 3681 3630 3737 locis
3670 3681 3822 3750 juxta

2234 3776 2400 3841 viam,
2426 3785 2480 3830 et
2505 3775 2785 3830 venientes
2825 3775 2893 3828 ad
2924 3784 3220 3828 mercatum
3253 3772 3595 3836 occidebant,
3620 3780 3684 3826 et
3705 3786 3821 3841 Spo-

2234 3867 2456 3922 liabant.
2487 3867 2600 3934 Qua
2623 3882 2785 3921 causa
2813 3867 2970 3920 dicta:
3003 3875 3132 3920 sunt
3157 3864 3280 3919 Idus
3303 3880 3397 3918 cor
3418 3865 3719 3928 mensium,
3744 3863 3824 3918 vel

2236 3963 2497 4017 medietas
2527 3961 2833 4014 mensium?
2866 3958 2990 4013 Idus
3016 3969 3198 4012 autem
3228 3956 3471 4027 plerique
3502 3955 3820 4011 Latinorum

2235 4052 2304 4114 ab
2341 4050 2756 4104 edendodictas
2794 4057 3005 4118 putant,
3035 4047 3178 4115 quod
3206 4047 3265 4100 'bi
3296 4045 3414 4100 dies
3441 4044 3584 4114 apud
3612 4056 3822 4101 veteres

2235 4143 2514 4213 epularum
2539 4151 2744 4205 essent,
2779 4139 2862 4193 vel
2905 4138 3114 4208 species
3145 4138 3346 4194 mensis
3391 4138 3700 4207 sequentis,
3739 4135 3818 4191 vel

2233 4244 2454 4307 propter
2473 4233 2708 4290 medium
2731 4232 2952 4297 mensis,
2981 4231 3104 4300 quia
3127 4221 3342 4284 iduaare
3369 4229 3564 4286 Grznce
3583 4231 3819 4285 medium

2235 4329 2455 4383 dicitur.
2473 4344 2479 4350 '

2401 4417 2479 4471 De
2509 4417 2642 4487 feria
2665 4417 3005 4470 monstranda
3027 4417 3082 4469 in
3113 4414 3239 4470 Kal.
3273 4415 3340 4470 I2
3367 4415 3650 4468 mensium.

564 4500 750 4555 lismus
773 4516 940 4576 quare
987 4502 1067 4566 lit,
1106 4512 1161 4556 et
1193 4479 1460 4572 quomodo
1490 4505 1565 4568 tit,
1607 4514 1659 4559 et
1703 4507 1830 4574 quid
1877 4515 2040 4571 esset,
2089 4507 2134 4562 si
2167 4479 2212 4538 ί)
2313 4505 2454 4561 XXI.
2497 4479 2554 4562 Si
2576 4507 2654 4562 vis
2673 4499 3434 4570 nosset‘eriam,hocestdiem
3463 4504 3495 4556 7
3519 4505 3575 4558 in
3601 4503 3724 4558 Kal.
3755 4503 3816 4558 I3

565 4603 668 4642 non
705 4589 915 4654 fuisset,
945 4592 1214 4659 quomodo
1259 4591 1308 4644 id
1353 4591 1440 4646 fit.
1469 4593 1765 4646 Commune
1801 4603 1855 4647 ct
1897 4609 2137 4649 commu-

563 4663 650 4740 ne,
681 4687 736 4731 et
764 4677 896 4730 ﬁunt
921 4679 1025 4732 duo
1067 4679 1190 4732 anni
1222 4679 1444 4742 solares,
1479 4690 1530 4736 et
1569 4682 1805 4736 resident
1832 4664 2045 4738 Qﬂidies
2070 4685 2136 4738 de

564 4762 774 4822 duobus
795 4769 950 4822 annis
988 4769 1134 4823 solis.
1168 4769 1254 4823 Fit
1290 4771 1448 4825 tertio
1470 4787 1632 4837 anno,
1665 4782 1718 4826 et
1751 4784 2035 4840 supersunt
2066 4773 2137 4826 25

565 4859 678 4913 dies
699 4860 846 4914 solis.
878 4861 962 4914 Fit
990 4861 1340 4916 embolismus
1363 4862 1522 4917 tertio
1546 4879 1687 4917 anno
1715 4862 1875 4927 lunae,
1898 4872 1952 4916 et
1969 4863 2134 4933 depo-

566 4952 644 5006 nit
676 4951 745 5007 50
771 4953 903 5018 dies,
931 4962 984 5007 ct
1013 4964 1299 5022 supersunt
1331 4955 1384 5017 5,
1429 4963 1484 5006 et
1532 4954 1666 5008 t’iuut
1704 4954 1953 5010 similiter
1991 4970 2134 5010 com.

567 5061 705 5100 com.
729 5046 833 5100 duo
858 5047 1001 5110 anni,
1025 5046 1326 5116 singulares
1349 5041 1382 5100 5
1406 5047 1564 5100 tertio
1590 5061 1731 5100 anno
1756 5046 1915 5110 luna),
1942 5047 1994 5101 id
2025 5061 2141 5100 em-

566 5130 823 5192 bolismus
847 5121 1160 5207 deponit50
1189 5139 1319 5194 dies.
1370 5137 1669 5208 Supersunt
1699 5137 1755 5202 5,
1783 5139 1834 5192 id
1874 5139 1908 5191 6
1935 5139 2048 5192 dies
2074 5137 2141 5192 de

568 5227 600 5280 6
645 5241 787 5281 anno
824 5230 1118 5294 communi.
1149 5229 1204 5284 Id
1234 5231 1290 5285 II
1326 5229 1443 5303 dies
1485 5239 1772 5298 supersunt
1819 5228 1945 5282 anni
1989 5228 2137 5292 solis,

568 5320 692 5388 quia
721 5320 764 5373 si
787 5335 925 5374 COIII.
951 5320 1106 5375 aliter
1131 5337 1256 5375 ann.
1291 5322 1342 5375 id
1365 5329 1655 5392 supersunt
1682 5335 1712 5373 a
1747 5319 1859 5374 sole
1877 5319 1968 5384 22,
2003 5321 2140 5375 inter

568 5403 846 5477 ﬂammai,
899 5423 952 5466 et
1002 5412 1034 5466 6
1099 5415 1427 5483 superiores,
1487 5415 1605 5467 ideo
1667 5427 1888 5467 necesse
1950 5421 2033 5466 est
2082 5418 2141 5464 ut

572 5491 623 5556 in
652 5505 822 5558 altero
871 5519 1012 5558 anno
1055 5504 1145 5557 iiat
1183 5506 1550 5571 embolismus,
1574 5514 1630 5560 ct
1659 5520 1762 5560 non
1805 5505 1978 5560 solum
2022 5519 2136 5558 em-

573 5590 830 5660 bolismus
877 5593 1059 5663 implet
1106 5593 1220 5649 dies
1265 5595 1348 5660 I9,
1401 5594 1496 5650 sed
1547 5602 1836 5663 supersunt
1882 5595 1987 5648 duo
2026 5593 2140 5648 dies

575 5677 728 5732 lunte.

2244 4599 2529 4663 mensium,
2579 4597 2714 4652 scito
2757 4606 2889 4667 quot
2920 4595 3197 4665 regulares
3240 4596 3404 4649 habet
3447 4591 3815 4666 unusquisque

2242 4690 2465 4753 mensis,
2490 4705 2520 4742 a
2551 4688 2744 4756 Martio
2766 4688 3048 4756 incipiens,
3081 4688 3206 4756 quia
3231 4688 3284 4740 in
3313 4686 3406 4740 illo
3427 4687 3514 4741 die
3530 4685 3712 4742 factus
3739 4695 3816 4741 est

2242 4777 2496 4856 mundus,
2542 4789 2599 4834 et
2641 4779 2730 4834 ille
2778 4780 2980 4835 mensis
3011 4779 3110 4832 I'uit
3137 4779 3462 4848 principium
3501 4780 3633 4833 anni
3681 4779 3814 4848 apud

2241 4871 2493 4940 antiquos
2533 4871 2804 4924 Romanos
2827 4879 3065 4940 tempore
3093 4870 3326 4935 Itomuli,
3354 4856 3486 4924 etin
3515 4871 3606 4925 illo
3636 4885 3813 4925 mense

2238 4958 2548 5013 discurrunt
2575 4969 2776 5028 epacta:
2801 4959 2930 5013 solis
2953 4998 2968 5022 ,
2999 4959 3052 5013 id
3081 4970 3164 5012 est
3193 4970 3586 5015 concurrentes
3613 4962 3647 5014 7
3677 4963 3808 5020 dics.

2239 5056 2294 5102 et
2332 5061 2386 5100 ix
2416 5046 2531 5100 Kal.
2570 5047 2700 5117 Apr.
2727 5049 2780 5102 in
2817 5048 2970 5118 cyclo
2996 5049 3066 5102 28
3109 5063 3401 5104 annorum.
3423 5049 3656 5105 Martius
3692 5064 3812 5119 ergo

2241 5138 2402 5192 habet
2417 5137 2692 5206 regulares
2719 5136 2772 5202 5,
2812 5139 3014 5208 Aprilis
3044 5140 3095 5205 1,
3125 5138 3264 5193 Mad.
3294 5141 3348 5203 5,
3383 5140 3507 5195 Jun.
3537 5141 3589 5206 6,
3621 5142 3729 5197 Jul.
3759 5144 3806 5206 I,

2239 5229 2375 5300 Aug.
2397 5229 2451 5294 4,
2483 5230 2755 5299 Septemb.
2786 5229 2841 5294 7,
2876 5228 3064 5286 Octob.
3094 5232 3149 5295 2,
3187 5231 3449 5288 Novemb.
3477 5233 3538 5297 5,
3561 5233 3807 5289 Decemb.

2241 5319 2295 5384 7,
2325 5317 2447 5372 Jan.
2472 5320 2523 5380 5,
2550 5319 2680 5372 Feb.
2725 5317 2778 5371 6.
2830 5319 2937 5372 Hos
2965 5335 3096 5390 ergo
3123 5321 3396 5390 regulares
3431 5320 3568 5376 adde
3592 5337 3809 5378 concur-

2246 5408 2488 5464 rentibus
2508 5409 2791 5478 pmsentis
2810 5406 3095 5476 cujuslibet
3119 5411 3242 5463 anui
3267 5424 3362 5479 per
3379 5410 3449 5466 28
3471 5426 3667 5476 annos,
3691 5425 3808 5466 tunc

2243 5501 2384 5555 enim
2409 5500 2592 5570 cyclus
2621 5501 2750 5554 solis
2776 5501 2915 5554 inse
2942 5501 3232 5570 revertitur
3255 5509 3419 5556 totus.
3462 5501 3580 5568 Qua
3607 5509 3806 5557 summa

2243 5593 2298 5646 in
2333 5601 2534 5660 septem
2561 5593 2753 5657 divisa,
2779 5601 2978 5662 quotus
3001 5607 3255 5648 numerus
3277 5595 3558 5661 remansit,
3581 5605 3692 5650 tota
3713 5581 3807 5649 erit

2246 5683 2670 5739 feriainKalJQ
2692 5683 2978 5738 mensium.
3026 5682 3086 5738 Si
3124 5694 3304 5740 autem
3333 5693 3504 5743 totum
3534 5681 3828 5744 numerum
