4006 5414
127 313 248 371 1180

122 496 211 552 sis.
235 493 296 548 de
318 491 468 562 cujus
488 493 622 549 feria
645 495 926 565 quaeritur.
960 493 1016 549 Si
1043 509 1169 550 vero
1197 488 1283 547 ille
1318 506 1578 546 numerus
1602 505 1686 545 re-

123 585 348 657 gularum
389 595 442 640 et
496 587 930 643 concurrentium
978 587 1141 642 simul
1183 586 1249 640 ad
1277 577 1311 638 7
1347 599 1452 639 non
1495 597 1687 652 perve-

122 675 269 738 nerit,
295 684 489 744 quotus
541 692 798 732 numerus
841 676 1024 741 fuerit,
1073 683 1183 728 tota
1225 674 1330 728 erit
1371 670 1506 728 feria
1545 687 1688 741 pra:-

121 777 232 818 sens
262 763 313 816 in
337 763 452 815 Kal.
482 765 900 834 uniuscujusque
929 763 1128 820 mensis
1149 778 1246 834 per
1266 771 1432 816 totum
1463 777 1684 816 annum.

411 854 489 908 De
527 857 722 924 epactis
749 857 803 910 in
831 855 958 909 Kal.
1001 855 1068 908 12
1105 855 1379 910 mensium.

183 944 336 1000 XXII.
366 943 433 999 Si
466 946 546 999 vis
589 946 730 1002 scire
773 954 991 1016 epactas
1031 945 1084 999 in
1131 945 1250 999 Kal.
1287 944 1354 999 12
1399 945 1686 1010 mensium,

119 1033 248 1088 scies
284 1042 416 1102 quot
450 1033 726 1104 regulares
767 1034 930 1089 habet
975 1035 1348 1104 unusquisque
1379 1035 1580 1089 mensis
1610 1034 1691 1088 in-

120 1126 308 1195 cipiens
347 1140 377 1179 a
423 1125 750 1195 Septembri,
794 1128 919 1196 quia
952 1127 1040 1181 ille
1065 1135 1148 1182 est
1181 1126 1507 1197 principium
1539 1125 1690 1191 anni,

120 1225 170 1270 et
195 1216 513 1284 principium
555 1217 820 1272 mensium
852 1218 992 1286 apud
1019 1216 1326 1288 Egyptios,
1371 1226 1425 1272 et
1465 1218 1518 1272 in
1544 1217 1695 1286 prin-

119 1306 246 1375 cipio
290 1303 623 1374 Septembris
661 1315 872 1362 mutant
914 1305 1154 1378 Egyptii
1202 1315 1443 1378 epactas,
1479 1316 1533 1362 et
1577 1306 1694 1361 illas

119 1403 322 1462 epactas
345 1395 575 1464 primas,
597 1411 734 1465 quas
757 1391 998 1467 Egyptii
1021 1397 1221 1451 habent
1244 1397 1297 1451 in
1321 1397 1585 1467 principio
1603 1413 1694 1468 cy-

119 1486 179 1540 cli
209 1472 402 1540 in'Kal.
456 1488 524 1540 l2
572 1489 838 1543 mensium
876 1503 975 1544 nos
1011 1488 1284 1558 regulares
1330 1490 1608 1554 habemus,
1639 1504 1692 1541 v.

115 1593 186 1646 g.,
211 1592 239 1630 a
269 1575 417 1647 Sept.
446 1575 504 1642 5,
535 1576 726 1632 Octob.
762 1577 816 1631 5.
853 1578 1041 1632 Insunt
1067 1593 1200 1649 ergo
1234 1578 1574 1649 regularibus
1601 1580 1698 1633 ad-

120 1669 236 1724 ditis
262 1670 490 1738 epactis,
525 1685 878 1740 quazcumque
927 1669 1130 1726 fuerint
1167 1671 1220 1726 in
1269 1688 1322 1726 ιι
1373 1672 1493 1726 Kal.
1539 1673 1694 1744 Apr.,

1365 305 1564 368 LIBER
1602 311 1691 366 DF.
1729 308 2078 366 COMPUTO.

123 421 211 477 per
249 392 589 470 7‘di-i'iseris,
623 392 858 462 Sabb'a'to
886 412 1046 460 erunt
1075 402 1329 459 Kalendae
1351 401 1500 457 illius
1528 417 1677 455 Inen-
1712 403 1759 460 Α

3232 305 3368 367 ιὶθι)

2177 399 2254 454 De
2283 399 2476 470 epactis
2506 399 2559 454 in
2603 415 2654 454 XI
2689 397 2812 454 Kal.
2846 403 2974 469 Apr.

1858 489 2045 545 XXVI.
2082 491 2139 545 Si
2168 491 2247 547 vis
2270 505 2428 546 nosse
2452 501 2671 562 epactas
2699 492 2753 547 in
2793 510 2846 548 χι
2875 492 2994 550 Kal.
3035 495 3186 567 Apr.,
3237 497 3373 552 scito

1786 592 1950 651 quota
1991 583 2115 637 luna
2151 581 2315 636 fuerit
2362 583 2417 637 in
2460 599 2513 637 χι
2545 582 2664 636 Kal.
2712 585 2870 654 Apr.,
2923 586 3083 643 talem
3123 597 3395 658 epactam.

1787 672 2013 728 habebis
2066 674 2211 728 omni
2267 681 2526 742 tempore.
2559 673 2694 741 Quia
2741 675 2915 731 Graeci
2977 693 3110 733 vero
3154 686 3376 749 epactas

1789 777 1843 815 ιι
1871 760 1988 815 Kal.
2037 761 2166 831 Apr.
2213 771 2439 830 ponunt,
2466 777 2569 830 pro
2616 778 2683 818 eo
2722 765 2866 833 quod
2907 764 3039 824 luna
3086 767 3376 836 primatum

1789 855 1989 918 noctis,
2006 851 2498 924 jubenteDomino,
2521 858 2701 921 "tenet;
2737 855 2868 911 dicit
2889 857 3034 910 enim
3055 854 3337 928 Scriptura
3353 877 3373 912 :

1791 943 1859 996 Et
1895 944 2016 1012 fecit
2052 939 2192 998 Deus
2232 939 2338 998 duo
2374 961 2565 1015 magna
2596 944 2902 1009 luminaria,
2933 957 2979 1000 et
3009 948 3181 1016 posuit
3211 965 3272 1002 ea
3318 949 3377 1002 in

1789 1033 2123 1101 ﬁrmamento
2159 1033 2292 1086 cali.
2343 1033 2628 1088 Luminare
2660 1039 2858 1105 majus,
2885 1046 2940 1088 ut
2979 1047 3222 1105 prwessst
3245 1037 3378 1105 diei,

1791 1133 1840 1178 et
1887 1124 2148 1178 luminare
2193 1125 2389 1190 minus,
2422 1138 2476 1178 ut
2523 1135 2768 1194 pra’esset
2796 1129 2972 1192 nocti;
3003 1137 3058 1182 et
3106 1128 3227 1184 ideo
3270 1137 3383 1185 tres

1790 1215 1908 1270 dies
1949 1231 2085 1285 quos
2132 1225 2280 1272 atros
2322 1217 2553 1286 appellat
2597 1216 2912 1288 antiquitas,
2954 1219 3044 1288 qui
3087 1229 3383 1291 antequam

1793 1306 2080 1362 luminaria
2097 1318 2412 1364 crearentur
2430 1325 2459 1362 a
2473 1310 2702 1366 Domino
2728 1310 2870 1366 facta
2889 1311 2942 1366 in
2958 1308 3156 1369 Genesi
3180 1309 3388 1370 descri-

1793 1397 1994 1453 buntur
2013 1400 2125 1456 suis
2151 1400 2414 1469 partibus,
2443 1401 2654 1472 sibique
2669 1397 2962 1459 vindicant.
2989 1403 3070 1459 Ad
3106 1419 3291 1474 quem,
3322 1413 3384 1460 ut

1797 1487 1997 1544 dictum
2020 1500 2121 1554 est,
2138 1489 2298 1547 linem
2315 1491 2522 1546 faciunt
2544 1492 2668 1546 anni
2693 1492 2927 1548 initium‘
2951 1509 3056 1564 que
3077 1495 3378 1565 przevaluit.

2265 1581 2344 1638 De
2372 1592 2600 1652 tempore
2630 1585 2907 1639 mensium.

1869 1661 2078 1728 XXVII.
2121 1673 2382 1746 Tempora
2428 1675 2691 1730 mensium
2741 1685 2872 1745 quot
2901 1679 3060 1733 sunt?
3099 1678 3382 1746 Quatuor:

119 1759 346 1828 quolibet
375 1776 522 1816 anno
563 1761 806 1818 invenies
836 1770 1058 1831 epactas
1080 1761 1135 1816 in
1183 1761 1304 1816 Kal.
1325 1762 1694 1820 limensium.
1729 1749 1772 1807 Β
1805 1779 1930 1826 ver.
1963 1773 2155 1831 aestas,
2185 1777 2478 1822 autumnus
2523 1777 2575 1823 et
2607 1769 2818 1839 hyems.
2850 1770 2955 1825 Ver
2982 1771 3177 1842 quippe
3203 1772 3382 1828 exori-

421 1854 505 1908 Ad
541 1854 734 1924 feriam
763 1855 818 1910 in
844 1871 1153 1926 unoquoque
1175 1871 1370 1910 mense.

181 1945 360 2000 XXIII.
403 1944 464 2000 Si
501 1946 582 2000 vis
607 1961 798 2015 sapere
822 1956 985 2016 quota
1017 1945 1154 2001 feria
1183 1955 1267 2002 est
1294 1947 1347 2001 in
1375 1963 1696 2018 unoquoque

118 2038 198 2092 die
220 2039 469 2092 datarum
497 2053 596 2108 per
617 2045 790 2092 totum
811 2054 1034 2103 annum,
1064 2053 1214 2093 sume
1237 2039 1353 2094 dies
1373 2054 1409 2092 a
1429 2040 1697 2111 principio

120 2129 327 2192 mensis,
367 2129 467 2200 qui
498 2129 592 2184 tibi
617 2145 860 2199 praesens
887 2128 1084 2194 fuerit,
1113 2144 1283 2199 usque
1307 2130 1375 2183 ad
1409 2131 1695 2184 terminum

115 2218 409 2286 paschalem
431 2257 449 2284 ,
482 2219 574 2288 qui
602 2229 688 2274 est
716 2234 858 2274 anno
883 2219 1141 2288 praesenti
1172 2235 1239 2273 xv
1267 2219 1384 2272 Kal.
1416 2219 1538 2274 Mai.
1574 2220 1699 2276 Dies

120 2309 309 2363 mensis
335 2317 468 2363 sunt
493 2307 593 2372 47;
624 2308 760 2363 adde
787 2308 903 2362 dies
929 2307 1264 2377 septimanae,
1288 2308 1378 2378 qui
1407 2323 1700 2378 praecesse-

121 2398 220 2451 rint
243 2398 360 2452 Kal.
393 2399 540 2453 illius
571 2399 793 2463 mensis,
825 2399 878 2454 id
901 2410 983 2454 est
1010 2399 1078 2464 6;
1103 2400 1255 2453 mitte
1283 2399 1442 2454 simul
1463 2415 1585 2454 cum
1611 2402 1696 2465 l7,

123 2489 247 2544 fiunt
267 2490 355 2546 23.
405 2490 517 2545 llos
560 2491 738 2546 divide
764 2507 862 2562 per
889 2491 1174 2560 septimam
1203 2501 1439 2560 partem,
1483 2492 1697 2548 dimitte

121 2582 204 2648 21,
249 2585 308 2637 lit
347 2593 431 2639 ter
488 2585 711 2653 septies,
744 2594 1027 2639 remanent
1059 2584 1113 2637 2.
1160 2584 1405 2640 Secunda
1440 2584 1572 2640 feria
1617 2594 1703 2640 est

123 2673 372 2728 terminus
392 2673 669 2743 paschalis
689 2673 819 2730 anni
846 2675 1149 2744 prmsentis,
1173 2675 1362 2746 sicque
1389 2689 1486 2744 per
1513 2691 1703 2730 omnes

121 2774 345 2826 menses,
367 2762 550 2831 qualis
567 2764 640 2818 sit
665 2763 798 2818 feria
826 2765 880 2818 in
906 2779 1235 2835 unaquaque
1259 2766 1348 2821 die
1373 2767 1700 2832 ostenditur,

120 2849 369 2920 colligens
412 2867 608 2908 omnes
645 2854 759 2908 dies
786 2868 820 2908 a
860 2854 980 2908 Kal.
1016 2855 1160 2910 illius
1191 2857 1393 2911 mensis
1434 2871 1604 2926 usque
1635 2858 1704 2912 ad

120 2953 432 3010 praesentem
457 2946 602 3001 diem
620 2961 780 3016 quem
805 2947 1061 3003 volueris.
1074 2947 1223 3003 Adde
1237 2949 1353 3004 dies
1367 2949 1699 3018 septimana,

122 3033 206 3100 qui
243 3036 626 3102 praecesserint
647 3036 917 3092 Kalendas
941 3037 1086 3092 illius
1122 3038 1343 3102 mensis,
1377 3039 1704 3108 quicumque

122 3121 349 3182 fuerunt.
380 3125 438 3182 Si
464 3136 649 3182 autem
669 3128 842 3198 prima
870 3127 1007 3184 feria
1029 3127 1229 3184 fuerint
1250 3128 1394 3195 Kal.,
1432 3129 1486 3184 id
1513 3137 1599 3186 est
1618 3130 1705 3184 die

123 3217 412 3285 Dominico,
455 3220 594 3275 nihil
623 3222 808 3287 addes,
854 3222 957 3277 nisi
991 3222 1106 3278 dies
1142 3223 1363 3277 mensis.
1393 3222 1582 3277 Divide
1609 3237 1706 3292 per

121 3306 173 3372 7,
200 3319 395 3378 quotus
422 3326 691 3367 numerus
720 3312 1067 3378 remanserit,
1101 3321 1210 3368 tota
1241 3314 1348 3368 erit
1388 3312 1526 3369 feria
1570 3329 1706 3383 pra:-

123 3413 259 3454 sens.
313 3401 372 3456 Si
426 3411 614 3457 autem
672 3411 846 3458 totum
906 3418 1192 3459 numerum
1252 3419 1348 3474 per
1397 3405 1428 3458 7
1475 3404 1708 3475 partitus

123 3485 302 3555 fueris,
335 3490 642 3545 Sabbatum
668 3491 773 3546 erit
803 3491 894 3546 illa
921 3492 1078 3558 feria,
1101 3509 1221 3561 qua:
1246 3493 1532 3563 quaeritur.

167 3622 173 3627 .
255 3581 392 3637 Item
431 3583 500 3636 de
523 3582 680 3652 feria,
717 3600 809 3637 seu
837 3585 906 3638 ad
941 3585 1220 3638 terminum
1243 3584 1565 3655 paschalem.

187 3672 378 3729 XXIV.
423 3675 485 3728 Si
511 3675 596 3729 vis
623 3692 804 3741 nosse,
843 3686 1007 3746 quota
1039 3677 1171 3732 feria
1196 3678 1288 3744 sit,
1328 3678 1711 3750 qualicumque

123 3759 204 3816 die
230 3771 558 3834 computare
582 3765 816 3820 volucris
838 3806 854 3831 ,
888 3775 1012 3821 tene
1036 3766 1312 3838 regulares
1340 3768 1544 3823 mensis
1570 3784 1710 3838 pra:-

123 3853 307 3918 sentis,
342 3855 488 3908 adde
515 3866 905 3912 concurrentes
930 3857 1086 3928 cujus
1117 3856 1355 3912 volueris
1385 3858 1536 3922 anni,
1567 3873 1715 3914 com-

120 3941 395 4009 prehende
442 3943 497 3997 in
553 3959 741 3998 unum.
783 3945 844 4000 Si
887 3961 1055 4016 usque
1097 3957 1304 4016 septem
1349 3949 1712 4016 pervenerint,

121 4032 349 4102 septima
379 4032 524 4089 feria
554 4043 656 4090 est.
709 4035 765 4090 Si
798 4046 992 4097 autem
1022 4038 1200 4092 minus
1251 4053 1282 4092 a
1329 4050 1559 4108 septem,
1595 4040 1716 4094 talis

121 4125 220 4177 erit
244 4125 406 4179 feria.
442 4124 504 4180 Si
531 4135 712 4204 autem
737 4143 898 4198 super
916 4138 1119 4200 septem
1141 4131 1436 4196 creverint,
1458 4131 1717 4186 subtrahe

124 4212 176 4276 7,
201 4225 256 4268 et
283 4216 562 4285 quidquid
587 4219 933 4287 superfuerit,
963 4229 1073 4274 tota
1101 4219 1236 4275 feria
1277 4223 1403 4276 erit.
1437 4221 1551 4278 Hoc
1593 4223 1716 4296 qui-

125 4307 242 4361 dem
271 4308 340 4363 de
382 4307 513 4362 Kal.
545 4307 746 4363 dictum
786 4319 890 4365 est.
925 4309 1186 4366 Similiter
1229 4320 1284 4383 et
1335 4313 1380 4366 si
1421 4311 1547 4366 luna
1579 4312 1717 4366 scire

125 4394 203 4450 vis
231 4407 404 4467 quota
431 4397 532 4463 sit,
563 4399 650 4454 die
671 4416 1010 4471 quocumque
1030 4403 1284 4468 volueris,
1307 4403 1444 4459 scito
1471 4414 1632 4472 quota
1663 4403 1714 4456 in

123 4485 236 4540 Kal.
273 4489 450 4559 ipsius
479 4491 685 4546 mensis
713 4507 810 4562 per
841 4502 1062 4562 epactas
1099 4502 1156 4548 et
1192 4494 1468 4563 regulares
1497 4494 1716 4548 inventa

123 4574 306 4642 fuerit,
351 4587 411 4632 et
448 4589 580 4634 tene
607 4581 976 4649 supradictum
1019 4597 1321 4638 numerum.
1367 4583 1520 4638 Adde
1554 4583 1718 4637 etiam

123 4667 234 4724 dies
258 4670 473 4725 mensis
503 4671 834 4740 praeteritos,
863 4674 1008 4728 sicut
1051 4688 1214 4744 supra
1245 4675 1311 4728 ad
1337 4673 1528 4729 feriam
1576 4675 1720 4730 dixi-

123 4777 256 4827 mus,
296 4771 354 4818 et
400 4778 580 4818 unum
627 4778 839 4834 semper
883 4765 1165 4820 subtrahe.
1213 4767 1626 4835 Comprehende
1665 4767 1718 4820 in

122 4869 306 4910 unum.
359 4855 420 4910 Si
452 4869 632 4924 usque
657 4854 726 4908 50
754 4855 1127 4926 pervenerint,
1158 4857 1430 4926 trigesima
1464 4858 1588 4911 luna
1615 4865 1718 4912 est.

122 4945 177 5000 Si
199 4959 384 5002 autem
411 4948 604 5002 minus
629 4963 660 5001 a
694 4949 796 5012 30,
829 4949 902 5002 ita
932 4958 988 5004 et
1022 4949 1169 5003 luna.
1202 4949 1356 5016 Quod
1387 4951 1432 5006 si
1463 4966 1624 5019 super
1651 4950 1720 5004 30

121 5033 342 5105 fuerint,
378 5037 655 5093 subtrahe
684 5039 786 5104 50,
821 5047 877 5094 et
900 5049 1164 5110 quotquot
1191 5043 1582 5106 remanserint,
1613 5050 1720 5095 tota

121 5136 202 5182 est
229 5128 382 5183 luna.
428 5128 550 5182 Hoc
587 5135 764 5181 autem
809 5139 1101 5193 memento,
1141 5138 1200 5184 ut
1226 5131 1370 5187 diem
1399 5141 1720 5204 przesentem

120 5222 334 5290 semper
353 5218 660 5275 subtrahas
677 5253 693 5282 ,
713 5227 768 5273 et
787 5219 832 5273 si
856 5219 1128 5275 tricesima
1151 5221 1358 5279 lunatio
1378 5233 1478 5288 est,
1503 5223 1574 5277 30
1599 5223 1724 5278 sub.

122 5311 294 5366 trahe.
330 5310 391 5366 Si
414 5319 611 5365 autem
631 5309 721 5374 29,
753 5319 880 5364 tunc
905 5311 974 5365 29
1003 5312 1277 5370 subtrahe.
1303 5315 1440 5382 Quia
1470 5317 1540 5371 ab
1571 5315 1723 5370 initio

1799 1861 1890 1908 tur
1915 1871 2009 1909 vm
2037 1856 2155 1910 Kal.
2181 1856 2363 1924 Μαι-1.,
2389 1874 2712 1928 permanens
2755 1860 2944 1916 diebus
2969 1862 3058 1928 9I,
3089 1870 3146 1917 et
3170 1872 3386 1918 constat

1797 1959 1861 1999 eu
1893 1946 2119 2002 humore
2173 1957 2229 2001 et
2279 1948 2424 2018 igne.
2464 1945 2653 2004 x’Estas
2702 1950 2891 2020 incipit
2939 1967 3034 2007 vm
3073 1952 3192 2007 Kal.
3249 1954 3377 2010 Jun.

1797 2049 2121 2104 permanens
2150 2036 2338 2091 diebus
2359 2036 2448 2102 9|,
2475 2046 2532 2094 et
2547 2046 2762 2092 constat
2783 2053 2853 2093 ex
2882 2039 3006 2110 igne
3035 2048 3090 2094 et
3118 2040 3387 2098 siccitate.

1797 2123 2107 2181 Autumnus
2140 2127 2304 2180 sumit
2336 2127 2658 2197 principium
2708 2144 2741 2181 ι
2772 2129 2889 2183 Kal.
2935 2129 3237 2200 Septemb.,
3267 2147 3394 2202 per-

1801 2234 2028 2274 manens
2048 2218 2236 2274 diebus
2261 2218 2350 2281 92,
2372 2229 2424 2272 et
2453 2226 2666 2273 constat
2691 2233 2757 2274 ex
2788 2219 3036 2275 siccitate
3053 2231 3110 2275 et
3140 2221 3388 2278 humore.

1801 2307 2003 2378 Hyems
2055 2293 2339 2362 inchoatur
2380 2324 2476 2362 vin
2531 2307 2650 2362 Kal.
2703 2307 3010 2374 Decembr.,
3059 2323 3388 2379 permanens

1801 2397 1994 2453 diebus
2023 2398 2111 2461 9|,
2142 2407 2197 2453 et
2222 2407 2432 2452 constat
2484 2413 2551 2453 ex
2586 2395 2788 2468 frigore
2813 2407 2867 2453 et
2891 2398 3136 2466 humore,
3169 2408 3224 2455 ct
3267 2400 3389 2454 inde

1804 2488 1938 2543 fiunt
1961 2489 2088 2542 anni
2126 2498 2393 2543 vertentes
2423 2488 2610 2544 diebus
2647 2487 2771 2543 365.

2209 2572 2343 2632 [teni
2371 2579 2436 2631 de
2462 2579 2998 2649 temperamensiunt.

1875 2666 2110 2722 XXVIII.
2142 2665 2403 2738 Tempora
2438 2659 2702 2722 mensium
2752 2677 2986 2738 quatuor
3029 2679 3156 2724 sunt
3204 2689 3217 2723 :
3273 2685 3391 2735 ver,

1805 2769 2002 2825 aestas,
2038 2770 2327 2816 autumnus
2367 2769 2420 2815 et
2458 2761 2666 2832 hyems.
2716 2760 2868 2817 Dicta
2899 2770 3026 2816 sunt
3074 2771 3316 2833 tempora
3358 2781 3390 2818 a

1808 2853 2186 2908 comnunione
2231 2863 2812 2924 temperamentorum,
2855 2855 2999 2924 quod
3045 2854 3278 2911 invicem
3333 2871 3393 2910 se

1808 2944 2055 3008 humore,
2088 2945 2360 3006 siccitate,
2401 2944 2578 3000 calore
2607 2955 2661 3000 et
2688 2944 2887 3015 frigore
2915 2955 3235 3017 temperent.
3267 2946 3393 3004 Hinc

1812 3043 1867 3088 ct
1895 3033 2165 3088 curricula
2215 3035 2481 3098 dicuntur,
2514 3035 2637 3105 quia
2684 3051 2784 3089 non
2817 3044 2981 3102 stant,
3023 3037 3117 3092 sed
3147 3049 3394 3094 currunt.

1810 3125 2035 3179 Constat
2061 3134 2239 3179 autem
2268 3134 2390 3196 post
2415 3125 2616 3180 factum
2645 3128 2912 3182 mundum
2947 3143 3014 3184 ex
3043 3128 3392 3199 qualitatibus

1812 3229 1973 3269 ctn‘su
2001 3215 2131 3269 solis
2163 3225 2402 3286 tempora
2447 3216 2501 3270 in
2547 3225 2730 3271 ternos
2757 3232 2972 3273 menses
2998 3217 3165 3274 fuisse
3207 3219 3397 3283 divisa,

1809 3321 2038 3376 quorum
2087 3316 2386 3378 temporum
2437 3308 2598 3364 talem
2648 3317 2857 3364 veteres
2884 3309 3267 3366 discretionem
3311 3311 3398 3365 fa-

1812 3397 1980 3462 ciunt,
2015 3405 2075 3450 ut
2099 3397 2310 3466 primus
2340 3397 2540 3465 mensis
2575 3413 2670 3450 ver
2699 3413 2893 3452 novum
2921 3397 3152 3464 dicatur,
3195 3414 3395 3461 secun-

1813 3485 1913 3538 dus
1940 3484 2207 3550 adultum,
2241 3487 2432 3542 tertius
2454 3501 2717 3557 praeceps.
2765 3486 2856 3542 Sic
2891 3497 3050 3544 aestas
3079 3489 3130 3543 in
3168 3490 3282 3545 suis
3305 3490 3400 3544 tri-

1815 3577 1914 3631 bus
1946 3577 2219 3632 mensibus
2259 3593 2416 3644 nova,
2460 3579 2662 3645 adulta,
2699 3589 2754 3636 et
2791 3595 3058 3653 praeceps;
3108 3583 3188 3638 sic
3215 3591 3271 3638 et
3300 3599 3399 3638 auo

1817 3677 2034 3723 tumnus
2069 3684 2258 3735 novus,
2294 3670 2528 3735 adultus,
2575 3681 2629 3725 et
2655 3687 2917 3742 praeceps,
2949 3674 3062 3729 sive
3095 3685 3392 3730 extremus.

1818 3757 1971 3814 Unde
1999 3769 2054 3813 et
2080 3769 2164 3814 est
2186 3759 2355 3815 illud:
2398 3759 2664 3816 Extremw
2686 3764 2781 3816 sub
2806 3780 2985 3818 casum
3027 3766 3244 3834 hyemis.
3295 3763 3405 3820 Ver

1818 3858 1996 3901 autem
2026 3847 2254 3914 dictum,
2283 3851 2427 3919 quod
2473 3851 2631 3916 viret,
2665 3861 2790 3908 tunc
2830 3853 2974 3908 enim
3007 3863 3128 3924 post
3155 3855 3404 3928 hyemem

1821 3939 2047 3992 vestitur
2075 3939 2232 3994 tellus
2268 3940 2470 4006 herbis,
2509 3941 2640 3996 etin
2687 3939 2872 3997 ﬂorem
2914 3951 3106 3998 cuncta
3147 3959 3404 4012 rumpun-

1821 4041 1926 4086 tur.
1973 4031 2155 4087 Aistas
2183 4031 2381 4087 dicitur
2407 4033 2476 4089 ab
2504 4042 2659 4099 :cstu,
2688 4035 2740 4089 id
2771 4043 2855 4089 est
2878 4049 2908 4088 a
2938 4035 3138 4100 calore,
3167 4043 3222 4090 et
3243 4043 3407 4089 uastas

1817 4124 1974 4194 quasi
1997 4133 2142 4189 usta,
2172 4124 2224 4178 id
2249 4135 2334 4179 est
2366 4134 2557 4179 exusta
2584 4133 2640 4178 et
2667 4125 2839 4178 arida.
2871 4123 3004 4178 Nam
3050 4123 3202 4179 calor
3220 4124 3406 4178 aridus

1819 4225 1922 4271 est.
1955 4216 2259 4268 Autumnus
2307 4229 2335 4266 a
2381 4223 2702 4283 tempestate
2730 4221 2970 4279 vocatus,
3011 4213 3230 4282 quando
3275 4211 3401 4268 folia

1820 4303 2072 4358 arborum
2121 4303 2342 4364 cadunt,
2391 4311 2446 4357 et
2486 4303 2668 4357 omnia
2711 4310 3103 4358 maturescunt.
3146 4301 3406 4375 Hyemem

1822 4396 1962 4450 ratio
1983 4393 2192 4464 hyemis
2230 4393 2369 4449 feri‘
2400 4394 2455 4450 id
2493 4403 2579 4450 est
2613 4393 2717 4450 dici
2747 4395 3094 4464 nuncupavit,
3125 4394 3250 4466 quia
3281 4402 3408 4450 tunc

1823 4487 2057 4543 breviori
2105 4485 2184 4541 sol
2221 4485 2455 4540 volvitur
2499 4485 2722 4540 circulo.
2767 4484 2922 4540 Unde
2965 4494 3018 4541 et
3061 4484 3165 4541 hoc
3193 4493 3406 4555 tempus

1824 4576 2014 4632 bruma
2062 4574 2260 4630 dicitur
2307 4575 2461 4644 quasi
2514 4573 2746 4638 braxim,
2778 4575 2830 4629 id
2882 4585 2968 4630 est
2994 4575 3198 4640 brevis,
3241 4574 3325 4628 vel
3374 4587 3407 4627 a

1823 4667 1965 4733 cibo,
1995 4665 2140 4736 quod
2171 4663 2345 4732 major
2387 4665 2456 4720 sit
2484 4674 2614 4718 tunc
2655 4664 2909 4720 vescendi
2954 4663 3248 4733 adpetitus,
3279 4663 3408 4717 eda-

1823 4761 1959 4816 citas
1988 4759 2131 4814 enim
2161 4756 2348 4812 Gnece
2385 4758 2575 4811 bruma
2599 4757 2923 4826 appellatur,
2950 4755 3094 4812 unde
3131 4763 3189 4808 et
3225 4754 3410 4808 inbruc

1826 4850 1955 4906 mati
1987 4848 2259 4908 dicuntur,
2284 4847 2480 4915 quibus
2506 4844 2783 4902 fastidium
2811 4857 2896 4903 est
2912 4849 3179 4904 ciborum.
3211 4843 3409 4914 Hyber-

1825 4961 1930 5000 nus
1977 4951 2161 4997 autem
2215 4939 2360 4996 inter
2415 4943 2662 5014 hyemem
2712 4951 2769 4998 et
2817 4957 3046 5001 vernum
3091 4947 3205 5005 est,
3262 4939 3418 5010 quasi

1826 5038 2102 5109 hybernus
2134 5033 2455 5107 plerumque
2477 5050 2506 5088 a
2536 5043 2690 5101 parte
2715 5044 2888 5093 totum
2933 5041 3186 5110 hyemem
3215 5033 3422 5105 signifi-

1826 5141 1934 5185 cat.
1974 5125 2102 5183 Hzec
2143 5135 2395 5194 tempora
2419 5123 2642 5195 singulis
2667 5129 2836 5186 etiam
2865 5132 2988 5188 caeli
3036 5123 3289 5196 partibus
3335 5125 3428 5179 ad-

1829 5223 2163 5279 scribuntur.
2205 5215 2317 5274 Ver
2356 5220 2550 5292 quippe
2577 5219 2785 5280 orienti
2818 5227 3000 5292 datur,
3027 5217 3158 5290 quia
3197 5226 3326 5275 tunc
3364 5233 3433 5274 ex

1828 5316 1992 5370 terris
2041 5309 2226 5367 omnia
2255 5313 2534 5369 oriuntur.
2572 5306 2768 5370 IEstas
2819 5334 2946 5376 vero
2995 5309 3328 5376 meridiano,
3372 5324 3438 5362 eo
