4006 5552
563 394 690 450 1291

1349 388 1636 449 APPEND.
1676 385 1979 445 ADSJEC.
2016 384 2108 440 IX.
2138 413 2202 423 —
2230 378 2596 439 AUCTORES
2636 378 2962 463 ANONYMI.

3670 375 3801 434 £9.91

560 507 670 567 bet,
700 501 842 557 unde
868 508 921 557 et
949 494 1077 560 tunc
1104 499 1284 554 omnia
1314 501 1568 555 arborum
1599 499 1726 555 folia
1755 497 2012 554 deﬂuunt.
2055 495 2127 552 Ut
2153 499 2198 556 Α
2229 511 2397 566 usque
2427 496 2477 549 in
2508 512 2560 549 χι
2588 494 2686 548 Kal
2723 495 2879 565 Apr.,
2910 501 2964 550 et
2992 502 3121 548 tunc
3164 491 3553 563 aequinoctium
3584 496 3799 549 vernale

559 604 739 650 autem
766 601 1054 647 autumnus
1088 590 1321 645 abundat
1351 593 1573 656 morbis,
1611 591 1739 646 facit
1763 599 1944 644 autem
1973 588 2130 643 tinem

558 682 797 755 uigoris,
816 690 866 737 ct
882 680 1093 740 caloris.
1112 689 1163 734 et
1179 681 1469 751 pugnantia
1488 682 1628 735 intra
1642 696 1700 735 se
1714 678 2127 746 contrariorum.

946 769 1025 823 De
1056 770 1293 824 solstitiis
1331 781 1378 824 et
1401 771 1743 843 mquinoctt'is.

614 850 816 914 XXIX.
868 858 1109 914 Solstitia
1137 859 1242 913 duo
1290 867 1434 913 sunt.
1479 856 1717 913 Primum
1750 855 1992 928 hyemale
2034 869 2127 907 vlu

556 948 670 1002 Kal.
700 947 843 1012 Jan.,
876 947 1021 1016 quod
1043 945 1122 1000 sol
1147 952 1275 1012 stat,
1302 955 1356 999 et
1385 955 1639 1001 crescunt
1668 946 1802 1010 dies,
1830 952 1884 998 et
1913 951 1995 999 est
2016 943 2128 1013 ipsa

557 1042 640 1101 die
670 1042 721 1109 in
755 1039 1025 1095 Bethleem
1053 1038 1354 1093 Nativitatis
1390 1038 1600 1094 Domini
1632 1038 1800 1093 nostri
1826 1035 1952 1092 Jesu
1977 1036 2131 1091 Chri-

559 1131 628 1183 sti
687 1123 983 1183 sccundum
1024 1141 1263 1181 carnem.
1317 1126 1560 1180 Alterum
1609 1125 1847 1181 aestivale
1881 1139 1976 1178 vm
2008 1122 2124 1177 Kal.

558 1218 690 1283 Jul.,
738 1218 880 1288 quod
923 1217 1002 1273 sol
1034 1224 1161 1280 stat,
1193 1224 1245 1271 cl
1286 1224 1536 1270 crescunt
1577 1224 1782 1279 noctes,
1821 1222 1874 1269 et
1903 1222 1985 1267 est
2014 1212 2126 1281 ipsa

556 1311 641 1364 die
693 1309 748 1367 in
811 1307 1085 1376 provincia
1136 1305 1433 1359 Palmstinae
1474 1305 1690 1359 civitate
1739 1302 1914 1358 natale
1959 1301 2127 1356 sancti

556 1395 819 1449 Johannis
873 1394 1149 1462 Baptistae,
1194 1402 1249 1447 et
1297 1393 1351 1447 in
1402 1393 1612 1462 Epheso
1641 1392 1814 1446 sancti
1865 1388 2129 1445 Johannis

556 1484 918 1554 evangelista.
964 1484 1123 1539 Hisce
1168 1483 1438 1538 contraria
1478 1484 1582 1539 duo
1615 1479 1936 1551 aequinoctia
1980 1488 2124 1544 sunt,

553 1589 720 1629 unum
753 1573 970 1629 vernale
1018 1574 1311 1627 secundum
1355 1572 1575 1627 Latinos
1597 1587 1693 1626 vm
1718 1570 1835 1625 Kal.
1868 1569 2027 1639 .Apr.,
2073 1577 2127 1623 et

556 1665 849 1720 secundum
893 1664 1112 1720 Grarcos
1156 1679 1211 1718 ιι
1258 1662 1375 1717 Kal.
1406 1664 1561 1733 Apr.,
1592 1678 1657 1718 ex
1703 1678 1810 1732 quo
1851 1662 1968 1717 dies
2010 1675 2128 1722 cne-

560 1765 741 1819 scunt,
774 1765 829 1810 et
857 1756 971 1825 ipsa
1002 1754 1089 1809 dic
1137 1755 1191 1809 in
1246 1754 1612 1825 Hierosolyma
1645 1754 1903 1809 Dominus
1943 1762 2128 1808 noster

551 1818 1006 1901 JesusChri-stus
1071 1845 1362 1901 cruciﬁxus
1418 1818 1541 1911 fuit,
1596 1855 1652 1901 et
1688 1855 1774 1901 est
1833 1844 2125 1915 Conceptio
2158 1818 2204 1880 Β

553 1943 753 1990 sancta:
776 1936 867 1991 Dei
899 1934 1175 2005 genitricis
1205 1934 1405 2001 Mariae,
1438 1936 1656 2005 quando
1683 1936 1916 1989 salutata
1957 1943 2040 1990 est
2063 1931 2130 1988 ab

553 2026 764 2097 angelo.
794 2025 1031 2080 Alterum
1061 2025 1367 2079 autumnale
1388 2041 1483 2080 vui
1515 2026 1635 2080 Kal.
1661 2025 1905 2089 Octobr.,
1934 2038 2001 2079 ex
2021 2039 2128 2094 quo

552 2114 668 2171 dies
693 2116 1036 2181 minuuntur,
1066 2124 1121 2168 et
1143 2115 1242 2169 luit
1271 2115 1324 2169 in
1359 2115 1704 2171 Macheronte
1731 2115 1964 2171 Castello
1988 2114 2131 2171 Con-

553 2208 735 2276 ceptio
766 2208 935 2261 sancti
967 2204 1229 2260 Johannis
1260 2205 1531 2276 Baptista.

863 2294 995 2349 Item
1022 2294 1086 2348 de
1113 2294 1348 2349 solstitiis
1382 2304 1430 2349 et
1469 2296 1807 2365 wquinoctiis.

625 2386 793 2442 XXX.
827 2385 1129 2441 Solstitium
1167 2386 1369 2441 dictum
1400 2387 1554 2456 quasi
1586 2386 1716 2442 solis
1757 2387 1936 2451 statio,
1986 2387 2127 2457 quod

555 2486 680 2529 tunc
710 2475 822 2530 sole
856 2484 1033 2529 stante
1076 2481 1296 2529 cresunt
1325 2473 1462 2537 dies,
1491 2474 1573 2530 vel
1608 2483 1813 2531 noctes.
1850 2476 1963 2530 Duo
2002 2485 2127 2531 sunt

554 2576 732 2622 autem
758 2566 1016 2631 solstitia,
1042 2579 1207 2619 unum
1254 2564 1500 2635 hyemale
1534 2581 1628 2621 Vlll
1658 2565 1776 2620 Kal.
1826 2564 1973 2631 Jan.,
2021 2581 2127 2636 quo

557 2667 795 2726 tempore
823 2655 903 2711 sol
928 2653 1148 2710 altiores
1176 2654 1365 2725 incipit
1388 2654 1619 2711 circulos
1638 2664 1842 2726 petere.
1873 2655 2127 2711 Ascendit

555 2760 871 2816 unoquoque
897 2744 1127 2806 die.duo
1158 2753 1430 2800 momenta
1472 2754 1526 2799 et
1570 2745 1895 2807 medium,et
1918 2753 2124 2800 sextam

552 2846 760 2906 partem
785 2835 1066 2899 momenti,
1100 2834 1328 2889 alterum
1358 2833 1599 2889 mstivale
1624 2849 1719 2887 vm
1759 2832 1876 2887 Kal.
1904 2833 2032 2899 Jul.,
2059 2834 2126 2890 de

553 2943 658 2996 quo
689 2936 927 2997 tempore
966 2940 1207 2981 remeare
1231 2926 1311 2982 sol
1337 2926 1404 2981 ad
1431 2925 1713 2982 inferiores
1739 2925 1931 2995 incipit
1950 2926 2126 2981 circu-

556 3015 664 3078 los;
692 3014 970 3070 descendit
996 3028 1318 3084 unoquoque
1371 3015 1456 3071 die
1485 3016 1589 3071 duo
1618 3021 1908 3081 momenta,
1937 3022 1991 3069 et
2014 3029 2126 3070 me-

553 3105 717 3168 dium,
745 3114 800 3160 et
821 3114 1027 3160 sextam
1051 3113 1259 3175 partem
1289 3108 1564 3172 momenti,
1589 3108 1729 3163 unde
1758 3108 1988 3177 hyemali
2011 3106 2119 3163 sol-

557 3194 702 3248 stitio
734 3193 847 3251 dies
866 3195 1142 3261 minimus,
1168 3196 1308 3251 sicut
1335 3198 1520 3253 aestivo
1539 3175 1807 3253 maximus
1830 3199 2119 3253 invenitur.
2151 3175 2196 3235 C

554 3286 686 3339 item
712 3288 817 3341 duo
838 3294 961 3340 sunt
980 3286 1324 3356 aequinoctia,
1353 3303 1517 3343 unum
1546 3290 1781 3353 vernale,
1810 3298 1865 3345 et
1898 3288 2123 3345 alterum

541 3377 1003 3448 ’autumnale,qua3
1015 3377 1186 3435 Graeci
1201 3386 1488 3453 ιύνομενίας
1499 3392 1705 3437 vocant.
1720 3382 2123 3453 [Equinoctium

555 3469 871 3539 appellatum
913 3470 1055 3539 quod
1098 3480 1223 3528 tunc
1276 3473 1389 3527 dies
1424 3482 1473 3527 et
1505 3487 1611 3527 nox
1654 3473 1910 3530 horarum
1948 3476 2124 3546 spatia

553 3559 776 3629 :equalia
817 3560 1171 3617 constituunt.
1221 3560 1363 3617 Sunt
1399 3571 1575 3617 autem
1615 3564 1936 3633 :equinoctia
1960 3566 2045 3621 die
2071 3582 2123 3620 χι

556 3653 668 3707 Kal.
703 3654 858 3724 Apr.,
887 3653 1112 3709 alterum
1132 3655 1443 3712 autumnale
1467 3671 1563 3731 vui
1588 3655 1704 3711 Kal.
1733 3656 1973 3724 0ctobr.,
1997 3659 2122 3728 quia

556 3757 727 3798 annus
754 3742 879 3798 olim
908 3743 960 3797 in
1009 3743 1140 3800 duas
1168 3754 1347 3815 partes
1380 3756 1584 3802 tantum
1624 3747 1978 3813 dividebatur,
2025 3750 2126 3804 hoc

548 3839 634 3882 est
692 3831 746 3885 in
792 3832 1090 3902 hyemalem
1135 3844 1190 3888 et
1252 3838 1517 3893 aestivum.
1565 3836 1862 3894 Solstitium
1918 3838 1973 3893 in
2023 3840 2126 3895 duo

551 3922 908 3991 hemispheria
943 3924 994 3979 id
1020 3933 1103 3979 est
1131 3925 1235 3980 dici
1261 3931 1301 3979 ’.

1161 4014 1238 4068 De
1264 4015 1524 4071 solstitiis.

619 4101 805 4158 XXXI.
865 4105 923 4160 Si
975 4119 1165 4175 sapere
1192 4105 1272 4160 vis
1303 4105 1408 4161 duo
1454 4107 1683 4162 solstitia
1721 4122 1817 4177 per
1866 4125 1942 4163 xu
1974 4111 2124 4181 signa

544 4196 817 4263 quomodo
846 4196 1042 4251 crescit
1067 4196 1205 4261 dies,
1240 4205 1293 4251 et
1323 4210 1426 4251 nox
1450 4212 1545 4268 per
1567 4209 1836 4254 momenta
1864 4208 1920 4256 et
1943 4202 2122 4267 horas,

551 4286 784 4343 solstitia
824 4288 929 4342 duo
952 4296 1093 4352 sunt,
1129 4288 1374 4359 hyemale
1416 4305 1510 4344 vui
1551 4289 1667 4345 Kal.
1704 4290 1853 4359 Jan.,
1899 4293 2124 4349 alterum

551 4378 791 4433 mstivale
817 4394 910 4433 rut
947 4379 1065 4434 Kal.
1093 4378 1225 4444 Jul.,
1251 4382 1391 4451 quod
1419 4383 1663 4438 ascendit
1706 4383 1785 4438 sol
1810 4396 1866 4439 et
1907 4385 2127 4442 descen-

2235 585 2441 650 diebus,
2467 596 2521 641 et
2545 587 2810 650 noctibus,
2839 595 2894 640 et
2920 586 3219 648 momentis,
3253 593 3308 640 et
3327 584 3482 639 boris
3502 585 3800 654 mqualibus

2232 677 2496 733 consistit.
2525 675 2726 744 Quarto
2751 678 2924 748 signo,
2950 675 3001 731 id
3025 686 3108 731 est
3135 693 3163 730 a
3191 693 3223 731 χ
3248 675 3364 730 Kal.
3391 675 3528 746 Apr.
3558 691 3728 746 usque
3750 677 3800 730 in

2232 785 2285 824 χι
2307 768 2425 823 Kal.
2457 767 2581 821 Mai.
2617 768 2750 822 liunt
2775 774 3043 822 momenta
3069 767 3137 824 80
3159 776 3214 823 et
3237 768 3351 837 ipsa
3394 776 3675 822 momenta
3722 766 3800 821 fa—

2231 858 2379 913 ciunt
2412 858 2573 912 horas
2595 857 2747 921 duas,
2782 857 2969 911 diebus
3000 857 3088 911 50.
3123 857 3324 923 Quinto
3352 856 3531 926 signo,
3572 856 3630 911 id
3656 867 3738 912 est
3772 874 3801 911 a

2231 964 2262 1001 ι
2290 947 2405 1002 Kal.
2444 947 2567 1001 Mai.
2598 962 2767 1016 usque
2798 947 2849 1001 in
2878 961 2932 1000 XI
2965 945 3083 1000 Kal.
3106 944 3229 999 Jun.
3261 944 3395 998 ﬁunt
3416 956 3689 999 momenta
3715 946 3799 1008 80,

2231 1036 2451 1106 ipsaque
2496 1044 2768 1091 momenta
2811 1034 3015 1088 faciunt
3064 1035 3227 1089 horas
3278 1034 3436 1097 duas,
3476 1034 3670 1087 diebus
3714 1035 3800 1087 51.

2231 1126 2396 1182 Sexto
2424 1127 2598 1197 signo,
2630 1126 2681 1180 id
2707 1133 2789 1180 est
2824 1141 2854 1179 a
2902 1142 2933 1179 ι
2977 1124 3093 1179 Kal.
3135 1123 3258 1179 Jun.
3289 1139 3464 1192 usque
3493 1125 3547 1178 in
3583 1140 3637 1177 ιι
3683 1123 3801 1177 Kal.

2227 1216 2332 1271 Jul.
2365 1217 2499 1271 [lunt
2526 1225 2796 1272 momenta
2819 1215 2909 1282 80,
2935 1216 3079 1270 hora:
3102 1216 3241 1281 dum,
3268 1216 3459 1271 diebus
3486 1216 3578 1269 50.
3632 1215 3700 1268 Et
3730 1216 3802 1268 ita

2231 1307 2402 1362 tribus
2434 1306 2621 1378 signis,
2649 1307 2751 1362 hoc
2798 1315 2880 1363 est
2923 1306 2991 1361 ab
3014 1307 3339 1376 :equiuoctio
3374 1306 3585 1362 vernali
3636 1320 3802 1375 usque

2229 1399 2294 1451 ad
2326 1398 2613 1453 solstitium
2640 1398 2906 1463 aestivum,
2936 1398 2989 1452 id
3026 1406 3107 1452 est
3133 1398 3201 1452 ab
3226 1413 3279 1451 ιι
3308 1396 3427 1451 Kal.
3462 1397 3599 1465 Apr.
3636 1388 3825 1466 usque

2231 1488 2280 1542 in
2312 1504 2364 1542 χι
2395 1488 2515 1542 Kal.
2562 1487 2668 1543 Jul.
2701 1488 2761 1543 91
2801 1496 2881 1541 tot
2919 1487 3035 1541 dies
3073 1496 3218 1552 sunt,
3268 1495 3544 1541 momenta
3578 1486 3704 1548 9.40,
3750 1494 3804 1542 et

2228 1578 2343 1646 ipsa
2374 1586 2642 1632 momenta
2666 1577 2870 1633 faciunt
2893 1577 3054 1632 horas
3078 1577 3131 1642 6,
3159 1577 3211 1631 in
3236 1577 3280 1647 :6
3312 1578 3483 1648 signis
3509 1577 3568 1631 lit
3596 1593 3798 1631 summa

2227 1665 2293 1719 ad
2323 1666 2671 1720 crescendum
2706 1672 3099 1721 momentorum
3127 1666 3255 1731 380,
3285 1669 3543 1721 horamm
3585 1666 3673 1721 12.

2296 1754 2488 1823 Incipit
2530 1754 2587 1809 in
2631 1763 2788 1811 nocte
2835 1755 3127 1811 solstitium
3172 1756 3417 1812 :estivum
3444 1797 3459 1821 ,
3509 1758 3653 1826 quod
3698 1772 3799 1812 nov

2227 1844 2444 1908 crescit,
2488 1851 2544 1899 et
2586 1843 2700 1899 dies
2739 1843 3018 1898 minuitur.
3067 1843 3332 1900 Crescunt
3358 1854 3539 1900 autem
3588 1846 3641 1900 in
3668 1863 3798 1899 una-

2226 1945 2437 2001 quaque
2465 1939 2621 1985 nocte
2659 1931 2764 1986 duo
2789 1941 3060 1987 momenta
3083 1972 3098 1997 ,
3127 1942 3182 1988 et
3209 1934 3444 1989 medium
3469 1974 3486 1997 ,
3517 1945 3572 1988 et
3596 1944 3800 1989 sextam

2225 2029 2432 2090 partem
2465 2021 2747 2085 momenti,
2796 2022 2849 2077 id
2891 2029 2975 2078 est
3000 2023 3131 2078 duas
3158 2023 3345 2078 tertias
3386 2025 3666 2078 momenti.
3700 2025 3800 2078 Se-

2226 2113 2393 2182 ptimo
2408 2112 2593 2182 signo,
2611 2112 2661 2165 id
2678 2120 2757 2167 est
2779 2128 2809 2167 a
2831 2129 2862 2168 x
2892 2112 3009 2167 Kal.
3036 2113 3140 2168 Jul.
3166 2128 3335 2183 usque
3360 2113 3415 2168 in
3443 2131 3498 2168 xl
3526 2113 3644 2168 Kal.
3668 2116 3798 2185 Aug.

2227 2203 2360 2258 ﬁunt
2409 2211 2680 2258 momenta
2729 2203 2818 2268 80,
2872 2204 3021 2258 horae
3059 2203 3192 2265 duae,
3251 2203 3441 2259 diebus
3481 2205 3572 2260 3i.
3605 2204 3802 2261 Octavo

2226 2293 2400 2364 signo,
2425 2294 2479 2348 id
2497 2302 2579 2348 est
2599 2308 2627 2346 a
2654 2309 2682 2346 ιι
2705 2292 2822 2347 Kal.
2840 2293 2977 2363 Aug.
3001 2308 3172 2364 usque
3194 2294 3246 2348 in
3267 2310 3343 2348 xu
3358 2293 3477 2349 Kal.
3497 2295 3797 2365 Septembr.

2228 2385 2361 2439 tlunt
2386 2392 2652 2439 momenta
2670 2383 2758 2439 80.
2784 2385 2930 2439 hora:
2950 2384 3090 2448 duce,
3118 2384 3233 2439 dies
3254 2384 3341 2438 50.
3375 2383 3533 2439 Nono
3552 2386 3727 2456 signo,
3750 2386 3800 2439 id

2225 2486 2309 2531 est
2347 2479 2414 2531 ab
2460 2491 2513 2530 χι
2544 2475 2658 2530 Kal.
2689 2474 2961 2545 Septemb.
2992 2491 3164 2546 usque
3192 2476 3245 2530 in
3288 2493 3361 2532 xu
3412 2476 3534 2531 Kal.
3582 2477 3796 2533 Octobr.

2227 2565 2362 2620 ﬁunt
2391 2574 2663 2620 momenta
2691 2564 2778 2628 80,
2813 2566 2961 2622 hora:
2988 2566 3121 2630 dum,
3146 2564 3260 2620 dies
3286 2565 3373 2619 50.
3404 2565 3475 2619 Et
3516 2565 3591 2620 ita
3628 2567 3684 2620 in
3712 2568 3802 2621 tri-

2227 2658 2326 2711 bus
2359 2656 2525 2725 signis
2549 2672 2577 2710 a
2613 2656 2843 2711 solstitio
2868 2657 3053 2711 aestivo
3102 2670 3268 2724 usque
3306 2657 3373 2710 ad
3420 2658 3800 2725 aequinoctium

2226 2746 2532 2801 autumnale
2560 2747 2612 2800 in
2639 2761 2959 2816 unoquoque
2986 2748 3142 2816 signo
3165 2748 3278 2802 dies
3298 2746 3387 2810 30,
3418 2757 3474 2822 et
3492 2763 3607 2801 uno
3628 2748 3804 2803 addito

2226 2837 2314 2891 die
2334 2835 2473 2891 ﬁunt
2497 2835 2559 2891 91
2591 2836 2725 2891 dies.
2753 2834 2892 2891 Sunt
2911 2845 3091 2891 autem
3117 2845 3388 2890 momenta
3422 2836 3555 2902 240,
3586 2839 3732 2891 hora:
3750 2836 3801 2897 6.

2227 2941 2257 2980 a
2285 2943 2320 2981 χ
2339 2926 2457 2981 Kal.
2488 2926 2592 2981 Jul.
2622 2942 2792 2997 usque
2818 2928 2869 2981 in
2895 2942 2968 2981 xu
2995 2926 3112 2981 Kal.
3134 2926 3376 2992 Octobr.,
3405 2938 3462 2981 et
3485 2937 3618 2983 tunc
3641 2929 3801 2996 requi-

2227 3019 2463 3075 noctlum
2487 3017 2794 3073 autumnale
2817 3008 3023 3084 diebus,
3044 3026 3097 3073 et
3124 3018 3469 3083 noctibus,et
3499 3019 3800 3083 momentis,

2227 3118 2280 3167 et
2323 3110 2472 3165 horis
2501 3108 2797 3178 aequalibus
2837 3102 3362 3165 conslstit.‘Decimo
3404 3109 3593 3179 signo,
3641 3110 3693 3165 id
3725 3119 3804 3164 est

2227 3203 2294 3258 ab
2324 3218 2374 3257 xl
2406 3201 2521 3256 Kal.
2549 3200 2768 3257 Octobr.
2799 3215 2969 3269 usque
2998 3201 3157 3257 inm
3198 3199 3315 3253 Kal.
3350 3199 3648 3267 Novemb,
3680 3193 3806 3255 ﬁu‘nt

2227 3302 2494 3351 momenta
2524 3293 2612 3356 80,
2637 3293 2782 3348 hom
2808 3293 2944 3356 dum,
2974 3292 3162 3347 diebus
3186 3292 3274 3346 30.
3311 3291 3621 3348 Undecimo
3638 3295 3801 3363 signo.

2228 3385 2278 3439 id
2306 3394 2387 3440 est
2409 3386 2476 3437 ab
2496 3399 2551 3438 xl
2579 3382 2696 3437 Kal.
2722 3381 2978 3437 Novemb.
3003 3398 3172 3452 usque
3198 3384 3250 3437 in
3272 3388 3350 3437 xu
3375 3383 3500 3437 Kal.
3533 3384 3803 3444 Deceml»,

2228 3475 2362 3530 ﬁunt
2385 3482 2653 3529 momenta
2672 3472 2763 3537 80,
2794 3473 2940 3527 hora:
2960 3474 3098 3537 dure,
3130 3473 3319 3528 diebus
3348 3474 3441 3529 50.
3477 3475 3803 3531 Duodecimn

2226 3569 2398 3639 signo,
2433 3570 2484 3624 id
2514 3578 2595 3624 est
2640 3568 2708 3622 ab
2732 3573 2792 3622 XI
2831 3567 2950 3620 Kal.
2986 3566 3264 3639 Decembr.
3298 3583 3475 3637 usque
3518 3569 3575 3621 in
3620 3586 3671 3623 si
3695 3569 3799 3621 Kal.

2225 3658 2368 3724 Jan.,
2400 3659 2532 3713 ﬁunt
2565 3666 2832 3713 momenta
2860 3657 2949 3721 80,
2974 3656 3120 3710 hora:
3140 3657 3277 3720 dum,
3300 3657 3499 3712 diebus
3530 3659 3623 3714 30.
3656 3660 3707 3713 In
3728 3662 3801 3714 his

2229 3751 2399 3804 tribus
2428 3749 2595 3819 signis
2634 3749 2687 3803 in
2716 3761 3045 3819 unoquoque
3072 3748 3223 3817 signo
3254 3747 3482 3802 tricenis
3505 3750 3726 3811 diebus,
3754 3759 3803 3801 (ι

2228 3856 2334 3895 uno
2359 3840 2446 3895 die
2468 3840 2670 3904 addito,
2703 3839 2835 3893 ﬁunt
2868 3838 2931 3893 91
2963 3838 3098 3899 dies,
3129 3848 3401 3892 momenta
3430 3837 3566 3902 210,
3591 3841 3732 3893 hunc
3751 3840 3798 3897 6,

2226 3931 2295 3985 ab
2318 3946 2368 3985 st
2398 3929 2514 3984 Kal.
2542 3928 2645 3984 Jul.
2676 3916 2846 3998 uSque
2882 3929 2936 3982 in
2986 3943 3040 3982 χι
3070 3927 3187 3981 Kal.
3215 3926 3336 3981 Jan.
3362 3927 3423 3981 In
3448 3930 3703 3983 noctibus
3738 3926 3798 3980 ad

2225 4019 2575 4075 crescendum
2624 4018 2762 4073 ﬁunt
2811 4024 3082 4073 momenta
3128 4017 3255 4079 480,
3307 4016 3455 4071 borzc
3493 4018 3583 4071 12.
3615 4018 3671 4071 ln
3701 4026 3800 4070 toto

2228 4126 2369 4164 anno
2395 4109 2509 4164 dies
2535 4107 2639 4163 365
2658 4148 2673 4173 ,
2705 4116 2975 4161 momenta
3000 4107 3124 4171 960,
3156 4108 3300 4161 horae
3323 4106 3415 4159 24.

2580 4198 2711 4255 Item
2739 4198 2802 4252 de
2837 4198 3151 4268 temporibus
3172 4199 3448 4261 mensium.

2298 4290 2510 4347 XXXII.
2552 4290 2782 4345 Sanctus
2816 4289 3144 4360 Augustinus
3168 4290 3457 4360 episcopus
3498 4291 3796 4360 adloquitur

2227 4386 2293 4437 de
2321 4383 2496 4436 annis.
2522 4381 2565 4434 A
2595 4397 2624 4434 v
2660 4379 2738 4435 Id.
2777 4380 2933 4435 Febr.
2959 4395 3128 4451 usque
3160 4381 3211 4433 in
3246 4396 3280 4434 v
3308 4380 3384 4433 ιιι.
3418 4380 3547 4435 Maii
3596 4391 3795 4451 tempus

551 4470 648 4521 «lit.
696 4468 754 4522 Si
805 4470 907 4525 hoc
937 4470 1077 4525 scire
1101 4471 1205 4536 vis,
1235 4471 1308 4526 ita
1342 4473 1766 4543 investigandum
1812 4484 1896 4531 est
1944 4477 2012 4530 ab
2045 4492 2121 4530 xu
2148 4509 2199 4568 Ι)
2228 4488 2452 4527 vernum
2495 4481 2594 4531 est.
2647 4472 2762 4527 dies
2791 4481 2916 4526 sunt
2959 4471 3044 4526 91.
3085 4471 3127 4525 A
3157 4486 3190 4522 v
3219 4471 3293 4525 Id.
3325 4470 3453 4525 Mai.
3488 4486 3665 4542 usque
3691 4474 3740 4526 in
3766 4488 3793 4523 ν

548 4558 666 4612 Kal.
691 4558 907 4614 Januar.
942 4576 1110 4630 usque
1141 4562 1194 4616 in
1226 4578 1278 4616 xl
1313 4562 1429 4617 Kal.
1464 4560 1568 4619 Jul.
1602 4565 1716 4621 dies
1770 4565 1962 4635 incipit
1997 4580 2117 4621 cre-

551 4666 704 4705 scere
736 4651 786 4704 in
819 4666 1138 4722 unaquaque
1171 4652 1259 4707 die
1285 4652 1389 4707 duo
1435 4664 1729 4720 momenta,
1776 4664 1831 4710 et
1858 4655 2116 4721 medium,

2223 4563 2297 4617 Id.
2331 4563 2464 4632 Aug.
2491 4569 2699 4631 tempus
2721 4561 2925 4615 testatis
2952 4570 3055 4625 est,
3079 4561 3300 4629 diesque
3324 4569 3452 4615 sunt
3470 4560 3562 4616 9|.
3579 4564 3626 4616 A
3672 4578 3703 4615 ν
3721 4561 3788 4615 Id.

2219 4652 2357 4720 Aug.
2390 4664 2558 4720 usque
2583 4650 2635 4704 in
2680 4665 2714 4704 v
2757 4648 2834 4704 ld.
2865 4647 3120 4704 Novemb.
3156 4657 3369 4718 tempus
3414 4650 3661 4703 autumni
3694 4658 3785 4712 est,

550 4748 604 4793 et
638 4748 844 4794 sextam
883 4754 1092 4811 partem
1127 4746 1403 4810 momenti,
1436 4746 1488 4799 id
1518 4755 1603 4801 est
1629 4747 1763 4801 duas
1791 4748 1978 4803 tertias
2008 4762 2119 4802 mo-
2220 4743 2441 4811 diesque
2487 4750 2612 4796 sunt
2650 4741 2737 4797 92.
2770 4741 2815 4794 A
2844 4755 2878 4795 v
2922 4739 2998 4794 ιιι.
3042 4738 3304 4794 Novemb.
3351 4755 3525 4809 usque
3556 4742 3610 4795 in
3640 4755 3673 4793 v
3716 4740 3786 4793 Id.

552 4833 737 4885 menti.
774 4832 953 4889 Primo
987 4835 1141 4906 signo
1170 4836 1222 4891 id
1257 4846 1340 4892 est
1373 4852 1401 4891 a
1432 4852 1508 4892 xu
1543 4838 1659 4892 Kal.
1693 4838 1813 4894 Jan.
1847 4855 2015 4909 usque
2063 4840 2116 4894 in

2220 4834 2379 4888 Febr.
2410 4842 2620 4902 tempus
2650 4834 2857 4906 hycmis
2882 4841 2984 4897 est,
3014 4833 3237 4902 diesque
3266 4842 3393 4887 sunt
3418 4834 3509 4888 91.
3543 4833 3784 4889 Deeemb.

551 4935 639 4972 xxv
670 4919 788 4975 Kal.
822 4921 980 4977 Febr.
1013 4920 1146 4979 ﬁtint
1181 4935 1450 4982 momenta
1477 4926 1563 4993 80,
1602 4936 1658 4982 et
1702 4927 1817 4998 ipsa
1847 4937 2115 4983 momenta
2217 4928 2338 4985 Jan.
2365 4929 2523 4984 Febr.
2549 4929 2736 4999 hyems
2776 4935 2878 4990 est,
2912 4925 3066 4980 Mart.
3093 4925 3225 4995 Apr.
3259 4925 3384 4980 Mai.
3418 4934 3631 4996 tempus
3676 4941 3785 4979 rer-

548 5012 753 5067 faeiunt
779 5014 940 5069 horas
970 5015 1122 5081 duas,
1166 5025 1221 5071 et
1263 5026 1384 5072 sunt
1411 5017 1525 5073 dies
1547 5018 1634 5072 '50.
1664 5014 1912 5074 Secundo
1939 5020 2112 5089 signo,

550 5092 603 5152 id
626 5108 709 5155 est
732 5116 761 5154 a
788 5118 883 5156 xm
912 5103 1025 5158 Kal.
1058 5105 1217 5160 Febr.
1250 5122 1419 5176 usque
1450 5108 1503 5161 in
1542 5124 1617 5162 λιι
1647 5107 1765 5162 Kal.
1800 5108 1954 5163 Mart.
1982 5110 2119 5163 tiunt

620 5204 627 5205 '
773 5201 782 5206 ’
853 5193 937 5238 ΩΟ-
986 5205 1034 5238 el
1084 5203 1192 5248 ipsa
1226 5207 1492 5246 momenta
1544 5196 1745 5246 faciunt
1773 5197 1936 5244 horas
1963 5201 2111 5246 duas-

2223 5034 2350 5073 num
2375 5025 2476 5073 est.
2506 5016 2630 5071 Jun.
2666 5013 2769 5070 Jul.
2798 5015 2933 5085 Aug.
2966 5024 3123 5086 aestas
3146 5024 3248 5069 est.
3275 5016 3556 5084 Septemb.
3600 5016 3781 5073 Octob.

2222 5108 2477 5163 Novemb.
2512 5114 2723 5176 tempus
2744 5106 2985 5159 autumni
3008 5115 3110 5160 est.

2808 5194 2886 5250 De
2922 5206 3195 5251 momento.

3242 5293 3252 5300 .
3309 5287 3782 5345 μ,ωῇςῶ
