4020 6310
39 413 204 481 1293

1306 425 1505 481 LIBER
1544 425 1632 479 DE
1669 417 2015 481 COMPUTO.

3194 430 3328 486 1204

33 539 270 595 Puncta
297 538 332 592 4
373 539 578 595 faciunt
603 539 675 595 40
703 547 997 595 momenta.
1029 538 1134 594 Ista
1160 539 1231 595 40
1259 551 1530 598 momenta
1567 541 1649 596 fa-
1677 545 1722 604 A
1753 541 1882 598 item
1919 541 2021 597 tria
2044 542 2195 614 signa
2226 559 2255 598 a
2285 560 2318 598 χ
2346 541 2467 597 Kal.
2514 540 2642 612 Apr.
2696 557 2866 612 usque
2909 543 2963 598 in
2995 559 3047 598 ιι
3076 544 3193 599 Kal.
3222 545 3329 601 Jul.

31 631 210 685 ciunt
241 631 264 684 1
300 629 508 684 horam.
546 629 703 685 ﬂora:
731 629 764 683 6
793 631 1000 685 faciunt
1025 632 1048 684 1
1078 631 1454 700 quadrantem.
1492 632 1638 699 Qua-

33 723 280 776 drantes
307 722 340 774 4
368 737 464 792 per
490 724 524 776 4
554 737 726 777 annos
747 721 951 777 faciunt
979 722 1119 777 diem
1147 733 1202 777 et
1225 733 1457 778 noctem.

569 811 704 866 Item
739 811 802 866 de
835 813 1133 866 momentis.

125 903 372 958 XXXIV.
401 903 726 959 Momentum
753 919 784 958 a
808 903 1095 959 velocitate
1120 904 1324 958 dictum
1355 913 1457 969 est,
1487 907 1642 974 quasi

33 1003 238 1047 motus
276 995 490 1048 mentis.
539 994 684 1048 Nihil
718 995 864 1048 enim
908 993 1053 1048 aliud
1097 993 1340 1048 velocius
1382 995 1642 1049 habemus

32 1084 297 1138 motione
341 1084 556 1148 mentis,
599 1099 665 1138 ex
691 1083 887 1154 quibus
925 1082 1133 1137 duobus
1176 1082 1484 1137 nominibus
1531 1099 1641 1138 mo-

34 1187 299 1232 mentum
345 1193 541 1233 nomen
574 1178 802 1246 accepit.
834 1177 1097 1231 Minutum
1128 1192 1257 1231 vero
1286 1177 1490 1232 dictum
1535 1183 1637 1237 est,

33 1268 209 1335 quasi
233 1255 434 1336 aliquid
461 1269 725 1321 minutum
755 1309 768 1332 ,
800 1268 1000 1322 etenim
1043 1267 1222 1321 minuo
1260 1266 1485 1321 verbum
1507 1267 1642 1321 acti—

37 1373 185 1411 vum
240 1359 415 1412 tertiae
466 1357 863 1428 coniugationis
918 1366 1184 1428 correptae
1239 1357 1532 1421 invenitur,
1588 1365 1645 1410 et

35 1447 252 1502 exinde
268 1449 550 1518 participia
577 1449 830 1513 minutus,
864 1449 1092 1514 minuta,
1117 1451 1376 1503 minutum
1391 1450 1644 1504 derivan-

38 1546 160 1602 tur,
187 1539 332 1606 quod
360 1546 420 1591 ut
463 1552 658 1596 nomen
693 1538 906 1608 aliquod
937 1539 1200 1606 accipitur
1227 1540 1293 1594 ad
1320 1540 1640 1610 parvitatem

39 1626 356 1694 pertinens,
422 1634 481 1680 ut
533 1642 632 1696 per
686 1625 801 1695 ejus
845 1628 1226 1699 etymologiam
1289 1629 1638 1698 dignoscitur.

33 1715 296 1770 Punctus
316 1724 492 1770 autem
519 1733 549 1769 a
578 1717 867 1783 punctione
885 1718 1264 1788 etymologiam
1295 1719 1528 1772 nominis
1553 1733 1642 1772 ac-

34 1803 217 1871 cepit,
230 1801 428 1878 quiaﬁit
442 1820 664 1874 pungor,
679 1814 734 1860 et
753 1806 877 1861 inde
887 1817 1129 1875 puuctus,
1141 1819 1358 1875 puncta,
1369 1817 1638 1878 punctum.

1746 633 1885 688 ﬁunt
1911 641 2184 686 momenta
2207 631 2294 695 60,
2328 633 2460 687 hora
2495 633 2546 696 1,
2571 641 2626 688 et
2647 635 2846 699 media,
2869 635 2985 690 dies
3009 636 3097 690 91.
3129 635 3331 690 lterum

1745 722 1847 776 tria
1873 719 2023 780 signa
2070 737 2098 774 a
2141 739 2172 775 χ
2203 722 2321 776 Kal.
2344 721 2453 777 Jul.
2504 737 2677 792 usque
2725 723 2778 776 in
2826 739 2922 777 xu.
2974 724 3093 778 Kal.
3134 725 3328 780 Octob.

1745 813 1880 868 fiunt
1908 824 2180 868 momenta
2226 813 2315 878 60,
2349 815 2480 868 hora
2506 814 2530 867 1
2559 821 2616 868 et
2660 813 2859 878 media,
2891 814 3007 869 dies
3040 815 3128 870 91.
3174 813 3332 868 Item-

1743 917 1848 971 que
1872 903 1973 956 tria
2001 904 2153 973 signa
2184 904 2251 959 ab
2274 919 2328 957 ιι
2353 903 2471 958 Kal.
2498 902 2686 958 Octdb.
2709 904 2942 974 usquein
2971 921 3024 959 χι
3054 904 3170 960 Kal.
3205 902 3326 959 Jan.

1744 993 1881 1046 ﬁunt
1930 1001 2204 1047 momenta
2254 993 2344 1058 60,
2396 994 2606 1058 horai,
2639 1002 2695 1048 et
2734 993 2930 1057 media,
2958 995 3072 1050 dies
3120 995 3219 1060 9‘2;
3272 1004 3328 1050 et

1744 1082 1882 1136 ﬁunt
1921 1083 1975 1136 in
2020 1099 2162 1138 anno
2186 1084 2254 1138 12
2294 1085 2468 1154 signa,
2509 1086 2625 1140 dies
2648 1085 2772 1150 555,
2797 1096 3068 1141 momenta
3095 1087 3237 1153 240;
3273 1098 3330 1142 et

1747 1173 1859 1241 ipsa
1885 1184 2154 1228 momenta
2182 1175 2392 1230 faciunt
2431 1176 2594 1236 horas
2618 1177 2672 1242 6,
2698 1186 2754 1232 et
2774 1177 2905 1248 ipsa:
2933 1179 3079 1233 hora:
3119 1178 3329 1232 faciunt

1745 1263 1770 1315 1
1801 1262 2180 1330 quadrantem,
2228 1265 2556 1332 quadrantes
2608 1266 2641 1318 4
2684 1281 2779 1336 per
2829 1267 2862 1320 4
2906 1282 3076 1322 annos
3124 1251 3338 1321 faciunt

1745 1351 1964 1406 diemet
1990 1362 2223 1418 noctem,
2265 1357 2390 1422 quia
2421 1355 2454 1407 6
2492 1356 2637 1410 [torte
2680 1357 3006 1427 quadragies
3042 1358 3216 1412 ductae
3252 1355 3330 1408 fa-

1745 1442 1894 1497 ciunt
1918 1444 2081 1498 horas
2123 1444 2193 1498 24
2217 1485 2230 1508 ,
2275 1457 2332 1500 et
2367 1446 2496 1514 ipsa:
2543 1448 2690 1514 liora:
2724 1447 2929 1518 faciunt
2967 1449 3109 1502 diem
3154 1456 3209 1502 et
3234 1461 3328 1502 no-

1744 1546 1907 1604 ctem,
1935 1539 2024 1608 qui
2053 1540 2270 1594 additur
2297 1554 2347 1592 vr
2377 1539 2494 1594 Kal.
2527 1539 2680 1592 Mart.

1921 1629 2006 1682 Ad
2038 1630 2318 1684 bissextum
2350 1630 2715 1683 inveniendum
2755 1647 2848 1700 per
2884 1630 2951 1686 12
2973 1631 3145 1702 signa.

1818 1722 2117 1777 X'XXVISi
2135 1725 2213 1778 vis
2230 1737 2552 1792 cognoscere
2564 1723 2834 1792 quomodo
2848 1725 3023 1778 bissex
3034 1733 3120 1778 tus
3131 1723 3332 1778 crescit

1747 1813 1972 1882 singulis
1985 1812 2160 1877 annis,
2180 1821 2235 1867 et
2256 1813 2553 1892 mensibus,
2572 1822 2628 1868 et
2654 1813 2864 1880 diebus,
2893 1814 3021 1872 solis
3041 1829 3210 1884 cursu
3229 1827 3326 1882 per

38 1891 170 1948 Hoc
197 1901 378 1947 autem
403 1907 596 1949 nomen
621 1912 648 1948 a
670 1895 874 1951 Graecis
893 1895 1167 1951 deﬁnitur.
1193 1897 1290 1952 Est
1309 1897 1469 1968 igitur
1495 1915 1637 1968 pun.-
1667 1889 1712 1948 B
1742 1908 1809 1962 η
1832 1908 2006 1978 signa,
2040 1907 2094 1961 ίη
2121 1889 2622 1977 ιιιιοίιυοιίυεέῑεηο
2653 1907 2829 1962 media
2859 1909 2994 1962 hora
3021 1921 3089 1962 ex
3113 1905 3324 1960 duobus

32 1992 196 2037 ctum
223 1983 485 2036 intervalli
508 1985 852 2054 principium,
875 1994 930 2040 et
952 1995 1146 2041 natura
1167 1988 1475 2057 insecabile,
1491 1991 1635 2060 quod

35 2072 226 2127 Graeci
271 2083 507 2128 atomum
537 2085 752 2140 vocant,
800 2077 850 2131 id
881 2088 967 2144 est
996 2079 1069 2132 ita
1110 2078 1432 2135 diminutum
1472 2090 1637 2151 atque

35 2166 454 2235 parvissimum,
483 2176 543 2222 ut
563 2169 613 2224 ei
628 2185 724 2238 par
748 2170 974 2224 inveniri
999 2185 1104 2224 non
1127 2172 1316 2240 possit,
1339 2187 1502 2227 unum
1528 2189 1636 2228 non

37 2257 110 2311 de
147 2271 375 2312 numero
402 2261 418 2279 ⁶
448 2269 652 2327 puncto
677 2260 896 2316 dicitur.
925 2260 1342 2331 lnterrogandus
1367 2273 1451 2317 est
1479 2264 1636 2319 deni-

35 2362 154 2418 que
180 2359 315 2417 quot
339 2360 633 2416 momenta,
658 2351 741 2405 vel
764 2359 896 2420 quot
918 2352 1145 2416 minuta,
1171 2361 1263 2406 aut
1288 2361 1417 2422 quot
1438 2365 1637 2424 puncta

41 2442 96 2494 in
143 2457 471 2512 unaquaque
513 2445 645 2498 hora
687 2445 1051 2498 inveniantur.
1101 2444 1370 2500 Momenta
1411 2461 1540 2501 vero
1567 2446 1639 2501 40

37 2543 98 2587 et
131 2535 204 2587 10
243 2535 469 2598 minuta,
505 2535 537 2589 4
566 2550 781 2604 quoque
811 2545 1010 2604 puncta
1047 2535 1099 2588 in
1153 2551 1474 2606 unaquaque
1502 2538 1635 2591 hora

41 2624 208 2688 ﬁunt,
247 2624 371 2694 quia
421 2625 475 2678 in
519 2625 555 2678 4
597 2627 902 2692 momentis,
943 2627 996 2680 in
1034 2627 1059 2680 1
1111 2625 1318 2681 minuto
1344 2627 1379 2680 2
1425 2643 1638 2697 quoque

41 2715 262 2768 minuta
293 2725 347 2769 et
395 2715 676 2770 dimidium
721 2717 775 2770 in
825 2727 1026 2786 puncto
1071 2718 1435 2789 implicantur.
1466 2719 1523 2774 lu
1564 2720 1637 2774 24

39 2807 199 2862 horis
244 2807 370 2873 dici,
423 2809 706 2877 noctisque
726 2807 830 2864 960
862 2819 1158 2874 momenta,
1204 2811 1411 2865 minuta
1455 2820 1637 2866 autem

38 2897 171 2963 240,
209 2908 406 2967 puncta
432 2914 558 2954 vero
593 2899 686 2966 96,
713 2901 1015 2970 computari
1047 2901 1317 2956 dicuntur.
1346 2901 1404 2956 in
1431 2902 1637 2958 hebdo-

43 2991 212 3044 mada
241 3006 370 3046 vero
415 3001 685 3047 momenta
732 2993 915 3058 6,720,
965 2993 1169 3046 minuta
1211 2993 1394 3060 1,680,
1436 3002 1637 3064 puncta

38 3082 171 3146 671,
216 3096 339 3137 esse
379 3083 690 3138 creduntur.
741 3083 911 3139 Sume
960 3085 1411 3154 adspirationem,
1447 3096 1506 3140 ut
1545 3086 1636 3140 alii

40 3174 204 3241 quasi
243 3173 309 3226 de
334 3175 353 3192 ‘
398 3173 567 3229 milite
593 3173 754 3236 dicta,
783 3189 850 3229 eo
892 3176 1034 3244 quod
1063 3183 1190 3228 sunt
1221 3175 1327 3228 diei
1353 3176 1636 3243 noctisque

1737 1999 1975 2068 punctis,
2004 2007 2058 2052 et
2101 1999 2215 2067 ipsa
2243 1997 2424 2052 media
2468 1998 2598 2051 hora
2639 1996 2770 2051 facit
2805 1997 2877 2051 20
2917 2006 3208 2062 momenta.
3243 1995 3326 2050 Da

1738 2092 2030 2160 unicuique
2077 2091 2184 2145 diei
2221 2106 2284 2145 ex
2317 2089 2386 2143 ’50
2416 2089 2606 2144 diebus
2654 2088 2790 2143 duas
2828 2097 3013 2159 partes
3039 2087 3322 2158 momenti.

1739 2181 1990 2240 Secundo
2045 2184 2132 2238 die
2173 2191 2505 2246 momentum
2543 2183 2568 2234 1
2613 2190 2667 2236 et
2700 2181 2917 2234 tertiam
2955 2189 3170 2249 partem
3206 2193 3322 2233 mo-

1739 2274 1928 2330 menti.
1959 2273 2144 2328 Tertio
2167 2274 2255 2327 die
2273 2289 2440 2329 mom.
2471 2273 2525 2326 2.
2557 2271 2763 2339 Quarto
2783 2271 2820 2326 2
2846 2280 2900 2326 et
2929 2271 3154 2336 secund.
3179 2277 3323 2338 part.

1738 2365 2016 2420 momenti.
2062 2363 2264 2431 Quinto
2311 2373 2584 2420 momenta
2623 2364 2658 2418 5
2699 2373 2755 2418 et
2793 2371 2923 2417 tert.
2981 2378 3098 2432 par.
3153 2376 3322 2415 mom.

1738 2456 1906 2510 Sexto
1946 2470 2113 2510 mom.
2170 2455 2224 2508 4.
2277 2453 2517 2524 Septimo
2556 2469 2723 2508 mom.
2776 2453 2812 2508 4
2844 2462 2897 2507 et
2955 2453 3092 2508 duas
3138 2459 3326 2520 partes

1737 2562 1902 2601 mom.
1929 2545 2134 2601 Octavo
2167 2555 2330 2598 motu.
2363 2543 2398 2598 5
2425 2553 2480 2599 et
2507 2551 2635 2598 tert.
2663 2552 2878 2612 partem
2910 2556 3145 2596 momen.
3170 2538 3324 2606 Nono

1737 2647 2010 2691 momenta
2054 2636 2106 2690 6.
2155 2636 2373 2692 Decimo
2415 2651 2583 2690 mom.
2629 2633 2664 2688 6
2689 2643 2747 2688 et
2772 2635 2907 2689 duas
2935 2641 3118 2702 partes
3153 2646 3320 2685 mom.

1737 2725 2035 2781 Undecimo
2083 2741 2248 2780 mom.
2279 2727 2309 2779 7
2340 2735 2394 2780 et
2428 2733 2551 2780 tert.
2592 2733 2735 2794 part.
2775 2738 2944 2778 mom.
2991 2720 3320 2788 Duodecimo

1736 2815 1824 2871 die
1852 2831 2016 2869 mom.
2045 2816 2099 2869 8.
2129 2815 2512 2870 Decimotertio
2549 2829 2716 2869 mom.
2750 2814 2784 2868 8
2822 2820 2877 2868 et
2907 2811 3129 2868 second.
3175 2817 3320 2878 part.

1735 2919 1900 2960 mom.
1944 2905 2164 2960 Decimo
2206 2913 2403 2973 quarto
2457 2920 2621 2959 mom.
2663 2903 2698 2958 9
2743 2911 2800 2957 et
2847 2902 3061 2958 tertiam
3108 2910 3318 2970 partem

1736 3014 1902 3053 mom.
1931 2997 2149 3052 Decimo
2169 2998 2360 3066 quinto
2383 3012 2550 3052 mom.
2591 2996 2680 3050 10.
2711 2994 2932 3050 Decimo
2964 3001 3120 3047 sexto
3147 3005 3316 3046 mom.

1737 3089 1805 3144 10
1831 3098 1884 3143 et
1913 3089 2047 3142 duas
2071 3097 2255 3158 partes
2295 3102 2464 3142 mom.
2500 3085 2958 3155 Decimoseptimo
2985 3099 3150 3140 mom.
3185 3083 3245 3152 11
3270 3089 3326 3136 et

1739 3181 1953 3234 tertiam
1999 3189 2229 3248 partem.
2281 3193 2447 3232 mom.
2499 3177 2723 3230 Decimo
2771 3183 2968 3230 octavo
3022 3189 3188 3228 mom.
3229 3172 3316 3226 12.

39 3261 268 3318 limites.
313 3262 517 3321 Lunae}
549 3280 582 3318 a
624 3263 851 3318 meridie
887 3278 1057 3333 usque
1086 3265 1152 3318 ad
1196 3263 1477 3318 meridiem
1522 3264 1636 3318 dies
1663 3230 1706 3290 Ο
1741 3270 2105 3323 Decimonono
2141 3285 2307 3323 mom.
2356 3268 2425 3322 12
2467 3277 2525 3323 et
2547 3268 2772 3323 secund.
2803 3275 3010 3336 partem
3039 3281 3206 3321 mom.
3235 3265 3324 3319 Vi-

47 3357 234 3410 dictus
261 3356 351 3420 sit,
385 3356 474 3425 qui
499 3357 615 3411 dies
633 3357 905 3426 jucundus
948 3357 1038 3419 sit,
1066 3357 1180 3410 sive
1221 3356 1508 3410 dividendo
1551 3355 1634 3408 lno

45 3461 192 3510 cem,
222 3455 276 3500 et
302 3445 554 3501 tenebras
599 3447 714 3501 dies
755 3445 888 3500 solis
930 3447 996 3498 ab
1024 3455 1144 3500 ortu
1189 3445 1318 3501 solis
1359 3460 1528 3514 usque
1568 3443 1636 3498 ad

39 3546 228 3589 ortum
271 3535 398 3589 diei.
427 3535 693 3590 Numerus
719 3552 748 3590 a
792 3536 1123 3589 mnuerando
1156 3551 1352 3590 nomen
1401 3535 1630 3604 accepit,

41 3635 136 3679 aut
168 3625 236 3679 de
267 3623 520 3680 Numeria
571 3626 691 3681 dea.
723 3625 818 3680 Est
846 3611 1093 3680 collectio
1136 3641 1390 3690 unorum,
1436 3633 1496 3679 ut
1520 3626 1630 3678 Au-

39 3717 294 3786 gustinus
315 3718 409 3782 ait,
438 3717 529 3787 qui
560 3731 679 3773 eum
704 3718 741 3770 2
775 3719 885 3772 sint
919 3717 1134 3787 singuli,
1169 3725 1222 3770 et
1268 3716 1389 3785 plus
1411 3717 1445 3769 4
1481 3724 1631 3780 sunt,

41 3807 242 3876 quibus
291 3817 498 3863 constat
542 3808 785 3864 deﬁnitio
828 3807 1058 3872 numeri,
1092 3814 1144 3860 et
1183 3821 1290 3875 quo
1321 3807 1490 3860 haeret
1536 3823 1633 3859 nu-

43 3914 230 3954 merus
252 3899 321 3953 90
342 3900 450 3952 mil.
481 3899 685 3953 murias
709 3903 728 3918 '
758 3899 968 3952 initium
997 3896 1123 3950 anni
1155 3896 1359 3964 lunaris
1379 3897 1446 3949 ab
1478 3896 1630 3949 initio

40 3996 205 4066 primi
258 3995 456 4050 mensis
480 3996 620 4064 apud
667 3993 940 4058 Hebr-eos,
966 4003 1021 4047 et
1051 3992 1122 4046 ita
1159 3991 1453 4046 secundum
1479 4005 1632 4060 regu-

41 4087 148 4142 lam
180 4085 452 4141 Ecclcsirc.
483 4080 658 4141 εἶὴεί
696 4095 874 4140 autem
914 4091 1232 4139 enumerant
1260 4099 1458 4138 annum
1488 4097 1517 4137 a
1565 4082 1630 4136 15

41 4195 216 4252 usque
244 4182 294 4234 in
330 4181 394 4234 14
429 4189 628 4250 prmter
657 4179 1203 4235 decemnovennalem
1239 4178 1373 4248 cyeli
1400 4192 1623 4243 annuli,

39 4277 129 4344 qui
161 4274 351 4343 incipit
381 4290 408 4327 a
447 4273 508 4327 14
547 4284 768 4342 propter
797 4271 1270 4326 commutationem
1311 4269 1471 4324 lume.

348 4367 483 4420 Item
503 4368 566 4421 de
595 4365 868 4420 momentis
914 4365 984 4417 ad
1017 4364 1316 4418 bissextum.

107 4455 332 4511 XXXV.
371 4455 699 4510 Momentum
728 4453 974 4508 Graecum
1005 4462 1109 4514 est,
1149 4450 1400 4503 Latinum
1430 4450 1628 4504 dicitur

39 4546 348 4607 minimum,
401 4553 561 4613 atque
600 4541 1048 4612 angustissimum
1076 4549 1286 4610 tempus
1311 4555 1338 4591 a
1376 4549 1521 4592 motu
1555 4539 1625 4593 si-

39 4636 233 4690 derum
258 4634 456 4687 dictum
483 4651 496 4698 ;
547 4642 632 4687 est
660 4634 803 4686 enim
836 4631 1157 4686 extremitas
1183 4630 1330 4684 horae
1360 4629 1414 4683 in
1449 4629 1623 4683 brevi-

41 4727 138 4779 bus
185 4723 500 4794 intervallis,
531 4739 652 4778 cnm
695 4711 896 4792 aliquid
923 4721 1024 4776 sibi
1051 4721 1216 4787 cedit,
1245 4730 1408 4789 atque
1437 4734 1621 4774 succe-

39 4816 134 4870 dit.
212 4815 531 4870 Anatbolius
589 4814 987 4868 Alexandrinus
1045 4813 1308 4868 Lauditiae
1386 4811 1620 4866 civitatis

37 4906 260 4962 Graecus
287 4907 572 4976 episcripus
598 4905 734 4958 dixit
762 4923 773 4955 :
814 4902 920 4957 Per
938 4904 1172 4958 medium
1200 4903 1432 4972 signum,
1459 4902 1509 4955 id
1537 4911 1621 4956 est

37 5013 134 5066 per
161 4997 230 5052 15
255 5006 456 5066 partes,
487 5007 540 5053 et
587 4995 722 5050 fiunt
753 4996 822 5050 15
863 4995 976 5050 dies
1001 4994 1114 5048 sole
1161 4992 1484 5048 ascendente
1523 5007 1620 5061 per

39 5088 539 5158 momenta,'idqne
583 5088 635 5141 in
671 5100 994 5156 unoquoque
1019 5085 1106 5139 die
1147 5101 1176 5138 a
1220 5100 1295 5138 xu
1339 5083 1451 5136 Kal.
1497 5082 1620 5137 Jan.

39 5195 212 5251 usque
235 5179 288 5234 in
321 5197 373 5234 ιι
404 5179 522 5233 Kal.
549 5179 676 5247 Apr.
704 5177 950 5232 ascendit
1001 5191 1325 5246 unoquoque
1362 5175 1448 5230 die
1489 5175 1623 5227 duas

40 5281 223 5340 partes
273 5271 550 5326 momenti.
607 5269 662 5323 lu
713 5270 892 5338 primo
938 5268 1091 5339 signo
1126 5274 1396 5320 momenta
1444 5264 1515 5317 20
1565 5265 1623 5316 tit

43 5366 216 5420 media
242 5363 375 5418 hora
405 5364 529 5430 dies
555 5362 644 5418 50.
693 5361 748 5414 1η
779 5359 1016 5426 secundo
1057 5357 1212 5428 signo
1236 5363 1504 5409 momenta
1526 5355 1616 5407 20.

40 5456 92 5510 ln
123 5457 289 5510 tertio
314 5457 470 5527 signo
509 5463 780 5510 momenta
816 5452 906 5505 20.
958 5451 1013 5504 in
1055 5450 1138 5503 bis
1167 5449 1338 5501 tribus
1375 5445 1544 5515 signis
1588 5459 1618 5496 a

41 5563 112 5604 xu
144 5547 264 5602 Kal.
317 5545 539 5600 Januar.
597 5555 766 5614 usque
813 5543 866 5596 in
915 5555 966 5594 XI
1014 5538 1133 5592 Kal.
1190 5538 1318 5605 Apr.
1343 5535 1479 5588 ﬁunt
1509 5549 1620 5588 mo-

42 5651 220 5696 menta
241 5637 331 5694 60.
355 5637 473 5708 Ipsa
498 5645 769 5692 momenta
785 5632 1194 5688 faciunthoram
1217 5629 1268 5692 1,
1285 5637 1341 5682 et
1361 5625 1618 5690 mediam,

41 5730 154 5785 dies
182 5729 272 5785 90.
301 5728 346 5782 A
371 5744 444 5783 xu
478 5727 594 5781 Kal.
628 5723 746 5781 Jan.
779 5737 950 5794 usque
993 5721 1045 5774 in
1077 5736 1129 5774 XI
1167 5718 1285 5772 Kal.
1323 5718 1453 5786 Apr.
1488 5717 1618 5770 liora

42 5822 383 5887 diminuitnr,
409 5829 464 5876 et
484 5819 704 5874 dimidia
727 5817 794 5872 de
812 5814 1050 5870 tenebris
1075 5811 1269 5868 crescit
1302 5810 1354 5864 in
1395 5807 1617 5862 lumine.

1738 3359 1943 3429 gesimo
1985 3375 2152 3414 mom.
2199 3360 2265 3413 15
2301 3368 2358 3414 ct
2398 3368 2524 3414 tert.
2572 3368 2782 3429 partem
2826 3373 2992 3412 mom.
3045 3357 3320 3426 Vigesimo

1735 3452 1914 3520 primo
1971 3467 2137 3506 tuom.
2182 3451 2268 3505 14.
2322 3450 2597 3521 Vigesimo
2647 3451 2886 3506 secundo
2939 3448 3108 3504 moui.
3159 3447 3226 3501 14
3267 3457 3322 3502 et

1736 3541 1962 3597 secund.
2009 3550 2224 3610 partem
2265 3557 2429 3597 mom.
2461 3543 2735 3613 Vigesimo
2773 3542 2933 3596 tertio
2975 3556 3139 3596 mom.
3171 3539 3238 3594 15
3261 3549 3320 3594 et

1737 3645 1861 3690 tert.
1893 3643 2126 3703 partem.
2158 3649 2324 3687 mom.
2359 3635 2636 3703 Vigesimo
2687 3642 2883 3702 quarto
2914 3647 3080 3688 mem.
3111 3631 3198 3685 16.
3227 3631 3318 3685 Vi-

1733 3727 1941 3795 gesimo
1966 3727 2159 3795 quinto
2202 3739 2369 3778 mom.
2411 3724 2480 3778 16
2519 3732 2574 3778 et
2610 3723 2833 3777 secund.
2889 3732 3098 3792 partem
3149 3735 3315 3774 mom.

1735 3815 2010 3886 Vigesimo
2036 3825 2188 3870 sexto
2214 3831 2378 3869 mom.
2407 3815 2471 3868 17
2500 3821 2556 3867 et
2580 3821 2702 3866 tert.
2730 3822 2938 3883 partem
2963 3829 3129 3871 mom.
3158 3811 3319 3882 Vige-

1733 3905 1870 3958 sinto
1913 3907 2143 3975 septimo
2195 3920 2358 3959 mom.
2390 3904 2476 3958 18.
2517 3903 2791 3974 Vigesimo
2831 3914 3025 3958 octavo
3073 3917 3311 3958 momen.

1731 3996 1798 4050 18
1829 4005 1884 4050 et
1931 3997 2153 4050 secund.
2197 4006 2404 4066 partem
2455 4011 2620 4050 mom.
2655 3995 2926 4066 Vigesinto
2971 4010 3114 4050 nono
3142 4010 3310 4050 mom.

1731 4087 1800 4141 19
1835 4096 1889 4141 et
1921 4095 2044 4140 tert.
2071 4095 2278 4157 partem
2307 4101 2470 4140 mom.
2511 4084 2810 4155 Trigesimo
2841 4085 2928 4139 die
2951 4100 3117 4138 mom.
3146 4084 3237 4138 20.
3298 4115 3308 4126 -

1799 4176 1926 4230 Huic
1949 4177 2002 4230 in
2026 4192 2351 4246 unoquoque
2392 4176 2547 4244 signo
2579 4174 2639 4227 lit
2674 4189 2886 4228 summa
2916 4183 3313 4228 momentorum

1733 4265 1807 4320 20
1837 4275 1893 4320 et
1921 4267 2034 4335 ipsa
2063 4273 2336 4320 momenta
2377 4263 2582 4317 faciunt
2619 4263 2852 4317 mediam
2881 4263 3096 4327 horam,
3117 4271 3170 4318 et
3199 4262 3316 4318 dies

1727 4355 1817 4409 50.
1844 4355 2093 4411 Secundo
2119 4357 2274 4425 signo
2308 4368 2476 4408 mom.
2514 4351 2584 4405 20
2613 4367 2681 4405 ex
2711 4350 2933 4407 dimidia
2963 4351 3117 4415 hora,
3137 4351 3213 4406 ibi
3239 4351 3310 4405 50

1726 4445 1862 4499 dies.
1890 4443 2074 4500 Tertio
2106 4445 2261 4514 signo
2287 4459 2452 4498 mom.
2495 4442 2572 4497 20
2600 4457 2668 4496 ex
2696 4442 2914 4497 dimidia
2944 4443 3100 4508 bora,
3131 4443 3204 4498 ibi
3242 4443 3312 4496 50

1730 4535 1865 4599 dies,
1896 4543 1952 4589 et
1991 4535 2070 4589 sic
2094 4536 2160 4589 de
2192 4533 2438 4604 singulis.
2487 4531 2613 4586 Haec
2643 4531 2713 4585 12
2765 4532 2918 4601 signa
2959 4531 3165 4587 faciunt
3206 4531 3312 4585 860

1730 4635 2024 4680 momenta.
2051 4625 2165 4695 Ipsa
2189 4634 2462 4679 momenta
2481 4623 2588 4678 240
2608 4621 2816 4678 faciunt
2841 4624 3006 4678 horas
3027 4624 3078 4688 6,
3107 4631 3164 4676 et
3185 4623 3314 4690 ipsa:

1729 4717 1878 4771 hora:
1909 4716 2114 4772 faciunt
2140 4719 2162 4770 1
2191 4716 2546 4785 quadrantem
2587 4715 2690 4768 in1
2725 4728 2889 4777 anno,
2913 4723 2966 4768 et
2990 4713 3312 4782 quadragies

1729 4810 1902 4864 ductae
1927 4825 2024 4879 per
2056 4809 2090 4862 4
2115 4825 2286 4863 annos
2306 4807 2512 4862 faciunt
2535 4808 2697 4862 horas
2734 4806 2827 4871 24,
2855 4807 2999 4876 quod
3027 4814 3110 4862 est
3141 4806 3166 4858 1
3198 4806 3313 4860 dies

1726 4901 2007 4965 naturalis,
2035 4914 2193 4968 quem
2226 4899 2400 4953 Latini
2423 4899 2722 4954 bissextum
2755 4905 2970 4954 vocant.

1837 4990 1916 5043 Ad
1955 4992 2182 5060 quinque
2215 4988 2328 5042 dies
2361 4987 2702 5112 iiittzerealares
2743 4985 3076 5040 inveniendo:
3113 5004 3208 5055 per

2420 5073 2438 5087 ··
2483 5075 2653 5112 διαπα.

2420 5073 2455 5112 ‘z
2483 5075 2653 5126 Signa.

1800 5149 2061 5205 XXXVII.
2090 5149 2148 5204 Si
2178 5163 2337 5205 nosse
2375 5148 2453 5202 vis
2481 5147 2754 5216 quomodo
2783 5145 3108 5199 adcrescunt
3136 5144 3169 5197 5
3195 5144 3316 5206 dies

1727 5244 2084 5299 intercalares
2117 5242 2344 5314 singulis
2395 5239 2673 5295 mensibus
2709 5247 2766 5292 et
2793 5236 2986 5291 diebus
3025 5237 3076 5290 in
3108 5238 3128 5292 1
3167 5253 3315 5298 anno

1728 5337 1856 5392 solis
1896 5351 2059 5390 cursu
2108 5351 2205 5405 per
2260 5334 2328 5389 12
2364 5333 2540 5404 signa,
2588 5332 2642 5385 in
2683 5344 3009 5400 unoquoque
3056 5328 3216 5406 signo
3247 5333 3332 5388 10.

1727 5430 1875 5484 liora:
1904 5438 2172 5485 crescunt.
2219 5427 2510 5496 Multiplico
2551 5424 2617 5478 10
2647 5438 2742 5494 per
2778 5423 2988 5494 decies,
3021 5428 3157 5482 riunt
3187 5427 3308 5489 100,

1727 5523 1909 5590 quia1
1953 5522 2086 5576 hora
2145 5522 2210 5575 10
2278 5521 2482 5574 minuta
2547 5516 2693 5571 facit.
2751 5516 3045 5590 Multiplica
3103 5519 3169 5575 ιο
3218 5534 3316 5588 ρει-

1727 5611 1930 5676 decies,
1972 5611 2109 5665 ﬁunt
2156 5611 2257 5664 100
2304 5611 2533 5664 minuta.
2573 5608 2646 5662 Da
2694 5610 2990 5682 unicuique
3019 5612 3124 5667 diei
3153 5626 3220 5665 ex
3245 5609 3316 5663 50

1729 5701 1918 5757 diebus
1959 5703 1993 5756 5
2028 5701 2261 5766 minuta,
2300 5710 2357 5755 et
2394 5700 2611 5756 tertiam
2664 5715 2878 5774 partem
2930 5703 3142 5767 minuti,
3188 5703 3315 5770 quia

1729 5794 1876 5848 omni
1905 5794 1994 5850 die
2019 5809 2084 5850 ex
2130 5795 2200 5848 '50
2243 5793 2433 5849 diebus
2457 5793 2788 5854 adcrtuscunt
2815 5797 2848 5850 5
2881 5796 3108 5859 minuta,
3132 5803 3186 5848 et
3209 5803 3314 5846 ter-
