4006 5468
709 463 844 518 1293

1513 458 1800 517 ΑΡΡΕΝΙ).
1837 461 1928 516 AD
1971 455 2144 515 SAEC.
2184 457 2270 512 IX.
2297 488 2363 496 -—
2395 453 2762 513 AUCTORES
2799 449 3128 509 ANONYMI.

3829 444 3946 500 1296

707 561 937 650 ϋιίρθη
977 576 1188 640 minuti.
1223 575 1406 630 Primo
1437 589 1577 628 anno
1611 593 1663 644 p.
1690 579 1705 598 ⁶
1744 578 2012 631 bissextus
2066 573 2277 628 initium

2384 572 2523 626 diem
2558 573 2582 626 1
2616 589 2631 637 ;
2662 579 2718 625 et
2761 570 2977 640 quando
3021 569 3293 622 bissextus
3329 564 3576 620 evenerit
3598 604 3612 624 ,
3662 561 3779 617 dies
3815 562 3866 626 2,
3900 574 3948 616 et

705 673 878 742 prima
913 670 1045 724 hora
1082 668 1258 722 noctis
1297 667 1350 720 in
1384 666 1562 736 primo
1591 667 1744 736 signo
1770 665 2005 719 intretin
2043 663 2278 716 Arietem

705 769 756 822 i‘n
786 778 1110 835 unoquoque
1144 763 1232 816 die
1267 775 1330 816 ex
1359 759 1428 813 50
1476 760 1664 814 diebus
1705 767 1952 814 crescunt
1994 757 2027 809 5
2051 757 2275 818 minuta,

702 866 757 910 et
782 857 939 911 tertia
981 867 1108 924 pars
1158 851 1372 906 minuti.
1426 849 1674 905 Secundo
1727 850 1812 904 die
1843 849 1875 902 6
1906 855 2196 908 momenta,
2226 855 2281 900 et

704 946 938 1000 secunda
965 956 1095 1012 pars
1146 939 1357 993 minuti.
1393 937 1575 992 Tertio
1627 937 1692 990 10
1730 939 1954 991 minuta.
1980 935 2183 1002 Quarto
2216 935 2280 987 l5

703 1037 934 1099 minuta,
981 1042 1033 1088 et
1073 1032 1229 1086 tertia
1281 1044 1410 1099 pars
1460 1029 1674 1083 minuti.
1729 1027 1927 1094 Quinto
1972 1027 2039 1079 16
2070 1025 2200 1078 miu.
2225 1033 2281 1078 et

701 1125 936 1180 secunda
967 1138 1092 1192 pars
1120 1121 1248 1174 min.
1277 1119 1441 1172 Sexto
1485 1116 1554 1170 20
1601 1116 1730 1170 min.
1760 1115 2001 1185 Septimo
2029 1113 2099 1166 25
2121 1113 2279 1177 min.,

701 1224 757 1269 et
779 1213 939 1268 tertia
964 1227 1090 1281 pars
1113 1210 1245 1263 min.
1271 1207 1476 1262 Octavo
1501 1206 1591 1269 26,
1626 1214 1681 1259 et
1703 1205 1838 1259 duas
1856 1212 2038 1272 partes
2065 1201 2278 1255 minuti.

702 1305 854 1358 Nono
882 1304 951 1357 50
982 1301 1110 1354 min.
1153 1299 1372 1352 Decimo
1407 1297 1476 1351 55
1505 1297 1663 1360 min.,
1685 1304 1741 1350 et
1771 1297 1937 1349 tertia
1977 1309 2106 1364 pars
2142 1293 2274 1347 min.

706 1390 1002 1448 Undecimo
1031 1388 1099 1444 56
1137 1387 1290 1451 min.,
1327 1396 1382 1440 et
1430 1385 1648 1440 secund.
1699 1394 1837 1453 part.
1886 1385 2018 1438 min.
2072 1382 2279 1437 Duode-

701 1480 842 1538 eimo
872 1481 942 1534 40
989 1479 1122 1533 min.
1177 1475 1559 1548 Decimotertio
1590 1474 1660 1528 45
1698 1475 1857 1536 min.,
1891 1483 1947 1528 et
1974 1481 2096 1526 tert.
2137 1481 2276 1540 part.

703 1574 835 1626 min.
878 1571 1296 1636 Decimoquarto
1326 1565 1395 1619 46
1428 1565 1586 1630 min.,
1617 1573 1672 1618 et
1711 1563 1936 1618 secund.
1961 1570 2100 1632 part.
2144 1561 2277 1615 min.

702 1659 1112 1729 Decimoquinto
1135 1657 1202 1711 50
1234 1657 1364 1710 min.
1392 1655 1768 1709 Decimoscxto
1797 1653 1865 1706 55
1893 1653 2050 1715 min.,
2075 1660 2129 1706 et
2152 1659 2276 1706 teri.

699 1760 842 1822 part.
879 1749 1012 1804 min.
1043 1745 1494 1814 Decimoseplimu
1523 1743 1592 1798 56
1616 1743 1776 1807 min.,
1799 1751 1854 1796 et
1881 1741 2104 1797 secund.
2131 1749 2275 1810 part.

701 1841 834 1894 min.
858 1839 1076 1894 Decimo
1101 1845 1294 1892 octavo
1315 1835 1384 1889 60
1411 1834 1540 1888 min.
1578 1832 1996 1903 Undevigesimo
2019 1831 2088 1885 65
2121 1831 2278 1895 min.,

701 1941 755 1984 et
788 1939 909 1984 tert.
944 1937 1082 1998 part.
1117 1928 1248 1981 min.
1282 1923 1557 1994 Vigesimo
1581 1925 1650 1978 66
1681 1923 1834 1989 min.,
1863 1931 1919 1978 et
1938 1923 2070 1976 duas
2095 1930 2278 1991 partes
2313 1918 2352 1975 Β

702 2021 833 2074 min.
860 2017 1131 2088 Vigesimo
1155 2015 1330 2085 primo
1376 2014 1446 2066 70
1483 2013 1614 2067 min.
1649 2013 1923 2083 Vigesimo
1950 2012 2188 2066 secundo
2213 2010 2280 2063 75

703 2113 860 2176 min.,
887 2119 943 2165 et
978 2109 1199 2165 secund.
1233 2116 1374 2177 part.
1406 2104 2000 2175 min.Vigesimoter.io
2031 2104 2097 2157 76
2124 2102 2280 2166 min.,

707 2211 760 2256 et
785 2201 1005 2256 secund.
1041 2209 1184 2270 part.
1223 2198 1356 2251 min.
1384 2195 1653 2266 Vigesimo
1701 2204 1898 2264 quarto
1929 2194 1997 2248 80
2029 2192 2160 2246 min.
2195 2191 2282 2245 Vi-

703 2295 907 2363 gesimo
954 2293 1142 2362 quinto
1169 2290 1239 2345 85
1265 2290 1397 2343 min.
1427 2297 1480 2342 et
1508 2297 1634 2343 tert.
1679 2295 1821 2357 part.
1847 2287 1978 2341 min.
2012 2284 2281 2355 Vigesimo

704 2392 860 2439 sexto
897 2383 965 2437 86
996 2382 1151 2445 min.,
1193 2389 1248 2434 et
1290 2378 1514 2434 secund.
1565 2386 1703 2446 part.
1739 2377 1871 2430 min.
1901 2375 2171 2446 Vigesimo
2198 2390 2281 2430 se-

700 2474 873 2543 ptimo
927 2472 994 2527 90
1036 2472 1164 2525 min.
1196 2468 1468 2540 Vigcsimo
1517 2479 1711 2523 octavo
1762 2467 1831 2522 95
1873 2466 2030 2530 min.,
2072 2473 2126 2519 ct
2156 2474 2279 2521 tert.

703 2572 846 2636 part.
896 2564 1026 2618 min.
1078 2561 1511 2632 Undetrigesimo
1559 2561 1627 2615 96
1687 2560 1816 2614 min.
1863 2570 1918 2614 et
1945 2560 2078 2614 duas
2098 2567 2282 2628 partes

703 2655 837 2709 min.
874 2653 1178 2724 Trigesimo
1201 2653 1290 2706 die
1320 2651 1421 2706 100
1451 2651 1678 2704 minuta.

775 2744 1006 2812 Haecque
1037 2759 1206 2800 unum
1225 2743 1438 2811 signum
1469 2741 1759 2809 integrum,
1786 2749 1840 2794 et
1866 2741 1922 2794 ﬁt
1949 2754 2158 2794 summa
2181 2738 2282 2794 I90

703 2835 1057 2888 minutorum.
1081 2833 1197 2902 Ipsa
1223 2832 1424 2885 minuta
1453 2830 1661 2885 faciunt
1687 2832 1850 2886 horas
1881 2830 1941 2884 10
1968 2840 2021 2885 et
2048 2830 2118 2884 50
2142 2830 2279 2886 dies.

707 2923 912 2978 Similis
942 2937 1202 2977 numerus
1244 2922 1296 2974 in
1347 2921 1412 2974 12
1453 2920 1654 2990 signis;
1688 2920 1740 2974 in
1767 2935 2090 2988 unoquoque
2127 2921 2282 2990 signa

706 3017 808 3071 100
844 3017 1072 3080 minuta,
1111 3017 1336 3087 ipsaque
1365 3015 1572 3068 minuta
1618 3013 1823 3068 faciunt
1861 3014 2018 3067 horas
2042 3012 2109 3066 10
2130 3021 2184 3067 et
2213 3011 2282 3065 50

706 3109 839 3162 dies.
867 3108 992 3163 Haec
1014 3109 1081 3161 12
1104 3108 1256 3177 signa
1284 3106 1490 3160 faciunt
1514 3106 1630 3160 dies
1659 3105 1784 3170 560,
1815 3105 1978 3159 horas
2005 3104 2122 3158 120.
2151 3104 2283 3172 Ipsze

704 3197 855 3252 hora:
885 3196 1088 3250 faciunt
1110 3196 1312 3249 minuta
1337 3194 1493 3248 1200.
1523 3194 1733 3248 Partire
1759 3194 1860 3248 120
1882 3195 2045 3248 horas
2069 3208 2165 3263 per
2186 3193 2280 3258 24,

2382 660 2545 714 habet
2575 659 2688 728 ipse
2719 672 2894 712 annus
2921 658 3083 711 horas
3115 653 3369 726 l[8l770,
3419 661 3476 706 et
3520 651 3694 706 habet
3737 660 3947 720 punctm

2387 751 2565 816 I,055,
2599 758 2654 803 et
2697 750 2916 817 insuper
2959 747 3122 801 horas
3146 745 3233 798 40.
3264 745 3413 814 Ipsas
3441 745 3614 798 horas
3641 742 3822 796 divide
3849 742 3896 793 in
3920 743 3948 792 7

2379 851 2581 910 partes,
2610 839 2836 907 septima
2865 852 2990 907 pars
3017 852 3080 890 ex
3117 837 3246 906 ipsis
3272 836 3423 891 boris
3448 843 3579 887 sunt
3605 834 3758 886 hora:
3786 831 3948 894 1,260,

2380 943 2435 988 et
2457 933 2523 986 de
2553 933 2681 1000 ipsis
2710 938 2992 984 remanent
3021 929 3165 982 horze
3190 927 3224 980 5
3251 938 3408 981 extra
3457 927 3770 995 portionem
3801 925 3948 976 hora-

2381 1039 2498 1078 rum
2519 1063 2534 1088 ,
2564 1033 2619 1078 et
2644 1023 2772 1092 ipsa:
2799 1022 2832 1075 5
2863 1022 3009 1075 horae
3036 1020 3242 1074 faciunt
3267 1021 3595 1074 bissextum.

2912 1109 2938 1163 1
2944 1119 3046 1163 tem
3085 1111 3151 1162 de
3189 1111 3436 1164 bissexti).

2455 1202 2587 1257 XLI.
2628 1203 2685 1258 In
2728 1203 3006 1258 mensibus
3035 1201 3101 1254 12
3128 1203 3451 1255 adcrescunt
3479 1201 3666 1270 puncti
3699 1199 3764 1252 12
3792 1199 3842 1253 in
3869 1216 3950 1253 at»

2381 1309 2450 1348 no
2478 1293 2532 1357 1,
2555 1293 2646 1362 qui
2679 1294 2886 1348 faciunt
2912 1292 3073 1345 horas
3099 1291 3152 1344 5.
3181 1292 3236 1344 In
3269 1291 3378 1344 alio
3420 1305 3568 1344 anno
3611 1291 3778 1343 horas
3815 1290 3865 1342 5.
3899 1289 3947 1342 In

2381 1385 2542 1439 tertio
2568 1384 2731 1438 horas
2751 1383 2809 1437 5.
2839 1383 2897 1437 In
2924 1390 3116 1453 quarto
3145 1395 3287 1434 anno
3312 1381 3478 1448 horas
3503 1382 3561 1442 5,
3592 1390 3648 1434 et
3677 1381 3804 1447 ipsa:
3822 1379 3949 1433 bone

2381 1475 2593 1530 faciunt
2623 1477 2787 1530 horas
2815 1475 2904 1529 12.
2931 1457 2998 1528 Εἰ
3024 1489 3075 1526 γι
3103 1473 3219 1526 Kal.
3264 1471 3427 1526 Mart.
3473 1473 3688 1527 faciunt
3729 1472 3864 1525 diem
3895 1472 3939 1528 I.

2380 1578 2434 1621 et
2460 1568 2634 1636 ipsam
2663 1567 2804 1620 diem
2833 1565 3036 1621 mensis
3061 1565 3412 1630 Februarius,
3442 1564 3670 1634 quando
3700 1565 3950 1618 bissextus

2379 1659 2654 1723 evenerit,
2691 1657 2905 1727 accipit.

2917 1745 3050 1799 Item
3086 1746 3150 1800 de
3185 1747 3430 1800 bisseno.

2454 1837 2611 1892 XLII.
2644 1837 2950 1891 Bisscxlum
2982 1850 3088 1890 non
3115 1836 3184 1890 ob
3212 1835 3364 1889 illum
3398 1836 3545 1890 diem
3575 1835 3694 1889 fieri
3714 1877 3730 1897 ,
3760 1843 3819 1888 ut
3845 1836 3947 1902 qni-

2383 1932 2505 1986 dam
2531 1935 2748 1999 putant,
2781 1944 2902 1984 cum
2927 1927 3093 1982 Iosue
3119 1927 3287 1982 solem
3315 1927 3511 1984 orabat
3539 1936 3689 1982 stare
3706 1969 3721 1990 ,
3751 1929 3948 1980 creden-

2384 2023 2509 2076 dum
2539 2030 2652 2085 est,
2681 2021 2806 2090 quia
2833 2021 2920 2075 ille
2944 2021 3059 2075 dies
3081 2019 3212 2084 fuit,
3241 2031 3298 2076 et
3321 2021 3608 2090 prmteriit.
3637 2020 3742 2074 Sed
3769 2020 3838 2074 ob
3861 2021 3946 2072 hoc

2383 2112 2584 2166 dicitur
2627 2111 2930 2173 bissextus,
2975 2111 3118 2179 quod
3167 2111 3220 2164 in
3269 2125 3601 2187 unoquoque
3629 2125 3813 2165 mense
3837 2125 3946 2180 pun-

2382 2212 2502 2257 ctus
2531 2204 2552 2256 1
2590 2203 2890 2257 adcrescat.
2924 2200 3162 2255 Punctus
3191 2215 3319 2255 vero
3351 2201 3376 2254 1
3410 2210 3609 2269 quarta
3656 2216 3784 2269 pars
3822 2201 3946 2254 honr.

2382 2300 2484 2346 est.
2528 2291 2718 2346 Puncti
2747 2306 2875 2345 vero
2903 2289 2937 2344 4
2966 2291 3154 2344 horam
3184 2291 3206 2344 I
3245 2290 3476 2346 faciunt.
3509 2291 3710 2345 Pnncti
3740 2305 3864 2346 vero
3893 2291 3944 2343 12

2384 2383 2545 2437 horas
2589 2383 2622 2436 5
2659 2381 2900 2451 explent.
2942 2381 3084 2450 Ergo
3129 2380 3183 2434 in
3222 2380 3256 2433 4
3294 2381 3456 2434 annis
3499 2380 3535 2432 4
3579 2390 3744 2433 ternze
3788 2380 3946 2439 horae,

2383 2473 2528 2542 quod
2557 2483 2682 2527 sunt
2711 2473 2800 2536 12,
2829 2472 2969 2526 diem
2998 2471 3204 2526 faciunt
3228 2472 3251 2524 1
3281 2472 3372 2541 qui
3405 2472 3630 2525 additur
3655 2470 3942 2528 Februario,

2383 2578 2614 2634 cumque
2643 2581 2695 2618 γι
2724 2563 2844 2617 Kal.
2875 2563 3032 2617 Mart.
3061 2564 3342 2623 habuerit,
3371 2573 3428 2618 et
3454 2573 3516 2617 ut
3544 2564 3598 2616 in
3627 2564 3860 2619 crastino
3884 2563 3944 2613 sit:

2383 2654 2598 2708 habeat.
2630 2654 2694 2708 V.
2740 2670 2793 2724 ε.
2847 2654 2892 2708 si
2948 2654 3105 2708 hodie
3165 2671 3216 2708 v1
3264 2654 3381 2708 Kal.
3432 2653 3597 2708 Mart.
3646 2654 3854 2707 additur
3875 2652 3943 2704 ilia

2385 2745 2528 2807 dies,
2579 2745 2670 2814 qui
2713 2753 2908 2814 quarto
2950 2760 3094 2798 anno
3133 2745 3378 2819 expletus
3418 2753 3535 2809 est,
3573 2756 3636 2798 ut
3669 2755 3728 2797 et
3766 2745 3813 2796 in
3851 2758 3943 2794 cra-

2384 2835 2527 2890 stino
2557 2835 2636 2889 sic
2663 2835 2859 2889 habeat
2885 2851 2935 2888 VI
2964 2835 3084 2888 Kal.
3117 2834 3272 2888 Mart.
3305 2835 3374 2888 Et
3403 2835 3530 2889 ideo
3571 2834 3841 2889 bissextus
3879 2832 3943 2883 di-

2385 2926 2544 2991 citur,
2577 2926 2700 2995 quia
2730 2926 2812 2980 his
2841 2925 3036 2997 legitur
3065 2943 3117 2980 v1
3148 2926 3267 2980 Kal.
3298 2926 3464 2981 Mart.

2901 3017 3034 3070 Item
3065 3018 3130 3072 de
3160 3005 3411 3072 bissexto.

2456 3105 2630 3160 XLIII.
2662 3106 2718 3160 In
2747 3106 2780 3159 6
2805 3106 2993 3160 diebus
3022 3105 3150 3161 fecit
3175 3107 3436 3160 mundum
3467 3107 3641 3171 Deus,
3674 3107 3727 3160 in
3751 3107 3944 3175 septima

2389 3197 2670 3265 requievit.
2719 3197 2861 3266 Ergo
2906 3205 2962 3250 ut
3006 3195 3215 3265 plenius
3261 3196 3610 3264 intelligatur
3656 3207 3936 3267 compotus,

702 3297 759 3343 et
787 3289 922 3342 ﬁunt
950 3288 1239 3358 quinquies
1263 3286 1355 3352 24,
1377 3288 1519 3357 quod
1560 3295 1686 3341 sunt
1707 3287 1740 3339 5
1768 3287 1882 3340 dies
1910 3285 2000 3354 qui
2032 3287 2286 3340 dicuntur
2313 3284 2356 3345 C
2388 3287 2510 3341 vide
2559 3295 2692 3357 quot
2747 3286 2910 3340 horas
2963 3286 3157 3342 habeat
3205 3287 3228 3341 1
3275 3304 3489 3353 annus,
3537 3296 3595 3342 et
3646 3289 3816 3342 divide
3851 3286 3940 3338 ilia:

701 3379 1075 3443 intercalares,
1098 3387 1153 3432 et
1181 3385 1341 3433 erunt
1369 3376 1532 3432 totius
1561 3377 1686 3431 anui
1711 3377 1826 3431 dies
1851 3375 1979 3430 565.

1334 3469 1410 3522 De
1441 3469 1668 3537 punctis.

774 3560 1062 3616 XXXVIII.
1093 3560 1246 3617 Unus
1289 3569 1520 3631 pugctus
1567 3567 1758 3628 quarta
1806 3574 1935 3628 pars
1981 3558 2130 3612 hora:
2175 3565 2279 3613 est.

698 3655 902 3710 ’Puncti
930 3655 963 3708 4
1001 3655 1208 3709 faciunt
1234 3655 1256 3707 I
1296 3653 1504 3708 horam.
1550 3652 1788 3705 Punctus
1815 3652 1837 3704 1
1869 3651 1995 3705 facit
2025 3649 2090 3703 10
2114 3663 2278 3703 mom.

701 3747 894 3800 Puncti
916 3746 950 3798 4
979 3759 1142 3798 mom.
1171 3743 1260 3806 40,
1294 3752 1346 3796 et
1375 3742 1476 3796 ista
1499 3742 1568 3795 40
1598 3756 1760 3795 moui.
1797 3740 2039 3794 faciuntI
2070 3741 2278 3794 horam.

708 3833 775 3886 Et
817 3833 850 3885 6
890 3834 1037 3887 hora:
1068 3833 1120 3885 in
1160 3833 1184 3884 1
1241 3845 1381 3884 anno
1439 3829 1640 3884 faciunt
1679 3831 1703 3883 1
1762 3830 2139 3898 quadrantem,
2174 3827 2281 3880 et4

703 3921 1036 3990 quadrantes
1074 3921 1125 3974 in
1157 3919 1190 3972 4
1231 3919 1388 3972 annis
1427 3919 1632 3972 faciunt
1680 3918 1820 3972 diem
1875 3929 1928 3972 et
1971 3926 2283 3982 noctem,ct

703 4010 811 4080 ipsi
838 4009 874 4064 4
900 4010 1230 4079 quadrantes
1261 4007 1312 4061 id
1332 4016 1416 4061 est
1445 4009 1477 4060 6
1503 4017 1696 4076 quater
1724 4007 1868 4061 ducti
1897 4008 2097 4062 faciunt
2121 4009 2280 4064 horas

706 4101 796 4164 24,
826 4101 1030 4154 id-estI
1061 4100 1174 4152 dies
1195 4111 1261 4151 ex
1291 4097 1362 4150 24
1405 4097 1572 4162 horis,
1610 4099 1700 4166 qui
1746 4098 1942 4152 dicitur
1987 4100 2278 4164 bissextus,

706 4192 833 4260 quia
862 4191 945 4246 bis
965 4190 1159 4261 legitur
1188 4205 1240 4242 vr
1267 4188 1383 4242 Kal.
1418 4187 1572 4242 Mart.

782 4281 1020 4334 Punctus
1051 4280 1076 4332 1
1126 4277 1254 4332 facit
1285 4279 1321 4331 2
1361 4277 1585 4342 minuta,
1617 4286 1673 4332 et
1713 4277 1966 4334 medium.
2027 4277 2218 4333 Puncti
2247 4279 2282 4333 2

711 4370 914 4424 minuta
943 4369 995 4422 5.
1024 4367 1214 4421 Puncti
1245 4366 1278 4419 4
1304 4366 1508 4420 minuta
1555 4366 1642 4420 10.
1682 4366 1796 4436 Ipsa
1836 4367 2038 4420 minuta
2079 4364 2282 4422 faciunt

711 4463 918 4515 horam.
950 4458 1140 4513 Puncti
1183 4457 1253 4511 40
1298 4457 1500 4511 faciunt
1533 4457 1696 4512 horas
1724 4458 1808 4521 10,
1840 4466 1895 4511 et
1923 4456 2127 4512 faciunt
2152 4458 2280 4526 ipsa:

698 4553 856 4607 horae
877 4552 979 4606 100
1022 4551 1248 4604 minuta.
1278 4549 1394 4620 Ipsa
1419 4549 1625 4603 minuta
1663 4558 1857 4618 quater
1887 4550 2044 4605 duo-ta
2076 4549 2282 4604 faciunt

705 4643 872 4708 “1,500
907 4643 1134 4705 minuta,
1157 4641 1281 4709 quia
1313 4641 1337 4694 1
1368 4641 1632 4694 minutum
1649 4650 1840 4710 quater
1855 4642 2070 4695 ductum
2097 4642 2224 4698 facit
2247 4642 2277 4696 4
2311 4629 2361 4689 D
2389 4643 2689 4716 [165,440].

711 4739 936 4793 minuta.
965 4738 1021 4792 In
1054 4737 1120 4791 12
1156 4737 1432 4792 mensibus
1475 4749 1573 4792 ter.
1631 4748 1824 4807 quater
1867 4739 2027 4793 ducta
2080 4737 2282 4792 faciunt

711 4828 916 4882 minuta
945 4826 1126 4893 1,200.
1157 4825 1271 4894 Ipsa
1303 4827 1509 4880 minuta
1543 4836 1732 4895 quater
1757 4827 1915 4881 ducta
1942 4826 2147 4880 faciunt
2169 4843 2282 4880 mo-

712 4926 893 4972 menta
919 4916 1082 4980 4,800
1103 4930 1169 4970 ex
1204 4915 1307 4968 560
1329 4916 1518 4969 diebus
1546 4916 1599 4970 in
1631 4918 1653 4969 1
1689 4931 1851 4968 anno.

1253 5004 1330 5059 De
1368 5005 1550 5060 diebus
1575 5006 1721 5060 anni.

786 5096 1027 5151 XXXIX.
1054 5095 1240 5150 Annus
1273 5096 1296 5149 1
1335 5097 1496 5150 habet
1519 5099 1633 5152 dies
1654 5098 1780 5164 565,
1820 5107 1875 5152 et
1911 5098 2048 5150 inter
2081 5096 2195 5150 dies
2229 5105 2283 5150 et

717 5196 903 5258 noctes
937 5185 1117 5248 8,760.
1149 5185 1257 5240 Fac
1276 5201 1342 5241 ex
1380 5187 1511 5256 ipsis
1541 5188 1570 5240 7
1599 5197 1782 5256 partes
1819 5188 2080 5250 millenas,
2109 5202 2285 5240 rema-

716 5287 844 5330 nent
869 5275 1046 5340 I,760.
1070 5276 1146 5329 Ex
1173 5275 1301 5346 ipsis
1337 5275 1421 5330 fac
1453 5278 1482 5329 7
1505 5289 1685 5344 partes
1726 5276 2074 5340 ducentenas,
2103 5291 2283 5330 rema-

867 5367 970 5390 ""‘
1011 5365 1117 5404 Fati
1137 5381 1204 5420 ,ιχ
1235 5367 1365 5424 ipsis
1407 5367 1604 5420 senlies
1635 5366 2061 5422 “uinmraaenes.
2095 5379 2283 5417 SIIDCP°

2387 3377 2440 3431 in
2485 3377 2515 3429 7
2555 3386 2773 3446 partes,
2816 3385 3082 3446 quotquot
3127 3388 3412 3433 remanent
3455 3379 3685 3432 exinde.
3732 3377 3938 3431 Primum

2386 3477 2636 3538 computa
2681 3468 2797 3522 dies
2843 3468 2948 3522 500
2991 3470 3258 3536 quomodo
3309 3470 3477 3524 horas
3531 3470 3718 3526 decies
3761 3469 3936 3522 centeni

2387 3569 2512 3616 sunt
2557 3560 2711 3615 1000.
2762 3561 2853 3614 Bis
2901 3561 3197 3615 trecenteni
3245 3560 3349 3614 600
3391 3561 3558 3614 fiunt.
3605 3561 3664 3614 In
3708 3561 3810 3613 500
3847 3558 3975 3610 dits'

2388 3651 2548 3715 1,600
2588 3651 2739 3704 (Iunt.
2789 3650 2987 3705 Iterum
3035 3645 3200 3706 facies
3245 3651 3310 3705 10
3349 3667 3596 3722 sexagen
3645 3652 3764 3706 120.
3809 3651 3940 3704 Fiunt

2387 3743 2533 3796 hora:
2577 3741 2698 3795 720.
2744 3741 2943 3795 Iterum
2992 3741 3158 3796 facies
3199 3741 3495 3812 quinquies
3541 3743 3632 3808 10,
3675 3744 3733 3796 fit
3775 3743 3866 3802 50,
3899 3749 3939 3791 ct

2388 3830 2470 3882 bis
2499 3829 2532 3882 5
2561 3830 2620 3882 Iit
2645 3829 2728 3882 10.
2760 3829 2900 3884 Ecce
2927 3830 3148 3884 habebis
3174 3829 3243 3884 65
3267 3831 3402 3886 dies.
3433 3831 3602 3886 Fiunt
3635 3833 3791 3886 simul
3821 3832 3936 3884 inter

2386 3917 2501 3971 dies
2526 3927 2582 3970 ct
2612 3925 2796 3972 noctes
2821 3918 2967 3971 horae
2995 3916 3051 3971 in
3084 3926 3196 3972 toto
3222 3933 3364 3972 anno
3392 3918 3581 3981 8,760.
3629 3919 3816 3974 Diride
3839 3919 3936 3970 ita;

2388 4007 2440 4059 in
2488 4006 2518 4058 7
2562 4015 2764 4074 partes.
2814 4005 3055 4060 Primum
3096 4005 3265 4062 facies
3311 4009 3519 4077 septies
3569 4009 3747 4070 mille.
3793 4019 3965 4077 reme-,1

2496 4045 2509 4058 .
2563 4045 2764 4074 μην...
2814 4045 3055 4060 ...........
3096 4045 3265 4062 ...μω
3311 4045 3360 4062 ρ.
3439 4045 3519 4063 ...δ
3793 4045 3914 4061 ...αι

2385 4105 2515 4152 nent
2541 4096 2722 4160 4,760.
2754 4098 2946 4152 lterum
2990 4096 3156 4153 facies
3195 4045 3432 4169 septeni"
3438 4100 3567 4153 200.
3601 4045 3963 4169 1⁷111111ίριέἱῇ

2385 4187 2583 4242 Iterum
2627 4186 2793 4242 facies
2835 4188 3033 4256 septies
3073 4188 3458 4259 quinquagent.
3506 4189 3670 4243 Fiunt
3705 4189 3837 4248 550,
3874 4200 3936 4238 re-

2386 4285 2607 4333 manent
2652 4278 2736 4332 IO.
2779 4277 2974 4331 Iterum
3017 4277 3180 4332 facies
3225 4287 3466 4349 scptuag.
3517 4280 3549 4331 7
3590 4289 3858 4333 remanent
3891 4277 3932 4327 3.

2386 4368 2506 4424 Istae
2551 4369 2584 4422 5
2631 4370 2778 4423 hora:
2828 4367 3033 4423 faciunt
3066 4369 3087 4421 1
3124 4369 3264 4422 diem
3310 4371 3362 4423 in
3390 4370 3629 4424 4annis.
3679 4370 3815 4422 Anni
3859 4385 3932 4434 av;-

2386 4463 2517 4515 doas
2551 4462 2714 4516 habet
2753 4461 2915 4515 horas
2955 4459 3172 4523 70,080.
3215 4462 3356 4514 Anni
3401 4463 3641 4516 endecas
3683 4461 3830 4515 habet
3855 4460 3926 4510 in.»

2387 4567 2476 4606 ras
2501 4553 2722 4616 95,560.
2744 4553 2905 4607 Fiunt
2934 4552 3150 4608 insimul
3175 4554 3347 4623 ogdoa
3369 4564 3452 4610 set
3478 4555 3710 4609 endecas
3732 4549 3928 4612 465.910

2928 4736 3059 4789 llcm
3089 4737 3153 4790 de
3181 4736 3423 4791 bimae.
3941 4693 3949 4814 j

2457 4829 2643 4885 XLIV.
2695 4829 2873 4896 Quare
2918 4828 2978 4883 fit
3012 4829 3319 4888 bissextus.
3361 4838 3418 4885 et
3456 4831 3727 4899 quomodo
3769 4829 3844 4885 Iit,
3883 4817 3945 4899 ξιξ

2385 4921 2512 4989 quid
2539 4929 2716 4984 esset,
2747 4921 2790 4976 si
2822 4935 2926 4974 non
2957 4918 3188 4974 fuisset?
3215 4919 3430 4986 Quare,
3472 4922 3526 4975 id
3569 4931 3654 4974 est
3691 4921 3808 4989 quia
3839 4929 3920 4967 me

2386 5011 2611 5081 implent
2637 5011 2742 5066 565
2771 5011 2887 5066 dies
2917 5010 3148 5066 solarem
3179 5025 3383 5065 annum
3407 5052 3422 5076 ,
3453 5011 3558 5065 nisi
3605 5010 3787 5064 fuisset
3820 5020 3922 5073 qu:-

2387 5105 2570 5158 drans.
2598 5103 2685 5158 Fit
2710 5103 2984 5172 quadrans
3011 5118 3108 5172 per
3134 5110 3306 5156 totum
3334 5119 3539 5157 annum
3561 5144 3576 5166 ,
3607 5113 3661 5157 et
3686 5114 3916 5154 memmi.

2385 5203 2441 5247 et
2467 5195 2630 5248 diem.
2661 5194 2844 5248 Primo
2877 5210 3018 5248 anno
3047 5193 3238 5263 incipit
3276 5195 3557 5262 quadrans
3598 5210 3628 5246 a
3670 5192 3788 5246 solis
3821 5201 3912 5238 (ιλιι

2385 5299 2556 5353 usque
2587 5285 2639 5338 in
2669 5286 2906 5340 medium
2938 5286 3132 5340 noctis.
3175 5283 3369 5352 Incipit
3407 5287 3676 5353 qundam
3777 5295 3828 5305 "
3849 5295 3868 5310 ‘

2387 5373 2564 5428 eundo
2593 5389 2621 5426 θ
2652 5375 2877 5428 dimidio
2905 5374 3077 5416 non-ie
3104 5390 3112 5398 π
3144 5389 3230 5402 --ιι
3253 5365 3270 5394 -'

3929 4883 3944 5116 ἐ

3867 5116 3916 5152 βο

3871 5116 3937 5318 fl
