4020 6310
39 295 86 346 ⁴Ι
97 292 222 348 ’297
907 295 910 298 ’
1339 285 1560 341 LIBER
1578 283 1668 338 DE

1795 281 2048 339 MPUTO.
2114 283 2116 286 ’
2289 276 2292 279 ’
3191 276 3348 332 ίὲθᾶ·

45 409 190 464 diei
211 448 228 474 ,
257 404 384 476 quia
413 403 482 457 24
511 401 664 458 horis
693 415 814 457 cum
843 404 939 456 sua
971 407 1128 458 nocte
1170 398 1490 469 completur,
1532 396 1654 450 ideo
1680 396 1731 456 Α
1760 395 2050 450 tardlorem
2077 391 2239 448 habet
2265 406 2484 448 cursum
2504 432 2518 456 ,
2539 405 2701 462 quam
2725 381 2805 444 sel
2825 428 2838 453 ,
2866 381 2990 458 quia
3015 376 3092 441 sol
3116 396 3330 456 propter
3345 418 3360 425 ε-

45 503 250 555 boras
275 499 308 554 6
334 497 695 568 quadrantem
726 509 923 550 vocare
949 493 1206 550 solemus.
1247 491 1428 558 Quare
1454 491 1662 543 bissex—
1769 485 2112 539 velocitatem
2143 482 2225 538 sui
2255 497 2448 538 cursus
2476 481 2544 536 ab
2573 495 2634 536 ea
2666 479 2949 548 prolongat
2975 477 3225 546 spatium.

51 603 170 648 tus
200 608 253 646 v1
281 589 402 645 Kal.
435 588 595 644 Mart.
623 587 1017 641 intercaletur?
1042 583 1434 653 Respondetur,
1462 579 1532 634 ob
1559 580 1665 633 hoc
2319 572 2395 626 De
2424 571 2563 626 lunw
2594 587 2771 624 cursu.

47 683 313 739 bissexti
345 682 487 735 diem
519 681 572 734 in
605 693 792 732 mense
819 677 1081 732 Februar.
1123 676 1324 745 placuit
1354 669 1662 726 interealari
1837 666 2041 722 XLVII.
2089 663 2289 720 Omnes
2332 664 2496 734 igitur
2543 661 2758 714 lunares
2805 673 2996 713 cursus
3045 670 3334 711 secununm

49 773 384 835 Romanis,
427 769 555 840 quia
598 769 688 823 hic
729 768 947 823 brevior
985 767 1182 822 ceteris
1223 773 1502 820 extremus.
1536 759 1661 814 anni
1765 761 2112 816 Hebraeorum
2160 756 2642 827 Egyptiorumque
2691 749 3122 821 supputationem
3167 755 3342 816 potest

49 864 291 919 naensis
312 870 452 918 erat.
478 863 674 916 Verum
707 858 825 914 ideo
854 859 1088 914 nondum
1115 856 1360 926 explete‘
1391 866 1456 906 eo
1480 866 1665 921 quem-
1768 851 1943 905 facere
1963 849 2118 919 juxta
2148 845 2445 900 naturalem
2489 858 2708 897 cursum
2737 857 2834 910 per
2859 838 3098 908 singulos
3128 850 3343 890 menses

56 937 377 1010 admodum
431 951 669 1022 Egyptii
689 991 702 1015 ,
754 957 808 1004 et
856 948 1028 1004 Graeci
1071 925 1294 1002 decurso
1334 942 1500 998 totius
1540 939 1664 993 anni
1767 941 1881 994 dies
1907 939 1996 1003 29,
2027 945 2082 991 et
2107 936 2407 999 semissem,
2434 941 2488 986 et
2517 931 2798 985 dimidium
2827 929 2990 991 horae,
3020 933 3072 980 et
3099 925 3166 978 lﬁ
3191 939 3353 994 pazne-
3383 929 3388 934 ‘

61 1046 298 1101 circulo
339 1045 522 1100 facere
561 1043 848 1107 volebant,
877 1050 932 1096 et
971 1039 1197 1096 omnino
1222 1037 1398 1091 decisa
1425 1035 1542 1104 lege
1568 1046 1666 1086 sua
1769 1036 2060 1083 momenta.
2111 1023 2299 1081 Omnis
2348 1036 2577 1088 namque
2623 1019 2739 1074 dies
2781 1026 2836 1071 et
2880 1016 3018 1069 lunae
3068 1021 3346 1082 computa-

59 1146 269 1192 veter.
303 1136 518 1190 initium
547 1133 724 1187 Martii
755 1131 954 1187 mensis
978 1145 1007 1184 a
1037 1129 1194 1184 Febr.
1226 1126 1334 1180 ﬁne
1361 1123 1667 1193 seiungere,
1769 1122 1914 1175 tione
1941 1161 1954 1185 ,
2005 1133 2110 1172 non
2159 1115 2345 1172 eodem
2399 1125 2621 1166 numero
2670 1125 2791 1164 cum
2839 1121 2996 1160 mane
3040 1103 3247 1173 incipit,
3281 1102 3348 1156 ad

65 1229 212 1282 ideo
241 1243 348 1281 non
379 1241 405 1279 a
438 1241 490 1279 vt
519 1224 638 1278 Kal.
673 1222 832 1277 Mart.
863 1223 950 1277 die
975 1213 1137 1291 quem
1168 1219 1459 1274 terminum
1489 1215 1670 1269 colen-

67 1325 172 1370 les
225 1315 558 1372 Terminalia
613 1327 878 1381 sacraque
925 1311 997 1366 25
1040 1309 1244 1365 mensis
1292 1306 1533 1375 ejusdem
1583 1303 1671 1360 die

69 1407 262 1461 semel
290 1407 682 1469 instituerant,
713 1411 769 1458 et
807 1403 972 1472 alium
1010 1401 1153 1456 diem
1200 1407 1412 1455 mutare
1443 1409 1672 1466 prorsus

69 1511 200 1551 non
233 1495 524 1550 audebant.
551 1479 666 1549 'Sed
695 1493 750 1547 hi
779 1501 903 1546 sunt
932 1494 950 1511 ‘
978 1491 1081 1546 rite
1121 1487 1460 1549 celebrantes
1503 1499 1670 1540 unum

75 1587 454 1656 quadrantem
483 1583 901 1654 interponebant
927 1582 1088 1638 diem.
1621 1571 1624 1573 Α

433 1701 568 1754 Item
598 1699 661 1754 de
689 1699 914 1753 solstitio
944 1706 990 1751 et
1021 1694 1350 1778 afquinoctio.

169 1810 336 1866 XLV.
386 1809 630 1866 Solstitia
670 1810 778 1874 duo
815 1818 961 1866 sunt.
1002 1809 1241 1864 Primum
1291 1805 1537 1879 hyemale
1579 1822 1677 1861 vtu

83 1902 219 1956 Kal.
251 1900 371 1955 Jan.
392 1941 408 1966 ,
441 1915 548 1970 quo
576 1898 654 1954 sol
680 1907 820 1965 stat,
847 1908 900 1954 et
925 1909 1181 1954 crescunt
1207 1897 1321 1952 dies
1341 1939 1355 1963 ,
1382 1905 1436 1952 et
1461 1905 1544 1952 est
1567 1897 1679 1966 ipsa

88 1996 221 2049 dies
262 1993 484 2048 Nativit.
533 1991 746 2046 Domini
787 1991 956 2046 nostri
999 1989 1126 2045 Jesu
1153 1989 1354 2045 Christi
1385 1989 1680 2044 secundum

86 2100 344 2141 carnem.
369 2084 612 2138 Alterura
637 2081 874 2138 :cstivale
902 2099 995 2136 vm
1023 2082 1142 2136 Kal.
1166 2080 1275 2136 Jul.
1296 2096 1404 2150 quo
1430 2080 1510 2134 sol
1537 2089 1679 2146 stat,

89 2186 154 2231 et
197 2183 455 2231 crescunt
499 2183 714 2238 noctes,
748 2183 801 2228 et
841 2182 926 2228 est
972 2173 1024 2226 in
1066 2171 1348 2242 provincia
1385 2169 1686 2224 Palaestinae

90 2265 286 2321 natale
335 2265 509 2320 sancti
554 2263 778 2318 Joannis
805 2263 1081 2332 Baptista.
1133 2261 1228 2317 llis
1265 2260 1538 2316 contraria
1579 2260 1686 2314 duo

92 2357 428 2428 aequinoctia
474 2363 620 2411 sunt.
663 2352 841 2410 Unum
879 2353 1100 2409 vernale
1137 2353 1434 2408 secundum
1463 2350 1686 2405 Latinos

94 2465 204 2502 vni
249 2447 367 2501 Kal.
398 2445 530 2516 Apr.
553 2485 565 2504 .
601 2445 900 2500 secundum
931 2444 1151 2500 Grzecos
1179 2444 1248 2498 ab
1275 2459 1328 2497 χι
1363 2441 1483 2496 Kal.
1512 2441 1645 2510 Apr.
1669 2481 1685 2506 ,

95 2536 237 2607 quia
269 2544 455 2590 sancta
483 2534 726 2607 synodus
753 2549 858 2590 non
887 2534 1153 2603 permittit
1181 2541 1234 2587 ut
1270 2531 1344 2586 illi
1389 2539 1502 2586 tres
1529 2531 1645 2586 dies
1668 2570 1684 2597 ,

97 2630 158 2682 id
198 2636 283 2683 est
320 2630 509 2698 quinta
554 2626 720 2692 feria,
753 2627 806 2680 in
834 2642 939 2695 qua
969 2626 1228 2681 Dominus
1255 2641 1286 2679 a
1311 2623 1511 2678 Judazis
1541 2639 1689 2680 com-

96 2721 410 2790 prehensus
455 2727 566 2782 est,
593 2727 648 2774 et
690 2728 842 2774 sexta
869 2760 882 2782 ,
933 2719 987 2772 iu
1034 2732 1140 2788 qua
1171 2715 1464 2772 cruciﬁxus
1492 2725 1604 2781 est,
1635 2725 1691 2769 et

99 2812 341 2880 septima
370 2810 509 2865 feria
531 2850 544 2873 ,
575 2810 793 2879 quando
816 2809 986 2879 jacuit
1014 2809 1065 2863 in
1093 2807 1368 2878 sepulcro,
1412 2806 1558 2862 foras
1587 2816 1691 2862 ter-

99 2903 318 2956 minum
346 2901 722 2960 excludantur.
751 2900 818 2954 Et
845 2909 970 2953 tunc
999 2900 1264 2968 incipiunt
1287 2911 1533 2953 crescere
1555 2897 1688 2952 dies.

102 2991 167 3045 In
221 2990 336 3060 ipsa
391 2989 649 3044 Dominus
681 2996 867 3041 noster
895 2986 1052 3042 Jesus
1081 2986 1329 3042 Christus
1356 2984 1649 3040 cruciﬁxus
1671 3023 1688 3050 ,

101 3092 163 3135 et
184 3095 266 3136 cst
284 3081 575 3150 Conceptio
594 3090 794 3134 sanctae
816 3079 908 3132 Dei
933 3079 1223 3149 genetricis
1243 3077 1444 3141 Mariae,
1468 3076 1686 3145 quando
1715 3069 1762 3132 (ἶ

107 3171 346 3229 salutata
374 3181 457 3226 est
488 3172 555 3224 ab
605 3169 814 3239 angelo.
857 3169 1104 3223 Alterum
1147 3177 1324 3222 autem
1366 3165 1677 3222 autumnale

108 3279 212 3317 vm
258 3261 378 3316 Kal.
408 3260 599 3316 Octob.
641 3274 706 3314 ex
746 3274 854 3328 quo
892 3259 1009 3314 dies
1057 3259 1400 3322 minuuntur,
1438 3266 1492 3310 et
1532 3255 1589 3310 ﬁt
1636 3257 1688 3310 in

107 3355 466 3409 Macherunte
498 3352 723 3408 castello
749 3351 1035 3422 conceptio
1062 3353 1231 3405 sancti
1259 3349 1484 3408 Joannis
1507 3348 1692 3420 Bapti-

109 3457 213 3502 sta:
241 3458 296 3501 et
327 3445 602 3516 martyris.
647 3444 702 3498 In
733 3444 851 3499 istis
885 3444 1029 3498 enim
1070 3451 1302 3512 quatuor
1328 3443 1694 3511 temporibus,

109 3539 171 3594 id
197 3547 282 3592 est
309 3551 434 3592 vere
455 3575 470 3601 ,
502 3544 728 3600 aestate,
761 3543 1027 3588 autumno
1047 3572 1062 3600 ,
1095 3542 1150 3587 et
1190 3533 1382 3602 hyeme
1412 3531 1700 3590 universus

111 3643 384 3682 annorum
429 3627 562 3681 ordo
599 3626 802 3690 currit,
844 3641 942 3695 per
981 3640 1118 3695 quos
1154 3624 1465 3680 certissime
1492 3622 1697 3678 Conce-

110 3717 318 3789 ptionis
339 3755 353 3781 ,
382 3724 437 3769 ct
467 3715 775 3769 Nativitatis
805 3712 1019 3768 Domini
1059 3721 1115 3767 et
1153 3711 1452 3767 Salvatoris
1490 3709 1696 3774 nostri,

111 3825 222 3864 nec
252 3825 359 3863 non
390 3807 567 3868 sancti
596 3806 955 3877 praecursoris
999 3805 1240 3866 Joannis,
1267 3801 1704 3874 plenissimedi—

117 3907 482 3968 gnoscunturz.

693 3987 768 4042 De
798 3986 945 4041 saltu
973 3986 1144 4051 Ιιιηω.Δ

198 4119 379 4174 XLVI.
425 4119 635 4174 Saltum
675 4119 818 4173 lunze
850 4119 1052 4180 annol
1097 4118 1576 4174 decemnovennali
1617 4132 1707 4188 po.

122 4220 267 4266 nunt
301 4225 398 4279 pro
438 4223 504 4263 eo
531 4201 823 4280 quod’ideo
855 4209 1075 4266 ultimus
1103 4223 1276 4263 annus
1307 4209 1706 4265 decemnoven-

121 4301 268 4355 nalis
313 4309 505 4370 epacta
537 4299 742 4355 lunaris
770 4299 1281 4355 decemnovcnnalis
1312 4309 1436 4355 tunc
1465 4301 1707 4356 retinens

1768 1221 2050 1278 vesperam
2083 1205 2218 1266 ﬁnit,
2253 1215 2372 1271 quae
2401 1200 2514 1255 dies
2544 1213 2663 1268 quae
2690 1200 2706 1218 ‘
2737 1209 2896 1250 mane
2925 1195 2978 1247 in
3007 1193 3134 1246 luna
3171 1189 3350 1244 minus

1771 1300 1838 1354 ad
1863 1303 1882 1320 '
1910 1306 2082 1360 sexta,
2113 1303 2168 1349 et
2197 1291 2475 1347 dimidium
2521 1290 2666 1342 horse
2710 1288 2902 1341 horam
2932 1283 2998 1337 14
3027 1282 3351 1336 adnumera-

1773 1399 1879 1444 tur.
1909 1387 2054 1442 ldem
2083 1395 2364 1453 vesperam
2395 1381 2411 1404 ‘
2439 1378 2504 1433 14
2531 1376 2818 1432 invenitur.
2849 1373 2904 1427 In
2931 1386 3040 1442 quo
3066 1367 3360 1426 manifeste

1773 1482 1954 1535 dicere
1981 1476 2192 1532 videtur
2213 1474 2268 1527 in
2295 1472 2365 1525 29
2391 1471 2598 1534 diebus,
2631 1475 2686 1522 et
2721 1465 2966 1529 semisse,
2998 1455 3056 1517 id
3080 1469 3164 1516 est
3193 1458 3226 1514 6
3254 1459 3351 1512 ho-

1774 1575 1873 1640 ris,
1896 1581 1951 1627 et
1977 1569 2200 1624 dimidio
2235 1567 2399 1628 horae,
2430 1563 2485 1618 id
2512 1568 2595 1616 est
2635 1559 2706 1614 20
2747 1555 3053 1619 momentis,
3107 1552 3348 1606 lunarem

1776 1679 1994 1720 cursum
2031 1659 2194 1724 ﬁniri,
2229 1654 2425 1710 additis
2475 1661 2678 1714 tamen,
2715 1657 2777 1702 ut
2823 1659 2984 1715 supra
3011 1643 3212 1697 dictum
3245 1646 3360 1702 est,

1703 1732 1751 1790 Β
1783 1757 1849 1811 It)
1875 1769 2025 1826 pazne
2050 1749 2351 1811 momentis,
2378 1755 2434 1802 et
2460 1754 2588 1800 tunc
2613 1743 2681 1797 ad
2708 1737 3140 1794 alteram’I-unam
3170 1732 3358 1802 incipit

1780 1849 1973 1918 prima.
1997 1842 2248 1898 Kalendze
2264 1855 2294 1893 a
2311 1837 2522 1892 colendo
2537 1835 2693 1890 dicta:
2717 1831 2845 1886 vela
2861 1829 2998 1892 cato,
3026 1827 3078 1881 id
3093 1834 3176 1881 est
3201 1831 3360 1879 v0co.

1779 1914 2095 2004 Astrologus
2125 1932 2353 1986 vocabat
2397 1926 2669 1998 populum,
2703 1931 2762 1977 ut
2796 1921 3044 1975 viderent
3085 1914 3362 1971 ascensio—

1782 2043 1904 2083 nem
1936 2027 2098 2086 lunae,
2129 2022 2180 2076 id
2223 2029 2305 2074 est
2334 2019 2542 2073 initium
2575 2015 2761 2086 prima:
2790 2012 2930 2065 lunae
2958 2008 3044 2063 vel
3078 2005 3357 2062 stellarum

1785 2131 2025 2181 cursum,
2056 2128 2176 2184 quae
2203 2118 2327 2165 ante
2353 2109 2439 2164 vel
2485 2123 2603 2178 quae
2649 2114 2798 2160 retro
2824 2107 3128 2158 currerent.
3169 2097 3360 2159 Nonae,

1785 2211 1838 2266 id
1867 2217 1952 2264 est
1987 2204 2258 2270 nundinae,
2287 2200 2583 2271 negotium,
2610 2204 2924 2252 mercatum.
2961 2193 3108 2247 Inter
3135 2205 3191 2244 IV
3220 2188 3356 2243 Non.

1784 2301 1870 2356 vel
1899 2316 1949 2354 vn
1980 2297 2119 2352 Non.
2153 2295 2272 2350 ideo
2297 2292 2614 2355 diviserunt,
2643 2296 2705 2342 ut
2746 2301 2852 2341 non
2895 2284 3096 2339 scirent
3126 2281 3364 2334 latrones

1786 2396 2088 2446 mercatum
2117 2384 2353 2447 illorum,
2381 2377 2594 2450 quando
2621 2391 2742 2432 esse
2769 2374 3010 2436 deberet,
3055 2370 3181 2439 quia
3209 2382 3368 2436 τερο-

1787 2483 1986 2540 nebant
2012 2497 2070 2536 se
2095 2481 2148 2534 in
2174 2477 2343 2540 silvis,
2374 2483 2430 2529 et
2458 2474 2510 2527 in
2536 2469 2760 2527 secretis
2785 2466 2916 2521 locis
2937 2463 3090 2532 juxta
3121 2463 3284 2525 viam,
3309 2469 3367 2514 et

1786 2573 2066 2630 venientes
2112 2569 2178 2623 ad
2228 2573 2524 2622 mercatum
2573 2561 2893 2618 occidebant
2918 2555 3005 2610 vel
3032 2553 3363 2626 praedabant.

1787 2667 1952 2728 ldus,
2001 2661 2053 2715 id
2103 2669 2187 2714 est
2233 2657 2300 2711 ab
2334 2655 2532 2709 edendo
2576 2652 2734 2706 dictae
2779 2649 2864 2702 vel
2912 2646 3122 2716 species
3164 2641 3366 2696 mensis

1789 2756 2084 2829 sequentis.
2127 2755 2230 2808 Per
2260 2766 2387 2806 ann.
2419 2749 2452 2804 8
2485 2749 2538 2804 in
2572 2746 2788 2801 Nicaeua
2835 2741 3040 2813 synodo
3091 2748 3372 2807 computa-

1789 2857 1985 2907 vernnt
2017 2847 2083 2902 14
2112 2847 2224 2900 Ιυη.
2257 2852 2312 2898 et
2353 2843 2547 2896 iterum
2579 2853 2674 2910 per
2697 2851 2897 2892 annum
2929 2835 2997 2890 18
3025 2842 3372 2902 computave-

1791 2951 1917 2998 runt
1946 2941 2062 2996 sine
2090 2937 2411 3008 quadrante,
2431 2941 2486 2987 et
2513 2946 2620 2986 non
2651 2930 3064 2985 revertebantur
3093 2927 3147 2981 in
3178 2941 3236 2982 se
3263 2925 3375 2982 nisi-

1792 3038 1844 3092 in
1871 3049 2070 3089 annum
2097 3036 2115 3056 '
2145 3029 2494 3090 addidissent,
2519 3039 2619 3080 nec
2641 3023 3002 3079 concordabat
3025 3020 3154 3076 solis
3179 3035 3372 3075 cursus

1791 3142 1914 3183 cum
1945 3126 2083 3179 luna:
2111 3135 2296 3184 cursu,
2327 3127 2380 3172 et
2406 3117 2526 3171 ideo
2555 3115 2607 3170 in
2639 3113 2934 3184 ogdoadem
2961 3120 3013 3166 et
3040 3109 3368 3165 endecadem

1793 3215 2091 3271 diviserunt
2108 3208 2367 3265 circulum
2383 3201 2948 3260 decemnovennalem.
2967 3198 3193 3254 Indictio
3222 3198 3384 3255 dicta.

1788 3307 1940 3378 juxta
1987 3318 2208 3359 censum
2259 3299 2625 3354 Romanorum
2653 3336 2668 3361 ,
2714 3303 2769 3350 et
2820 3307 2925 3348 non
2969 3291 3121 3360 juxta
3171 3289 3204 3344 5
3258 3289 3374 3343 dies

1795 3396 2146 3455 intercalares
2173 3390 2570 3461 Egyptiorum.
2601 3385 2925 3440 Indictiones
2952 3397 3048 3436 vnt
3082 3379 3200 3434 Kal.
3232 3378 3368 3448 Apr.

1799 3469 2062 3557 incipiunt
2105 3484 2158 3538 in
2205 3481 2380 3548 capite
2429 3490 2693 3531 annorum
2719 3477 2738 3495 '
2770 3474 2824 3528 δι
2872 3472 3100 3527 Romam
3129 3469 3375 3524 revenie-

1799 3579 1929 3632 hant
1960 3586 2171 3643 semper
2219 3585 2341 3625 cum
2389 3581 2549 3622 sensu
2577 3564 2808 3634 ,t'capite
2833 3572 3012 3615 autem
3043 3560 3110 3613 15
3136 3567 3379 3614 reverte-

1800 3668 1996 3721 bantur
2020 3664 2074 3717 in
2103 3661 2332 3732 primum
2369 3657 2631 3711 ordinem.
2674 3653 2732 3706 Si
2771 3659 2951 3704 autem
2979 3648 3046 3703 de
3071 3661 3204 3702 auro
3230 3655 3374 3702 esset

1803 3760 1973 3815 forma
2003 3754 2252 3818 Caesaris,
2287 3765 2474 3804 aurum
2505 3749 2726 3811 dabant,
2771 3745 2816 3800 si
2845 3751 3150 3814 argentum,
3182 3757 3379 3810 ιιι-κεπτ

1805 3861 1939 3914 tum,
1971 3847 2018 3903 si
2046 3860 2138 3906 aes,
2172 3858 2246 3897 aes
2271 3849 2409 3895 erat.

2054 3937 2132 3992 De
2165 3931 2566 4002 interrogatione
2595 3928 2659 3983 19
2687 3941 2944 3981 annorum
2975 3923 3128 3994 cycti.

1876 4030 2102 4090 XLVIII.
2141 4027 2322 4082 Prima
2367 4023 2531 4095 igitur
2573 4021 2781 4077 ratione
2819 4017 3015 4072 debeas
3046 4017 3392 4084 interrogare-

1807 4130 1874 4186 de
1903 4127 1970 4182 I9
1997 4135 2258 4179 annorum
2301 4117 2488 4189 cyclo;
2541 4113 2777 4170 secundo
2825 4107 3094 4179 quomodo
3129 4105 3412 4174 luna-per-

1808 4221 1925 4278 Kal.
1969 4215 2270 4276 mensium;
2324 4208 2485 4263 tertio
2527 4203 2760 4273 qualiter
2806 4200 2932 4253 luna
2979 4198 3032 4251 in
3071 4212 3168 4251 suo
3197 4209 3382 4250 mense

1807 4311 2005 4367 habeat
2053 4313 2377 4370 numerum;
2437 4303 2631 4365 quarto
2689 4289 2835 4360 quali
2884 4289 2972 4343 die
3024 4295 3080 4340 et
3133 4284 3260 4338 luna
3309 4285 3384 4338 sit

122 4405 274 4448 anno
301 4392 325 4444 1
359 4391 836 4446 decemnovennali
869 4407 977 4445 non
1008 4393 1066 4445 11
1106 4380 1331 4453 (Ιίεε,ὐι
1383 4391 1434 4444 in
1489 4392 1704 4446 ueteris
1729 4416 1780 4476 Β
1807 4398 2076 4475 paschalis
2118 4390 2467 4452 solemnitas;
2517 4384 2704 4454 quinto
2735 4377 3001 4450 quomodo
3030 4375 3234 4430 Pascha
3263 4389 3380 4429 me-

124 4483 288 4538 annis
313 4483 448 4538 solet
471 4482 584 4537 ﬁeri
607 4523 620 4546 ,
645 4484 738 4537 sed
764 4483 832 4536 l2
852 4483 969 4537 dies
994 4483 1385 4537 accommodat.
1405 4483 1472 4538 Et
1493 4485 1618 4553 quia
1641 4487 1710 4546 50

115 4579 338 4632 dierum
391 4577 497 4632 ﬁne
526 4577 839 4640 volvuntur,
886 4574 1047 4628 nulla:
1093 4583 1296 4644 epactas
1343 4575 1397 4628 in
1444 4577 1711 4648 principio

127 4672 300 4742 ipsius
325 4679 637 4742 ponuntur;
669 4669 904 4725 seetmdo
935 4677 1112 4724 autem
1163 4685 1304 4724 anno
1341 4678 1563 4739 epactas
1613 4689 1709 4728 su-

131 4761 317 4830 scipit.
378 4761 532 4816 Unde
586 4769 765 4815 autem
813 4769 1030 4815 sumant
1069 4761 1369 4821 exordium,
1420 4761 1706 4817 dicendum

128 4859 236 4906 est.
267 4850 374 4905 Fac
405 4851 470 4906 de
498 4865 641 4904 anno
669 4850 866 4915 solari,
898 4851 990 4920 qui
1021 4850 1184 4905 habet
1212 4851 1328 4904 dies
1351 4850 1477 4914 565,
1508 4866 1710 4906 annum

131 4959 477 5000 communem
501 4984 515 5009 ,
543 4943 635 5012 qni
663 4942 827 4997 habet
851 4943 965 4997 dies
1006 4942 1140 5008 554,
1185 4942 1288 4996 hoc
1323 4942 1522 4996 modo:
1560 4943 1714 5012 prius

134 5035 397 5091 subtrahe
423 5033 548 5097 500,
583 5040 866 5088 remanent
893 5032 982 5087 65.
1021 5031 1221 5088 lterum
1258 5031 1385 5085 tolle
1423 5031 1516 5096 50,
1538 5046 1714 5086 rema-

137 5141 271 5184 nent
295 5127 383 5192 15,
405 5129 641 5194 itemque
668 5126 926 5180 subtrahe
949 5124 1007 5190 4,
1033 5132 1314 5180 remanent
1345 5124 1430 5177 ll.
1463 5122 1594 5178 Inde
1623 5139 1715 5178 su-

137 5229 295 5276 munt
333 5219 647 5282 exordium,
689 5225 746 5270 et
790 5217 913 5271 inde
955 5216 1316 5286 multiplicant
1354 5224 1552 5270 cetera:
1589 5230 1717 5285 epa-

140 5320 264 5366 ctae.
310 5310 490 5366 Saltus
531 5318 710 5364 autem
758 5309 897 5362 lunze
942 5308 1064 5363 ideo
1110 5309 1162 5362 in
1213 5308 1278 5362 l9
1311 5307 1463 5362 annis
1488 5316 1711 5376 proten-

141 5403 310 5466 ditur,
343 5405 470 5472 quia
499 5403 642 5457 sicut
670 5402 801 5456 solis
827 5400 1006 5456 cursui
1033 5399 1443 5456 adcrescitdies
1463 5441 1477 5464 ,
1509 5415 1626 5469 qua:
1655 5400 1718 5453 ﬁt

143 5510 242 5566 per
270 5503 496 5564 puncta,
529 5501 584 5548 et
610 5500 914 5557 momenta,
943 5500 997 5547 et
1021 5493 1384 5562 quadrantes,
1428 5505 1552 5559 qua:
1587 5490 1640 5544 in
1682 5488 1716 5543 4

147 5587 306 5641 annis
332 5585 461 5640 l'acit
482 5585 776 5640 bissextum
801 5624 814 5645 ,
848 5583 919 5638 ita
946 5598 1042 5654 per
1062 5583 1204 5638 lunas
1228 5597 1443 5637 cursum
1470 5581 1536 5636 19
1563 5581 1718 5635 annis

149 5675 415 5734 decrescit
453 5692 558 5732 nox
583 5717 597 5744 ,
635 5691 754 5746 qua:
799 5674 931 5732 facit
967 5675 1108 5731 lunae
1144 5674 1340 5730 saltum
1369 5690 1382 5740 ;
1417 5673 1542 5727 luna
1574 5672 1720 5728 enim

1810 4466 2034 4552 moriter
2081 4479 2531 4554 computandum;
2584 4482 2738 4530 sexto
2786 4471 2852 4526 de
2889 4469 3027 4522 lunae
3065 4466 3382 4522 ascensione

1809 4594 1864 4640 et
1909 4581 2038 4638 solis
2081 4572 2462 4634 descensione;
2519 4566 2751 4636 septimo
2797 4574 3114 4629 responsum
3161 4557 3246 4611 his
3291 4557 3383 4627 qui

1811 4670 2122 4731 discordant
2171 4665 2226 4718 in
2271 4660 2494 4716 Pascha:
2544 4661 2810 4723 eompoto.
2842 4648 2993 4704 Licet
3017 4648 3193 4702 omnis
3223 4648 3384 4702 homo

1811 4760 1989 4834 quoad
2037 4751 2502 4823 compunctionem
2565 4743 2742 4799 cordis
2798 4739 3132 4807 salutemque
3190 4737 3384 4791 animm

1811 4826 2064 4924 pertinet,
2095 4847 2210 4901 haac
2240 4841 2396 4897 debet
2441 4833 2709 4891 meditari.
2743 4830 3188 4899 Qui‘compotum
3244 4826 3384 4880 scire

1813 4915 1947 5008 vult,
1977 4939 2138 4994 debet
2181 4935 2383 4988 instare
2410 4927 2642 4999 qualiter
2670 4921 2842 4978 sancti
2891 4919 2994 4974 viri
3045 4919 3098 4971 in
3142 4915 3383 4986 paschali

1814 5006 2091 5087 Dominica
2130 5016 2569 5078 Rcsurrectionis
2605 5013 2797 5068 festivo
2835 5009 3023 5064 ordine
3064 5006 3382 5062 celebranda

1816 5119 2150 5190 inquirentes
2179 5106 2544 5182 pervenerint.
2583 5102 2698 5156 Non
2729 5108 2810 5154 est
2838 5097 2998 5167 igitur
3024 5094 3128 5149 hoc
3153 5094 3386 5148 otiosum

1816 5187 1955 5269 scire
1984 5207 2068 5264 vel
2109 5199 2572 5276 quemadmodum
2605 5194 2677 5249 illi
2711 5190 2924 5262 cyclum-
2949 5187 3304 5258 scripserunt,
3335 5193 3390 5240 et

1819 5307 1884 5361 ad
1911 5305 2082 5374 ipsam
2109 5291 2516 5366 intelligentiam
2548 5291 2927 5359 pervenerunt.

1958 5383 1969 5395 ί
2413 5382 2496 5436 De.
2513 5377 2791 5434 mensibus.

1897 5485 2078 5540 XLIX.
2115 5479 2320 5548 Quibus
2350 5474 2524 5530 modis
2551 5471 2803 5526 dicuntur
2826 5471 3039 5520 menses
3069 5462 3100 5515 4
3127 5459 3393 5548 quomodo

1826 5577 1927 5632 sub
1953 5573 2125 5637 idolis,
2142 5547 2251 5625 sub
2277 5565 2462 5630 rebus,
2491 5563 2592 5618 sub
2613 5557 2852 5628 regibus,
2883 5555 2982 5610 sub
3008 5549 3280 5607 muneris?
3307 5547 3395 5601 Ja-

1829 5668 2051 5726 nuarius
2087 5663 2283 5735 quibus
2313 5657 2486 5715 modis
2514 5651 2748 5710 dicitur?
2780 5647 3016 5713 Duobus,
3047 5645 3146 5700 sub
3177 5641 3318 5698 idol‘u
3343 5648 3400 5698 et
