4006 5496
638 319 782 382 1299

1472 320 1761 377 APPEND.
1804 320 1895 375 AD
1935 320 2105 379 διεϐ-
2145 323 2234 377 ίιΧ.
2274 353 2344 363 ——
2376 325 2750 383 AUCTORES
2786 326 3117 383 ANONYMI.

3772 329 3893 385 I300

638 432 739 485 sub
768 444 846 486 re.
873 428 986 484 Sub
1016 428 1160 484 idolo
1188 429 1387 487 dicitur
1409 447 1473 487 eo
1499 434 1642 502 quod
1666 448 1695 487 a
1724 432 1861 488 Jano
1886 448 2097 503 pagano
2126 449 2216 490 ac-
2247 443 2291 498 Α
2319 435 2727 493 aediﬁcationem
2758 438 2959 507 templi,
2997 439 3125 493 anni
3153 437 3276 494 488.
3330 436 3387 491 In
3418 440 3436 456 '
3463 436 3768 491 secundum
3801 440 3895 491 mi-

638 524 784 592 cepit
807 536 1026 586 nomen,
1053 531 1109 577 et
1133 522 1340 579 bifrons
1369 522 1487 578 fuit.
1530 525 1593 579 Et
1618 525 1720 580 sub
1759 538 1819 580 re
1844 524 2061 589 dicitur,
2093 525 2217 593 quia

2319 543 2508 583 norem
2561 543 2681 597 quae
2724 530 2918 586 tertius
2962 530 3272 599 Regnorum
3316 528 3457 584 liber
3509 527 3758 583 continet
3792 528 3901 598 jam

639 615 780 670 sicut
823 614 986 668 homo
1010 613 1309 684 ingreditur
1344 630 1443 683 per
1468 616 1667 669 ostium
1704 615 1756 669 in
1782 615 1960 677 domo,
1991 615 2063 669 ita
2090 615 2214 669 anni
2310 620 2463 690 juxta
2482 619 2741 691 judicium
2771 621 2896 675 anni
2927 620 3051 677 650.
3097 621 3143 675 Α
3177 620 3473 675 Salomone
3506 619 3787 688 usquead
3819 620 3898 673 in-

638 705 1015 777 ingredinntur
1057 720 1157 774 per
1199 705 1361 760 istum
1408 705 1751 761 Ianuarium.
1810 705 1970 760 Febr.
2024 704 2221 775 quibus

641 796 815 851 modis
854 795 1088 850 dicitur?
1132 795 1352 851 Duobus
1398 796 1498 852 sub
1545 795 1689 851 idolo
1737 804 1791 850 et
1837 795 1937 849 sub
1995 810 2071 850 re.
2107 793 2222 849 Sub

639 884 783 939 idolo
824 894 943 940 erat
972 887 1268 956 generatio,
1312 901 1431 955 qua:
1474 885 1850 955 appellabatur
1877 883 2104 954 Luperci
2139 884 2221 939 vel

640 970 924 1036 Lurconis,
969 974 1093 1043 quia
1145 988 1341 1031 omnes.
1365 974 1731 1034 irmnunditize,
1767 988 1888 1043 qua}
1924 988 2021 1042 per
2048 980 2218 1027 totum

644 1077 846 1116 annuat
874 1061 1093 1128 ﬁebant,
1124 1062 1208 1115 vel
1254 1062 1508 1116 levabant
1556 1077 1745 1117 eorum
1800 1076 2024 1129 corpora
2055 1101 2071 1126 ,
2117 1060 2217 1115 nisi

644 1166 852 1211 tantum
884 1156 937 1209 in
985 1155 1147 1210 istum
1186 1154 1560 1218 Februarium,
1601 1162 1658 1208 et
1698 1152 1776 1208 sic
1801 1150 2140 1208 febrizabaat
2166 1152 2219 1206 in

642 1262 783 1316 aqua
826 1245 1042 1316 frigida.
1091 1246 1156 1300 Et
1200 1246 1300 1301 sub
1348 1260 1407 1300 re
1454 1246 1675 1310 dicitur,
1724 1259 1790 1300 eo
1841 1243 1984 1313 quod
2032 1258 2222 1297 omnes

642 1344 907 1391 creatura:
953 1334 1048 1389 Dei
1102 1349 1292 1390 omnes
1326 1335 1726 1406 coniunguntur
1762 1333 1814 1388 in
1862 1347 1947 1388 eo.
1997 1331 2222 1386 Martius

642 1426 746 1481 sub
772 1425 914 1481 idolo
941 1426 1149 1496 accepit
1174 1440 1390 1491 nomen,
1427 1434 1484 1481 et
1526 1440 1555 1479 a
1604 1424 1784 1479 Marso
1807 1437 2040 1494 pagano,
2068 1422 2141 1475 ita
2169 1431 2225 1475 et

645 1518 760 1573 dies
789 1516 998 1571 Martis.
1040 1516 1242 1586 Aprilis
1270 1501 1371 1572 sub
1399 1531 1458 1571 re
1486 1515 1716 1579 dicitur,
1761 1523 1816 1569 et
1844 1514 1914 1567 ab
1942 1511 2222 1581 aperiendo

644 1610 844 1666 dicitur
871 1624 937 1664 eo
989 1609 1133 1679 quod
1186 1609 1360 1681 aperit
1407 1607 1701 1669 mundum,
1746 1615 1800 1661 et
1842 1603 1997 1658 floret
2034 1603 2089 1658 in
2133 1616 2223 1657 eo.

643 1701 817 1757 Maius
840 1716 874 1757 a
901 1682 1039 1755 Maia
1077 1709 1255 1756 matre
1300 1697 1549 1754 Mercurii
1577 1695 1786 1765 accepit
1831 1708 2024 1749 nomen
2073 1691 2157 1746 vel
2192 1706 2225 1743 a

2318 708 2707 766 staurationem
2733 710 2915 776 templi
2942 725 3064 779 quae
3086 711 3185 766 sub
3216 710 3382 764 Dario
3414 722 3544 779 rege
3570 707 3738 769 facta.
3763 707 3903 762 colli-

2319 807 2519 870 guntur
2552 799 2677 853 anui
2719 798 2843 853 512.
2896 798 3064 855 Porro
3092 815 3122 854 a
3151 798 3316 853 Dario
3343 812 3519 867 usque
3547 798 3616 851 ad
3652 797 3903 866 pudica-

2321 891 2520 944 tionem
2551 887 2762 943 Domini
2795 890 2961 945 nostri
2988 889 3113 945 Jesu
3147 889 3374 953 Christi,
3415 900 3473 943 et
3523 900 3693 956 usque
3733 887 3801 941 ad
3843 887 3908 942 l5

2320 994 2521 1034 annum
2543 977 2741 1035 Tiberii
2777 980 2982 1049 primus
3004 982 3023 1001 ‘
3054 979 3344 1050 explentur
3391 978 3521 1033 anni
3560 977 3684 1032 5L8.
3730 976 3909 1045 Itaque

2321 1070 2457 1126 ﬁunt
2483 1069 2641 1124 simul
2668 1070 2735 1125 ab
2766 1070 2936 1126 Adam
2963 1084 3133 1139 usque
3159 1072 3224 1124 ad
3251 1068 3689 1138 praedicationem
3712 1066 3905 1121 Christi

2320 1170 2375 1217 et
2395 1159 2463 1215 l5
2480 1157 2679 1214 Tiberii
2712 1152 2837 1214 anni
2854 1158 3018 1223 5,218
3034 1157 3259 1231 [5,897].
3286 1157 3450 1213 ditas
3471 1157 3687 1227 proprie
3706 1156 3911 1209 duobus

2321 1249 2497 1305 modis
2531 1249 2759 1314 dicitur;
2785 1258 2878 1303 aut
2896 1248 3038 1303 enim
3069 1248 3316 1303 homines
3344 1247 3430 1302 sic
3457 1245 3706 1310 infantia,
3724 1243 3905 1313 Ῑιιτωο

2324 1352 2426 1403 tus,
2467 1349 2736 1397 senectus.
2776 1340 2885 1395 Aut
2931 1340 3114 1396 mundi
3159 1341 3227 1395 ab
3270 1339 3443 1394 Adam
3470 1352 3647 1408 usque
3680 1339 3750 1392 ad
3785 1336 3907 1390 Noe.

2325 1431 2571 1487 Secunda
2599 1447 2627 1485 a
2661 1429 2773 1486 Noe
2797 1446 2968 1501 usque
2992 1432 3060 1487 ad
3083 1429 3382 1487 Abraham.
3444 1429 3630 1485 Tertia
3654 1428 3723 1484 ab
3745 1428 3908 1481 Abra-

2323 1523 2448 1579 ham
2504 1538 2675 1593 usque
2719 1522 2788 1578 ad
2834 1523 3024 1578 David.
3072 1522 3272 1591 Quarta
3320 1537 3353 1576 a
3408 1521 3580 1577 David
3636 1534 3810 1590 usque
3848 1520 3909 1572 ad

2325 1613 2854 1683 transmigrationem
2912 1612 3109 1671 Iudaeae
3167 1613 3220 1668 in
3277 1610 3654 1682 Babyloniam.
3721 1609 3909 1675 Quinta

2328 1704 2521 1760 deinde
2562 1719 2731 1773 usque
2772 1705 2839 1760 ad
2888 1705 3177 1760 adventum
3220 1701 3540 1757 Salvatoris.
3592 1700 3757 1755 Sexta
3801 1714 3911 1767 qua

645 1794 912 1864 majorum
955 1791 1221 1862 sapientia
1264 1790 1654 1846 Romanomm-
1681 1785 1872 1842 Junius
1898 1802 1927 1839 ³
1950 1783 2225 1852 Ῐυηίοΐυω
2256 1778 2303 1837 Β
2331 1808 2472 1849 nunc
2496 1794 2675 1864 agitur
2700 1809 2870 1863 usque
2896 1809 3004 1863 quo
3033 1793 3266 1848 mundus
3291 1793 3395 1847 iste
3425 1792 3667 1845 ﬁniatur.

645 1883 908 1953 sapientia
938 1883 1328 1938 Romanorum.
1366 1880 1539 1937 Julius
1573 1879 1755 1934 Caesar
1782 1886 1837 1933 et
1864 1876 2139 1947 Augustus
2158 1873 2226 1928 ad

647 1974 965 2045 dignitatem
993 1982 1318 2043 acceperunt
1347 1972 1584 2027 nomina.
1630 1969 1803 2039 Sept.,
1833 1968 1980 2034 0ct.,
2009 1965 2142 2020 Nov.
2174 1972 2228 2020 et

648 2066 903 2121 Deccmb.
934 2082 964 2119 a
994 2081 1219 2122 numero
1266 2073 1590 2135 acceperunt
1628 2063 1868 2119 nomina.
1920 2062 2069 2130 Sept.
2103 2058 2225 2128 quia

649 2158 913 2226 septimus
929 2172 958 2210 a
981 2171 1166 2211 mense
1187 2155 1409 2218 Martio;
1440 2154 1634 2210 Octob.
1661 2152 1788 2221 quia
1808 2159 2064 2213 octavus;
2089 2147 2225 2202 Nov.

650 2239 774 2317 quia
802 2262 1008 2312 nonus;
1057 2256 1114 2302 et
1137 2246 1389 2302 Decemb.
1418 2260 1485 2302 eo
1524 2243 1666 2313 quod
1695 2242 1957 2305 decimus,
1978 2248 2032 2295 et
2059 2238 2230 2293 imber

650 2339 848 2415 pluviae
871 2346 976 2394 est.
1578 2388 1581 2391 .

1185 2428 1260 2482 De
1288 2428 1413 2482 luna
1439 2425 1695 2497 paschali.

719 2517 783 2572 L.
823 2517 979 2572 Luna
1024 2517 1077 2571 in
1117 2516 1325 2573 Pascha
1370 2532 1477 2572 non
1508 2524 1683 2585 potest
1714 2514 1833 2569 ﬁeri
1861 2514 2038 2569 minor
2065 2525 2228 2582 quam

653 2609 741 2673 15,
772 2608 945 2677 major
985 2623 1148 2678 quam
1174 2609 1263 2664 Si.
1309 2608 1367 2662 ln
1413 2607 1831 2677 Quadragesima
1883 2620 2013 2661 vero
2055 2605 2231 2659 minor

651 2716 758 2754 non
801 2708 978 2770 potest
1026 2697 1141 2755 ﬁeri
1168 2714 1329 2769 quam
1360 2699 1394 2753 5
1417 2738 1434 2763 ,
1471 2712 1570 2754 nec
1609 2697 1781 2766 major
1820 2712 1982 2767 quam
2028 2694 2082 2763 9,
2129 2695 2229 2750 nisi

649 2792 923 2847 bissextus
948 2792 1207 2847 evenerit.
1235 2791 1292 2845 In
1317 2790 1707 2863 [legationibus
1729 2790 1905 2845 minor
1926 2805 2032 2844 non
2055 2798 2231 2859 potest

650 2883 768 2939 ﬁeri
799 2890 960 2951 quam
985 2882 1078 2944 22.
1126 2898 1226 2937 nec
1271 2883 1444 2953 major
1476 2897 1637 2952 quam
1672 2882 1763 2937 28.
1814 2880 1872 2936 In
1908 2878 2231 2936 Pentecoste

650 2974 831 3029 minor
861 2988 964 3027 non
992 2982 1172 3042 potest
1196 2972 1311 3029 fieri
1338 2989 1501 3042 quam
1527 2973 1583 3039 5,
1621 2987 1720 3028 nec
1758 2971 1929 3041 major
1956 2988 2117 3043 quam
2142 2973 2227 3026 ll.

652 3065 709 3123 Si
740 3065 902 3119 fuerit
924 3064 977 3119 in
1006 3063 1211 3121 Pascha
1237 3066 1362 3120 luna
1395 3065 1485 3130 l5,
1514 3067 1567 3120 in
1599 3063 2022 3135 Quadragesima
2048 3064 2154 3119 erit
2173 3063 2229 3130 5,

653 3152 708 3208 in
734 3152 1122 3223 Rogationibus
1145 3154 1239 3219 se,
1266 3154 1319 3209 in
1346 3154 1667 3214 Pentecoste
1690 3153 1743 3208 5.
1775 3153 1839 3208 Et
1863 3163 2096 3225 quantos
2120 3155 2234 3210 dies
2260 3139 2307 3200 C

654 3243 887 3300 creverit
915 3243 969 3297 in
998 3242 1231 3310 Pascha,
1262 3252 1443 3300 tantos
1470 3244 1665 3298 crescit
1694 3243 1746 3298 in
1775 3241 2047 3313 Quadrag.
2084 3242 2236 3297 simi-

651 3334 776 3393 liter
801 3334 855 3389 in
879 3334 1166 3405 Rogation.
1197 3351 1292 3390 seu
1326 3336 1378 3389 in
1404 3336 1743 3391 Pentecoste.
1852 3332 1861 3337 '
2200 3387 2213 3399 ι

653 3425 1030 3495 Argumentum
1063 3426 1132 3480 ad
1163 3428 1367 3481 initium
1393 3425 1824 3496 Quadragesima:
1850 3423 2232 3478 inveniendum.

724 3517 808 3572 ιι.
845 3516 1086 3585 Quantos
1132 3519 1246 3576 dies
1296 3519 1500 3583 Pascha
1546 3518 1711 3573 fuerit
1754 3525 1878 3571 ante
1926 3515 2070 3586 priil.
2113 3514 2232 3569 Kal.

656 3610 925 3675 Mart.,'in
954 3609 1115 3665 Febr.
1144 3609 1366 3666 habebis
1395 3608 1900 3685 Quadragesimam,
1928 3616 1983 3671 et
2004 3613 2237 3676 quantos

655 3700 773 3755 dies
802 3708 924 3769 post
948 3700 1090 3769 prid.
1113 3700 1191 3755 ιιι.
1226 3701 1357 3770 Apr.
1381 3699 1634 3756 habueris
1660 3697 1886 3763 Pascha,
1917 3704 2100 3751 tantos
2119 3695 2237 3750 dies

656 3800 781 3860 post
808 3791 927 3849 Kal.
959 3791 1117 3847 Mart.
1146 3792 1370 3858 habebis
1396 3790 1895 3861 Quadragesimam.
1926 3788 1990 3843 Et
2023 3788 2066 3847 si
2093 3786 2234 3857 prid.
2332 3799 2337 3805 '

657 3878 715 3939 ιιι
745 3881 886 3948 Apr.
907 3880 1167 3935 habueris
1208 3879 1412 3934 Pascha
1438 3920 1453 3944 ,
1492 3879 1610 3933 Kal.
1649 3878 1808 3933 Mart.
1842 3877 2067 3932 habebis
2096 3875 2239 3943 Qua-

661 3969 1044 4039 dragesitnam.
1059 4002 1073 4017 ι

974 4056 1113 4111 Item
1134 4058 1203 4111 ad
1228 4056 1539 4127 Rogationes
1568 4058 1917 4112 inveniendus.

651 4187 654 4191 η
730 4151 840 4207 Lll.
883 4149 1125 4217 Quantos
1149 4150 1264 4206 dies
1290 4159 1413 4205 ante
1435 4149 1553 4205 Kal.
1580 4151 1711 4220 Apr.
1735 4150 1988 4206 habueris
2011 4151 2237 4216 Pascha,

673 4250 850 4300 lautos
878 4244 993 4298 dies
1039 4250 1165 4297 ante
1207 4241 1345 4297 Non.
1380 4242 1501 4297 Mai.
1536 4242 1758 4297 habebis
1782 4242 2128 4312 Rogationes.
2175 4242 2242 4297 Et

666 4343 899 4406 quantos
925 4332 1039 4387 dies
1069 4333 1207 4402 prid.
1242 4332 1360 4387 Kal.
1396 4334 1525 4402 Apr.
1569 4333 1821 4388 habueris
1856 4332 2082 4398 Pascha,
2120 4342 2239 4386 tau-

665 4438 748 4483 tos
776 4425 891 4480 dies
934 4423 1072 4493 prid.
1117 4422 1263 4481 Non.
1301 4422 1423 4481 Mai.
1466 4423 1690 4479 habebis
1736 4423 2074 4492 negationes,
2099 4435 2154 4477 et
2192 4423 2236 4477 si

663 4515 908 4572 evenerit
953 4525 1012 4569 ιιι
1058 4514 1177 4569 Kal.
1225 4516 1354 4585 Apr.
1408 4515 1660 4570 habueris
1690 4515 1914 4580 Pascha,
1945 4514 2080 4571 Non.
2114 4513 2238 4568 Mai.

666 4604 891 4661 habebis
911 4604 1256 4675 Rogationcs.

935 4696 1071 4752 Iter»
1108 4698 1177 4750 ad
1216 4696 1566 4752 l’entecostem
1600 4697 1976 4752 inveniendam.

734 4794 865 4849 ΜΠ.
905 4794 1147 4862 Quantos
1166 4795 1281 4850 dies
1300 4803 1424 4850 ante
1444 4795 1562 4849 Kal.
1587 4796 1718 4865 Apr.
1738 4795 1995 4851 habueris
2012 4794 2242 4858 Pascha,

654 4895 846 4941 tantos
869 4885 985 4940 dies
1012 4895 1135 4939 ante
1157 4901 1252 4940 xm
1284 4886 1401 4939 Kal.
1435 4886 1562 4940 Jun.
1596 4885 1821 4941 habebis
1846 4884 2247 4949 Pentecostem,

662 4985 720 5032 et
762 4985 993 5045 quantos
1039 4975 1153 5031 dies
1197 4976 1334 5045 prid.
1377 4976 1494 5030 Kal.
1540 4976 1673 5047 Apr.
1719 4975 1969 5030 habueris
2018 4974 2240 5035 Pascha,

668 5077 847 5123 tantos
882 5068 998 5121 dies
1028 5078 1148 5136 post
1174 5083 1271 5124 xm
1301 5068 1414 5123 Kal.
1452 5068 1574 5124 Jun.
1603 5069 1825 5124 habebis
1847 5069 2241 5124 Pentecostem.

666 5155 734 5210 Et
779 5154 827 5210 si
875 5155 1117 5211 evenerit
1161 5163 1223 5210 ut
1258 5156 1373 5210 Kal.
1417 5158 1547 5227 Apr.
1593 5157 1846 5212 habueris
1889 5156 2116 5222 Pascha,
2146 5171 2244 5211 xm

665 5248 786 5310 Kal.
822 5246 947 5303 Jun.
985 5246 1207 5303 habebis
1239 5247 1632 5305 Pentecostem.

1159 5337 1233 5394 De
1284 5341 1750 5409 subpotalionibus.

738 5428 849 5462 HV
910 5428 1228 5478 Ωιηιπὶοῑειιίη
1277 5429 1531 5484 Eusebii.
1582 5430 1889 5480 Hinrmwmi
1942 5430 2008 5474 nl:
2059 5429 2244 5482 Αιιειηι,

2398 1888 2455 1946 Si
2481 1891 2563 1944 vis
2587 1891 2726 1944 scire
2753 1905 2923 1945 annos
2945 1889 3013 1944 ab
3039 1889 3189 1943 initio
3217 1887 3405 1941 mundi
3438 1885 3737 1954 multiplica
3764 1885 3914 1954 quin-

2328 1981 2528 2045 decies,
2553 1980 2676 2045 400,
2716 1987 2772 2035 ct
2811 1980 2899 2045 15,
2947 1987 2999 2035 et
3048 1979 3135 2043 10,
3181 1986 3234 2032 et
3267 1977 3356 2042 £5,
3386 1976 3441 2032 9.
3487 1975 3645 2030 Adde
3680 1974 3914 2028 indictio-

2329 2088 2452 2128 nem
2494 2072 2731 2141 ejusdem
2772 2072 2896 2127 anni
2920 2112 2936 2137 ,
2975 2080 3029 2125 et
3067 2070 3269 2141 partire
3304 2083 3403 2139 per
3443 2068 3511 2121 15
3549 2075 3781 2136 partem.

2814 2161 2887 2217 De
2928 2161 3147 2216 termino
3178 2158 3439 2229 paschali.

2399 2254 2511 2310 LV.
2553 2253 2609 2309 Si
2629 2254 2711 2309 vis
2733 2254 2974 2311 invenire
2995 2252 3172 2308 subito
3196 2258 3395 2320 quotus
3418 2246 3689 2303 terminus
3706 2245 3913 2314 pascha-

2332 2349 2396 2406 lis
2440 2350 2534 2415 sit,
2583 2349 2629 2404 si
2678 2349 2730 2403 in
2780 2362 2966 2403 mense
3001 2345 3193 2400 Martio
3221 2343 3463 2399 evenerit
3492 2342 3780 2403 terminus,
3808 2349 3917 2393 tene

2331 2441 2397 2497 de
2426 2439 2620 2495 Martio
2660 2437 2935 2510 regulares
2966 2435 3056 2491 56.
3104 2433 3372 2490 Subtrahe
3397 2440 3653 2503 epactarn
3684 2430 3910 2485 lunarem

2332 2529 2504 2601 ipsius
2548 2528 2698 2593 anni,
2742 2536 2797 2583 et
2842 2536 3105 2598 quotquot
3131 2525 3250 2580 dies
3281 2531 3402 2593 post
3436 2523 3775 2576 subtractam
3803 2533 3913 2587 epa-

2331 2630 2475 2675 ctam
2517 2618 2583 2673 de
2624 2618 2741 2687 ipso
2780 2632 3008 2673 numero
3051 2621 3448 2677 remanserunt,
3487 2611 3688 2682 collige
3706 2623 3914 2664 numero

2332 2710 2385 2765 in
2418 2707 2681 2772 articulis,
2704 2717 2759 2761 et
2786 2707 2839 2770 in
2867 2722 2975 2776 quo
2996 2705 3240 2779 datarum
3266 2702 3531 2765 evenerit,
3567 2700 3731 2753 talem
3762 2698 3911 2751 habe-

2333 2800 2417 2856 bis
2451 2799 2760 2854 terminum.
2813 2797 2869 2852 Si
2910 2806 3092 2851 autem
3140 2795 3193 2849 in
3238 2790 3439 2847 mense
3464 2789 3637 2861 Aprili
3671 2787 3917 2843 terminus

2333 2889 2642 2955 incurrerit,
2671 2890 2792 2942 tene
2824 2886 2889 2942 de
2931 2885 3099 2957 Aprili
3145 2882 3423 2953 regulares
3461 2879 3557 2943 55,
3597 2886 3655 2933 et
3696 2877 3762 2931 de
3802 2874 3918 2944 ipsis

2334 2979 2670 3049 regularibus
2696 2976 2786 3032 55.
2820 2975 3019 3030 Eodem
3056 2973 3216 3028 modo
3235 2968 3530 3025 calculabis
3551 2981 3662 3036 quo
3688 2964 3917 3033 superius

2336 3070 2591 3126 diximus.
2645 3069 2795 3136 Quod
2822 3067 2867 3121 si
2897 3080 3077 3120 mense
3106 3062 3299 3116 Martio
3337 3069 3462 3129 post
3494 3058 3786 3113 deductam
3807 3069 3916 3122 epa-

2337 3170 2477 3218 ctam
2524 3160 2594 3214 50
2639 3168 2845 3212 tantum
2880 3154 3256 3216 remanserint,
3293 3151 3363 3207 50
3389 3151 3477 3206 die
3503 3149 3627 3204 Kal.
3659 3146 3842 3209 Mart,
3874 3144 3917 3197 id

2336 3262 2419 3308 est
2444 3266 2503 3305 ιιι
2532 3249 2650 3302 Kal.
2684 3249 2812 3316 Apr.
2841 3246 3062 3300 habebis
3090 3244 3399 3299 terminum.
3433 3239 3731 3309 Incipiente
3752 3245 3917 3289 autem

2337 3357 2477 3397 anno
2505 3340 2680 3409 primo
2708 3334 3180 3391 decemnovennali
3209 3335 3261 3388 in
3294 3346 3484 3386 mense
3514 3331 3650 3399 Apr.
3687 3336 3915 3398 epactam

2336 3434 2559 3488 minime
2588 3431 2773 3493 habes,
2809 3428 2951 3501 quod
2979 3426 3199 3482 recedas
3226 3425 3291 3478 de
3314 3424 3450 3494 ipsis
3476 3420 3818 3491 regularibus
3837 3417 3913 3469 '55.

2335 3525 2416 3580 De
2460 3522 2628 3593 Aprili
2672 3520 2864 3576 recede
2910 3519 3010 3584 50,
3057 3522 3339 3572 remanent
3389 3515 3444 3569 5.
3498 3513 3700 3580 Quinto
3740 3510 3828 3565 die
3863 3509 3919 3562 de

2339 3628 2525 3669 mense
2551 3611 2709 3681 Apr.,
2737 3611 2789 3665 id
2825 3619 2909 3665 est
2936 3608 3074 3663 Non.
3102 3607 3235 3678 Apr.
3270 3605 3500 3660 habebis
3527 3603 3813 3658 terminum
3832 3642 3847 3663 ,
3873 3610 3918 3651 et

2338 3703 2419 3760 sic
2444 3702 2696 3758 omnibus
2725 3701 2899 3754 annis.

2892 3791 2968 3845 De
3025 3789 3375 3844 hebdomade.

2409 3886 2542 3943 LVI.
2594 3883 2935 3940 Hebdomada
2992 3880 3130 3950 apud
3185 3879 3406 3934 Grzncos
3461 3888 3521 3931 et
3573 3876 3842 3928 Romanos
3890 3870 3915 3919 ἴ

2340 3984 2549 4039 dierum
2574 3993 2731 4033 cursu
2757 3976 3044 4045 peragitur.
3090 3971 3243 4042 Apud
3269 3970 3532 4024 Hebraeos
3557 3978 3737 4021 autem
3756 3966 3789 4018 7
3810 3964 3913 4015 ama

2341 4080 2485 4127 sunt.
2546 4066 2791 4121 Declarat
2824 4064 2928 4119 hoc
2958 4060 3141 4115 Daniel
3185 4060 3251 4115 de
3292 4056 3747 4112 hebdomadibus.
3796 4051 3913 4107 Heb-

2343 4159 2572 4217 domada
2594 4166 2772 4211 autem
2802 4154 2953 4209 feriis
2985 4158 3217 4206 constat.
3270 4148 3432 4203 Feria
3463 4161 3689 4217 quoque
3718 4161 3748 4197 a
3775 4142 3915 4212 {suae

2328 4249 2508 4313 dicta,
2542 4245 2695 4317 quasi
2721 4244 2849 4313 fari,
2890 4256 2956 4297 eo
2996 4240 3139 4311 quod
3187 4240 3238 4293 in
3284 4237 3568 4292 creatione
3615 4233 3794 4288 mundi
3837 4242 3913 4299 per

2341 4338 2581 4409 singulos
2616 4337 2732 4392 dies
2764 4335 2900 4390 dixit
2935 4336 3080 4389 Deus
3110 4348 3125 4386 :
3161 4328 3304 4384 Fiat.
3353 4328 3489 4384 Item
3515 4328 3647 4398 quia
3674 4327 3787 4380 dies
3803 4323 3911 4376 Sab-

2344 4429 2453 4486 bati
2479 4428 2546 4484 ab
2576 4427 2733 4482 initio
2760 4425 2983 4481 feriatus
3015 4423 3263 4486 habetur,
3309 4420 3438 4489 inde
3464 4420 3585 4478 dies
3612 4417 3740 4473 solis
3764 4414 3915 4484 prima

2346 4517 2477 4573 feria
2507 4526 2864 4586 nuncupatur,
2900 4514 3025 4584 quia
3049 4512 3256 4583 primus
3277 4520 3365 4565 est
3386 4524 3418 4562 a
3449 4509 3607 4563 feria.
3649 4507 3779 4561 Item
3808 4504 3910 4556 lum

2344 4609 2568 4680 perinde
2589 4607 2825 4664 seetmda
2855 4605 3013 4671 feria,
3039 4604 3164 4673 quia
3187 4601 3463 4657 secundus
3501 4609 3592 4653 est
3628 4615 3659 4651 a
3705 4596 3849 4653 feria.
3872 4592 3910 4643 i3

2344 4712 2427 4757 est
2462 4716 2490 4755 a
2520 4699 2780 4764 Sabbato,
2804 4696 2949 4767 quod
2978 4705 3068 4752 est
3094 4694 3364 4752 feriatum.
3412 4690 3505 4746 Sic
3535 4700 3595 4745 et
3635 4687 3798 4744 ceteri
3821 4685 3911 4737 dies

2347 4792 2435 4847 alii
2458 4806 2521 4847 ex
2552 4806 2775 4846 numero
2799 4795 3145 4859 sumpserunt
3165 4784 3445 4843 vocabula.
3482 4783 3642 4851 Apud
3669 4781 3911 4835 Romanas

2348 4895 2525 4941 autem
2553 4885 2605 4940 hi
2631 4884 2746 4938 dies
2766 4897 2794 4936 a
2817 4881 3068 4953 planetis,
3091 4880 3144 4936 id
3168 4886 3252 4934 cst
3268 4877 3520 4933 erraticis
3539 4873 3715 4929 stellis
3725 4868 3909 4925 nomen

2355 4984 2694 5046 acceperunt.
2749 4972 2963 5028 Primus
3002 4970 3145 5025 enim
3184 4969 3302 5023 dies
3345 4981 3376 5022 a
3417 4965 3535 5021 sole
3576 4973 3814 5025 vocatus,
3837 4958 3909 5026 qni

2354 5069 2601 5138 princeps
2640 5071 2724 5120 est
2765 5063 3008 5117 omnium
3051 5054 3310 5121 siderum,
3359 5056 3500 5110 sicut
3540 5061 3601 5107 et
3645 5052 3782 5105 idem
3819 5047 3909 5099 dies

2354 5356 2419 5397 co
2441 5340 2611 5394 nutrit
2633 5339 2836 5393 lumen.
2888 5335 3101 5392 Tertius
3124 5348 3154 5387 a
3178 5330 3331 5387 stella
3356 5328 3569 5392 Martis,
3597 5342 3721 5396 qua:
3744 5323 3909 5389 Vesper
3978 5340 3979 5411 ξ

2353 5442 2591 5480 vocatur.
2646 5428 2884 5483 Onartus
2924 5442 2953 5481 a
2993 5423 3148 5481 stella
3192 5418 3466 5477 Mercurii.
3516 5431 3687 5472 «nam
3727 5413 3913 5467 Elida“!
3976 5424 3979 5469 1
