4020 6310
205 322 339 379 1501
352 367 367 375 -

1480 315 1682 372 LIBER
1726 316 1813 372 DE
1847 314 2199 376 COMPUTO.

3332 318 3479 374 1502

202 435 529 505 Septimusa
549 432 703 491 stella
729 430 968 496 Saturni,
995 445 1117 501 quae
1141 432 1159 453 ‘
1189 441 1345 488 sexto
1374 431 1512 488 curio
1531 431 1791 491 collocata
1820 436 1867 494 Α
1902 435 2044 489 tinos
2091 448 2310 489 menses
2354 433 2559 490 solares
2608 434 2809 504 reperti
2857 442 3003 491 sunt.
3049 433 3292 491 Arcades
3335 436 3481 493 enim

199 522 273 577 '50
324 522 341 542 θ
382 519 543 576 annis
580 518 753 575 fertur
787 510 1004 588 explere
1049 532 1266 573 cursum
1316 532 1495 573 suum.
1559 515 1793 572 Proinde

198 620 385 666 autem
408 609 637 682 gentiles
660 624 727 665 ex
765 607 851 664 his
888 614 1095 679 septem
1138 606 1310 663 stellis
1350 606 1571 662 nomina
1603 604 1793 661 diebus

198 703 489 769 dederunt,
533 716 599 758 eo
639 699 783 772 quod
836 712 935 769 per
981 697 1198 754 eosdem
1253 697 1455 768 aliquid
1502 694 1605 752 sibi
1659 693 1793 751 efﬁci

195 795 579 852 existimarent
616 792 858 849 dicentes
892 809 906 845 :
940 790 1140 845 habere
1173 804 1240 844 ex
1282 787 1396 845 sole
1425 786 1703 858 spiritum,
1725 799 1794 841 ex

197 885 327 939 luna
356 898 572 954 corpus,
596 897 662 939 ex
687 881 952 937 Mercurio
985 880 1247 949 linguam,
1270 884 1326 934 et
1352 876 1693 948 sapientiam,
1725 890 1792 931 ex

196 979 412 1034 Venere
454 976 805 1046 voluptatem,
855 988 923 1029 ex
964 971 1136 1025 Marte
1187 968 1493 1033 fervorem,
1543 982 1607 1023 ex
1661 965 1793 1023 Jove

199 1046 635 1138 temperantiam,
663 1081 732 1121 ex
764 1064 1003 1120 Saturno
1034 1061 1367 1118 tarditatem.
1412 1059 1560 1115 Talis
1595 1058 1794 1130 quippe

194 1162 381 1217 extitit
438 1160 717 1234 gentilium
767 1157 1017 1225 stultitia,
1071 1156 1165 1227 qui
1211 1155 1314 1212 sibi
1358 1155 1635 1211 [iunxerunt
1679 1160 1791 1207 tam

196 1252 490 1309 ridiculosa
536 1251 813 1324 ﬁgmenta.

672 1337 808 1393 Item
855 1338 919 1392 de
966 1337 1315 1393 hebdomade.

267 1429 429 1486 LVII.
482 1428 831 1484 Hebdomada
855 1427 1001 1482 dicta
1020 1436 1109 1482 est
1133 1443 1163 1481 a
1189 1426 1377 1482 Grzcca
1410 1422 1790 1495 appellatione,

192 1521 355 1592 quasi
387 1520 627 1576 Hebdom
648 1534 679 1574 a
705 1534 929 1574 numero
954 1519 985 1572 7
1010 1519 1220 1574 dierum
1247 1517 1411 1573 dicta.
1445 1516 1790 1572 Hebdomada

192 1615 344 1670 enim
374 1614 513 1685 apud
543 1613 762 1670 Graecos
800 1611 833 1666 7
872 1611 1024 1667 adest
1060 1614 1079 1633 ⁶
1119 1612 1238 1667 dies
1266 1619 1480 1666 veteres
1515 1608 1789 1664 dicebant.

192 1706 326 1762 Inde
373 1706 575 1762 dicitur
623 1703 957 1760 bebdomada
984 1743 1000 1769 ,
1049 1710 1105 1758 et
1148 1703 1368 1772 reliqua:
1416 1699 1787 1757 hebdomadte.

1897 538 2100 579 annum
2124 539 2281 579 suum
2306 523 2341 578 3
2367 524 2643 581 mensibus
2685 523 3067 590 numerabant,
3111 523 3168 581 id
3196 525 3365 581 estin
3395 542 3486 587 no-

1899 613 2042 668 mine
2084 614 2180 670 121
2224 615 2419 670 diebus
2461 615 2866 685 computabant.
2916 615 3300 673 Archanenses
3354 632 3486 674 vero

1895 702 1952 764 6,
1982 701 2036 757 id
2076 711 2163 758 est
2194 702 2439 774 singulos
2486 716 2700 760 menses
2742 704 2814 761 62
2834 705 3027 762 diebus
3070 706 3480 775 computabant.

1894 795 2070 851 Graeci
2117 796 2313 869 reliqui
2353 797 2457 853 554
2498 812 2705 853 annum
2744 799 3027 870 proprium
3070 800 3483 871 computabant.

1895 886 2189 959 Incipiebat
2211 903 2243 942 a
2270 887 2488 954 Martio,
2516 891 2934 960 computabatur
2959 891 3239 947 mensibus
3260 891 3347 945 ll.
3378 891 3484 955 Re-

1895 979 2042 1033 mani
2070 993 2201 1035 vero
2238 989 2459 1037 auctore
2494 979 2725 1037 Romulo
2756 996 2956 1037 annum
2983 997 3141 1038 suum
3174 980 3242 1037 10
3278 984 3484 1040 mensi-

1892 1067 1996 1125 bus
2021 1069 2424 1139 computabant.
2458 1070 2793 1140 lncipiebant
2819 1087 2851 1126 a
2903 1071 3096 1128 Martio
3120 1084 3329 1141 mense,
3355 1089 3483 1145 per-

1894 1157 2180 1213 liciebatur
2223 1172 2254 1212 a
2303 1158 2624 1216 Deccmbrio
2670 1176 2858 1218 mense
2905 1163 3100 1219 diebus
3155 1164 3284 1220 50L
3322 1164 3485 1236 Sym-

1890 1249 2157 1321 phronius
2227 1258 2410 1305 autem
2485 1251 2731 1322 adiunxit
2802 1269 2971 1310 unum
3034 1268 3278 1312 mensem
3312 1298 3327 1322 ,
3390 1256 3487 1327 qui

1894 1339 2176 1395 dicebatur
2201 1339 2554 1406 Februarius,
2594 1342 2689 1413 qui
2736 1352 2792 1398 et
2821 1346 2984 1401 modo
3019 1344 3330 1402 Februarus
3353 1346 3488 1402 dici-

1894 1438 2001 1495 tur,
2047 1439 2104 1486 et
2149 1432 2539 1501 computabant
2584 1448 2791 1489 annum
2832 1436 2939 1492 522
2991 1437 3202 1493 diebus.
3233 1436 3491 1494 Aurelius

1892 1521 2056 1592 Clepa
2078 1522 2231 1578 addit
2264 1538 2507 1580 mensem
2552 1524 2623 1581 50
2664 1526 2896 1594 dierum,
2928 1543 3092 1600 quem
3119 1528 3297 1586 Grtcei
3325 1531 3488 1586 Afro-

1892 1611 2061 1668 nitem
2087 1621 2303 1681 vocant,
2336 1628 2500 1685 quem
2535 1630 2637 1672 nos
2668 1616 2940 1688 Aprilium
2970 1620 3228 1686 dicimus,
3258 1628 3318 1676 et
3337 1634 3488 1677 com-

1891 1703 2186 1772 putabatur
2238 1718 2415 1762 anuus
2471 1705 2576 1762 hoc
2646 1709 2809 1764 modo
2868 1708 2975 1765 564
3037 1709 3251 1765 diebus.
3310 1709 3489 1765 Numa

187 1796 355 1869 Apud
404 1796 625 1852 Graecos
680 1803 736 1852 et
798 1795 1024 1850 Latinos
1073 1802 1280 1863 septem
1347 1792 1557 1848 dierum
1627 1805 1788 1846 cursu
1821 1786 1865 1846 Β
1895 1795 2192 1867 Pompilius
2241 1797 2448 1853 addidit
2500 1808 2672 1854 unum
2726 1800 2869 1856 diem
2925 1801 2980 1856 in
3030 1802 3294 1858 honorem
3339 1802 3489 1872 paris

186 1888 475 1959 peragitur
504 1927 518 1953 ,
571 1886 712 1957 apud
758 1884 1015 1942 ﬂebrzeos
1061 1884 1092 1937 7
1136 1884 1296 1941 annis
1346 1883 1614 1940 dicebant.
1678 1881 1794 1938 Hoc

188 1980 385 2036 Daniel
414 1979 481 2039 de
504 1977 841 2050 septuaginta
879 1976 1322 2039 hebdomadibus,
1354 1976 1407 2030 id
1434 1981 1518 2030 est
1550 1973 1621 2028 ab
1641 1973 1790 2029 exitu

188 2072 491 2138 sermonis,
539 2079 595 2126 et
634 2068 980 2124 exultationis
1021 2067 1355 2138 captivitatis
1394 2065 1461 2121 de
1496 2064 1790 2136 Babylonia

189 2161 298 2217 sub
358 2159 550 2226 Esdra,
594 2168 650 2214 et
693 2158 904 2213 Nimian
935 2198 951 2224 ,
994 2167 1051 2212 et
1099 2155 1401 2213 Zorobabel
1447 2154 1791 2226 septuaginta

190 2252 564 2329 hebdomadte,
590 2249 643 2305 id
670 2257 754 2305 est
776 2256 983 2320 septem
1026 2249 1235 2304 vicibus
1279 2246 1621 2318 septuaginta
1661 2245 1790 2300 anni

191 2353 343 2409 sunt,
370 2358 491 2413 quae
512 2340 751 2397 eﬂieiuut
789 2340 916 2407 490,
959 2340 1103 2410 quod
1131 2339 1365 2409 spatium
1406 2336 1512 2393 fuit
1544 2352 1575 2393 a
1615 2336 1791 2393 reditu

190 2434 526 2504 captivitatis
548 2431 858 2503 Babylonia:
886 2445 1057 2500 usque
1088 2432 1156 2485 ad
1187 2429 1537 2486 Nativitatem
1563 2429 1785 2486 Christi.

190 2524 267 2580 Et
306 2524 507 2580 idcirco
557 2532 763 2594 septem
817 2522 1009 2578 diebus
1059 2521 1397 2577 hebdomada
1444 2521 1746 2592 completur
1771 2561 1787 2587 ,

190 2615 453 2684 quoniam
474 2613 683 2670 scilicet
707 2612 1110 2668 universitatem
1134 2622 1510 2667 creaturarum
1538 2613 1575 2667 6
1598 2611 1792 2668 diebus

192 2706 338 2762 Deus
365 2715 619 2776 operatus
657 2714 764 2769 est,
810 2705 864 2759 in
903 2703 1135 2774 septimo
1170 2701 1455 2774 requievit.
1493 2701 1676 2756 Prima
1704 2701 1792 2758 die

191 2780 437 2852 condidit
462 2796 662 2863 lucem,
689 2794 928 2852 secunda
964 2794 1392 2860 ﬁrmamentum,
1441 2793 1599 2849 tertia
1639 2807 1791 2850 mare

190 2896 249 2944 et
290 2897 482 2955 terras,
534 2897 728 2959 quarta
776 2886 977 2952 sidera,
1029 2885 1083 2942 id
1132 2895 1216 2942 est
1270 2886 1440 2942 solem
1485 2893 1541 2940 et
1585 2884 1787 2952 lunam,

192 2976 387 3056 quinta
416 2982 663 3038 volucres
693 2990 748 3037 et
779 2980 1009 3051 reptilia,
1042 2988 1196 3036 sexta
1230 2979 1503 3036 hominem
1547 2979 1615 3034 ad
1654 2978 1793 3033 ima-

191 3076 376 3148 ginem
412 3083 467 3130 et
493 3073 895 3131 similitudinem
947 3082 1122 3138 suam,
1154 3072 1380 3142 septima
1405 3071 1491 3127 die
1523 3068 1789 3140 requievit

195 3140 266 3225 ab
276 3169 529 3225 omnibus
540 3166 795 3238 operibus
816 3166 948 3222 suis.
970 3164 1199 3221 Nomina
1214 3140 1427 3220 dierum
1442 3163 1791 3220 hebdomadas
1818 3140 1863 3203 Ο

195 3260 493 3317 secundum
534 3258 792 3314 Hebraeos
830 3255 1042 3311 duobus
1076 3255 1255 3321 prodis
1294 3254 1569 3317 dicuntur,
1614 3253 1667 3309 id
1713 3261 1798 3309 est

193 3351 460 3415 ordinem,
512 3360 569 3405 et
606 3350 896 3420 requiem,
944 3349 1048 3403 hoc
1094 3348 1272 3402 modo.
1324 3346 1505 3401 Prima
1548 3344 1793 3412 Sabbati,

190 3432 468 3505 secunda,
521 3440 710 3505 tertia,
764 3447 989 3508 quarta,
1039 3437 1262 3507 quinta,
1319 3448 1473 3493 sexta
1528 3436 1793 3503 Sabbati,

197 3530 513 3586 Sabhatum.
565 3526 873 3584 Secundum
918 3524 1138 3582 Graecos
1182 3526 1456 3591 dictione,
1505 3535 1563 3581 et
1602 3526 1795 3581 ordine

196 3626 581 3689 nuncupantur
598 3619 703 3675 hoc
723 3617 883 3672 modo
900 3633 914 3670 :
941 3615 1121 3671 Prima
1144 3614 1300 3681 feria,
1329 3617 1585 3681 secunda,
1612 3616 1791 3683 tertia,

196 3721 428 3785 quarta,
482 3711 703 3782 quinta,
752 3717 936 3773 sexta,
994 3708 1220 3778 septima
1276 3707 1430 3763 feria.
1482 3706 1792 3763 Secundum

188 3792 420 3857 Latinos
473 3816 502 3856 a
554 3799 656 3855 diis
699 3796 976 3870 gentilium
1024 3804 1079 3851 et
1129 3795 1368 3866 reliquia:
1420 3797 1790 3852 nominantur.

184 3885 519 3948 'llabuerunt
563 3890 706 3946 enim
759 3889 894 3944 duos
940 3887 1070 3942 deos
1117 3886 1405 3951 cmlestes,
1452 3895 1508 3942 et
1554 3885 1795 3957 quinque

184 3974 465 4044 ’terrencs.
518 3983 743 4038 Martem
790 3990 999 4052 patrem
1041 3979 1277 4046 Romuli,
1309 3980 1638 4036 Mercurium
1678 3982 1792 4039 clo-

184 4070 433 4147 queutizc
490 4081 544 4130 et
600 4071 800 4143 ingenii
841 4070 1117 4126 dominum
1146 4111 1161 4136 ,
1206 4068 1393 4126 Jovem
1441 4073 1696 4139 virtutis,
1738 4081 1795 4128 et

188 4168 395 4223 humor
436 4167 454 4187 ⁸
494 4164 612 4236 ejus
657 4154 877 4228 idolum,
925 4160 1192 4218 Venerem
1240 4162 1503 4231 libidinis,
1539 4165 1796 4236 concupi-

198 4258 421 4313 scentia:
461 4264 517 4312 et
555 4255 732 4312 omnis
774 4252 1123 4325 turpitudinis
1164 4253 1561 4322 inventricem;
1608 4254 1793 4310 Satur-

202 4372 330 4411 num
364 4366 573 4426 patrem
602 4351 769 4417 Jovis,
801 4344 1035 4422 frugum,
1082 4358 1138 4402 et
1176 4358 1459 4404 ventorum
1492 4348 1796 4404 moderato-

1894 1887 2129 1953 numeri,
2156 1895 2212 1942 et
2241 1902 2440 1943 annum
2493 1888 2563 1944 l2
2587 1891 2886 1969 mensibus,
2919 1900 2976 1948 et
3015 1899 3252 1963 quatuor
3280 1899 3488 1962 tempo-

1894 1976 2044 2033 ribus
2066 1993 2165 2046 per
2182 1977 2500 2034 incisionem
2523 1978 2754 2036 duorum
2778 1981 3159 2048 solstitiorum,
3182 1991 3238 2037 et
3256 1980 3507 2038 duorum.

1892 2069 2344 2141 :cquinoctiorum
2398 2072 2452 2127 in
2505 2075 2846 2130 numerando
2911 2075 3180 2131 distinxit.
3254 2073 3486 2130 Nomina

1891 2164 2162 2219 mensium
2201 2165 2499 2219 secundum
2547 2164 2832 2237 Egyptios
2880 2168 2955 2222 ita
2993 2167 3285 2224 dicuntur:
3333 2166 3486 2234 Dius,

1890 2256 2231 2327 Apollonius,
2275 2267 2332 2315 et
2386 2258 2625 2330 Dyneus,
2679 2258 2954 2325 Filisteus,
3003 2258 3270 2326 Distreus,
3324 2261 3487 2316 Arte-

1892 2346 2115 2415 misius,
2162 2346 2596 2415 Pharemeneus,
2643 2346 2818 2413 Laus,
2873 2347 3181 2418 Seurpeus,
3231 2348 3488 2419 lperven-

1894 2436 2021 2494 tius.

2412 2529 2548 2586 Item
2575 2532 2642 2586 de
2658 2532 2952 2587 mensibus.

1962 2621 2099 2678 LIX.
2130 2621 2333 2679 Mensis
2357 2629 2444 2677 cst
2466 2622 2688 2678 luminis
2719 2620 2927 2678 lunaris
2953 2610 3243 2687 circuitus,
3296 2636 3363 2676 ac
3402 2637 3487 2677 re-

1891 2712 2240 2786 dintegratio,
2296 2711 2412 2769 sive
2446 2727 2587 2769 nova
2633 2712 2703 2768 ad
2750 2726 2973 2778 novam,
3023 2712 3076 2766 in
3129 2708 3287 2780 cujus
3315 2710 3485 2781 tlgura

1891 2804 2211 2875 plerumque
2240 2804 2401 2875 hujus
2425 2803 2551 2859 vitae
2594 2818 2788 2860 cursus
2830 2802 3169 2875 intelligitur,
3219 2815 3343 2871 qua:
3371 2801 3487 2856 suis

1895 2896 2248 2955 incrementis
2277 2896 2432 2967 quasi
2462 2896 2666 2952 mensis
2695 2896 2997 2968 peragitur,
3028 2895 3222 2951 eodem
3254 2897 3273 2914 ‘
3302 2893 3483 2949 natio-

1895 2988 2054 3043 nibus
2102 2987 2218 3043 suis
2267 2985 2588 3042 certissimis
2625 2986 2969 3042 terminatur.
3016 2984 3256 3041 Mensem
3303 2996 3487 3039 autem

1894 3078 2101 3150 antiqui
2153 3078 2517 3133 deﬁnierunt:
2570 3074 2830 3149 quamdiu
2880 3076 3164 3133 zodiacum
3218 3072 3487 3132 circulum

1895 3172 2163 3243 perducit.
2195 3170 2418 3240 Antiqui
2445 3177 2625 3225 autem
2657 3167 2885 3242 gentiles
2931 3167 3212 3224 mensibus
3266 3164 3487 3220 nomina

1895 3263 2141 3333 quaedam
2169 3276 2239 3318 ex
2266 3260 2371 3317 diis
2395 3260 2531 3327 suis,
2554 3261 2804 3332 quaedam
2829 3274 2898 3315 ex
2946 3258 3128 3315 causis
3167 3257 3301 3322 suis,
3332 3270 3486 3325 qum-

1894 3354 2018 3409 dam
2067 3367 2197 3408 vero
2243 3366 2312 3407 cx
2358 3365 2587 3406 numero
2636 3350 3033 3421 imposuerunt,
3079 3346 3406 3417 incipientes
3454 3360 3486 3399 a

1895 3442 2108 3507 Martio,
2136 3441 2263 3512 quia
2296 3456 2362 3497 ex
2394 3440 2512 3511 ipso
2541 3438 2669 3494 anni
2699 3438 2928 3494 orientis
2952 3438 3200 3493 ordinem
3229 3450 3485 3492 servave-

1895 3542 2041 3589 runt.
2069 3531 2225 3588 Hunc
2252 3531 2398 3587 enim
2437 3530 2690 3585 Martium
2716 3538 2939 3602 propter
2972 3529 3237 3585 honorem
3268 3524 3485 3581 Romuli

1894 3626 1975 3683 sic
2002 3625 2430 3697 appellaverunt,
2457 3622 2585 3693 quia
2627 3620 2816 3677 Martis
2847 3621 3016 3675 lilium
3064 3633 3195 3674 cum
3233 3617 3484 3673 credide-

1897 3725 2042 3771 runt.
2069 3713 2309 3785 Aprilem
2357 3728 2488 3769 vero
2522 3710 2670 3767 nullo
2698 3712 2926 3768 deorum
2965 3724 3191 3766 suorum
3241 3708 3484 3771 nomine,

1868 3801 1990 3865 'scd
2019 3808 2088 3864 dc
2118 3824 2177 3864 re
2202 3807 2443 3880 propria,
2476 3805 2631 3877 quasi
2661 3804 2903 3875 Aprilem
2949 3804 3390 3867 nominaverunt,
3420 3814 3487 3855 eo

1894 3899 2038 3970 quod
2067 3907 2194 3954 tunc
2244 3897 2478 3969 primum
2520 3896 2764 3966 germina
2810 3895 3127 3966 aperiantur
3172 3894 3226 3949 in
3273 3892 3484 3949 ﬂorem.

1895 3992 2022 4048 lude
2072 4005 2315 4047 mensem
2366 3989 2564 4045 Maium
2614 4000 2715 4058 pro
2770 3986 2907 4042 Maia
2980 3985 3231 4042 Mercurii
3287 3992 3485 4049 matre,

1895 4101 2057 4155 quam
2096 4085 2253 4140 deam
2322 4082 2750 4147 mstimavcrunt,
2823 4080 2907 4135 vel
2963 4087 3187 4150 propter
3227 4076 3485 4146 majores.

1894 4177 2100 4234 Deinde
2128 4174 2347 4231 Junium
2375 4189 2404 4227 a
2427 4172 2656 4237 lunone,
2708 4185 2870 4241 quam
2901 4170 3180 4235 'sororem,
3226 4166 3311 4223 vel
3356 4182 3488 4223 cono

1889 4267 2071 4339 iugem
2100 4264 2250 4321 Jovis
2278 4262 2445 4319 fuisse
2467 4269 2754 4317 testantur.
2794 4258 2897 4314 Alii
2921 4268 3101 4314 autem
3148 4259 3289 4314 sicut
3308 4258 3487 4328 majo.

1895 4358 2063 4419 ribus,
2098 4356 2170 4409 ita
2221 4368 2319 4425 pro
2357 4349 2666 4423 junioribus
2717 4348 2937 4405 Juuinm
2966 4348 3151 4403 vocari
3207 4348 3481 4405 dixerunt.

202 4466 339 4506 rem.
392 4448 484 4503 llis
527 4446 712 4502 delusa
757 4443 1034 4500 erroribus
1071 4450 1285 4498 vetusta
1330 4441 1626 4512 gentilitas,
1671 4457 1792 4513 qum
1825 4506 1859 4513 _
1894 4444 2244 4502 ltemJulium
2276 4459 2306 4498 a
2335 4442 2477 4498 Julio
2499 4441 2732 4505 Caesare,
2768 4440 3077 4510 Augustum
3127 4453 3258 4494 vero
3282 4438 3353 4494 ab
3375 4437 3484 4492 Au-

201 4550 418 4613 pmpter
445 4538 806 4609 frequentiam
838 4532 1069 4590 usitandi
1102 4532 1321 4588 nomina
1357 4533 1579 4588 deorum
1604 4533 1792 4589 diebus
1825 4506 1871 4564 ί)
1896 4546 2054 4612 gusto
2083 4550 2286 4592 caesare
2311 4533 2609 4590 Octaviano
2634 4531 2817 4588 vocari
2855 4506 3128 4585 dixerunt.
3172 4528 3305 4584 Nam
3334 4529 3485 4595 prius

203 4633 386 4690 smculi
423 4633 817 4702 imposuerunt.
873 4627 979 4683 Sed
1031 4634 1250 4697 propter
1294 4641 1480 4681 eorum
1522 4625 1793 4683 confusio—
1894 4624 2070 4683 Julius
2092 4624 2402 4695 Quinctilis,
2434 4631 2491 4678 et
2528 4623 2803 4693 Augustus
2859 4619 3082 4677 Sextilis
3124 4621 3482 4684 vocabantur,

184 4742 328 4803 _ncm
355 4717 477 4782 hmc'
501 4726 619 4794 ipsa
644 4723 864 4779 nomina
886 4720 1180 4777 Christiani
1217 4733 1323 4774 non
1345 4727 1710 4786 mutaverunt,
1735 4727 1795 4774 ut
1895 4720 1992 4776 sed
2025 4735 2212 4776 eorum
2243 4717 2464 4773 nomine
2514 4731 2546 4771 a
2589 4715 2896 4772 Ctesaribus
2946 4713 3091 4770 Iulio
3137 4722 3194 4769 et
3241 4715 3484 4785 Augusto

203 4839 326 4878 cum
365 4819 593 4890 singulis
634 4818 823 4872 diebus
858 4815 1222 4878 nominantur,
1257 4811 1483 4883 singulis
1516 4810 1665 4867 boris
1707 4811 1790 4867 dc-

182 4894 504 4986 .spiciautur
535 4920 643 4967 tam
666 4908 790 4980 ipsi,
821 4923 982 4979 quam
1012 4915 1067 4962 et
1100 4904 1336 4961 cultores
1365 4918 1571 4958 eorum.

725 5001 859 5055 Item
885 4999 948 5053 de
986 4997 1270 5053 mensibus.

279 5095 456 5152 LVlll.
489 5094 689 5151 Mensis
721 5111 753 5150 a
783 5106 1035 5148 mensura
1071 5090 1306 5161 quadam
1330 5104 1525 5145 nomen
1558 5088 1792 5160 accepit,

206 5188 462 5263 quoniam
505 5186 684 5244 omnis
716 5183 920 5240 mensis
937 5182 1231 5239 secundum
1284 5180 1426 5235 lunae
1472 5194 1690 5235 cursum
1722 5178 1793 5236 29

124 5350 135 5357 _
207 5282 399 5338 diebus
435 5291 493 5337 et
537 5279 764 5337 semisse
804 5283 1171 5333 mensuratur.
1211 5273 1425 5331 Menses
1460 5273 1792 5346 primitusin

208 5374 382 5431 lunari
407 5389 569 5430 cursu
600 5371 799 5443 reperti
828 5378 976 5437 sunt,
1005 5365 1169 5425 et'ab
1196 5368 1437 5425 Hebraeis
1462 5368 1579 5426 haec
1601 5367 1793 5425 obser-

209 5468 353 5524 vatio
378 5466 630 5537 primitus
656 5465 927 5521 abstracta
949 5472 1055 5530 est,
1082 5460 1225 5533 apud
1245 5460 1363 5518 illus
1388 5461 1530 5517 enim
1560 5461 1793 5533 primum

209 5557 464 5631 Kalendae
492 5566 548 5614 et
576 5557 877 5615 neomenia:
907 5557 1067 5612 dicta:
1088 5564 1235 5612 sunt.
1269 5554 1453 5612 Mencs
1481 5556 1625 5612 enim
1652 5557 1794 5628 apud

190 5649 464 5719 ,llebratos
484 5650 629 5729 luna,
660 5650 745 5706 vel
773 5648 1057 5706 neomenia
1079 5647 1294 5705 dicitur.
1327 5647 1457 5704 Inde
1482 5648 1797 5705 neomenias

210 5755 363 5796 nova:
399 5739 539 5797 lunae
563 5740 942 5798 observatione
971 5738 1269 5798 celebrant.
1298 5738 1500 5797 Deinde
1523 5737 1664 5811 apud
1691 5736 1797 5802 La-

1895 4820 2024 4867 sunt
2046 4816 2399 4865 commutata.
2426 4806 2546 4863 Jam
2580 4805 2922 4877 September,
2953 4805 3098 4876 quod
3126 4804 3390 4875 septimus
3412 4805 3485 4863 sit

1897 4922 1927 4959 a
1966 4904 2182 4969 Martio,
2214 4902 2304 4972 qui
2335 4909 2419 4956 est
2446 4900 2770 4970 principium
2798 4899 2962 4965 veris,
2992 4897 3244 4954 similiter
3268 4913 3513 4968 quoque-

1893 4997 2152 5061 Oetober,
2191 4992 2519 5060 November,
2569 5001 2625 5048 et
2655 4991 2954 5047 December
2994 5004 3059 5045 ex
3109 5006 3337 5045 numero
3380 4991 3482 5046 im-

1894 5092 2071 5148 brium
2124 5096 2287 5158 atque
2334 5086 2477 5143 aeris
2529 5094 2858 5156 acceperunt
2912 5084 3255 5142 vocabulum.
3312 5083 3483 5142 Porro

1893 5181 2211 5239 Ianuarium
2237 5195 2305 5235 ex
2326 5178 2546 5235 nomine
2572 5177 2692 5234 «ιλιιιί
2742 5188 3096 5243 vocaverunt,
3145 5180 3240 5234 scd
3268 5179 3483 5249 specia-

1893 5275 2020 5332 liter
2043 5272 2334 5329 Januarius
2374 5268 2694 5342 appellatur,
2745 5284 2811 5326 co
2853 5269 2998 5342 quod
3039 5269 3204 5342 janua
3235 5270 3483 5336 sitanni,

1894 5374 2059 5438 atque
2097 5360 2444 5436 principium.
2502 5359 2862 5417 Februarium
2912 5370 3091 5416 autem
3137 5377 3166 5415 a
3216 5360 3481 5415 Febribus

1898 5458 2265 5531 Lupercorum
2296 5453 2469 5512 sacris
2507 5452 2863 5526 appellarunt.
2906 5453 3062 5523 Apud
3109 5453 3360 5524 antiquos
3390 5453 3485 5508 ila-

1896 5572 2003 5631 que
2055 5555 2278 5611 Latinos
2317 5550 2385 5608 l0
2421 5551 2701 5608 mensibus
2728 5566 2919 5607 cursus
2954 5550 3080 5605 anni
3133 5549 3483 5622 computaba-

1899 5656 2010 5716 tur,
2036 5645 2131 5703 sed
2157 5642 2472 5699 Ianuarium
2494 5638 2746 5711 Romani,
2774 5640 3131 5699 Februarium
3157 5653 3287 5696 vero
3305 5636 3483 5693 Numa

1898 5737 2195 5813 Pompilius
2240 5734 2467 5805 addidit,
2513 5741 2676 5806 atque
2726 5736 2777 5790 in
2828 5735 2894 5790 12
2948 5749 3166 5793 menses
3209 5731 3482 5790 distinxit.
