4020 6310
591 357 728 415 1505

1380 349 1670 404 ΑΡΡΕΝΒ.
1718 351 1808 404 AD
1848 348 2018 406 SIEC.
2042 348 2148 402 IX.
2181 376 2250 386 -
2277 346 2643 404 AUCTORES
2680 347 3011 406 ANONYMI.

3623 367 3630 371 '
3693 352 3832 406 1513‘

586 474 840 542 Plerique
877 478 1055 526 autem
1108 474 1356 523 asserunt
1381 465 1666 537 Cyminum
1710 463 2036 518 Sabinorum
2065 475 2150 516 re-
2179 466 2226 522 Α
2253 461 2394 530 apud
2423 460 2674 518 Hebraeos
2706 477 2894 518 omnes
2922 475 3136 518 menses
3161 460 3327 527 29,.et
3365 463 3647 520 semissem
3691 480 3842 520 sem-

587 579 706 635 gem
748 562 901 634 prius
945 574 1144 614 annum
1180 558 1235 613 in
1261 557 1538 612 mensibus
1571 555 1840 618 divisisse,
1883 553 1984 618 ld.,
2029 551 2149 606 Kal.

585 663 642 711 et
666 651 1014 708 intercalares
1060 649 1176 705 dies
1208 646 1541 710 instituisse;
1588 645 1642 697 in
1672 643 1948 698 codicibus
1974 650 2152 694 autem

572 751 893 799 sanctarum
928 740 1326 810 Scripturarum
1351 735 1419 790 12
1454 748 1670 789 menses
1692 733 1858 787 fuisse
1905 731 1964 784 in
2013 743 2154 784 anno

571 833 750 886 etiam
773 839 900 884 ante
919 828 1178 884 diluvium
1207 825 1602 882 ostenduntur:
1648 823 1727 877 sic
1749 815 1904 876 enim
1924 820 1996 875 ibi
2028 818 2156 888 legi-

588 921 888 990 tur:Aqua
916 929 1091 974 autem
1127 901 1459 972 minuebatur
1504 929 1666 984 usque
1708 915 1776 966 ad
1825 911 2155 964 undecimum

585 989 832 1064 mensem.
886 1005 1174 1061 Undecimo
1219 1013 1394 1058 autem
1422 1017 1596 1056 mense
1635 999 1808 1070 prima
1845 999 1930 1052 die
1965 996 2156 1051 mensis

586 1103 938 1166 apparuerunt
969 1093 1243 1148 cacumina
1273 1090 1550 1152 montium,
1575 1087 1654 1142 sic
1679 1085 1824 1141 enim
1856 1093 1984 1140 tunc
2007 1099 2158 1138 men-

587 1201 674 1240 ses
726 1183 1237 1246 denumerabantur,
1289 1193 1395 1233 non
1438 1177 1579 1232 sicut
1637 1190 1804 1240 nunc,
1855 1174 1957 1229 bos
2010 1173 2155 1228 enim

588 1273 705 1329 Kal.
728 1281 783 1328 et
825 1273 972 1338 ldus,
999 1270 1120 1326 illos
1139 1284 1270 1325 vero
1299 1268 1423 1322 luna
1466 1265 1618 1320 ﬁnita
1647 1263 2020 1320 concludebat.
2049 1262 2159 1316 Ka-

588 1363 760 1420 lendae
785 1377 818 1417 a
842 1360 1057 1417 colendo
1110 1360 1303 1424 dictaei;
1333 1357 1472 1428 apud
1498 1356 1750 1425 antiquos
1772 1355 1916 1410 enim
1950 1367 2161 1423 semper

591 1451 855 1508 mensium
913 1449 1180 1521 principia
1251 1445 1686 1503 celebrabantur.
1751 1443 1876 1499 ldus
1946 1457 2163 1514 quoque

588 1547 746 1603 dictae
773 1561 804 1600 a
839 1545 1056 1611 diebus,
1071 1553 1128 1600 et
1161 1542 1326 1601 Nonae
1365 1558 1394 1597 a
1427 1539 1705 1598 nundinis.
1747 1539 1958 1596 Menses
1983 1546 2162 1594 autem

589 1635 732 1705 apud
775 1633 996 1690 Latinos
1062 1647 1129 1688 ex
1174 1631 1295 1690 Kal.
1351 1639 1574 1688 sumunt
1611 1628 1958 1700 principium.
2006 1625 2164 1696 Apud

589 1725 847 1781 Hebraeos
873 1739 938 1780 ex
968 1723 1108 1780 lunae
1135 1721 1408 1778 nascentis
1429 1735 1673 1776 recursu.
1703 1717 1856 1788 Apud
1880 1716 2162 1789 Egyptios

2253 566 2352 621 per
2375 552 2572 607 habent
2597 562 2822 617 aetates;
2860 569 2911 608 v.
2943 569 3020 625 3.,
3065 552 3110 607 si
3147 555 3469 610 accendatur
3498 557 3628 610 luna
3655 556 3840 610 media

2253 641 2364 706 die,
2391 650 2447 696 et
2473 640 2709 710 ejusdem
2732 645 2852 698 dies
2868 653 3096 714 quatuor
3122 643 3544 699 hebdomadibus
3570 646 3625 699 in
3657 647 3842 700 medio

2254 731 2500 800 expletis,
2527 733 2702 787 altera
2725 733 2899 787 media
2917 733 3004 788 die
3027 733 3097 788 29
3118 733 3242 787 luna
3266 737 3282 755 ⁶
3307 750 3428 790 esse
3451 736 3646 790 deinde
3671 736 3850 789 semis

2254 837 2424 892 usque
2454 823 2507 876 in
2549 823 2783 878 medium
2812 825 3024 879 noctis:
3065 839 3172 878 una
3219 824 3364 878 enim
3397 824 3514 880 vice
3553 826 3702 894 apud
3732 823 3841 878 He-

2255 913 2429 967 brteos
2474 912 2649 967 media
2692 913 2812 978 die,
2846 914 3015 968 altera
3065 914 3271 970 mensis
3307 915 3426 969 vice
3466 915 3646 969 media
3683 922 3848 968 nocte

2256 1001 2568 1058 accenditur
2593 1003 2739 1057 luna.
2773 1001 2878 1058 Sed
2899 1019 3090 1074 parum
3119 1004 3341 1058 Romani
3364 1004 3432 1058 ab
3456 1003 3708 1058 llebra'is
3735 1004 3848 1056 dis-

2256 1101 2496 1162 crepant,
2530 1108 2635 1147 non
2672 1092 2816 1148 enim
2853 1093 3079 1147 multum
3123 1095 3317 1158 distat,
3348 1093 3392 1147 si
3423 1096 3474 1146 in
3505 1091 3688 1146 altera
3719 1092 3846 1144 luna

2258 1183 2398 1240 diem
2428 1184 2698 1255 integrum
2741 1185 2996 1254 adiicias,
3043 1199 3110 1239 an
3157 1185 3288 1240 duos
3333 1199 3549 1238 menses
3599 1183 3848 1237 dividens

2256 1289 2438 1344 azquas
2460 1285 2643 1345 partes
2666 1276 2943 1346 utriusque
2964 1276 3276 1330 distribuas.
3299 1274 3430 1330 Cum
3454 1282 3641 1328 autem
3671 1275 3850 1328 media

2257 1363 2348 1420 die
2385 1365 2510 1420 luna
2541 1367 2880 1433 accenditur,
2911 1367 3062 1422 locus
3101 1365 3433 1421 accensiouis
3463 1363 3711 1418 medium
3738 1363 3846 1416 Anc

2258 1453 2359 1509 stri
2385 1454 2722 1510 adﬁrmatur.
2758 1455 2891 1511 Cum
2914 1471 3046 1510 vero
3075 1455 3246 1510 media
3277 1465 3434 1510 nocte
3470 1454 3845 1516 illuminatur,

2261 1545 2316 1599 in
2341 1545 2520 1600 medio
2548 1545 2984 1616 Septemtrionis,
3007 1548 3101 1600 sed
3133 1545 3297 1613 iguito
3325 1545 3448 1600 (τωιί
3483 1543 3610 1598 loco
3636 1542 3849 1596 inlumi-

2259 1636 2380 1690 nari
2413 1636 2662 1692 traditur.
2700 1636 2756 1692 ln
2789 1637 2998 1692 duobus
3041 1636 3189 1691 boris
3235 1637 3370 1706 apud
3417 1634 3688 1690 Hebraeos
3733 1633 3851 1686 luna

2261 1727 2594 1794 accenditur,
2624 1727 2677 1782 id
2704 1736 2788 1782 est
2825 1727 2877 1782 in
2899 1727 3083 1783 media
3112 1728 3241 1782 liora
3267 1735 3388 1797 post
3417 1724 3471 1788 6,
3502 1733 3561 1778 et
3591 1725 3646 1777 in
3683 1725 3852 1777 medio

587 1823 768 1870 autem
803 1812 1066 1884 Primipia
1093 1811 1354 1876 ῐηθηδίυίη
1386 1825 1506 1866 esse
1532 1819 1656 1865 ante
1684 1808 1801 1863 K3"
1823 1808 1858 1862 δ
1881 1816 1974 1863 θυι
1991 1808 2026 1862 2
2049 1807 2163 1862 dies
2191 1821 2236 1880 B
2264 1818 2437 1874 noctis
2466 1819 2605 1888 apud
2628 1817 2900 1872 Romanos
2922 1818 3118 1886 quibus
3135 1817 3378 1871 videatur
3405 1814 3582 1868 altera
3606 1813 3742 1867 luna
3765 1813 3851 1876 '50,

589 1903 1039 1975 pronunciantur.
1080 1901 1292 1956 Annum
1333 1908 1511 1954 autem
1550 1898 1704 1968 quasi
1745 1897 1964 1968 quidam
2004 1911 2165 1951 anum

589 1994 695 2053 dici
725 2001 932 2064 putant,
957 1993 1009 2048 id
1033 1999 1118 2047 est
1144 1991 1352 2062 cyclum
1371 2031 1386 2056 ,
1427 1990 1567 2044 unde
1597 1988 1739 2044 anuli
1774 1988 1900 2043 dicti
1929 1995 2054 2042 sunt
2084 1986 2165 2042 di-

592 2087 870 2145 minutive.
912 2085 1241 2154 Principium
1279 2082 1404 2136 anni
1439 2081 1530 2135 alii
1559 2081 1626 2136 ab
1652 2079 1822 2134 Roma
1849 2086 2068 2150 putant,
2111 2084 2170 2132 ut

590 2177 770 2248 populi
787 2161 1036 2244 Rotnani,
1063 2176 1152 2231 alii
1175 2176 1244 2230 ab
1265 2174 1588 2246 asquinoctio
1608 2171 1831 2236 vernali,
1854 2181 1913 2225 ut
1933 2169 2166 2235 Hebraei,

591 2269 685 2326 alii
713 2284 744 2324 a
776 2269 1028 2334 solstitio,
1067 2277 1129 2322 ut
1166 2267 1359 2333 Graeci,
1392 2265 1478 2319 alii
1508 2265 1576 2319 ab
1602 2272 1882 2328 autumno,
1913 2270 1973 2316 ut
2001 2260 2169 2332 [Egy-

593 2363 710 2433 plii.
739 2360 872 2420 Era
895 2376 928 2415 a
956 2361 1041 2416 die
1062 2358 1180 2420 Kal.
1207 2357 1428 2418 Ianuar.
1459 2355 1744 2426 adcrescit.
1769 2354 2046 2409 Bissextus
2077 2367 2171 2406 au-

595 2463 700 2507 tem
731 2467 762 2506 a
789 2466 841 2505 v1
871 2449 1008 2506 Non.
1037 2448 1193 2504 Mart.
1226 2462 1395 2516 usque
1429 2445 1496 2501 ad
1537 2439 1833 2500 diem'Kal.
1878 2442 2001 2497 Jun.
2032 2442 2172 2499 luna:

592 2557 752 2598 cursu
780 2539 1116 2610 proponitur.
1145 2538 1336 2594 Annus
1365 2533 1745 2606 Egyptiorum
1773 2536 1890 2588 sine
1917 2532 2172 2588 bissextis

593 2631 756 2688 habet
788 2629 1000 2688 initium
1035 2644 1110 2682 vn
1141 2626 1259 2684 Kal.
1292 2625 1590 2697 Septemb.,
1622 2639 1746 2681 cum
1771 2624 2041 2680 bissextus
2071 2638 2170 2676 au-

595 2733 704 2778 tem
726 2737 904 2778 annus
922 2720 1184 2785 evenerit,
1200 2722 1285 2773 ut‘
1307 2717 1461 2786 Kal.,_
1478 2726 1536 2771 ut
1561 2731 1732 2788 supra
1747 2714 2169 2784 Scripturarum.

595 2811 894 2867 Solstitium
925 2820 1103 2865 autem
1128 2808 1324 2864 dicitur
1357 2806 1511 2878 quasi
1537 2805 1666 2860 solis
1691 2805 1870 2860 statio.
1909 2803 2172 2874 ΔΕρυὶηο-

595 2903 759 2958 ctium
785 2917 936 2964 vero,
970 2901 1111 2971 quod
1140 2909 1264 2954 tunc
1287 2899 1401 2952 dies
1431 2905 1484 2952 et
1518 2909 1623 2950 nox
1655 2896 1706 2955 in
1737 2895 2043 2964 aequitatem
2076 2893 2172 2948 ho-

596 3007 776 3048 rarum
817 2991 1182 3046 duodenarum
1231 2995 1614 3054 revertantur,
1651 2983 1944 3054 coazquatis
1985 2982 2172 3052 spatiis

596 3084 728 3142 suis.
777 3081 1075 3138 Solstitium
1126 3081 1367 3142 aestit'um
1413 3078 1530 3134 ideo
1576 3076 1782 3152 lampas
1823 3077 2057 3141 dicitur,
2105 3088 2170 3129 eo

2265 1909 2433 1964 altera
2462 1908 2531 1964 29
2560 1909 2736 1980 post7
2767 1908 3094 1964 accenditur.
3145 1906 3279 1974 Quia
3325 1905 3543 1960 facilius
3588 1914 3680 1960 est
3720 1904 3851 1973 apud

2266 2014 2360 2054 eos
2399 1999 2466 2052 ad
2515 1999 2797 2054 tenendam
2829 1999 3088 2054 rationem
3134 2011 3299 2052 unum
3341 1996 3633 2064 imponere
3678 1995 3854 2058 diem,

2267 2088 2358 2159 qui
2401 2085 2564 2143 efﬁcit
2605 2086 2698 2142 50.
2743 2087 2866 2144 Ideo
2896 2086 3253 2156 Aquilonares
3281 2086 3424 2139 hanc
3458 2083 3715 2150 regulam
3757 2097 3851 2137 non

2267 2180 2586 2244 observant,
2609 2179 2738 2249 quia
2773 2193 3106 2247 consequens
3130 2185 3213 2230 est
3246 2175 3386 2245 apud
3412 2189 3510 2230 eos
3551 2182 3613 2228 ut
3659 2175 3854 2230 mensis

2268 2271 2330 2325 51
2362 2271 2466 2335 die,
2499 2271 2624 2326 luna
2653 2269 2748 2338 50,
2772 2270 2972 2324 mensis
3003 2269 3072 2323 50
3108 2268 3228 2332 die,
3271 2266 3398 2320 luna
3427 2265 3497 2319 29
3525 2264 3720 2319 liabet.
3757 2264 3852 2318 Sed

2269 2365 2316 2420 si
2339 2364 2442 2421 hoc
2467 2365 2762 2420 dixerimus
2793 2371 3008 2433 propter
3029 2361 3474 2432 praeparationem
3508 2358 3742 2414 bissexti
3779 2357 3854 2411 vel

2269 2455 2398 2512 solis
2419 2455 2668 2510 accensio
2694 2453 2958 2518 variatur,
2991 2461 3049 2504 ut
3075 2451 3130 2506 in
3158 2459 3269 2506 toto
3297 2449 3417 2504 (εωιὶ
3456 2450 3596 2503 orbe
3621 2448 3854 2511 circulo,

2269 2561 2377 2616 quo
2409 2544 2537 2600 luna
2566 2544 2758 2609 currit,
2790 2541 2992 2598 nullum
3041 2540 3216 2595 locum
3243 2539 3580 2593 arbitremur
3619 2536 3744 2604 ejus
3774 2553 3856 2590 πο

2270 2639 2526 2696 censione
2553 2652 2748 2692 vacare
2779 2636 2903 2690 luna
2930 2633 3084 2703 longa
3113 2631 3199 2696 50,
3238 2631 3363 2686 luna
3392 2631 3582 2685 brevis
3612 2628 3708 2692 29,
3735 2629 3854 2680 luna

2270 2728 2391 2784 Jan.
2425 2727 2514 2794 '50,
2557 2727 2684 2782 luna
2715 2725 2876 2780 Febr.
2907 2722 2994 2788 29,
3026 2722 3104 2776 sic
3142 2729 3198 2776 et
3241 2735 3430 2776 omnes
3470 2734 3718 2773 menses.
3755 2718 3858 2773 Sed

2271 2819 2425 2874 lunas
2471 2818 2672 2872 mensis
2709 2815 2996 2885 adsignare
3035 2810 3205 2881 magis
3241 2809 3534 2864 traditione
3570 2807 3860 2877 magistro—

2271 2923 2412 2974 rum,
2438 2916 2490 2961 et
2519 2905 2754 2960 maxime
2773 2902 3108 2965 Latinorum,
3136 2913 3296 2968 quam
3320 2897 3493 2952 literis
3519 2895 3858 2966 divulgatum

2271 3005 2373 3054 est.
2403 2993 2684 3064 Egyptios
2711 2999 2890 3046 autem
2920 2988 3061 3044 luna:
3090 2995 3274 3041 narrat
3308 2986 3460 3040 litera
3496 2985 3742 3054 singulas
3779 2983 3860 3036 lu-

2271 3105 2372 3146 nas
2415 3086 2640 3158 singulis
2677 3083 2955 3146 mensibus
2987 3078 3330 3136 distribuere.
3357 3077 3590 3132 Necesse
3617 3086 3703 3129 est
3730 3090 3860 3128 vero

597 3173 738 3243 quod
778 3187 846 3227 ex
891 3185 956 3226 eo
993 3170 1240 3225 infundat
1265 3169 1405 3224 diem
1447 3165 1652 3232 lampas
1687 3153 1836 3228 Solis,
1868 3163 2168 3217 claritatem
2196 3160 2242 3224 C
2273 3153 2530 3238 lectore“;
2563 3179 2704 3239 scite
2741 3174 3041 3247 quamnim
3081 3172 3262 3226 lunam
3292 3170 3514 3225 cuilibet
3542 3168 3719 3223 mensi
3761 3168 3858 3220 ad.

597 3261 860 3332 majorem
907 3259 1166 3332 accipiat,
1219 3257 1572 3326 calorcnnpte
1591 3267 1788 3311 unum
1836 3251 2170 3319 advenientis

596 3354 822 3423 aestatis,

1114 3443 1249 3498 Item
1277 3443 1340 3497 de
1367 3441 1646 3499 mensibus.

665 3536 779 3594 LX.
819 3535 936 3594 Sini
964 3544 1022 3590 ut
1050 3535 1128 3592 liii
1160 3537 1178 3555 ·
1212 3548 1424 3589 menses
1465 3531 1789 3603 Egyptiaci,
1833 3527 2166 3597 Orientales,

595 3629 786 3694 Mauri,
828 3637 882 3684 et
911 3627 1104 3692 Graeci,
1137 3625 1478 3690 Macedones,
1523 3623 1904 3688 Alexandrini,
1949 3621 2165 3689 Asiani,

595 3721 793 3785 Persae,
824 3717 982 3783 Medi,
1022 3715 1254 3772 Chaldaei
1284 3731 1388 3780 non
1421 3722 1705 3770 numerant
1743 3714 1877 3768 dies.
1908 3711 2169 3774 Mensium

595 3825 694 3882 per
721 3807 859 3871 Kal,,
889 3815 944 3862 et
965 3805 1126 3870 Non.,
1158 3814 1211 3860 et
1237 3804 1381 3868 ldus,
1410 3803 1503 3860 sed
1538 3803 1622 3857 his
1658 3801 1886 3860 Romani
1915 3799 2168 3870 pmjudi-

597 3907 753 3960 cant.
776 3896 881 3956 Sed
911 3895 1106 3961 Graeci,
1141 3903 1196 3948 et
1232 3894 1292 3948 bi
1331 3892 1621 3963 supradicti
1649 3905 1836 3950 omnes
1865 3892 1928 3946 l2
1956 3906 2170 3947 menses

593 3987 818 4053 habent,
862 3993 918 4040 et
959 3986 1058 4048 sub
1086 3999 1270 4048 mense
1292 4000 1478 4044 eorum
1505 3983 1711 4039 dies50
1739 3998 1952 4054 semper
1969 3991 2172 4053 praeter

594 4077 876 4152 Egyptios
903 4076 1228 4140 concordant
1261 4089 1469 4130 omnes.
1510 4075 1564 4128 In
1610 4075 1798 4130 eodem
1838 4089 2024 4129 mense
2055 4074 2167 4139 bis,

593 4181 652 4229 et
679 4172 734 4227 in
765 4169 913 4226 sole‘
945 4167 1085 4226 lunas
1115 4166 1355 4238 exceptis
1395 4164 1689 4248 Egyptiis,
1736 4164 1826 4235 qui
1861 4166 1928 4222 15
1958 4179 2171 4219 menses

595 4266 827 4330 faciunt,
845 4263 1054 4323 decimo
1078 4261 1238 4316 tertio
1265 4274 1450 4322 mense
1475 4261 1542 4313 de
1570 4256 1602 4316 5
1631 4255 1818 4316 diebus
1842 4255 2169 4322 remanenti-

597 4360 698 4414 bus
722 4354 987 4425 completo
1016 4353 1218 4424 Agusto
1241 4357 1256 4372 '
1280 4366 1406 4415 ann.
1431 4349 1465 4404 ὅ
1485 4349 1600 4404 sine
1627 4349 1884 4413 bissexto,
1900 4356 1956 4402 et
1975 4347 2008 4401 5
2028 4363 2170 4403 anno

595 4465 718 4509 cum
759 4450 923 4512 intret
960 4449 1231 4504 bissextus
1249 4485 1266 4512 ,
1305 4460 1400 4500 sex
1428 4443 1541 4498 dies
1569 4443 1740 4504 adhuc
1769 4443 1835 4496 de
1853 4440 2058 4512 Agusto
2085 4455 2172 4496 re-

2271 3274 2496 3335 scribat,
2539 3279 2832 3340 utrumque
2859 3266 2914 3324 in
2933 3280 3006 3358 eo
3035 3261 3370 3326 accenditur,
3408 3276 3476 3314 an
3512 3259 3599 3313 illo
3649 3259 3704 3312 in
3753 3271 3861 3326 quo

2271 3380 2343 3426 ea
2381 3361 2734 3433 extinguitur.
2774 3357 2911 3412 Nam
2935 3350 2995 3410 ἐἰ
3045 3369 3257 3424 semper
3284 3351 3540 3415 Kalendis
3581 3350 3860 3405 mensium

2271 3443 2411 3516 lunai
2433 3452 2662 3510 deﬁcere
2702 3459 2884 3512 essent
2917 3447 3107 3511 solitze,
3140 3454 3195 3500 et
3216 3458 3430 3519 semper
3455 3443 3512 3498 in
3539 3441 3663 3497 Kal.
3703 3455 3862 3493 men-

2271 3549 2410 3604 sium
2441 3545 2629 3615 prima;
2674 3542 2814 3597 lunae
2853 3537 3190 3609 compotibus
3234 3535 3498 3605 praebere,
3542 3541 3596 3587 et
3629 3531 3861 3584 alterius

2271 3636 2472 3696 mensis
2494 3633 2620 3688 luna
2648 3631 2704 3687 in
2729 3630 2958 3686 alterum
2981 3642 3088 3682 non
3111 3632 3422 3696 vagaretur,
3443 3619 3692 3692 profecto
3713 3636 3860 3689 quaa-

2271 3729 2376 3787 stio
2395 3725 2640 3784 solubilis
2663 3721 2832 3788 foret,
2858 3729 2913 3776 et
2940 3733 3006 3774 ea
3043 3718 3165 3772 luna
3196 3731 3314 3794 quae
3342 3715 3396 3770 in
3431 3713 3624 3768 eodem
3669 3725 3861 3766 mense

2271 3816 2601 3890 extinguitur
2625 3822 2680 3868 et
2705 3810 3038 3874 accenditur,
3065 3806 3303 3875 ejusdem
3329 3803 3533 3865 mensis
3553 3816 3678 3857 esse
3714 3801 3858 3860 deti,-

2273 3910 2472 3968 nirent.
2505 3907 2612 3964 Sed
2641 3905 2784 3974 quod
2827 3916 2945 3957 esse
2971 3901 3024 3956 in
3052 3898 3171 3964 Kal.
3202 3897 3497 3960 mensium,
3533 3904 3589 3950 et
3633 3894 3859 3962 reliquis

2274 4001 2328 4061 in
2356 3997 2580 4055 exordio
2611 3995 2812 4059 mensis
2852 3993 3042 4055 diebus
3084 3989 3227 4045 luna:
3273 3988 3560 4052 deﬁciunt,
3609 3995 3665 4042 et
3711 3986 3858 4050 luna;

2273 4092 2642 4153 accenduntur
2665 4085 2925 4153 immobili
2955 4084 3165 4144 ratione
3190 4081 3456 4152 deﬁgitur,
3481 4089 3540 4135 ut
3560 4079 3688 4134 luna
3710 4095 3858 4148 quac—

2273 4184 2426 4249 libet,
2456 4181 2510 4236 in
2541 4194 2646 4248 quo
2677 4189 2861 4241 mense
2884 4172 3176 4244 defecerit,
3207 4179 3261 4226 et
3303 4186 3408 4224 non
3446 4168 3852 4232 inlustrat-erit,

2272 4276 2340 4332 de
2358 4274 2544 4334 eodem
2569 4284 2751 4330 mense
2773 4267 2875 4322 nisi
2897 4280 3060 4324 unum
3083 4263 3225 4319 diem
3251 4270 3454 4326 tantum
3478 4275 3663 4316 mense
3684 4261 3856 4330 ipsius

2272 4365 2377 4421 erit
2419 4362 2580 4426 luna,
2609 4365 2835 4430 excepta
2878 4356 3004 4410 luna
3041 4343 3408 4415 embolimaca,
3451 4365 3570 4420 quae
3622 4349 3688 4403 13
3737 4351 3856 4402 sine

2272 4469 2458 4512 mense
2500 4452 2586 4508 vel
2629 4451 2760 4508 luna
2798 4445 3072 4504 mensibus
3121 4459 3227 4498 non
3266 4441 3572 4511 deputatur,
3622 4440 3749 4494 dum
3798 4439 3855 4491 ﬁt

593 4551 816 4602 manent
841 4550 1058 4612 propter
1083 4540 1398 4601 bissextum,
1425 4543 1478 4590 et
1505 4533 1563 4588 ﬁt
1587 4535 1686 4588 iste
1713 4534 1912 4590 mensis
1931 4533 2171 4591 decimus
2195 4521 2248 4580 D
2273 4543 2494 4606 mensis,
2544 4541 2596 4596 in
2632 4554 2738 4612 quo
2762 4537 2898 4593 duos
2919 4536 2935 4555 ⁶
2962 4532 3307 4590 extinctionis
3353 4531 3507 4594 ﬁunt,
3545 4539 3605 4584 et
3649 4529 3854 4584 mensis

595 4635 788 4690 tertius
815 4632 849 4688 6
877 4632 1116 4696 dierum,
1158 4643 1293 4698 quos
1331 4627 1446 4681 dies
1478 4633 1670 4680 vocant
1711 4622 1948 4695 Egyptii
1975 4637 2165 4694 epago.

595 4741 803 4792 meuas,
832 4723 884 4779 id
904 4731 987 4778 est
1015 4721 1203 4788 Latine
1228 4725 1629 4780 concurrentes.

813 4815 951 4872 Item
979 4809 1330 4873 demensibus
1355 4818 1402 4862 et
1431 4809 1568 4870 (uim:
1595 4805 1940 4876 longitudine.

667 4907 802 4968 LXI.
829 4905 1038 4962 Menses
1070 4914 1281 4973 quoque
1308 4899 1444 4957 lunae
1473 4897 1765 4955 secundum
1804 4896 2023 4951 Latinos
2051 4894 2169 4949 lon-

597 4997 838 5070 gitudine
867 4993 1108 5065 dispares
1133 5009 1146 5044 :
1177 4991 1208 5043 ϐ
1240 4987 1404 5059 longi,
1436 4995 1490 5041 et
1519 4987 1550 5040 6
1574 4986 1763 5046 breves
1790 5000 1886 5057 per
1912 4999 2125 5046 omnem
2148 4983 2168 5003 ‘

598 5085 963 5148 communium
992 5081 1130 5138 luna:
1169 5080 1326 5149 longe
1367 5079 1420 5133 in
1463 5092 1603 5140 anno
1631 5075 1980 5132 embolismali
2009 5075 2167 5130 simul

597 5191 720 5234 cum
745 5175 868 5232 luna
896 5172 1263 5236 embolismus,
1293 5179 1348 5223 et
1377 5169 1490 5223 dies
1511 5166 1799 5228 bissextus,
1832 5166 1884 5220 in
1920 5167 2165 5220 eumdem

597 5280 797 5322 annum
826 5263 1170 5322 conveniunt.
1222 5259 1292 5324 Ut
1335 5259 1377 5314 si
1421 5258 1540 5311 luna
1587 5256 1654 5311 50
1699 5256 1751 5309 in
1783 5255 1898 5310 Kal.
1929 5253 2083 5320 Jan.,
2114 5263 2169 5308 et

594 5357 720 5411 luna
751 5356 919 5433 ipsius
942 5352 1062 5419 Jan.
1096 5352 1184 5418 50,
1208 5361 1263 5406 et
1284 5351 1407 5405 luna
1437 5347 1698 5403 Februar.
1724 5363 1821 5418 pro
1842 5347 2080 5402 bissexto
2100 5345 2168 5400 50

595 5449 1009 5522 computabitur.
1048 5447 1109 5502 Et
1155 5445 1276 5500 luna
1318 5434 1472 5497 Mart.
1520 5457 1731 5521 semper
1767 5440 1836 5495 50
1873 5439 2164 5504 secundum

599 5517 845 5603 Latinos.
871 5538 977 5594 Sed
1007 5537 1148 5607 quod
1189 5533 1418 5590 dicimus
1447 5517 1662 5594 lunares
1697 5545 1906 5585 menses
1934 5529 2166 5600 longitu-

596 5631 719 5686 dine
759 5629 1002 5699 dispares
1045 5624 1334 5681 secundum
1377 5634 1677 5684 numerum,
1720 5635 1824 5674 non
1874 5619 2164 5674 secundum

597 5731 842 5781 naturam
891 5732 1076 5774 omnes
1123 5715 1258 5792 lunae
1306 5710 1503 5766 mensis
1547 5708 1777 5787 aequales
1821 5718 1962 5766 sunt.
2013 5708 2164 5765 Unde

2274 4635 2391 4699 sine
2424 4630 2751 4690 extinctione
2776 4626 3077 4690 invenitur.

2575 4720 2654 4775 De
2681 4735 2854 4774 mense
2886 4728 2934 4772 et
2969 4713 3372 4784 interrogatione
3403 4713 3560 4766 (urite.

2342 4815 2500 4874 LXll.
2538 4813 2634 4868 Dic
2663 4813 2727 4868 de
2754 4823 3074 4880 unoquoque
3099 4822 3285 4861 mense
3312 4805 3435 4862 luna
3458 4813 3590 4872 quot
3617 4803 3733 4858 dies
3757 4804 3852 4857 lia-

2274 4907 2385 4971 bet,
2409 4912 2464 4960 et
2487 4901 2718 4973 qualiter
2738 4913 2948 4955 menses
2973 4897 3173 4952 solares
3199 4903 3574 4953 numerantur.
3604 4893 3851 4948 Diximus

2273 5009 2504 5064 namque
2533 5003 2854 5064 unoquoque
2880 5002 3064 5042 mense
3089 4985 3272 5040 lunam
3299 4985 3501 5039 habere
3532 4985 3651 5038 dies
3680 4983 3768 5043 29.
3795 4993 3849 5038 et

2272 5083 2570 5149 dimidium,
2603 5088 2657 5136 et
2689 5081 2756 5135 ob
2784 5079 2887 5136 hoc
2915 5078 2968 5132 in
2999 5093 3103 5130 una
3132 5075 3407 5132 lunatione
3432 5075 3522 5130 29.
3574 5075 3848 5144 Sequente

2271 5185 2449 5234 autem
2487 5173 2572 5228 die
2597 5171 2711 5244 jam
2745 5169 2920 5240 prima
2950 5178 3295 5233 numeratur;
3335 5168 3502 5222 altera
3529 5183 3663 5222 vero
3693 5167 3846 5220 luna-

2272 5265 2416 5319 tione
2435 5280 2556 5319 cum
2573 5262 2660 5316 illa
2686 5261 2787 5315 alia
2806 5259 3091 5314 medietate
3109 5275 3228 5328 «pne
3253 5257 3438 5312 relicta
3463 5257 3640 5312 fuerat
3663 5273 3846 5311 nume

2273 5363 2425 5410 ratur
2451 5352 2574 5406 luna
2601 5351 2690 5417 50,
2735 5349 2898 5406 etiam
2935 5348 3181 5418 sequenti
3218 5347 3304 5402 die
3335 5349 3386 5412 1,
3427 5347 3506 5401 sic
3543 5361 3646 5416 per
3674 5356 3842 5400 totum

2271 5458 2470 5497 annum
2499 5456 2604 5504 uno
2629 5455 2813 5496 mense
2839 5439 2964 5493 luna
2991 5438 3084 5502 29,
3117 5437 3221 5492 alio
3246 5451 3431 5492 mense
3459 5436 3548 5500 30,
3576 5438 3765 5507 sicque
3787 5433 3844 5487 lit

2272 5542 2329 5587 ut
2357 5533 2390 5588 6
2416 5547 2628 5588 menses
2669 5531 2794 5586 luna
2834 5537 3146 5585 numeretur
3173 5543 3342 5597 usque
3367 5528 3456 5582 29.
3513 5527 3622 5582 Sex
3667 5535 3840 5580 autem

2269 5625 2358 5680 alii
2388 5639 2600 5680 menses
2631 5639 2798 5693 usque
2827 5622 2948 5676 luna
2984 5621 3071 5686 50,
3112 5631 3164 5675 et
3203 5623 3253 5674 In
3285 5619 3460 5690 capite
3496 5619 3624 5672 anni
3654 5617 3840 5672 solaris

2273 5715 2395 5780 inde
2432 5713 2600 5770 fertur
2636 5713 2834 5778 habere
2869 5712 2993 5769 luna
3031 5712 3207 5767 minus
3241 5709 3356 5766 dies
3389 5709 3476 5776 ll,
3523 5709 3576 5764 id
3623 5717 3702 5764 est
3747 5720 3839 5766 sex
