4006 5470
215 379 350 439 1505

213 589 484 644 adduntur
505 605 666 660 supra
689 590 759 646 50
781 591 914 646 dies.
944 592 1012 646 Et
1037 608 1161 648 cum
1184 609 1311 665 ergo
1333 593 1471 648 luna:
1493 595 1557 648 I5
1583 610 1786 660 mense,

213 678 265 732 id
307 688 390 734 est
434 680 550 735 dies
577 681 637 735 II
682 682 749 735 ad
793 698 963 737 annos
1006 683 1210 739 solares
1253 685 1549 754 implendos
1590 685 1792 739 fuerint

211 770 474 839 adiuncti,
508 781 713 827 restant
743 775 809 828 de
839 777 1028 830 eodem
1062 793 1247 832 mense
1275 777 1414 832 lunae
1444 778 1558 832 dies
1587 777 1670 831 I9.
1725 777 1790 832 Et

210 861 337 915 hinc
371 863 808 919 embolismorum
857 867 998 921 ratio
1044 868 1302 938 probatur
1330 868 1597 932 existere,
1645 867 1787 936 quod

208 953 571 1007 communium
595 970 855 1009 annorum
880 957 1092 1012 videtur
1112 958 1305 1012 damna
1334 956 1603 1028 supplere,
1619 971 1788 1024 usque

207 1045 421 1112 expleto
448 1047 921 1106 decenmovennali
953 1067 1114 1106 cursu
1141 1054 1470 1107 conveniunt
1510 1052 1561 1106 in
1596 1068 1784 1106 unum.

208 1131 320 1187 Hoc
339 1136 552 1206 quoque
573 1153 677 1191 non
699 1147 783 1192 est
804 1140 1215 1208 admittendum,
1235 1143 1376 1212 quod
1403 1141 1454 1196 in
1485 1141 1575 1196 illo
1601 1141 1785 1208 solari,

207 1217 260 1274 in
290 1238 397 1292 quo
435 1225 557 1279 luna
593 1227 781 1298 incipit
819 1232 1072 1298 accendi,
1111 1232 1156 1287 si
1193 1233 1353 1287 habet
1382 1233 1496 1287 dies
1523 1233 1612 1297 51,
1663 1242 1788 1289 tunc

204 1311 404 1367 dicitur
432 1314 555 1370 luna
585 1317 685 1384 50;
735 1320 788 1374 in
819 1320 908 1376 illo
937 1337 1067 1376 vero
1093 1324 1182 1392 qui
1221 1323 1385 1378 habet
1421 1325 1599 1378 minus
1624 1339 1786 1394 quam

203 1404 292 1469 51,
325 1413 451 1462 tunc
478 1409 677 1465 dicitur
704 1411 798 1478 29,
845 1423 900 1468 et
944 1414 1068 1470 inde
1095 1417 1145 1480 1,
1181 1415 1283 1470 nisi
1321 1417 1535 1485 quando
1571 1416 1624 1470 in
1664 1416 1781 1470 Kal.

198 1495 337 1568 Aug.
370 1497 533 1554 fuerit
569 1501 663 1567 29,
708 1504 852 1573 quod
895 1507 1092 1560 ceteris
1135 1507 1434 1562 rationibus
1478 1509 1785 1563 intermisso

199 1587 287 1641 die
316 1591 562 1645 noscitur
583 1593 800 1660 addere,
831 1595 916 1649 vel
946 1595 1208 1650 minuere.
1237 1597 1414 1666 Ipsum
1437 1612 1651 1666 quoque
1682 1582 1783 1650 nu;

198 1690 409 1730 merum
429 1677 572 1734 clare
595 1683 856 1748 noscitur,
873 1685 1067 1753 quibus
1083 1685 1358 1740 mensibus
1373 1685 1435 1738 51
1459 1687 1569 1740 dies
1587 1685 1784 1740 habere

199 1765 422 1824 dicitur.
476 1769 694 1827 Scilicet
719 1770 865 1838 Jan.,
912 1783 968 1830 et
1011 1774 1197 1842 Mart.,
1228 1777 1378 1842 Mai.,
1407 1775 1534 1842 Jul.,
1564 1776 1778 1844 Octob.,

197 1860 367 1913 ceteri
397 1877 524 1916 vero
552 1879 601 1916 tv
631 1861 768 1917 Non.
799 1873 853 1920 et
878 1867 1057 1921 cuncti
1084 1883 1178 1921 vm
1207 1866 1284 1922 Id.

196 1945 334 2015 Item
362 1950 425 2004 de
452 1955 712 2008 mensibus
740 1967 864 2026 quot
902 1956 1058 2010 horas
1086 1959 1308 2013 habeant
1341 1959 1394 2014 in
1419 1959 1503 2015 die
1531 1968 1578 2012 et
1612 1969 1780 2014 nocte.

267 2038 446 2094 LXIII.
487 2043 685 2112 Aprilis
722 2054 777 2100 et
810 2045 959 2117 Sept.
993 2046 1193 2102 habent
1224 2048 1387 2102 horas
1419 2048 1471 2102 in
1503 2056 1658 2103 nocte
1692 2049 1780 2114 I2,

196 2127 251 2182 in
284 2128 370 2182 die
398 2129 484 2183 12.
533 2131 704 2187 Maius
749 2142 799 2186 et
820 2133 1094 2205 Augustus
1123 2137 1286 2193 horas
1331 2137 1382 2190 in
1428 2146 1583 2192 nocte
1613 2137 1698 2202 11,
1727 2137 1780 2190 in

195 2217 284 2271 die
313 2219 396 2272 I5.
433 2218 623 2276 Junius
651 2232 706 2278 et
732 2223 906 2280 Julius
932 2225 1094 2281 horas
1125 2227 1175 2280 in
1206 2238 1363 2282 nocte
1389 2227 1444 2292 9,
1486 2228 1540 2281 in
1575 2227 1661 2282 die
1691 2227 1776 2282 15.

193 2306 432 2364 October
471 2321 526 2368 et
564 2312 790 2370 Martius
831 2317 994 2373 horas
1036 2320 1088 2373 in
1135 2331 1290 2375 nocte
1320 2321 1407 2386 15,
1457 2320 1508 2375 in
1556 2319 1643 2373 die
1691 2319 1775 2373 11.

193 2396 501 2456 November
538 2412 593 2458 et
635 2403 793 2459 Febr.
827 2407 990 2462 horas
1034 2409 1086 2461 in
1129 2419 1285 2464 nocte
1315 2410 1402 2474 I4,
1455 2410 1507 2462 in
1555 2410 1642 2463 die
1691 2409 1776 2463 10.

192 2487 449 2547 Decemb.
483 2501 535 2549 ct
562 2492 681 2549 Jan.
716 2498 879 2553 horas
910 2498 961 2552 in
993 2509 1150 2555 nocte
1179 2501 1265 2565 15,
1293 2511 1348 2555 et
1375 2501 1427 2554 in
1455 2501 1540 2554 die
1566 2501 1620 2554 9.

711 2585 846 2640 Item
877 2577 941 2642 de
974 2589 1254 2644 mensibus.

263 2670 447 2727 LXIV.
483 2674 705 2730 Januar.
757 2693 809 2730 rv
854 2676 992 2731 Non.
1043 2695 1174 2744 xu,
1226 2680 1340 2734 dies
1367 2679 1460 2745 51,
1512 2679 1637 2734 luna
1685 2679 1774 2734 50.

188 2756 354 2814 Febr.
389 2778 440 2816 ιγ
471 2763 606 2818 Non.
643 2781 756 2830 xvn,
789 2766 903 2820 dies
931 2766 1030 2832 28,
1067 2767 1191 2822 luna
1217 2767 1307 2822 29.
1365 2769 1523 2822 Mart.
1553 2785 1603 2822 v1
1635 2768 1773 2823 Non.

187 2866 330 2916 xvu,
359 2853 475 2908 dies
501 2856 588 2920 51,
620 2855 744 2909 luna
771 2856 859 2911 50.
910 2856 1084 2929 April.
1119 2877 1170 2914 ιν
1198 2859 1331 2914 Non.
1363 2877 1516 2924 xvnl,
1546 2862 1658 2914 dies
1685 2860 1770 2924 50,

1478 387 1680 444 LIBER
1716 390 1802 445 DE
1836 390 2182 450 COMPUTO.

213 498 460 570 superius
495 507 844 565 memoratos,
887 507 942 554 et
984 499 1016 554 5
1045 501 1136 570 qui
1173 500 1244 555 ad
1278 516 1516 558 mensem
1556 503 1786 558 solarem
1816 509 1862 567 Α

3330 392 3349 444 1
3361 391 3463 449 506

2489 505 2563 559 De
2608 505 2854 560 numeris.

1961 597 2144 652 LXVI.
2205 597 2472 652 Numerus
2528 598 2664 666 apud
2717 596 3010 661 Hebraeos,
3065 594 3347 650 Chaldaeos
3406 603 3463 648 et

1895 685 2061 756 Syros
2091 688 2231 741 mina
2263 687 2477 750 dicitur,
2502 701 2623 740 cum
2652 685 2857 742 Gra'cis
2886 686 3150 739 arithmus
3185 699 3465 755 nuncupa-

1892 777 2071 841 batur,
2097 777 2235 846 apud
2264 775 2546 848 Egyptios
2573 775 2890 837 latercnlus,
2942 789 3107 844 penes
3145 772 3464 828 Macedones

1893 867 2148 931 calculus,
2180 882 2300 921 cum
2341 867 2548 920 Latinis
2576 874 2872 933 compotns,
2905 879 3025 918 ema
3053 879 3174 916 cum
3203 861 3461 925 Hebrreis,

1892 955 2030 1024 apud
2067 954 2283 1009 Graacos
2304 968 2505 1014 emera,
2535 968 2699 1020 penes
2744 951 2964 1005 Latinos
3009 953 3146 1006 dies.
3211 951 3361 1005 Lihia
3410 951 3462 1004 in
3547 961 3550 966 '

1893 1045 2137 1110 IIehrmo,
2169 1046 2309 1100 uicta
2342 1046 2394 1099 in
2422 1046 2629 1107 Graeco.
2663 1060 2765 1099 nox
2805 1045 2945 1114 apud
2977 1045 3218 1098 Latinos.
3251 1043 3466 1096 Primus

1890 1139 2029 1208 apud
2068 1138 2293 1208 gentiles
2341 1138 2454 1192 dies
2505 1138 2814 1191 nominatur
2859 1153 2888 1190 a
2938 1137 3071 1199 sole,
3119 1136 3386 1190 secundus
3433 1149 3465 1186 a

1889 1231 2034 1296 luna,
2076 1230 2268 1284 tertius
2316 1244 2346 1282 a
2396 1229 2586 1292 Marte,
2617 1239 2844 1298 quartus
2897 1243 2928 1280 a
2978 1226 3276 1289 Mercurio,
3308 1224 3467 1295 quin-

1891 1332 1974 1377 tus
2025 1337 2055 1375 a
2112 1320 2274 1383 Jove,
2331 1328 2517 1374 sextus
2572 1334 2602 1372 a
2661 1317 2904 1383 Venere,
2957 1316 3222 1386 septimus
3274 1330 3305 1367 a
3365 1312 3464 1367 Sa-

1889 1422 2064 1469 IUNIO.

1954 1505 2033 1559 De
2052 1505 2206 1558 annis
2229 1502 2580 1567 naturalibus,
2595 1511 2644 1554 et
2669 1501 2870 1571 magnis
2901 1517 2989 1554 seu
3011 1497 3392 1553 solstitianbus.

1955 1593 2163 1648 LXVII.
2195 1594 2381 1648 Annus
2419 1590 2682 1646 naturalis
2707 1600 2815 1655 est,
2844 1600 2901 1645 ut
2931 1606 3053 1646 cum
3091 1605 3150 1644 se
3192 1589 3290 1644 soli
3336 1587 3464 1641 luna

1887 1685 2171 1754 subponit,
2206 1692 2266 1737 ut
2312 1684 2453 1737 inter
2502 1681 2687 1736 orbem
2732 1682 2860 1736 solis
2905 1691 2959 1736 et
3003 1679 3188 1735 oculos
3250 1686 3465 1734 nostros

1885 1772 2060 1827 media
2103 1772 2242 1827 facta
2273 1772 2526 1827 tenebras
2553 1771 2715 1825 totius
2741 1770 2889 1824 orbis
2917 1769 3134 1835 etliciat,
3158 1768 3296 1838 quod
3328 1765 3470 1822 dici-

1814 1881 1859 1941 B
1889 1869 1976 1916 tur
1997 1861 2236 1937 eclipsis.

1952 1951 2142 2008 Annus
2173 1969 2400 2023 magnus
2429 1955 2645 2020 dicitur,
2677 1955 2892 2026 quando
2928 1953 3110 2009 omnia
3147 1951 3322 2006 sidera
3350 1965 3467 2006 cer-

1885 2047 1955 2101 tis
1983 2048 2334 2118 temporibus,
2354 2049 2699 2118 numerisque
2714 2049 2996 2123 completjs
3009 2048 3074 2101 ad
3097 2061 3250 2100 suum
3267 2046 3464 2110 locum,

1881 2138 1965 2191 vel
1993 2140 2238 2193 ordinem
2264 2149 2628 2204 revertuntur,
2645 2153 2803 2210 quem
2825 2155 3023 2193 annum
3053 2137 3259 2206 antiqui
3285 2137 3466 2201 ﬁnire,

1882 2228 1967 2282 vel
1997 2227 2292 2298 adimplere
2321 2228 2596 2282 dixerunt.

1951 2323 2143 2374 Annus
2167 2319 2468 2374 solstitialis
2497 2329 2578 2374 est
2603 2335 2724 2374 cum
2767 2319 2847 2374 sol
2889 2319 3104 2389 expleto
3150 2333 3248 2388 per
3285 2317 3468 2370 omnia

1880 2411 2031 2482 signa
2076 2409 2305 2464 circuitu
2361 2410 2414 2463 in
2460 2409 2536 2473 id,
2585 2411 2725 2464 unde
2777 2410 3100 2478 principium
3149 2424 3342 2463 cursus
3386 2409 3467 2462 sui

1879 2499 2128 2568 sumpsit,
2155 2498 2408 2553 recurrit.
2442 2499 2562 2567 Ipse
2594 2507 2677 2567 est
2702 2498 2896 2554 solaris
2932 2513 3125 2562 annus,
3157 2497 3241 2552 vel
3270 2497 3467 2580 civilis,

1878 2588 1970 2659 qui
1992 2589 2183 2643 diebus
2212 2588 2316 2643 565
2344 2590 2642 2658 peragitur.
3413 2569 3424 2581 ’

2391 2681 2467 2736 De
2502 2681 2741 2734 incendio
2778 2679 2940 2734 (unm.

1945 2772 2172 2827 LXVIII.
2206 2772 2731 2827 lncendunturlunze
2773 2770 2881 2824 225
2925 2769 3090 2825 certis
3138 2771 3468 2840 computatis

1876 2866 2137 2932 minutis,
2201 2866 2252 2920 id
2313 2873 2396 2920 est
2452 2864 2518 2919 10
2568 2879 2720 2934 pmne
2774 2863 2981 2916 minuta
3044 2863 3095 2916 in
3146 2877 3471 2930 unaquaque

186 2943 316 2996 luna
338 2944 427 2999 29.
463 2944 632 3002 Maius
655 2964 703 3001 vi
733 2947 866 3002 Non.
890 2965 1026 3015 xvn,
1054 2951 1168 3006 dies
1190 2953 1280 3015 5l,
1309 2951 1432 3006 luna
1456 2953 1542 3007 50.
1592 2951 1776 3010 Iunius
1874 2958 2005 3011 hora
2048 2973 2146 3026 per
2183 2955 2390 3025 singula
2443 2957 2723 3010 continent
2767 2963 3033 3009 momenta
3091 2951 3174 3007 10.
3219 2952 3294 3005 Ita
3351 2953 3465 3006 dies

185 3047 241 3086 tv
273 3031 411 3086 Non.
442 3051 595 3098 xvm,
627 3036 741 3090 dies
765 3035 854 3102 50,
885 3038 1009 3092 luna
1038 3039 1127 3094 29.
1183 3040 1357 3114 Jplius
1388 3057 1438 3098 γι
1469 3041 1604 3094 Non.
1637 3058 1772 3108 xvu,

186 3122 307 3177 dies
346 3123 434 3187 51,
485 3125 604 3179 luna
635 3127 724 3180 50.
778 3128 1051 3198 Augustus
1094 3146 1144 3184 IV
1185 3129 1321 3186 Non.
1362 3148 1490 3195 xu,
1535 3133 1651 3189 dies
1679 3134 1767 3198 51,

187 3215 316 3268 luna
347 3215 434 3271 29.
489 3216 805 3286 September
841 3237 891 3274 Iv
931 3220 1066 3275 Non.
1103 3239 1191 3278 nx
1214 3265 1228 3287 ,
1264 3223 1379 3277 dies
1405 3223 1497 3288 50,
1528 3224 1649 3277 luna
1681 3224 1769 3278 50.
1803 3213 1848 3275 C

182 3304 426 3362 October
448 3324 497 3362 v1
529 3308 666 3364 Non.
694 3325 824 3373 ml,
855 3311 969 3366 dies
994 3311 1084 3379 ll,
1112 3313 1236 3368 luna
1263 3313 1352 3368 29.
1392 3315 1696 3369 November
1721 3331 1774 3370 Iv

185 3398 331 3456 Non.
361 3419 514 3466 xvm,
543 3403 659 3458 dies
686 3404 773 3469 50,
805 3404 928 3458 luna
955 3405 1042 3460 50.
1081 3405 1376 3463 December
1405 3423 1456 3461 ιγ
1485 3406 1622 3462 Non.
1656 3424 1772 3474 xxx,

185 3492 308 3548 dies
334 3492 471 3566 [51],
498 3495 623 3550 luna
647 3495 736 3550 29.

725 3587 802 3642 De
837 3590 1044 3658 punctis
1081 3589 1242 3644 luna’.

261 3675 422 3734 LXV.
463 3677 612 3735 Luna
644 3679 839 3748 prima,
867 3678 900 3732 4
930 3681 1142 3749 punctis
1171 3680 1330 3744 lucet,
1365 3679 1419 3734 id
1448 3689 1529 3734 est
1556 3679 1627 3734 40
1659 3695 1774 3736 mo-

186 3768 410 3824 mentis.
443 3767 592 3825 Luna
622 3769 674 3849 2,
710 3769 735 3824 I
777 3769 908 3824 hora
938 3779 994 3825 et
1017 3771 1051 3824 5
1076 3780 1261 3840 punct.
1302 3771 1448 3825 Luna
1478 3773 1532 3836 5,
1562 3772 1597 3824 2
1627 3773 1772 3827 horis

182 3869 247 3914 et
271 3860 307 3913 2
334 3869 517 3930 punct.
569 3861 717 3922 Luna
748 3862 802 3924 4,
845 3863 879 3915 5
921 3863 1067 3920 horis
1096 3873 1150 3917 et
1179 3863 1201 3916 I
1235 3873 1418 3932 punct.
1473 3862 1626 3918 Luna
1655 3864 1707 3927 5,
1739 3863 1773 3918 4

186 3947 343 4005 horis
373 3951 531 4007 lucet.
585 3951 734 4006 Luna
764 3951 816 4018 6,
846 3952 878 4006 4
907 3953 1056 4010 horis
1085 3961 1140 4007 et
1165 3952 1199 4006 4
1229 3962 1414 4022 punct.
1475 3953 1622 4006 Luna
1657 3955 1709 4019 7,
1741 3953 1774 4008 5

185 4040 316 4096 hor.
347 4049 403 4096 et
429 4041 463 4095 5
491 4052 672 4112 punct.
710 4043 857 4096 Luna
888 4044 940 4107 8,
971 4042 1002 4096 6
1031 4043 1153 4101 hor.
1183 4053 1237 4098 et
1260 4045 1294 4098 2
1325 4052 1508 4115 punct.
1544 4044 1693 4098 Luna
1718 4044 1771 4110 9,

184 4130 226 4182 7
258 4130 376 4184 hor.
405 4139 460 4186 et
489 4133 514 4188 1
547 4143 732 4209 punct.
781 4131 932 4189 Luna
966 4133 1051 4198 10,
1084 4135 1116 4190 8
1146 4134 1269 4189 hor.
1297 4135 1458 4192 lucet.
1503 4134 1656 4190 Luna
1684 4137 1773 4202 11,

184 4221 226 4276 8
254 4221 376 4276 hor.
420 4231 474 4276 et
513 4223 546 4276 4
589 4233 774 4300 punct.
837 4224 984 4284 Luna
1024 4224 1116 4291 I2,
1165 4227 1198 4284 9
1243 4226 1362 4282 hor.
1412 4235 1468 4282 et
1509 4226 1544 4280 5
1589 4235 1774 4297 punct.

184 4309 342 4365 Luna
380 4313 463 4378 15,
498 4314 563 4368 10
592 4315 711 4372 hor.
743 4324 797 4368 et
821 4314 855 4368 2
880 4326 1066 4385 punct.
1118 4316 1266 4370 Luna
1302 4317 1388 4383 I4,
1417 4318 1475 4370 11
1511 4318 1628 4372 hor.
1660 4326 1714 4371 et
1745 4318 1770 4374 1

183 4411 379 4470 punct.
435 4403 582 4458 Luna
613 4405 699 4470 I5,
731 4405 798 4460 60
823 4417 1021 4476 puncta
1041 4451 1056 4473 ,
1091 4408 1140 4461 id
1171 4417 1254 4463 est
1273 4395 1350 4463 ’12
1385 4409 1567 4463 horas.
1625 4409 1776 4466 Luna

188 4491 283 4556 16,
312 4494 369 4546 11
401 4496 518 4550 hor.
547 4505 600 4550 et
627 4497 652 4550 1
681 4507 866 4566 punct.
907 4496 1054 4550 Luna
1084 4498 1171 4563 I7,
1208 4498 1273 4552 10
1303 4499 1422 4553 hor.
1453 4507 1508 4552 et
1533 4499 1568 4552 2
1591 4507 1772 4568 punct.

1872 3055 1927 3099 et
1983 3061 2088 3100 nox
2141 3060 2265 3099 raro
2307 3044 2645 3109 diminuitur,
2680 3045 2849 3114 donec
2901 3044 2952 3096 in
2997 3042 3102 3097 ﬁne
3130 3042 3256 3095 anni
3292 3041 3356 3095 I4
3408 3041 3461 3095 i‘d

1871 3133 2131 3190 efﬁciunt.
2158 3133 2248 3190 Sic
2277 3134 2502 3188 mutatio
2533 3133 2673 3187 [unm
2715 3132 3030 3203 intelligitur
3058 3147 3152 3203 per
3174 3131 3239 3186 19
3262 3146 3456 3185 annos.

2330 3223 2404 3277 De
2459 3224 2545 3277 die
2588 3223 2715 3278 solis
2766 3225 3002 3278 orientis.

1946 3313 2128 3368 LXIX.
2163 3314 2286 3368 Dies
2317 3323 2399 3368 est
2426 3313 2556 3368 solis
2578 3314 2809 3367 orientis
2830 3314 3138 3383 prmseutia,
3183 3328 3465 3383 quousque

1876 3407 1942 3460 ad
1967 3420 2218 3460 occasum
2267 3403 2566 3473 perveniat.
2618 3402 2744 3458 Dies
2787 3414 2966 3458 autem
3013 3403 3319 3472 geminatur
3367 3419 3468 3473 ap-

1873 3495 2062 3565 pellari
2092 3493 2231 3547 solet
2265 3493 2482 3564 proprie
2514 3509 2540 3546 a
2571 3492 2703 3546 solis
2744 3502 2863 3546 ortu
2908 3508 3080 3562 usque
3125 3507 3230 3561 quo
3280 3492 3460 3546 veniat

1875 3585 1938 3638 ad
1961 3598 2235 3648 occasum,
2260 3583 2454 3652 spatie,
2485 3585 2503 3603 '
2529 3583 2614 3637 die
2644 3584 2750 3637 duo
2789 3592 2914 3637 sunt
2939 3584 3082 3638 inter
3103 3583 3359 3638 diurmun
3409 3591 3464 3637 et

1874 3686 2226 3741 nocturnum,
2267 3684 2322 3729 et
2343 3683 2427 3729 est
2460 3675 2574 3729 dies
2603 3675 2860 3730 horarum
2893 3677 2978 3730 I2.
3018 3677 3204 3731 Partes
3230 3677 3466 3730 abusive:

1874 3768 1980 3824 diei
2009 3769 2040 3821 5
2063 3776 2211 3846 sunt,
2238 3784 2421 3833 mane,
2447 3767 2730 3834 meridies,
2759 3778 2813 3824 et
2845 3785 3118 3839 suprema.
3158 3768 3313 3822 Initia
3356 3769 3462 3822 diei

1875 3860 2020 3914 aliia
2051 3860 2180 3915 solis
2228 3867 2349 3914 ortu
2403 3869 2616 3930 putant,
2671 3861 2739 3915 ab
2787 3877 3021 3927 occasu,
3064 3861 3157 3915 alii
3205 3877 3234 3914 a
3287 3862 3462 3915 media

1872 3959 2053 4007 nocte.
2071 3951 2204 4004 Nam
2234 3949 2471 4005 Chaldaei
2496 3966 2525 4004 a
2554 3951 2684 4006 solis
2713 3961 2832 4006 ortu
2857 3953 2962 4007 diei
2995 3953 3208 4008 initium
3235 3953 3462 4014 faciunt,

1876 4050 2044 4096 totum
2103 4041 2156 4096 id
2213 4042 2447 4113 spatium
2500 4043 2554 4097 hi
2609 4044 2751 4098 diem
2817 4046 3171 4115 appellantes.
3224 4045 3462 4116 Egyptii

1877 4141 2053 4186 autem
2081 4146 2148 4186 ex
2188 4133 2342 4186 initio
2374 4134 2549 4187 noctis
2577 4135 2853 4200 sequentis
2896 4136 3000 4189 diei
3043 4136 3306 4204 originem
3357 4146 3464 4188 tra-

1877 4222 2030 4275 bunt.
2065 4221 2294 4275 Romani
2337 4230 2514 4274 autem
2561 4235 2591 4273 a
2634 4221 2811 4275 medio
2855 4223 3028 4277 noctis
3073 4223 3282 4276 initium
3327 4223 3461 4276 oriri

1878 4312 1983 4366 diei
2013 4313 2218 4375 volunt,
2244 4320 2298 4365 et
2322 4311 2374 4364 in
2405 4311 2581 4366 medio
2603 4313 2778 4366 noctis
2808 4312 2971 4366 ﬁniri.
2998 4313 3145 4367 Fasti
3174 4313 3288 4366 dies
3312 4320 3458 4378 sunt,

1879 4402 2074 4474 quibus
2103 4399 2265 4464 fatur,
2302 4399 2353 4453 id
2380 4409 2465 4454 est
2492 4400 2711 4466 dicitur,
2767 4410 2826 4454 ut
2877 4400 3072 4456 nefasti
3120 4403 3314 4472 quibus
3354 4419 3458 4456 non

1880 4495 2106 4550 dicitur.
2145 4493 2345 4547 Feriati
2393 4494 2528 4559 dies,
2576 4495 2628 4548 in
2671 4496 2868 4565 quibus
2917 4512 3006 4551 res
3059 4497 3237 4551 divina
3284 4496 3362 4560 ﬁt,
3407 4506 3463 4551 et

182 4583 343 4639 Luna
376 4585 475 4650 18,
507 4588 540 4642 9
570 4558 698 4645 hor.-
733 4595 788 4642 et
825 4589 862 4642 2
901 4598 1084 4660 punct.
1143 4558 1292 4644 Luna
1324 4590 1410 4654 I9,
1443 4589 1476 4644 8
1506 4558 1624 4644 hor.
1658 4598 1712 4644 et
1739 4589 1773 4643 4
1802 4558 2154 4642 D'ahslinere
2176 4586 2422 4642 homines
2468 4603 2495 4639 a
2517 4558 2522 4559 ί
2546 4558 2730 4642 litibus
2775 4598 3009 4657 oportet.
3068 4587 3299 4642 Profesti
3347 4558 3462 4642 dies

184 4686 378 4747 punct.
416 4678 565 4732 Luna
593 4679 682 4743 20,
717 4681 750 4735 8
779 4681 897 4735 hor.
930 4680 1088 4735 lucet.
1144 4680 1292 4734 Luna
1323 4679 1416 4746 21,
1446 4681 1477 4734 7
1510 4681 1630 4734 hor.
1662 4689 1716 4734 et
1745 4681 1765 4738 1

181 4775 379 4843 punct.
412 4765 560 4822 Luna
590 4768 680 4832 22,
714 4767 746 4822 6
776 4770 896 4824 hor.
927 4779 981 4825 et
1005 4770 1041 4824 2
1067 4780 1250 4840 punct.
1288 4770 1439 4824 Luna
1469 4770 1559 4834 25,
1593 4769 1625 4824 5
1656 4772 1771 4824 hor.

185 4869 250 4912 et
279 4857 313 4911 5
342 4869 526 4929 punct.
584 4861 736 4915 Luna
765 4862 865 4925 21,
896 4861 929 4915 4
958 4864 1078 4917 hor.
1111 4872 1165 4918 et
1193 4863 1226 4917 4
1256 4873 1439 4934 punet.
1499 4864 1647 4934 Luna
1678 4863 1767 4924 25,

186 4948 228 5001 4
260 4949 382 5003 hor.
415 4950 573 5007 lucet.
627 4950 773 5006 Luna
800 4951 890 5018 26,
923 4953 957 5006 5
984 4955 1103 5008 1ιοι·.
1157 4963 1211 5009 et
1238 4929 1271 5007 1-
1293 4963 1476 5024 punct.
1511 4929 1659 5008 Limn
1682 4954 1772 5017 27,

184 5038 233 5092 2
279 5040 397 5093 har.
432 5050 484 5095 et
533 5041 807 5109 2.punct.
851 5041 1001 5095 Luna
1044 5042 1134 5105 28,
1181 5043 1200 5096 1
1251 5045 1369 5097 hor.
1415 5053 1469 5098 et
1512 5046 1546 5099 5
1590 5052 1773 5113 punct.

187 5127 346 5182 Luna
367 5128 452 5193 29,
482 5131 515 5184 4
537 5137 727 5199 punct.
752 5131 928 5185 habet.
957 5132 1107 5188 Luna
1136 5131 1225 5196 50,
1257 5133 1293 5190 2
1320 5136 1534 5204 punctis
1561 5135 1770 5199 crescit,

188 5227 253 5272 et
275 5217 309 5270 2
337 5219 622 5276 decrescit.

249 5308 358 5365 .Dic
387 5312 510 5368 mihi
541 5317 681 5380 quot
710 5311 873 5366 horas
898 5311 1043 5369 lucet
1073 5315 1221 5381 luna,
1245 5316 1327 5371 vel
1371 5328 1503 5388 quot
1549 5327 1768 5386 punclos

620 5401 810 5436 ηιιῖιιιιο
862 5407 1104 5444 nﬁrlnsnc
1157 5408 1256 5444 'In“
1311 5411 1532 5440 -~-\a..:.:

183 5401 348 5446 “ilan
391 5404 508 5440 luna

1877 4677 2028 4733 festis
2054 4677 2329 4738 contrarii,
2361 4678 2412 4730 id
2433 4684 2515 4730 est
2535 4677 2955 4746 sine‘religione.
2996 4679 3115 4733 Atri
3152 4679 3268 4732 dies
3310 4686 3457 4741 sunt,

1878 4773 1968 4845 qui
2001 4779 2054 4824 et
2081 4785 2395 4824 communes
2427 4779 2708 4823 vocantur.
2743 4769 3042 4835 Sitlerales,
3070 4771 3122 4823 in
3148 4770 3344 4840 quibus
3391 4771 3462 4824 si-

1882 4866 2009 4920 dera
2033 4870 2340 4926 moventur,
2367 4870 2422 4916 et
2460 4860 2708 4915 homines
2751 4878 2780 4916 a
2811 4861 3246 4935 navigationibus
3274 4859 3464 4914 exclu-

1887 4958 2104 5020 duntur,
2128 4953 2214 5008 isti
2246 4952 2503 5006 continuo
2533 4949 2623 5002 50.
2666 4951 2983 5019 Prmliares,
3012 4951 3208 5021 quibus
3257 4948 3338 5003 Ias
3383 4958 3468 5004 est

1893 5053 2099 5108 hostem
2127 5043 2266 5099 bello
2299 5043 2584 5098 lacessere.
2610 5040 2968 5100 Intercalares
2995 5043 3112 5099 dies
3137 5049 3264 5096 sunt
3293 5040 3348 5104 5,
3377 5040 3469 5109 qui

1890 5147 2040 5218 juxta
2077 5138 2354 5207 Egyptios
2383 5140 2672 5218 supersunt
2704 5132 2768 5185 l2
2797 5136 3091 5196 mensibus,
3120 5140 3176 5187 et
3205 5131 3473 5199 incipiunt

1899 5251 1954 5290 ix
1986 5228 2104 5284 Kal.
2137 5227 2283 5292 Sept.
2317 5234 2421 5279 etv
2451 5217 2568 5272 Kal.
2603 5235 3033 5280 memoratarum
3055 5221 3331 5274 ﬁniuntur.
3352 5221 3474 5274 Dies

1901 5329 2207 5396 epactarum
2233 5325 2356 5370 sunt
2379 5315 2468 5373 11.
2491 5308 2580 5378 qui
2619 5325 2716 5378 per
2764 5317 3006 5384 singulm
3043 5327 3206 5358 πη...
3247 5326 3262 5330 -
3294 5312 3303 5320 -
