4020 6310
511 352 646 413 1507

1294 346 1578 402 APPEND.
1616 345 1706 400 AD
1745 345 1921 413 SEO.
1957 343 2048 399 IX.
2108 371 2154 384 ο-
2196 344 2568 403 AUCTORES
2605 344 2939 400 ANONYMI.

3605 349 3763 403 {3&8

508 472 787 532 crescente
812 465 987 536 spatio
1010 464 1219 520 dierum
1241 464 1324 519 vel
1358 463 1618 519 noctium.
1646 461 2073 532 Equinoctiales
2100 472 2147 525 Α
2175 459 2315 530 logia
2343 457 2531 514 Gmca
2559 473 2756 514 nomen
2790 454 3040 529 accepit;
3065 456 3244 514 nictus
3266 459 3411 513 enim
3430 458 3629 526 Caeci,
3656 476 3761 516 no—

509 556 789 627 dies'sunt,
818 553 875 611 iu
901 553 1097 622 quibus
1125 553 1240 608 dies
1264 560 1322 607 et
1356 567 1462 607 nox
1495 552 1551 606 in
1579 551 1879 622 :equalibus'
1913 551 2076 606 hora-

509 660 632 700 rum
676 644 863 714 spatiis
909 644 1260 704 concordant,
1296 658 1391 698 seu
1440 641 1776 697 evolvuntur.
1823 640 1941 695 Nox
1994 649 2079 696 est
2120 678 2125 691 .

509 732 640 789 solis
664 733 938 799 absentia,
969 731 1223 803 quamdiu
1254 731 1323 786 ab
1360 746 1556 787 occasu
1595 745 1784 785 rursus
1804 730 1871 785 ad
1896 740 2077 785 ortum

509 832 774 879 recurrat.
817 822 1041 881 Noctem
1087 831 1266 877 autem
1301 822 1547 877 umbram
1594 821 1712 876 fleri
1753 830 1910 876 terrae
1954 829 2075 876 tan-

509 929 672 985 quam
703 913 888 968 datum
917 915 984 969 ad
1010 916 1251 984 requiem
1277 912 1519 982 corporis
1540 912 1833 979 credimus,
1866 926 1973 967 non
2008 910 2077 971 ad

510 1003 734 1072 alicujus
778 1005 958 1077 operis
1011 1003 1273 1069 ollicium;
1331 1017 1439 1058 nox
1499 1010 1682 1057 autem
1745 1018 1777 1057 a
1844 1000 2076 1056 nocendo

511 1093 675 1160 dicta,
703 1108 768 1150 eo
799 1095 942 1175 quod
973 1093 1145 1150 oculis
1173 1100 1387 1148 noceat.

1180 1182 1257 1237 De
1303 1183 1407 1236 die.

580 1272 743 1347 LXX.
767 1273 891 1331 Dies
909 1280 993 1329 cst
1014 1272 1188 1343 prima
1201 1280 1595 1337 creaturarum,
1612 1269 1849 1326 ostensio
1872 1283 2077 1335 rerum,

513 1377 695 1420 comes
731 1363 878 1419 solis.
907 1363 1038 1418 Item
1072 1352 1194 1417 dies
1218 1361 1347 1416 solis
1366 1360 1675 1430 praesentia,
1706 1373 1987 1430 quousque
2013 1358 2080 1413 ad

511 1461 689 1511 ortum
717 1452 1013 1521 perveniat.
1040 1450 1275 1505 Isidorus
1299 1450 1466 1505 dicit:
1503 1468 1523 1501 ι
1558 1448 1682 1504 Dies
1730 1449 1942 1520 gemine
1982 1462 2081 1516 ap-

511 1542 697 1615 pellari
723 1541 882 1605 solet,
927 1541 1143 1610 proprie
1194 1540 1263 1594 ab
1310 1548 1433 1594 ortu
1477 1536 1629 1604 solis,
1673 1536 1845 1593 donec
1894 1550 2086 1603 rursus

513 1625 743 1694 oriatur,
774 1630 993 1685 abusive
1027 1645 1155 1685 vero
1177 1630 1245 1685 ab
1274 1638 1397 1684 ortu
1431 1628 1582 1694 solis,
1630 1642 1801 1699 usque
1859 1642 1969 1698 quo
2013 1627 2083 1681 ad

508 1733 764 1790 occasum
794 1719 1093 1788 perveniat,
1119 1733 1237 1788 quae
1265 1717 1387 1773 ideo
1412 1717 1528 1774 dies
1556 1717 1696 1773 dicta
1741 1725 1826 1773 est
1873 1733 1906 1773 a
1948 1717 2085 1773 divi-

2178 560 2317 604 ctem
2362 548 2541 604 Latini
2590 548 2863 614 dixerunt,
2898 556 2960 602 ut
2990 549 3047 603 in
3100 547 3331 603 Psalmis
3379 548 3576 621 legitur
3620 568 3637 604 :
3680 549 3758 602 ιιι

2176 654 2403 695 merasce
2424 639 2615 705 nicius,
2642 639 2696 694 id
2710 647 2813 706 est,
2839 637 2925 693 die
2947 653 3012 693 ac
3032 647 3212 693 nocte.
3238 636 3426 694 Partes
3447 639 3625 694 noctis
3650 653 3759 693 se:

2177 736 2575 797 suntzvesper,
2619 726 3018 796 crepusculum,
3070 725 3439 788 conticinium,
3479 726 3758 796 intempe—

2178 812 2398 879 stivum,
2438 812 2786 884 gallicinium,
2818 815 3161 870 matutinum.
3202 815 3493 885 Vesperum
3545 815 3763 869 dictum

2178 910 2263 957 est
2290 916 2321 955 a
2347 900 2501 957 stella
2531 901 2873 969 occidentali,
2904 917 3024 973 qua:
3056 901 3261 973 Vesper
3286 912 3533 967 vocatur,
3556 910 3614 955 et
3637 904 3763 973 ipsa

2179 991 2333 1047 stella
2381 993 2449 1048 ab
2483 992 2741 1063 Hesperia
2794 985 3013 1064 regione
3046 1009 3243 1048 nomen
3282 993 3604 1063 adsumpsit,
3635 1008 3767 1047 mu-

2180 1086 2291 1141 tata
2342 1101 2372 1139 υ
2397 1098 2495 1154 pro
2523 1084 2580 1151 It,
2619 1099 2811 1155 vesper
2835 1085 3052 1157 dicitur.
3108 1083 3365 1154 Hesperia
3402 1093 3588 1138 autem
3611 1084 3765 1138 dicta

2181 1183 2266 1229 est
2303 1175 2531 1246 pridiem
2574 1174 2772 1246 Spania
2795 1176 2864 1231 ab
2890 1174 3150 1246 _Hespcro
3175 1178 3190 1194 ‘
3223 1175 3456 1247 regionis
3486 1174 3623 1239 ﬁlio,
3662 1173 3769 1244 qui

2185 1265 2322 1319 hanc
2368 1265 2642 1336 regionem
2699 1265 2906 1321 bellicis
2963 1266 3255 1323 virtutibus
3309 1265 3637 1337 subjugavit.
3692 1264 3767 1318 Et

2185 1354 2326 1408 hanc
2383 1354 2592 1409 stellam
2637 1364 2835 1422 nautae,
2878 1370 2946 1410 ne
3007 1364 3268 1409 nocturna
3316 1354 3371 1410 in
3414 1354 3767 1426 navigatione

2184 1446 2520 1512 oberrarent,
2560 1446 2880 1517 navigantes
2907 1461 2936 1498 a
2983 1444 3332 1516 Gallograecia
3374 1444 3767 1503 observame

2186 1533 2337 1588 lianc
2380 1533 2590 1590 stellam
2612 1535 2702 1589 alii
2729 1533 2909 1590 ferunt
2929 1548 3037 1591 uno
3056 1549 3199 1590 anno
3221 1534 3387 1590 solam
3428 1532 3767 1606 praecedere,

2187 1638 2309 1678 cum
2354 1622 2602 1680 Lucifero
2647 1625 2826 1679 lumen
2871 1625 3192 1679 matutinum
3242 1623 3537 1693 aequalibus
3590 1622 3768 1677 radiis

2186 1713 2528 1784 przeclarare,
2552 1722 2607 1770 et
2630 1714 2836 1773 duobus
2862 1715 3018 1769 annis
3044 1723 3168 1787 post
3196 1714 3251 1773 in
3286 1730 3480 1771 occasu
3501 1714 3636 1770 solis
3672 1728 3772 1769 re-

515 1808 688 1862 dendo
712 1807 887 1862 lucem
925 1823 953 1861 a
989 1809 1246 1863 tenebris.
1278 1827 1298 1861 »
1336 1808 1466 1863 item
1520 1806 1838 1878 Phragonus
1887 1807 2020 1863 dicit
2067 1822 2081 1860 :
2114 1813 2160 1872 Β
2188 1814 2427 1859 manere.
2493 1804 2696 1861 Mutato
2751 1807 2968 1860 nomine
3006 1820 3195 1875 vesper
3238 1808 3548 1862 nominatur
3572 1847 3589 1873 ,
3634 1822 3767 1862 cum

506 1918 539 1977 _r
568 1897 659 1953 Sol
685 1914 847 1969 super
876 1907 1079 1954 terram
1108 1900 1223 1956 dies
1244 1908 1347 1965 est,
1370 1900 1450 1954 sol
1479 1898 1581 1955 sub
1631 1895 1776 1954 terra
1821 1914 1929 1954 nox
1979 1908 2081 1957 est.

516 1988 672 2043 Initia
700 1988 908 2045 dierum
935 1990 969 2044 4
994 2000 1119 2045 sunt
1146 1992 1439 2045 secundum
1499 1988 1784 2058 Hebraeos;
1849 1992 1918 2047 ab
1966 2000 2089 2046 ortu

517 2078 646 2133 solis
678 2080 814 2134 dies.
839 2079 894 2134 In
915 2081 1175 2151 principio
1194 2096 1417 2152 operum
1444 2082 1676 2149 Domini,
1713 2101 1733 2134 ι
1764 2091 1820 2138 et
1860 2082 2085 2152 reliqua.

516 2167 824 2224 Secundum
864 2169 1145 2226 Chaltlazos
1178 2188 1209 2225 a
1233 2173 1412 2241 medio
1447 2172 1555 2227 die.
1580 2171 1897 2243 Secundum
1940 2173 2089 2230 Grae-

512 2272 609 2331 cos
638 2265 693 2313 et
719 2257 1004 2329 Egyptios
1033 2260 1101 2315 ab
1126 2270 1251 2316 ortu
1276 2261 1576 2317 stellarum.
1631 2261 1936 2318 Secundum
1981 2263 2091 2321 Ro-

513 2362 705 2403 manos
734 2364 766 2402 a
794 2350 967 2404 media
999 2361 1176 2406 nocte.
1200 2352 1282 2407 Ab
1307 2362 1429 2408 ortu
1461 2353 1593 2409 solis
1620 2353 1830 2411 Hebraai
1863 2371 2088 2428 compu-

515 2448 633 2495 tant
655 2452 876 2511 propter
902 2442 1179 2514 physicam
1218 2444 1502 2499 scientiam
1562 2460 1775 2514 rerum,
1821 2447 1946 2517 quia
1994 2462 2091 2502 na-

510 2529 637 2586 tura
668 2532 1041 2588 creaturarum
1085 2550 1117 2588 a
1156 2533 1357 2591 lumine
1387 2536 1596 2592 initium
1634 2538 1883 2607 sumpsit.
1912 2538 2090 2593 Prima

516 2623 659 2676 enim
673 2622 759 2678 die
779 2624 1019 2678 condidit
1038 2624 1213 2680 lucem
1245 2626 1552 2682 testimonio
1574 2626 1770 2700 Moysis
1800 2645 1815 2681 :
1837 2627 1961 2682 Fiat
1975 2631 2090 2695 lux,

514 2720 562 2764 et
607 2712 750 2780 facta
788 2722 863 2766 est
890 2713 1001 2767 lux.
1026 2712 1263 2769 Chaldaei
1290 2715 1410 2770 ideo
1428 2732 1458 2769 a
1488 2717 1663 2772 media
1691 2718 1777 2777 die
1804 2717 2091 2789 incipiunt,

516 2799 641 2869 quia
676 2814 894 2855 cursum
919 2801 1059 2856 luna:
1088 2804 1400 2869 observant,
1425 2820 1544 2874 quae
1571 2807 1785 2882 assidue
1806 2807 1951 2863 circa
1975 2824 2091 2864 me-

506 2874 659 2947 diam
689 2890 831 2945 diem
853 2894 1189 2960 accenditur,
1215 2903 1270 2949 et
1295 2876 1644 2967 extinguitur.
1683 2896 1924 2971 Egyptii
1965 2914 2093 2956 vero

516 2982 641 3050 quia
670 2983 927 3055 astrologi
955 2993 1098 3051 sunt,
1131 2994 1187 3042 et
1222 2987 1480 3043 circulum
1521 2990 1755 3045 siderum
1782 2993 2091 3060 observant,

460 3108 469 3117 .
517 3085 548 3123 a
572 3084 794 3138 vespere
815 3082 869 3126 et
892 3082 1014 3127 ortu
1046 3074 1324 3153 stellarum
1372 3077 1655 3147 incipiunt,
1687 3094 1917 3149 quarum
1969 3097 2090 3136 cur-

2189 1894 2438 1951 Lucifero
2464 1910 2595 1951 vero
2620 1895 2840 1951 Lucifer
2879 1895 3095 1951 dicitur.
3127 1896 3513 1965 Crepusculum
3554 1896 3771 1952 dictum

2187 1993 2272 2041 est
2291 1987 2540 2042 nocturni
2572 1990 2828 2058 temporis
2847 1989 3079 2058 spatium
3101 2002 3132 2041 a
3164 2004 3392 2058 crepare,
3435 1989 3488 2043 id
3512 1997 3600 2043 est
3619 2004 3772 2045 com-

2188 2075 2448 2132 mixtione
2499 2078 2956 2153 tenebrarum,iet
3001 2078 3238 2144 luminis,
3274 2080 3402 2149 quia
3432 2078 3611 2135 Graeci
3648 2080 3772 2134 dia-

2188 2164 2297 2222 fodi
2326 2167 2624 2234 nominant,
2651 2168 2704 2223 id
2739 2177 2822 2224 est
2845 2168 3143 2223 dubitantia
3178 2168 3319 2225 inter
3342 2184 3629 2225 excessum
3660 2170 3769 2225 diei

2187 2265 2241 2309 et
2263 2255 2543 2311 introitum
2582 2258 2756 2312 noctis
2811 2268 2907 2313 aut
2954 2259 3159 2313 exitum
3188 2259 3361 2314 nectis
3384 2269 3441 2314 et
3479 2260 3769 2315 introitum

2190 2346 2335 2413 diei;
2370 2355 2425 2401 et
2459 2347 2528 2402 ob
2555 2349 2660 2405 hoc
2692 2348 2934 2417 dubium,
2966 2352 3093 2422 quia
3121 2351 3166 2407 si
3214 2352 3336 2422 quis
3357 2352 3779 2422 expergefactus

2190 2435 2354 2492 fuerit
2387 2452 2418 2491 a
2444 2439 2620 2504 somni
2647 2440 3058 2510 gravitudine'in
3088 2443 3191 2497 hoc
3221 2452 3463 2511 tempore
3492 2444 3775 2498 incertum

2191 2542 2249 2582 se
2269 2536 2589 2598 putatesse,‘
2610 2539 2791 2584 utrum
2819 2540 3099 2586 transacto
3128 2533 3318 2588 noctis
3349 2534 3527 2603 spatio
3556 2534 3626 2587 ad
3662 2534 3775 2588 diei

2191 2616 2494 2674 claritatem
2540 2620 2869 2691 pervenerit,
2912 2630 3004 2675 aut
3046 2632 3239 2678 exacto
3298 2624 3383 2679 die
3437 2624 3505 2679 ad
3549 2623 3779 2679 initium

2192 2709 2366 2762 noctis
2385 2708 2650 2779 perducit.
2677 2708 3059 2778 Conticinium,
3078 2713 3182 2769 hoc
3195 2723 3276 2767 est
3302 2712 3606 2780 silentium;
3634 2729 3774 2769 con-

2192 2797 2451 2852 ticescere
2471 2799 2616 2853 enim
2642 2799 2802 2856 silere
2823 2810 2926 2867 est,
2949 2802 3075 2870 quia
3096 2802 3154 2859 in
3174 2803 3291 2872 ipso
3313 2811 3557 2872 tempore
3580 2819 3779 2860 omnes

2194 2896 2394 2955 tacent,
2417 2896 2474 2943 et
2496 2887 2676 2957 silent,
2714 2899 2772 2945 et
2793 2891 2955 2960 primi
2977 2891 3150 2946 somni
3174 2893 3350 2963 gratia
3378 2894 3775 2965 adgravantur.

2192 2975 2652 3046 lntempestivum,
2710 2979 2978 3047 medium,
3030 2990 3087 3036 et
3140 2981 3479 3037 iuactuosum
3538 2985 3781 3054 Spatium

2194 3069 2391 3135 noctis,
2435 3076 2667 3139 tempus,
2710 3071 2928 3139 grando
2961 3069 3095 3125 nihil
3147 3071 3231 3142 agi
3270 3081 3471 3141 potest,
3494 3083 3555 3127 et
3591 3073 3781 3129 omnia

518 3160 610 3216 Sus
638 3171 693 3215 ct
727 3171 968 3233 tempora
995 3150 1304 3221 observant.
1351 3167 1581 3223 Romani
1626 3184 1657 3224 a
1704 3172 1881 3227 media
1931 3182 2091 3229 nocte

2194 3169 2405 3230 sopore"
2429 3150 2803 3229 quieta”sunt.
2848 3158 3533 3223 Gailiciniuimdictumest
3560 3165 3782 3221 aelan—

518 3252 805 3322 incipiunt,
840 3256 1274 3325 sequentesillud
1301 3259 1442 3328 quod
1465 3260 1724 3331 scriptum
1746 3271 1828 3318 est
1864 3281 1878 3319 :
1911 3262 2091 3318 Media

520 3351 666 3396 nocte
702 3342 873 3413 factas
895 3356 967 3399 est
1007 3349 1263 3415 mundus,
1295 3360 1342 3404 et
1380 3352 1551 3405 media
1596 3363 1742 3407 nocte
1780 3353 1969 3408 iterum
2005 3355 2095 3409 de-

506 3420 765 3489 struetur.
796 3436 863 3491 Et
892 3439 945 3493 in
969 3439 1259 3512 Evangelio
1283 3457 1298 3496 :
1329 3442 1505 3498 Media
1529 3455 1677 3499 nocte
1693 3446 1894 3503 clmnor
1917 3448 2093 3518 [actus

519 3536 615 3593 est,
648 3537 703 3582 et
754 3528 984 3600 reliqua.
1033 3531 1101 3586 Et
1152 3534 1347 3589 iterum
1380 3552 1392 3588 :
1422 3532 1575 3591 Sicut
1617 3536 1708 3607 fur
1744 3539 1798 3592 in
1826 3549 1994 3608 nocte,
2018 3541 2094 3595 ila

519 3620 705 3674 veniet.
731 3618 920 3677 Partes
947 3623 1051 3677 diei
1098 3632 1208 3680 tres
1250 3635 1400 3691 sunt,
1445 3641 1623 3693 mane,
1675 3628 1947 3697 meridies,
1998 3645 2092 3686 su-

520 3710 896 3781 prenta.Mane
926 3713 1127 3769 dictum
1158 3726 1241 3771 est
1268 3731 1299 3771 a
1333 3716 1581 3772 manibus
1604 3716 1938 3774 infernorum
1968 3721 2094 3791 diis,

522 3800 614 3869 qui
673 3815 761 3853 res
815 3802 882 3856 ad
924 3802 1246 3871 gaudendas'
1275 3804 1458 3878 fruges
1504 3806 1781 3876 distillant,
1814 3825 2045 3882 quorum
2073 3814 2093 3834 ‘

522 3902 840 3949 conversata
877 3893 1001 3949 luna
1028 3897 1096 3951 ad
1123 3906 1323 3953 terram
1351 3893 1452 3955 est.
1479 3901 1577 3956 Vel
1601 3918 1759 3959 mane
1781 3920 1813 3959 a
1850 3904 2097 3962 Manibus

523 3983 647 4049 diis,
676 3999 812 4053 quos
858 3986 1079 4056 antiqua
1130 3988 1404 4061 gentilitas
1452 3991 1662 4049 oriente
1714 3995 1943 4053 colebat.
2000 3997 2098 4056 Vel

523 4088 683 4128 mane
706 4089 736 4127 a
759 4072 916 4129 Mano
930 4074 1260 4145 dictum‘est,
1287 4080 1431 4149 quod
1459 4088 1670 4137 veteres
1697 4084 1871 4140 Latini
1893 4087 2095 4144 bonum

504 4156 797 4231 dicebant,
822 4176 884 4220 ut
908 4165 1143 4223 lsidorus
1168 4170 1413 4224 meminit
1443 4187 1458 4225 :
1491 4170 1675 4228 «Mane
1705 4189 1737 4228 a
1765 4174 1922 4232 Mano
1941 4218 1957 4245 ,
1995 4197 2015 4230 ι
2042 4186 2098 4236 et

525 4252 753 4323 reliqua.
802 4253 1073 4323 Meridies,
1124 4258 1279 4328 quasi
1327 4252 1552 4330 medias,
1601 4263 1704 4321 hoc
1755 4276 1839 4322 est
1888 4269 2098 4325 medius

510 4342 670 4407 dies;
706 4352 833 4399 tunc
859 4346 1000 4401 enim
1031 4348 1216 4419 purior
1244 4351 1408 4407 micat
1432 4352 1546 4420 lux,
1570 4357 1786 4425 quando
1815 4359 1893 4415 sol
1921 4362 2097 4419 medio

525 4430 665 4493 cmlo
689 4431 892 4496 rutilat,
922 4443 976 4488 et
1003 4445 1172 4491 totum
1192 4441 1377 4495 orbem
1401 4443 1517 4511 pari
1548 4444 1797 4503 claritate
1822 4448 2093 4507 inlustrat.

528 4516 623 4573 Vel
648 4521 920 4589 meridies,
945 4525 1099 4593 quasi
1121 4529 1391 4595 meridios,
1409 4534 1532 4600 quia
1566 4543 1691 4590 tunc
1717 4538 1904 4607 purior
1928 4543 2110 4604 micat.

525 4607 723 4675 azther;
760 4626 956 4664 merum
987 4616 1129 4669 enim
1159 4634 1350 4687 purum
1377 4621 1588 4678 dicitur.
1636 4623 1898 4696 Suprema
1952 4632 2092 4688 dicta

526 4711 611 4754 est
646 4716 772 4770 pars
802 4704 907 4758 diei
935 4707 1247 4775 novissima,
1277 4711 1402 4781 quia
1427 4724 1674 4785 superest
1700 4717 1910 4774 ultima.
1944 4721 2096 4780 Tunc

527 4788 642 4844 dies
686 4790 753 4844 ad
795 4806 1079 4863 veSperum
1137 4800 1517 4870 supprimitur,
1576 4807 1791 4874 quando
1839 4810 2096 4869 nubilosa:

528 4880 702 4936 noctis
725 4881 954 4954 caligine
979 4885 1352 4945 obumbratur.
1374 4890 1609 4949 Maneab
1629 4906 1749 4952 ortu
1776 4899 1905 4955 solis
1930 4918 2095 4973 usque

528 4968 598 5058 ad
624 4972 814 5027 horam
839 4985 1086 5045 quartam
1117 4979 1345 5046 dicitur,
1370 4984 1512 5052 quod
1548 4995 1608 5040 ut
1633 4991 1904 5058 quadrans
1927 4968 2096 5048 artifi-

530 5056 983 5154 Meridies
1007 5066 1061 5135 5,
1092 5068 1146 5136 6,
1172 5068 1227 5138 7,
1248 5071 1303 5138 8,
1334 5072 1523 5130 horam
1553 5056 1718 5135 tenet.
1752 5081 2012 5153 Suprema
2040 5088 2097 5154 9,

532 5147 625 5219 10,
662 5152 750 5221 11,
783 5154 851 5209 12
878 5156 1069 5214 horam
1095 5161 1344 5217 obtinere
1368 5162 1603 5223 videtur.

1171 5252 1249 5307 De
1305 5262 1470 5309 nocte.

2196 3264 2328 3321 gore
2386 3250 2665 3306 volucrum
2716 3261 3082 3341 nuncupqtum
3112 3302 3121 3309 .
3149 3256 3307 3329 quasi
3378 3256 3729 3328 gallicanium
3756 3299 3779 3324 ,

2192 3348 2413 3410 propter
2449 3338 2636 3411 gallos,
2669 3342 2919 3398 videlicet
2948 3338 3108 3398 ‘1ucis
3167 3347 3527 3414 praznuncios;
3572 3356 3627 3402 et
3673 3348 3783 3402 hoc

2152 3496 2157 3501 ί
2195 3437 2410 3501 tempus
2451 3432 2837 3489 anteluciuium
2876 3435 3094 3502 dicitur,
3139 3438 3266 3508 quia
3300 3438 3425 3509 galli
3468 3440 3781 3494 antelucani

2195 3532 2597 3593 nuncupantur,
2622 3538 2688 3579 eo
2706 3526 2850 3595 quod
2877 3527 3199 3582 naturaliter
3216 3531 3511 3599 praeconio,
3539 3540 3595 3585 et
3620 3532 3786 3601 plau-

2195 3627 2260 3668 su
2284 3613 2493 3669 alarum
2539 3614 2678 3691 lucis
2711 3616 2999 3672 adventum
3042 3622 3425 3689 praenuntiant.
3453 3622 3781 3679 Matutinum

2195 3705 2398 3760 dictum
2442 3718 2528 3762 est
2580 3709 2759 3763 noctis
2813 3717 3023 3780 tempus
3056 3725 3089 3765 a
3116 3713 3427 3768 maturitate
3451 3713 3589 3768 lucis
3619 3728 3787 3770 acce-

2195 3797 2356 3852 dente
2393 3797 2501 3865 die,
2534 3800 2821 3855 recedente
2844 3814 3060 3855 aurora.
3087 3801 3298 3856 Aurora
3325 3803 3467 3858 dicta
3488 3812 3594 3868 est,
3622 3803 3781 3872 quasi

2194 3888 2403 3944 Eurora
2448 3891 2517 3946 ab
2541 3889 2690 3946 Euro
2715 3899 2877 3946 vento
2917 3884 3080 3959 dicta,
3105 3892 3233 3964 quia
3257 3894 3312 3948 in
3344 3895 3459 3965 ipsa
3483 3895 3618 3950 hora
3647 3894 3783 3950 Euri

2196 3983 2469 4052 spiramen
2508 3984 2576 4039 ad
2600 3968 2917 4040 exeitandas
2961 3985 3143 4057 fruges
3167 3987 3237 4042 ab
3261 3987 3463 4042 Austro
3487 3988 3779 4043 emittitur.

2195 4073 2339 4128 inter
2376 4089 2683 4147 vesperum,
2708 4084 2764 4131 et
2807 4091 3108 4148 vesperam,
3136 4087 3192 4132 et
3218 4094 3520 4150 vesperem,
3556 4082 3663 4136 hoc
3697 4082 3785 4136 in-

2196 4174 2386 4233 terest,
2435 4169 2564 4238 quia
2597 4184 2876 4240 vesperum
2906 4171 3032 4238 diei,
3081 4186 3306 4243 vespera
3337 4174 3616 4228 inclinatio
3652 4175 3781 4231 solis

2197 4256 2264 4313 ad
2291 4272 2568 4325 occasura,
2614 4274 2809 4330 vesper
2861 4262 3280 4333 uniuscujusque
3317 4264 3396 4319 rei
3427 4280 3779 4320 consumma-

2198 4349 2273 4403 tio
2298 4364 2521 4419 vespere
2569 4355 2929 4422 nuncupatur.
2950 4352 3081 4435 llaec
3106 4363 3234 4412 sunt
3254 4355 3287 4411 6
3305 4357 3480 4427 spatia
3503 4358 3701 4424 noctis,
3725 4366 3783 4412 et

2198 4438 2352 4496 binas
2371 4442 2534 4498 horas
2556 4443 2816 4517 obtinent.

2659 4533 2737 4588 De
2780 4534 2846 4588 14
2890 4534 3016 4590 (una
3054 4537 3311 4607 paschali.

2268 4621 2478 4678 LXXII.
2531 4623 2590 4679 Si
2615 4627 2698 4679 vis
2722 4625 2863 4682 scire
2901 4627 3096 4696 quibus
3121 4630 3278 4685 annis
3326 4630 3393 4687 19
3421 4633 3614 4689 circuli
3638 4633 3781 4690 Mar-

2199 4712 2275 4768 tio
2303 4728 2487 4769 mense
2537 4714 2600 4767 14
2629 4715 2753 4771 luna
2799 4718 3069 4788 paschalis
3099 4719 3359 4789 incurrat,
3394 4724 3498 4779 hoc
3522 4734 3609 4779 est
3635 4742 3780 4782 anno

2195 4803 2251 4871 2,
2283 4804 2336 4871 5,
2364 4804 2415 4871 7,
2449 4806 2674 4875 10,15,
2720 4807 2871 4875 l6et
2914 4810 3000 4866 18.
3055 4810 3165 4868 Hos
3194 4816 3598 4885 suprascriptos
3648 4816 3679 4868 7
3720 4818 3781 4872 in

2197 4893 2390 4951 Martio
2412 4912 2595 4957 mense
2624 4902 2894 4973 reperies;
2930 4904 3171 4960 residuos
3206 4920 3333 4961 vero
3364 4907 3431 4961 12
3477 4910 3779 4965 secundum

2197 4988 2439 5059 regulam
2465 4991 2652 5047 subter
2678 4995 2939 5050 adnexam
2988 4996 3160 5067 Aprili
3194 5014 3379 5055 mense
3406 5002 3781 5059 indubitanter

2197 5078 2510 5136 calculabis.

2375 5173 2511 5229 Item
2552 5175 2617 5231 de
2654 5177 2719 5233 14
2742 5179 2869 5234 luna
2892 5181 3130 5250 paschali
3158 5194 3314 5251 quota
3343 5183 3479 5254 feria
3504 5188 3596 5241 sit.

2256 5262 2496 5329 LXXIII.
2539 5266 2731 5339 Incipit
2769 5269 3055 5328 caleulatio
3091 5277 3361 5343 quomodo
3395 5278 3628 5348 reperiri
3655 5292 3779 5349 pos-

600 5340 785 5443 LXXi.
825 5340 941 5427 Nox
1103 5343 1411 5443 obscuritas
1445 5344 1653 5409 mundi,
1694 5342 1995 5443 latibulum,
2025 5363 2116 5443 re:
2198 5355 2288 5422 sit,
2328 5369 2492 5428 quota
2531 5361 2665 5418 feria
2707 5362 2928 5437 singulis
2957 5340 3124 5423 annis
3156 5369 3375 5425 “luna
3405 5340 3702 5443 paschalis,
3722 5373 3779 5427 id

530 5433 683 5503 qnies
712 5423 979 5489 vivorum.
1030 5431 1145 5488 Nox
1190 5434 1333 5489 dicta
1382 5441 1466 5489 est
1510 5449 1541 5487 a
1586 5435 1845 5500 nocendo,
1876 5450 1942 5491 eo
1968 5438 2108 5506 quod

529 5524 806 5579 obtutibus
846 5534 1003 5580 nocet
1044 5525 1318 5591 humanis,
1348 5524 1431 5579 vel
1458 5525 1582 5595 quia
1625 5525 1771 5581 fures
1823 5535 1878 5581 et
1925 5528 2111 5584 bestia:

530 5616 584 5672 in
616 5612 678 5673 ea
704 5630 957 5676 noceant.
983 5620 1077 5676 Vel
1102 5621 1228 5693 quia
1271 5623 1500 5693 negotiis
1539 5633 1591 5679 ct
1619 5624 1889 5681 laboribus
1910 5626 2100 5683 hnma«

529 5705 612 5761 nis
634 5723 847 5773 nocere,
872 5710 955 5764 vel
992 5711 1253 5779 impedire
1275 5713 1507 5767 videtur.
1531 5713 1623 5768 Vel
1648 5716 1770 5787 quia
1804 5715 1873 5775 ab
1899 5726 2107 5789 etymo-

2202 5456 2288 5503 est
2333 5449 2834 5511 decenmovcnnalis
2876 5460 3039 5527 primi
3082 5462 3293 5518 circuli.
3350 5463 3509 5520 Anno
3563 5469 3776 5535 primo,

2202 5540 2328 5609 quia
2370 5558 2474 5597 non
2498 5545 2659 5601 habet
2679 5559 2899 5619 epactas
2925 5551 3141 5610 lunares
3160 5570 3260 5625 pro
3283 5571 3350 5613 eo
3389 5563 3534 5628 quod
3561 5574 3686 5615 cum
3712 5559 3776 5615 l9

2203 5630 2476 5691 inferioris
2505 5632 2630 5692 anni
2663 5640 2725 5694 l8
2747 5650 2803 5697 ct
2826 5658 2955 5699 suas
2984 5645 3043 5700 11
3076 5658 3294 5717 epactas
3324 5653 3338 5671 ⁸
3371 5653 3587 5707 additur
3612 5654 3775 5709 etiam

2203 5720 2467 5793 [Egyptiis
2489 5727 2575 5782 die
2604 5744 2711 5785 uno
2750 5731 2885 5788 liant
2921 5736 3010 5805 50,
3038 5738 3089 5794 id
3120 5750 3202 5795 est
3234 5741 3360 5798 luna
3383 5744 3587 5801 mensis
3618 5746 3775 5801 unius
