4006 5536
220 324 362 401 ςδυθ

1458 334 1665 391 LIBER
1697 336 1785 391 DE
1820 336 2168 394 COMPUTQ.

3336 336 3471 397 1510

220 438 453 508 integra,
496 447 553 493 et
597 439 728 494 nihil
778 451 1022 499 remanet
1052 443 1118 499 de
1146 444 1369 514 epactis.
1409 445 1477 500 Et
1503 448 1630 517 quia
1658 452 1788 517 Apr.
1820 456 1870 516 Α
1898 449 2223 506 indictiones
2243 449 2278 515 5
2303 455 2525 520 epactas
2546 445 2753 519 12,1qui
2772 447 3007 514 ﬁunt20,
3030 456 3087 505 et
3106 447 3249 503 diem
3270 447 3474 504 mensis

218 527 612 585 mens..incidit
655 531 707 584 in
739 545 805 586 eo
832 547 973 588 anno
1001 532 1123 587 luna
1156 534 1423 603 paschalis
1449 533 1539 601 14,
1561 544 1682 590 tene
1711 550 1799 589 re-

220 614 435 684 gulares
464 632 678 687 semper
706 620 758 673 in
783 636 850 675 eo
890 637 1076 677 mense
1104 621 1192 687 55,
1224 622 1482 677 subtrahe
1512 623 1605 689 50,
1633 623 1686 679 id
1713 632 1798 678 est

220 707 394 777 ipsam
444 709 628 765 lunam
652 711 959 783 integram,
984 724 1037 767 et
1064 724 1347 769 remanent
1365 716 1416 768 5.
1444 715 1541 771 Die
1565 715 1597 771 5
1620 731 1651 770 a
1674 714 1794 769 Kal.

218 798 375 867 Apr.,
405 801 505 856 hoc
534 812 617 856 cst
643 800 780 857 Non.
816 803 947 874 Apr.
979 806 1215 859 occurrit
1246 804 1367 859 luna
1410 806 1476 860 14
1506 805 1795 876 paschalis.

221 886 367 943 Tene
394 892 820 962 suprascriptos,
850 895 985 949 addc
1011 906 1403 951 concurrentes
1437 896 1677 965 ejusdem
1704 911 1800 951 an-

219 976 272 1031 ni
304 976 376 1032 5:
410 976 540 1035 ﬁent
567 980 651 1047 10,
700 983 837 1037 adde
877 993 933 1037 et
962 984 1238 1053 regulares
1272 985 1327 1039 in
1358 985 1545 1039 eodem
1585 998 1799 1054 semper

219 1081 404 1123 mense
440 1070 695 1141 Aprilis7
733 1087 748 1126 :
794 1073 930 1127 ﬁunt
1000 1074 1084 1129 17.
1126 1075 1237 1129 llos
1272 1078 1478 1144 partire
1529 1091 1628 1146 per
1663 1077 1715 1142 7,
1745 1076 1799 1130 id

219 1168 301 1213 est
325 1159 408 1215 bis
438 1163 656 1233 septies,
689 1163 748 1218 ﬁt
796 1165 881 1220 14.
909 1165 1213 1223 Remanent
1240 1170 1296 1222 5.
1319 1168 1477 1223 Feria
1508 1168 1542 1222 5
1571 1168 1800 1223 incurrit

218 1249 342 1303 lima
392 1253 661 1320 paschalis
692 1254 756 1310 14
786 1264 841 1311 et
885 1255 1197 1312 Dominicus
1226 1256 1349 1313 festi
1379 1258 1649 1330 paschalis
1683 1258 1801 1314 dies

218 1336 343 1392 luna
370 1340 454 1395 19.

289 1430 421 1486 Item
450 1433 659 1501 praefati
707 1430 901 1491 circuli
930 1450 1073 1492 anno
1091 1435 1148 1501 2,
1201 1452 1230 1490 a
1258 1451 1368 1507 quo
1396 1444 1621 1493 sumunt
1643 1421 1823 1492 θωπί

217 1524 363 1579 dium
389 1531 578 1594 epacta
611 1526 695 1592 11,
730 1535 784 1582 et
824 1526 1017 1581 incidit
1050 1527 1103 1580 in
1148 1520 1338 1582 eodem
1365 1543 1506 1582 anno
1558 1528 1680 1582 luna
1708 1543 1801 1598 pa-

216 1612 420 1670 schalis
452 1612 516 1668 14
547 1616 600 1670 in
630 1631 812 1672 mense
841 1617 1056 1673 Martio.
1090 1617 1238 1673 Tene
1272 1619 1343 1674 56
1366 1619 1638 1689 regulares
1660 1616 1803 1674 sem-

214 1717 314 1776 per
334 1703 388 1758 iu
414 1719 479 1759 eo
510 1721 713 1771 mense,
739 1707 998 1762 subtrahe
1024 1716 1245 1777 epactas
1274 1709 1359 1774 11,
1388 1718 1670 1764 remanent
1705 1709 1800 1763 25.

1899 556 2007 610 quo
2039 541 2245 597 Pascha
2276 540 2599 607 celebratur,
2629 542 2682 595 id
2711 551 2796 596 est
2830 541 2898 597 de
2925 541 3119 596 Martio
3146 555 3332 599 mense
3360 540 3476 596 dies

1898 632 1993 697 51,
2022 630 2157 686 ﬁunt
2193 632 2352 686 simul
2382 633 2498 688 dies
2525 633 2615 687 51-.
2647 631 2724 686 De
2763 632 2848 688 his
2871 632 3044 688 deduc
3075 632 3166 697 50,
3194 637 3478 687 remanent

1896 720 1961 799 21
1996 719 2148 776 Luna
2182 721 2247 777 21
2282 723 2336 777 in
2372 723 2460 778 die
2490 722 2927 779 Resurrcctionis
2964 723 3198 781 Domini.
3245 721 3303 777 Si
3346 736 3478 776 vero

1899 826 2085 889 mense
2106 800 2236 880 Apr.
2274 811 2492 889 [Pascha
2531 811 2856 877 celebratur,
2900 822 3150 882 computa
3188 826 3404 867 menses
3448 823 3483 865 ι

1900 904 2205 976 Septembri
2239 922 2413 976 usque
2448 907 2516 961 ad
2552 906 2830 973 Martium,
2864 907 2999 962 ﬁunt
3033 909 3087 962 7.
3140 907 3237 962 llis
3264 922 3481 977 semper

1899 997 2074 1067 adjice
2112 996 2386 1068 regulares
2412 998 2471 1063 2,
2523 996 2659 1051 ﬁunt
2697 999 2749 1053 9.
2794 997 2946 1054 Adde
2982 1008 3039 1052 et
3073 1006 3294 1066 epaetas
3340 997 3482 1051 lunae

1900 1088 2053 1157 cujus
2072 1088 2308 1143 volueris
2333 1088 2484 1153 anni,
2506 1096 2562 1142 ut
2592 1096 2718 1157 puta
2750 1088 3042 1144 indictione
3066 1088 3102 1142 4
3144 1096 3365 1156 epactas
3387 1086 3481 1152 25,

1899 1178 1993 1248 qui
2033 1176 2169 1231 ﬁunt
2201 1176 2289 1241 51,
2320 1185 2375 1230 et
2406 1177 2551 1231 diem
2587 1176 2791 1232 mensis
2819 1178 2954 1245 Apr.
2998 1193 3104 1246 quo
3142 1175 3349 1230 Pascha
3389 1188 3482 1228 ce-

1901 1267 2143 1325 lebratur
2189 1267 2349 1335 adde,
2399 1268 2451 1322 id
2482 1276 2567 1323 est
2597 1268 2664 1322 de
2693 1267 2864 1337 Aprili
2905 1267 3022 1323 dies
3070 1266 3158 1331 15,
3189 1265 3283 1335 qui
3323 1262 3490 1320 simul

1884 1356 2037 1411 .ﬁunt
2055 1355 2147 1422 45,
2169 1356 2236 1411 de
2255 1356 2341 1411 bis
2369 1357 2542 1411 deduc
2570 1354 2662 1422 50,
2702 1364 2984 1411 remanent
3009 1355 3097 1421 15,
3128 1354 3280 1410 Luna
3304 1351 3374 1408 15
3400 1358 3486 1407 est

1901 1446 1957 1503 in
1983 1448 2068 1503 die
2095 1448 2546 1513 Resurrectionis.

2260 1538 2337 1591 De
2373 1537 2459 1590 die
2486 1537 2794 1606 septimam:
2821 1545 3010 1606 quotus
3041 1537 3130 1589 sit.
3308 1585 3313 1588 .

1977 1626 2189 1681 LXXV.
2233 1626 2291 1682 Si
2340 1627 2422 1680 vis
2453 1640 2646 1695 sapere
2684 1634 2889 1694 quotus
2908 1626 3025 1681 dies
3052 1625 3367 1694 septimanae
3393 1623 3495 1688 sit,

1906 1734 2061 1775 sume
2106 1719 2224 1784 dies
2270 1734 2301 1772 a
2343 1717 2604 1783 Januario
2642 1732 2831 1774 mense
2879 1734 3049 1788 usque
3100 1719 3167 1773 ad
3218 1728 3488 1780 mensem,

215 1794 315 1849 Dic
346 1794 418 1848 25
447 1796 646 1851 mensis
674 1795 851 1851 Martii
889 1811 920 1851 a
961 1795 1081 1850 Kal.
1118 1796 1263 1866 quod
1290 1805 1376 1851 est
1400 1812 1494 1851 vui
1521 1795 1641 1852 Kal.
1668 1796 1799 1866 Apr.
1837 1803 1880 1861 Β
1906 1825 2067 1878 quem
2097 1809 2350 1875 volueris,
2395 1818 2455 1863 υι
2498 1817 2628 1879 puta
2663 1823 2837 1878 usque
2882 1809 2951 1864 ad
2995 1809 3056 1864 δι
3111 1808 3252 1865 diem
3288 1805 3497 1863 ωεηείι

216 1888 457 1943 occurrit
504 1888 631 1942 luna
674 1888 944 1959 paschalis
974 1888 1060 1942 14.
1087 1887 1233 1945 Tene
1263 1888 1661 1958 suprascriptos
1706 1886 1801 1952 25,

217 1979 356 2034 adde
397 1988 783 2036 concurrentes
822 1981 1064 2051 ejusdem
1117 1982 1243 2035 anui
1280 1981 1354 2036 5:
1382 1980 1518 2035 ﬁunt
1544 1979 1636 2046 50,
1668 1980 1805 2036 adde

218 2082 436 2136 semper
478 2068 531 2122 in
572 2068 680 2129 ﬁne
725 2069 887 2140 hujus
928 2070 1129 2126 mensis
1178 2069 1354 2123 Martii
1399 2067 1676 2138 regulares
1703 2067 1738 2122 4
1785 2085 1805 2123 ι

219 2152 355 2212 ﬁunt
403 2159 493 2212 54.
533 2159 642 2215 Hos
669 2162 875 2229 partire
922 2175 1019 2230 per
1049 2160 1103 2225 Ἰ,
1137 2159 1189 2214 id
1219 2171 1302 2215 est
1329 2160 1531 2231 septies
1567 2159 1636 2225 4,
1669 2158 1807 2213 ﬁunt

218 2246 315 2314 28,
338 2259 624 2305 remanent
652 2251 719 2317 ﬁ;
746 2250 791 2306 si
816 2251 950 2305 nihil
977 2250 1300 2306 remanserit
1331 2250 1624 2306 Sabbatum
1648 2257 1751 2314 est,
1774 2248 1805 2302 7

218 2334 356 2395 feria
389 2338 496 2392 erit
540 2337 604 2397 14
638 2338 763 2394 luna
795 2339 1088 2413 paschalis,
1120 2346 1174 2394 et
1210 2338 1522 2395 Dominicus
1566 2337 1690 2393 festi
1716 2351 1807 2407 pa-

222 2429 426 2484 schalis
450 2431 564 2485 dies
586 2429 711 2485 luna
753 2430 840 2485 15.

292 2520 490 2575 lterum
521 2536 706 2577 mense
734 2520 903 2592 Aprili
931 2536 1072 2591 sazpc
1095 2520 1223 2576 dicti
1248 2519 1433 2575 circuli
1461 2536 1602 2575 anno
1624 2520 1657 2574 5
1686 2527 1807 2573 tene

222 2624 440 2679 Semper
482 2612 535 2664 in
583 2611 774 2681 primis
829 2611 1100 2679 regulares
1130 2609 1230 2674 55,
1280 2609 1536 2664 subtrahe
1588 2616 1808 2679 epactas

222 2702 467 2772 ejusdem
501 2703 628 2756 anni
650 2702 742 2767 22,
770 2711 1014 2759 remanet
1042 2701 1123 2755 15.
1155 2702 1249 2755 Die
1286 2701 1351 2755 15
1391 2702 1613 2765 mensis,
1641 2700 1692 2754 id
1724 2708 1810 2754 est

221 2792 304 2850 Id.
356 2793 487 2865 Apr.
539 2794 778 2851 occurrit
806 2793 931 2848 luna
960 2793 1230 2863 paschalis
1260 2792 1345 2847 14.
1393 2792 1541 2847 Tene
1566 2793 1666 2847 hos
1715 2792 1808 2857 15,

224 2891 362 2945 adde
411 2876 801 2946 concurrentes
829 2888 1068 2957 ejusdem
1104 2888 1231 2942 anni
1279 2888 1335 2954 6,
1372 2888 1507 2942 ﬁunt
1538 2888 1625 2942 19.
1657 2887 1810 2941 Adde

222 2983 279 3037 in
301 2983 433 3053 Apr.
459 2969 644 3038 mense
673 2997 889 3051 semper
918 2979 1143 3035 inferius
1168 2980 1444 3050 regulares
1474 2980 1526 3044 7,
1559 2979 1697 3033 liunt
1717 2977 1807 3032 26.

225 3072 338 3128 Hos
374 3073 576 3142 partire
602 3086 699 3142 per
736 3071 768 3125 7
794 3071 995 3141 septies
1039 3068 1094 3135 5,
1128 3069 1261 3123 ﬁunt
1295 3069 1389 3132 21,
1428 3074 1713 3124 remanent
1754 3066 1806 3119 5.

1904 1901 2106 1967 Martii,
2139 1900 2278 1955 ﬁunt
2305 1902 2422 1956 dies
2448 1900 2537 1956 90.
2566 1900 2663 1956 His
2692 1914 2909 1970 semper
2934 1900 3106 1970 adjice
3137 1900 3190 1964 1,
3234 1898 3373 1953 ﬁunt
3399 1896 3491 1961 91,

1905 1999 1963 2047 et
2006 2005 2221 2060 semper
2254 1988 2392 2045 adde
2443 1998 2836 2045 concurrentes
2878 1987 3031 2057 cujus
3063 1988 3305 2044 volueris
3337 1987 3492 2053 anxii,

1907 2090 1968 2135 ut
1987 2089 2113 2151 puta
2142 2080 2268 2135 anni
2290 2079 2575 2149 praesentis
2599 2077 2888 2133 indictione
2909 2079 2961 2140 5,
2989 2093 3067 2133 σοι
3092 2086 3400 2133 currentem
3426 2077 3482 2144 1,

1892 2172 2044 2227 ‘ﬁunt
2078 2171 2240 2227 simul
2267 2170 2355 2225 92.
2390 2169 2500 2224 Hos
2524 2169 2730 2238 partire
2760 2182 2858 2239 per
2886 2169 2941 2234 7,
2975 2170 3026 2223 id
3050 2179 3138 2225 est
3175 2168 3378 2240 septies
3406 2168 3492 2230 10,

1909 2263 2047 2317 ﬁunt
2082 2262 2169 2316 70.
2210 2261 2412 2316 lterum
2451 2258 2653 2328 septies
2682 2257 2716 2312 5
2746 2257 2882 2312 ﬁunt
2911 2257 3004 2322 21,
3034 2265 3282 2312 remanet
3317 2256 3371 2310 1.
3406 2254 3498 2310 Sic

1908 2357 2205 2428 quamlibet
2265 2355 2410 2411 diem
2446 2369 2477 2409 a
2532 2353 2654 2407 Kal.
2710 2351 2831 2408 Jan.
2887 2366 3060 2422 usque
3108 2351 3178 2406 ad
3233 2350 3376 2405 diem
3428 2351 3494 2405 51

1909 2450 2112 2511 mensis
2141 2446 2475 2509 Decembris,
2505 2453 2671 2513 quota
2708 2442 2841 2498 feria
2873 2441 3039 2497 fuerit
3072 2441 3316 2498 invenies
3346 2455 3498 2494 com-

1909 2538 2167 2608 putando,
2194 2546 2254 2593 ut
2273 2546 2329 2591 et
2352 2534 2656 2606 regularem
2680 2535 2733 2598 1,
2762 2540 2819 2589 et
2843 2542 3235 2587 concurrentes
3258 2529 3501 2599 ejusdem

1911 2629 2058 2691 attni,
2092 2643 2213 2697 quae
2240 2644 2273 2682 a
2300 2626 2559 2683 Januario
2596 2635 2787 2681 mense
2822 2638 3042 2694 semper
3078 2623 3366 2694 incipiunt,
3406 2637 3505 2691 pa-

1911 2718 2048 2773 riter
2080 2717 2352 2772 adsumes.
2850 2763 2854 2767 .

1982 2806 2044 2863 Si
2093 2806 2376 2876 requirere
2404 2804 2644 2861 volucris
2677 2812 2875 2874 quotus
2919 2804 3036 2859 dies
3069 2802 3386 2873 septimanae
3432 2799 3506 2855 sit

1911 2899 2094 2964 hodie,
2119 2911 2461 2968 quocumque
2480 2897 2569 2952 die
2586 2904 2905 2966 computare
2926 2893 3185 2959 volueris,
3201 2892 3286 2947 fac
3310 2903 3511 2946 omnes

1913 3003 2125 3044 menses
2155 3003 2274 3044 esse
2314 2988 2529 3049 dierum,
2551 2986 2641 3050 29,
2664 2995 2719 3040 et
2747 2984 3003 3053 quicquid
3026 2999 3095 3040 ex
3122 2982 3202 3039 eis
3224 2995 3503 3038 remanse-

1917 3081 1990 3136 rit
2015 3080 2086 3136 29
2114 3080 2389 3148 praetende
2420 3079 2475 3132 in
2502 3093 2667 3133 manu
2699 3085 2789 3131 tua
2813 3085 3036 3146 propter
3058 3074 3507 3151 compotandum,

224 3161 385 3217 Feria
420 3160 457 3242 ρ
500 3162 604 3216 crit
653 3159 720 3242 14
750 3160 1039 3229 paschalis,
1092 3166 1149 3213 et
1186 3157 1499 3212 Dominicus
1542 3157 1658 3211 dies
1687 3156 1811 3210 festi

1919 3182 1971 3227 et
2005 3173 2194 3242 quanti
2224 3172 2340 3226 dies
2364 3169 2615 3225 venerint
2641 3167 2708 3222 de
2744 3181 2933 3222 mense
2963 3174 3091 3221 tunc
3117 3165 3220 3221 tibi.
3246 3162 3507 3234 praesenti

225 3226 498 3324 paschalis
524 3226 778 3307 luna'15.
836 3250 911 3304 Ita
963 3250 1122 3304 annis
1158 3247 1381 3319 singulis
1409 3263 1440 3301 a
1465 3248 1642 3317 primo
1672 3261 1814 3302 anno

225 3358 402 3415 usque
453 3344 520 3398 ad
562 3342 632 3398 95
669 3357 869 3396 annum
917 3340 1234 3413 calculahis.
1280 3338 1335 3394 Si
1363 3340 1581 3410 quando
1628 3354 1831 3395 mense'

226 3434 425 3489 Martio
479 3433 542 3488 14
589 3433 714 3487 luna
752 3418 1020 3503 paschalis
1052 3431 1302 3497 incurrit,
1335 3430 1405 3486 56
1446 3431 1723 3502 regulares
1762 3432 1815 3486 in

229 3521 425 3594 priinis
455 3534 661 3578 teneas.
695 3522 777 3585 Ex.
798 3522 995 3592 quibus
1009 3531 1229 3593 epactas
1250 3523 1404 3593 cujus
1433 3522 1667 3578 volueris
1689 3523 1816 3577 anni

230 3614 490 3679 deducas,
533 3622 588 3667 et
609 3621 997 3668 concurrentes
1036 3611 1285 3682 adjicias,
1315 3621 1371 3667 et
1400 3612 1455 3667 in
1484 3612 1647 3669 ﬁnem
1673 3628 1817 3669 sem-

230 3722 330 3779 per
356 3707 390 3762 4
411 3705 685 3779 regulares
724 3714 1033 3776 augmenta.

302 3801 474 3872 April.
501 3815 631 3856 vero
649 3815 822 3856 meus.
845 3798 914 3854 55
951 3800 1005 3853 in
1045 3799 1221 3868 capite
1245 3807 1389 3865 tene,
1412 3815 1479 3856 ex
1506 3801 1702 3873 quibus
1724 3803 1818 3858 de-

236 3897 337 3951 duc
365 3910 527 3965 supra
557 3889 788 3965 scriptas
821 3900 1059 3963 epactas,
1086 3902 1143 3947 et
1162 3892 1391 3962 adjectis
1422 3892 1661 3962 ejusdem
1693 3896 1821 3949 anni

236 3987 686 4042 concurrentibus
737 3986 871 4051 suis,
905 3994 961 4040 et
1002 3985 1340 4057 regularibus
1372 3986 1425 4040 in
1467 3988 1626 4043 ﬁnem
1656 3988 1686 4041 7
1722 4005 1820 4041 au-

235 4089 472 4155 gmenta.
489 4078 737 4134 Latinius
755 4091 988 4146 namque
1001 4094 1064 4134 ac
1079 4077 1296 4135 brevius
1308 4080 1821 4151 omniaargumeuta

234 4173 522 4248 paschalis-
564 4170 878 4229 ealculahis.
931 4170 1044 4225 Hec
1079 4178 1258 4225 tamen
1309 4181 1597 4242 propterea
1633 4171 1823 4227 lectori

236 4269 307 4325 sit
334 4267 631 4339 cognitum,
656 4262 868 4336 quo.ics
904 4263 955 4315 in
992 4270 1223 4332 utroque
1247 4277 1433 4317 mense
1461 4264 1828 4333 suprascripto

238 4361 289 4416 in
334 4362 510 4431 prima
559 4360 742 4430 regula
782 4357 1065 4429 contingit,
1097 4364 1158 4413 ut
1186 4357 1433 4411 deductis
1480 4357 1687 4426 epactis
1712 4371 1828 4411 am-

236 4454 377 4523 plius
407 4468 570 4523 quam
593 4453 661 4506 50
691 4436 1026 4529 remaneant,
1054 4450 1385 4508 demittenda
1417 4464 1536 4504 esse
1556 4448 1824 4515 50.,Quod

1914 3263 2133 3333 quando
2164 3263 2267 3316 hoc
2296 3269 2611 3329 computare
2642 3257 2898 3321 volueris,
2931 3255 3072 3311 adde
3094 3264 3151 3312 et
3189 3267 3507 3310 accessores

1915 3354 2050 3408 solis
2082 3353 2209 3407 anni
2242 3351 2395 3421 cujus
2424 3348 2683 3412 volueris,
2705 3356 2761 3401 et
2784 3346 3132 3401 indictionem
3159 3343 3311 3409 anni,
3342 3356 3504 3411 quem

1918 3447 2142 3516 qumris,
2192 3453 2249 3499 et
2285 3442 2469 3498 divide
2507 3442 2560 3497 in
2597 3440 2896 3510 septimas,
2945 3447 3001 3494 et
3049 3437 3266 3493 dimitte
3312 3449 3379 3490 ex
3422 3434 3506 3489 eis
3534 3452 3547 3464 ο

1918 3537 2110 3608 quanti
2136 3536 2359 3602 fuerint,
2391 3544 2446 3590 et
2473 3532 2731 3603 quicQuid
2757 3532 2856 3587 tibi
2876 3529 3220 3593 remanserit,
3250 3527 3366 3598 ipse
3389 3524 3507 3581 dies

1918 3639 2004 3686 est
2018 3630 2429 3698 septimanae,ut
2461 3633 2587 3696 puta
2620 3622 2915 3679 indictione
2937 3622 2960 3675 1
2980 3636 3124 3675 anno
3147 3634 3254 3690 quo
3278 3617 3516 3673 fecimus

1919 3722 2125 3778 Pascha
2159 3736 2233 3775 vn
2281 3720 2355 3775 1d.
2399 3720 2560 3787 Apr.,
2606 3716 2768 3770 habet
2804 3713 2886 3769 sol
2931 3711 3262 3780 adjectiones
3284 3709 3341 3773 4,
3369 3707 3508 3763 adde

1923 3814 1947 3868 1
1982 3810 2313 3871 indictionis.
2358 3809 2454 3866 llis
2498 3808 2635 3862 adde
2663 3808 2689 3860 1
2740 3804 2860 3860 Kal.
2899 3801 3021 3857 Jan.
3052 3803 3110 3869 5,
3166 3810 3223 3857 et
3267 3799 3395 3856 tolle
3441 3799 3519 3854 de

1924 3905 1981 3972 9,
2019 3906 2054 3959 2
2082 3905 2231 3959 etde
2259 3902 2346 3964 10,
2379 3902 2436 3964 5,
2465 3900 2523 3964 8,
2551 3914 2685 3968 ergo
2709 3907 2761 3952 et
2794 3895 2829 3951 6
2860 3895 2991 3965 quid
3021 3902 3148 3950 sunt
3179 3891 3281 3947 nisi
3328 3889 3416 3946 14.
3450 3886 3511 3944 Si

1924 4011 2034 4052 non
2065 3994 2396 4050 remanserit
2426 3989 2531 4045 tibi
2585 3988 2789 4056 aliquid
2820 3986 3115 4041 Sabhatum
3156 3982 3189 4035 6
3224 3981 3357 4037 feria
3404 3978 3512 4035 erit

1924 4088 2044 4144 Kal.
2101 4087 2222 4143 Jan.
2296 4085 2398 4140 isto
2445 4097 2606 4136 anno.
2652 4079 2708 4132 Si
2760 4076 3086 4132 remanserit
3133 4075 3156 4127 1
3207 4070 3514 4135 Dominica,

1924 4181 1972 4236 si
1990 4181 2049 4247 2,
2078 4178 2312 4234 secunda
2336 4175 2492 4229 feria.
2518 4175 2595 4227 Ita
2625 4174 2679 4227 in
2699 4171 2926 4240 reliquis
2944 4169 3095 4224 feriis
3113 4155 3513 4222 observandum

1928 4281 2031 4327 est.

2001 4359 2058 4415 Si
2096 4373 2257 4415 nosse
2286 4358 2369 4412 vis
2398 4356 2519 4411 Kal.
2566 4354 2688 4411 Jan.
2732 4367 2831 4425 per
2866 4351 3106 4423 singulos
3137 4364 3308 4405 annos
3351 4354 3515 4418 quota

1892 4434 1906 4514 ξ
1933 4453 2065 4507 feria
2097 4452 2325 4514 intrent,
2373 4463 2528 4503 sume
2564 4462 2736 4501 annos
2764 4446 2833 4501 ab
2861 4445 3074 4499 lncarn.
3105 4438 3314 4497 Domini
3344 4438 3518 4494 nostri

1854 4493 1904 4551 D

239 4546 284 4601 si
313 4547 363 4611 1,
388 4554 479 4598 aut
507 4545 562 4608 5,
587 4554 681 4598 aut
712 4528 943 4612 amplius
974 4543 1335 4613 superfuerth
1359 4583 1375 4608 ,
1403 4549 1482 4597 tot
1509 4539 1627 4594 dies
1658 4539 1827 4608 ipsius
1858 4528 1903 4551 ν
1932 4546 2059 4601 Iesu
2108 4543 2309 4599 Christi
2342 4542 2467 4605 808,
2500 4542 2597 4594 hos
2633 4538 2841 4608 partire
2882 4538 2981 4607 per
3022 4536 3054 4588 7
3100 4542 3333 4603 partem,
3388 4536 3443 4582 et
3483 4528 3519 4582 4

241 4635 443 4689 mensis
490 4650 521 4687 a
557 4633 677 4687 Kal.
731 4633 806 4688 sit
839 4632 964 4685 luna
1006 4632 1276 4703 paschalis
1321 4633 1408 4687 14.
1443 4630 1670 4700 Quando
1725 4630 1816 4686 hoc

242 4724 487 4780 deductis
515 4724 724 4793 epactis
774 4722 916 4777 infra
940 4723 1030 4789 50,
1062 4732 1121 4777 ut
1151 4733 1280 4792 puta
1320 4723 1414 4787 20,
1442 4739 1535 4778 seu
1572 4722 1824 4792 amplius,

244 4813 532 4882 minusque
586 4813 928 4876 remanserit,
975 4814 1118 4868 idem
1168 4822 1245 4867 tot
1263 4811 1379 4868 dies
1410 4812 1615 4869 mensis
1649 4828 1677 4865 a
1702 4810 1822 4865 Kal.

240 4906 481 4959 occurrit
538 4904 664 4957 luna
702 4905 977 4974 paschalis
1030 4906 1119 4960 14.
1156 4904 1212 4960 Si
1245 4907 1392 4962 enim
1428 4906 1673 4962 deductis
1701 4919 1829 4972 epa-

238 4993 350 5049 ctis
390 4993 458 5048 50
490 5002 700 5048 tantum
748 4995 1134 5059 remanserint,
1168 4994 1312 5063 quod
1356 4996 1526 5052 semel
1558 4996 1610 5048 in
1642 4995 1709 5049 19
1735 5008 1833 5045 an-

238 5084 332 5139 nis
354 5084 599 5138 accidere
624 5084 970 5140 manifestum
1000 5094 1108 5151 est,
1137 5084 1207 5139 50
1235 5085 1321 5140 die
1359 5100 1389 5139 a
1422 5086 1543 5143 Kal.
1576 5085 1681 5140 erit
1708 5082 1832 5136 luna

236 5173 510 5244 paschalis
537 5173 627 5231 14.

358 5281 364 5287 ·
564 5264 708 5318 Item
745 5267 810 5322 de
836 5266 966 5322 luna
1000 5270 1218 5324 termino
1254 5272 1515 5338 paschali.

314 5353 543 5413 LXXIV.
577 5355 637 5409 Si
668 5357 756 5436 vis.
776 5375 1102 5427 cognoscere
1127 5370 1287 5429 quota
1311 5361 1442 5420 luna
1462 5362 1584 5421 festi
1606 5355 1838 5429 pascha—

231 5450 310 5503 lis
343 5459 622 5512 occurrat,
661 5450 706 5503 si
744 5450 796 5504 in
830 5450 1023 5507 Martio
1045 5468 1231 5507 mense
1258 5454 1467 5512 Pascha
1502 5454 1831 5515 celebratur,

1922 4644 2163 4707 partem,
2210 4648 2372 4702 quam
2413 4632 2644 4703 partitus
2689 4643 2773 4693 es,
2816 4629 2990 4697 adjice
3019 4639 3185 4693 super
3221 4620 3347 4685 909,
3387 4618 3525 4673 ﬁunt

1935 4728 2093 4781 simul
2122 4724 2282 4780 1011.
2318 4723 2427 4778 llos
2454 4718 2658 4791 partire
2689 4732 2786 4786 per
2815 4717 2869 4781 7,
2901 4722 3192 4775 remanent
3218 4710 3271 4764 5.
3299 4709 3458 4764 Feria
3490 4711 3531 4765 ’ἃ

1936 4817 2043 4871 erit
2077 4815 2197 4870 Kal.
2242 4810 2366 4868 Jan.
2394 4828 2413 4878 ς
2461 4811 2506 4865 si
2552 4807 2618 4870 4,
2669 4806 2803 4861 feria
2830 4808 2864 4862 4
2889 4850 2904 4876 ,
2936 4809 2983 4864 si
3017 4802 3159 4859 nihil
3189 4800 3533 4864 Sabbatum;

1937 4910 1981 4965 si
2012 4910 2063 4971 1,
2092 4904 2397 4962 θινιίηἱςει.

2008 5002 2064 5055 Si
2107 5000 2190 5054 vis
2232 4997 2379 5054 scire
2407 4994 2528 5053 Kal.
2561 4991 2836 5049 mensium
2872 5011 2979 5068 qua
3014 4989 3110 5044 die
3161 4987 3386 5048 intrent,
3435 4985 3545 5039 hoc

1937 5098 2258 5159 argumento
2279 5084 2630 5163 cognoscitur
2650 5078 3000 5146 \‘Olvémibus
3032 5079 3216 5142 annis,
3234 5078 3342 5132 hoc
3363 5078 3547 5131 m‘ozlo.

1938 5184 2129 5241 Octob.
2182 5182 2205 5233 1
2249 5180 2467 5237 literam
2513 5174 2700 5230 habet.
2755 5174 3034 5238 Novemb.
3090 5168 3144 5220 4.
3190 5166 3443 5222 Deccmb.
3494 5165 3565 5218 6.,

1939 5276 2059 5332 Jan.
2093 5277 2148 5331 2.
2198 5272 2329 5326 Feb.
2365 5276 2418 5331 5.
2469 5269 2625 5324 Mart.
2674 5265 2729 5319 5.
2775 5268 2921 5345 Apr,
2965 5272 3017 5325 ι,
3062 5259 3186 5315 Maii
3224 5258 3279 5311 5.
3336 5256 3461 5310 Jun.
3501 5254 3558 5308 0.

1936 5368 2053 5426 .Jut.
2088 5373 2140 5425 1.
2173 5366 2312 5433 Aug.
2340 5368 2398 5421 4.
2431 5366 2470 5421 S
2505 5358 2705 5432 ptemh.
2733 5360 2797 5414 7.
2850 5368 2952 5424 πε,
2994 5366 3215 5421 semper
3250 5350 3387 5403 adde
3435 5362 3573 5416 (διμι-Δ

1938 5471 2092 5518 ctam
2121 5450 2251 5515 solis
2277 5456 2573 5528 cujuslibet
2598 5448 2746 5513 anni,
2774 5464 2843 5510 ρι
2875 5456 3137 5536 deinceps
3162 5438 3366 5536 partire
3392 5452 3489 5536 per
3507 5436 3567 5496 7,
