4020 6310
454 374 582 433 1511

1259 380 1543 438 APPEND.
1595 384 1688 440 AD
1727 383 1897 441 smn.
1937 381 2030 438 IX.
2059 414 2127 424 —
2151 359 2511 446 sucroass
2547 385 2860 446 ANONYMI

3564 396 3698 450 I312

454 492 731 556 Decemb.,
771 491 833 545 Ja
857 511 916 558 τ.,
944 491 1128 558 Febr.,
1155 493 1347 552 deinde
1371 511 1424 552 m
1455 499 1765 570 supradicto
1793 513 2019 555 numero
2045 501 2096 560 Α
2121 509 2315 567 quotus
2360 501 2559 558 lunaris
2603 503 2783 573 cyclns
2822 504 2910 557 sit.
2955 502 3015 557 V.
3065 517 3116 572 ε.
3165 501 3414 572 ρτςιιεειιιί
3457 521 3600 560 anno
3639 507 3698 563 5.

456 579 678 635 d’ecidit.

525 669 584 723 Si
612 671 694 724 vis
719 686 1012 742 agnoscere
1042 683 1202 744 quota
1232 677 1366 730 feria
1395 679 1468 732 sit
1500 681 1812 748 septimana».
1847 679 2025 748 cujus-

455 759 587 813 libet
617 763 835 826 mensis,
863 777 1111 835 computa
1137 768 1238 823 hoc
1259 771 1434 825 modo.
1459 771 1649 828 Octob.
1677 774 1730 840 5,
1762 774 2020 829 Novemb.

452 849 506 914 2,
545 849 795 908 Dccemh.
837 856 890 919 5,
934 865 991 909 ut
1028 859 1117 925 qui
1150 859 1238 924 5|,
1276 862 1414 915 diem
1443 863 1663 930 habent,
1716 865 1749 919 5
1775 867 2025 922 adsumas

453 939 522 993 de
548 955 613 993 eo
639 958 846 1009 mense,
873 956 926 1000 et
951 947 1041 1016 qui
1069 948 1159 1012 50,
1186 949 1252 1003 de
1290 967 1355 1005 eo
1390 967 1574 1007 mense
1610 968 1822 1024 semper
1862 956 2022 1010 adsu-

453 1044 569 1082 mas
594 1031 655 1095 2,
683 1041 736 1086 et
762 1034 904 1088 diem
940 1038 1138 1090 mensi~
1167 1055 1273 1106 quo
1304 1041 1567 1110 requiris;
1607 1043 1799 1098 deinde
1823 1045 2025 1114 partire

451 1134 549 1188 per
570 1121 626 1185 7,
657 1132 712 1174 et
741 1123 996 1194 quicquid
1029 1131 1350 1184 rc-manserit
1383 1131 1436 1184 in
1470 1147 1629 1186 manu
1662 1143 1772 1200 tua,
1803 1137 2026 1206 adjectis

454 1210 828 1264 accessoribus
873 1213 1024 1278 solis,
1071 1231 1190 1284 qua:
1221 1232 1286 1271 eo
1315 1233 1456 1274 anno
1500 1222 1771 1284 eveniunt,
1803 1224 1917 1292 ipsa
1945 1233 2028 1278 est

451 1293 587 1350 feria
616 1299 902 1368 cujuslibet
930 1304 1076 1356 anni.
1111 1303 1270 1358 Febr.
1293 1315 1471 1361 autem
1501 1324 1683 1362 mense
1708 1312 2028 1378 praetermit-

453 1397 556 1455 tas,
605 1392 729 1460 quia
772 1392 1146 1464 imperfectum
1194 1414 1476 1453 numerum
1529 1402 1710 1468 habet,
1750 1403 1852 1458 nisi
1906 1413 2028 1458 tan-

457 1487 568 1532 tum
615 1481 734 1537 dies
766 1483 936 1553 ipsius
967 1488 1203 1551 mensis,
1243 1490 1459 1558 quando
1506 1491 1706 1558 intrat,
1751 1507 2028 1563 usquequo

453 1579 632 1625 exeat.

673 1663 750 1718 De
784 1665 909 1720 luna
946 1669 999 1720 in
1031 1668 1153 1723 Kal.
1185 1669 1312 1724 Jan.
1340 1681 1388 1725 el
1419 1689 1471 1726 ιιι
1502 1671 1624 1726 Kal.
1664 1674 1790 1743 Apr.

519 1750 753 1807 LXXVI.
797 1754 852 1808 Si
901 1757 983 1810 vis
1025 1771 1349 1827 agnoscere,
1388 1772 1550 1826 quota
1593 1763 1718 1815 luna
1755 1762 1826 1816 sit
1866 1763 1918 1815 in
1969 1779 2023 1816 ιι

2122 589 2410 658 Multiplica
2459 593 2561 647 hoc
2598 608 2695 662 per
2741 594 2800 646 11
2833 611 2846 646 :
2874 594 3130 647 undecies
3177 593 3211 647 5
3255 596 3312 648 Iit
3358 595 3446 650 55.
3510 597 3700 652 Divide

2121 693 2217 749 per
2260 680 2347 744 50,
2387 689 2666 754 remanent
2706 681 2758 734 5.
2805 683 2952 736 Adde
2993 690 3048 736 et
3089 684 3320 752 primum
3374 685 3516 738 diem
3576 685 3696 740 Kal.

2121 771 2243 825 Jan.
2288 772 2424 827 ﬁunt
2466 773 2518 828 4.
2580 773 2730 826 Luna
2771 772 2804 826 4
2842 773 2946 826 erit
2989 772 3040 826 in
3087 773 3204 827 Kal.
3259 771 3383 826 Jan.
3432 788 3701 844 pnesente

2123 877 2286 928 anno,
2312 863 2496 933 sicque
2524 879 2619 934 per
2641 864 2706 919 I9
2737 879 2908 918 annos
2928 864 3062 936 cycli
3091 864 3296 919 lunaris
3319 864 3479 920 facile
3499 868 3704 936 poteris

2123 949 2381 1014 invenire,
2415 961 2474 1006 ut
2499 953 2643 1007 scias
2675 961 2872 1021 quotus
2914 952 3098 1023 cyclus
3125 953 3264 1006 lunae
3291 954 3362 1007 sit
3399 955 3605 1023 absque
3638 972 3704 1010 eo

2125 1042 2396 1098 dividente
2422 1060 2518 1113 per
2549 1045 2634 1109 19,
2667 1053 2830 1114 atque
2860 1045 2939 1098 eis
2979 1044 3176 1098 iterum
3213 1043 3582 1112 multiplicatis
3607 1062 3706 1115 per

2127 1135 2212 1188 11.
2265 1135 2462 1189 Iterum
2508 1137 2731 1206 partiris
2759 1151 2856 1204 per
2881 1135 2970 1200 50,
3019 1144 3076 1190 et
3113 1151 3181 1190 ex
3210 1136 3293 1190 eis
3322 1138 3580 1205 quicquid
3617 1153 3705 1193 re-

2127 1225 2388 1279 manserit
2427 1227 2609 1280 addito
2641 1227 2803 1280 etiam
2835 1241 2941 1279 uno
2972 1225 3089 1279 Kal.
3133 1225 3257 1284 Jan.
3291 1235 3404 1281 tota
3446 1227 3573 1282 luna
3605 1229 3710 1282 erit

2128 1311 2180 1365 in
2221 1313 2338 1366 Kal.
2382 1313 2504 1369 Jan.
2540 1314 2652 1370 Hoc
2698 1324 2880 1368 autem
2926 1314 3237 1370 ﬁrmissime
3287 1308 3600 1380 memento,
3652 1326 3715 1370 ut

2127 1403 2376 1470 quotiens
2421 1403 2543 1458 ad9
2588 1404 2796 1474 cyclum
2847 1404 3087 1458 lunarem
3129 1405 3461 1473 perveneris,
3510 1405 3711 1459 deinde

2128 1504 2312 1544 sumas
2337 1499 2390 1545 et
2423 1491 2573 1544 aliud
2603 1493 2628 1544 1
2666 1506 2834 1561 usque
2863 1492 2930 1547 ad
2957 1493 3188 1561 primum
3220 1494 3449 1564 cyclum,
3481 1503 3539 1548 ct
3589 1495 3714 1548 abs-

2127 1595 2231 1648 que
2260 1581 2578 1636 titubatione
2611 1583 2849 1651 reperies
2879 1591 3040 1650 quota
3078 1583 3200 1637 luna
3233 1585 3302 1638 sit
3331 1583 3448 1638 Kal.
3479 1583 3608 1638 Jan.

2199 1671 2275 1726 De
2315 1687 2418 1741 qua
2453 1687 2510 1726 re
2549 1673 2701 1743 juxta
2731 1671 3105 1744 Egyptiorum
3138 1683 3453 1745 argumenta
3493 1677 3712 1730 veracia

2131 1761 2251 1815 talis
2305 1762 2698 1829 supputationis
2741 1762 3039 1830 probantur
3090 1765 3400 1819 adhibuisse
3455 1780 3714 1833 compen-

450 1840 570 1894 Kal.
609 1843 760 1913 Apr.,
790 1860 943 1902 sume
981 1862 1152 1902 annos
1193 1848 1402 1904 Domini
1449 1853 1539 1920 qui
1593 1852 1793 1907 fuerint
1837 1853 2026 1907 eodem
2062 1835 2102 1892 Β
2131 1847 2296 1901 dium.
2328 1847 2538 1901 Ponunt
2579 1849 2631 1902 in
2661 1850 2848 1917 primis
2887 1860 3128 1920 cpactas,
3159 1851 3210 1904 id
3241 1860 3344 1911 est,
3376 1852 3714 1921 adjectiones

451 1948 616 1997 anno,
659 1950 904 2006 quosque
947 1945 1262 2006 computare
1307 1941 1561 2003 volueris,
1602 1942 1796 1997 deinde
1826 1945 2030 2012 partire
2129 1937 2364 2002 lunares,
2405 1954 2524 2008 qua:
2548 1955 2643 2009 per
2665 1941 2804 1994 hanc
2829 1935 3174 1995 indictionem
3199 1942 3232 1995 4
3263 1943 3332 1995 25
3367 1952 3513 1997 sunt.
3549 1943 3605 1995 In
3631 1944 3716 2008 his

451 2038 545 2091 per
583 2025 648 2079 l9
690 2036 923 2094 partem,
967 2038 1022 2082 et
1064 2029 1320 2098 quicquid
1374 2034 1698 2085 remanser't
1735 2041 1802 2085 ex
1845 2033 1926 2088 eis
1973 2033 2028 2088 in
2129 2029 2388 2101 adjiciunt
2417 2029 2472 2094 4,
2503 2030 2556 2084 id
2586 2037 2668 2084 est
2697 2031 3039 2085 medietatem
3085 2033 3290 2087 numeri
3344 2035 3376 2088 8
3421 2035 3716 2100 mensium,

452 2129 616 2168 manu
670 2124 779 2180 tua,
833 2133 1046 2172 rursum
1105 2120 1251 2188 ipsas
1299 2120 1592 2190 multiplica
1658 2136 1754 2190 per
1802 2123 1913 2187 11,
1965 2139 2028 2179 ac
2130 2133 2158 2171 2
2207 2118 2510 2188 Seplembri
2561 2119 2680 2174 scil-
2722 2135 2891 2188 usque
2932 2120 2998 2173 ad
3035 2121 3192 2190 Αρτη
3224 2121 3358 2177 ﬁunt
3399 2123 3487 2176 27.
3539 2123 3719 2192 Super

451 2202 646 2258 deinde
691 2207 892 2275 partire
937 2223 1033 2276 per
1075 2208 1144 2263 50
1173 2219 1400 2278 partem,
1431 2221 1486 2265 et
1521 2213 1774 2282 quicquid
1815 2229 2031 2268 reman-
2129 2209 2228 2263 hos
2267 2209 2471 2272 addunt
2504 2219 2558 2264 et
2586 2220 2751 2278 quota
2793 2210 2880 2264 die
2910 2211 3112 2265 mensis
3139 2211 3346 2266 Pascha
3395 2214 3717 2284 contingat,

453 2294 590 2347 serit
628 2295 696 2350 de
734 2297 924 2350 eodem
955 2311 1225 2369 compoto,
1274 2309 1383 2354 tota
1423 2302 1546 2356 Inna
1585 2304 1691 2358 erit
1721 2305 1772 2358 in
1805 2321 1859 2358 xi
1907 2304 2026 2358 Kal.
2130 2303 2182 2356 i‘d
2209 2310 2293 2357 est
2334 2318 2364 2356 a
2399 2302 2514 2356 Kal.
2549 2302 2673 2356 Mai.
2717 2303 2834 2358 dies
2881 2304 2974 2370 l9,
3003 2313 3056 2359 et
3087 2305 3211 2375 quia
3243 2306 3274 2359 5
3327 2306 3444 2360 dies
3471 2306 3718 2378 Egyptii

450 2379 582 2448 Apr.
610 2395 676 2434 eo
700 2397 861 2436 anno.
897 2383 954 2437 Si
995 2387 1270 2455 requirere
1298 2387 1531 2443 volueris
1569 2406 1596 2442 a
1633 2389 1932 2460 Septembri
1975 2391 2028 2445 in
2130 2395 2324 2464 praeire
2353 2403 2678 2461 noscuntur,
2707 2394 2843 2449 ﬁunt
2889 2397 3048 2450 simul
3077 2396 3181 2462 24,
3225 2406 3278 2452 et
3314 2398 3384 2452 ita
3416 2397 3478 2452 51
3535 2398 3719 2452 omnis

456 2471 826 2541 Decembrem,
857 2477 908 2531 in
941 2478 1025 2533 his
1049 2479 1082 2531 4
1105 2481 1379 2536 mensibus
1408 2483 1442 2536 5
1474 2483 1749 2553 regulares
1785 2485 2026 2554 adjicies.
2130 2503 2341 2542 summa
2363 2488 2651 2558 colligitur.
2692 2487 2773 2541 Ex
2810 2487 2894 2542 his
2931 2487 3256 2549 subtrahunt
3288 2489 3386 2551 50,
3428 2496 3722 2541 remanent

452 2561 510 2614 In
558 2563 798 2620 hissexto
856 2575 1034 2650 autem
1096 2569 1431 2626 solummodo
1483 2587 1626 2627 anno
1680 2572 1716 2626 2
1759 2573 2032 2642 regulares
2131 2579 2220 2633 21.
2254 2579 2373 2650 Ipse
2413 2589 2497 2635 est
2545 2594 2806 2637 numerus
2846 2578 2985 2641 luna:
3023 2580 3316 2650 paschalis.
3358 2578 3486 2634 Haec
3531 2588 3720 2632 autem

453 2666 669 2721 semper
702 2655 755 2708 in
802 2649 986 2712 mense
1016 2660 1350 2725 numerabis,
1377 2670 1433 2716 et
1471 2678 1570 2732 pro
1607 2663 1674 2717 50
1707 2664 1792 2718 die
1819 2663 1891 2718 52
1930 2680 2029 2717 an-
2131 2649 2538 2724 veraarationes
2569 2669 2886 2739 expliciunt.
2918 2649 3274 2742 Deoigratias.
3303 2669 3494 2724 Amen.

453 2741 539 2797 nis
567 2743 814 2815 singulis,
843 2755 898 2801 et
927 2764 1096 2803 mens.
1127 2751 1377 2806 adsumes
1402 2754 1453 2806 in
1479 2755 1607 2809 ﬁne.

482 2857 495 2870 -
526 2831 582 2884 Si
623 2833 708 2888 vis
750 2849 940 2904 sapere
974 2847 1135 2905 quota
1177 2839 1302 2893 luna
1348 2841 1507 2896 fuerit
1551 2860 1752 2911 mense,
1797 2862 1904 2916 quo
1939 2863 2032 2901 vo-

453 2921 640 2989 lueris,
669 2935 728 2978 ut
756 2938 882 2996 puta
909 2945 1051 2985 anno
1079 2946 1187 3000 quo
1217 2932 1447 2990 faciams
1493 2937 1699 2994 Pascha
1730 2955 1788 2994 ιιι
1819 2941 1871 2994 Id
1899 2941 2028 3008 Apr.

455 3014 576 3079 fuit,
609 3032 660 3070 v.
695 3034 774 3087 3.,
803 3020 835 3074 9
867 3036 1053 3076 mense
1083 3032 1205 3092 post
1247 3025 1373 3081 illud
1407 3027 1633 3095 Pascha,
1673 3041 1922 3101 computa
1953 3031 2034 3086 lu-

455 3121 581 3160 nam
612 3106 729 3174 ejus
775 3111 868 3164 tali
918 3115 1100 3173 modo.
1147 3115 1296 3170 Tolle
1337 3119 1403 3173 de
1445 3120 1720 3191 Septemb.
1754 3126 1804 3188 1,
1853 3124 1918 3178 id
1950 3134 2032 3180 est

455 3209 556 3263 pro
589 3210 654 3250 eo
686 3212 793 3253 uno
822 3215 990 3270 pones
1029 3204 1095 3258 de
1136 3204 1336 3261 Octob.
1375 3209 1425 3262 1.
1463 3210 1614 3266 Mitte
1656 3214 1692 3266 2
1740 3214 2033 3283 regulares,

455 3284 594 3339 ﬁunt
620 3288 778 3343 simul
818 3291 872 3354 4,
913 3307 1052 3360 pone
1081 3304 1136 3348 et
1177 3296 1292 3352 dies
1321 3301 1546 3364 mensis,
1584 3303 1672 3371 qui
1704 3305 2036 3359 transierunt

457 3373 524 3428 de
561 3388 648 3442 eo,
672 3388 832 3446 quem
873 3393 1172 3451 computas,
1200 3398 1258 3440 ut
1293 3400 1421 3456 puta
1454 3393 1611 3446 modo
1636 3393 1793 3448 hodie
1823 3396 2037 3464 quando

405 3485 408 3488 η
456 3465 564 3520 hoc
599 3472 904 3539 compotavi
951 3473 1021 3527 25
1047 3515 1061 3536 ,
1097 3476 1180 3530 vel
1215 3479 1449 3546 qualiter
1478 3485 1738 3546 evenerit,
1785 3485 1937 3538 mitte
1982 3493 2037 3539 et

459 3557 788 3626 adiectiones
832 3563 968 3618 luna:
1013 3565 1104 3630 22,
1137 3568 1272 3622 adde
1320 3569 1369 3631 7,
1420 3570 1555 3626 ﬁunt
1593 3574 1751 3627 simul
1791 3575 1906 3630 dies
1945 3575 2032 3630 52.

458 3646 608 3702 Tolle
623 3650 689 3704 de
711 3651 795 3705 his
813 3651 902 3716 50,
927 3666 1206 3721 remanent
1226 3659 1314 3712 22.
1336 3659 1504 3715 Hodie
1531 3665 1746 3732 quando
1773 3667 1873 3720 hoc
1893 3681 2038 3720 com-

459 3739 665 3804 potavi,
708 3739 778 3793 22
818 3741 940 3796 luna
985 3755 1069 3798 est
1112 3750 1312 3804 mensis
1341 3750 1676 3808 Novembris.
1705 3755 1816 3809 Tali
1847 3758 2036 3812 ordine

459 3827 600 3881 lunze
638 3838 852 3886 :etatem
891 3834 1040 3888 omni
1072 3838 1158 3892 die
1187 3841 1450 3896 mensium
1481 3843 1726 3902 invenire
1755 3846 1912 3901 facile
1942 3862 2036 3916 po-

461 3920 613 3984 teris,
641 3921 686 3976 si
719 3925 798 3978 sic
825 3941 1042 3997 semper
1066 3935 1478 4001 computaveris.

531 4009 588 4065 Si
627 4012 709 4067 vis
746 4030 903 4071 nosse
924 4029 1086 4088 quota
1121 4019 1242 4076 luna
1269 4023 1338 4077 sit
1365 4025 1480 4079 Kal.
1505 4026 1650 4094 Jan.,
1679 4029 1814 4084 scito
1839 4039 2034 4099 quotus

458 4099 640 4169 cyclns
668 4101 874 4159 lunaris
920 4111 1009 4161 sit.
1045 4109 1109 4163 V.
1141 4125 1220 4180 3.,
1250 4113 1434 4183 cyclus
1465 4115 1551 4168 15.
1596 4115 1860 4183 Tene-tibi
1902 4121 1951 4180 1,
1983 4119 2036 4174 id

457 4199 543 4245 est
589 4192 732 4262 ipsas
774 4197 892 4251 Kal.
931 4197 1274 4270 Jan.,adjice
1315 4206 1603 4276 quinquies
1653 4209 1834 4264 decies
1879 4211 2036 4279 quin.

457 4284 629 4352 quies.
661 4287 794 4341 ﬁunt
835 4290 921 4353 75,
967 4308 1102 4362 quos
1136 4294 1359 4365 adjicies
1399 4313 1561 4367 super
1608 4300 1656 4365 1,
1693 4311 1748 4355 et
1785 4301 1920 4355 ﬁunt
1960 4303 2035 4355 si-

457 4374 568 4427 mul
599 4370 686 4429 76.
739 4377 870 4433 Item
903 4380 1084 4437 decies
1126 4384 1307 4439 sexies
1358 4387 1671 4455 quindecies
1719 4388 1922 4443 faciunt
1967 4390 2036 4445 90

457 4478 594 4533 quos
627 4467 849 4537 adjicies
887 4486 1047 4541 super
1093 4474 1178 4537 76,
1231 4483 1287 4529 et
1328 4475 1386 4529 ﬁt
1430 4492 1637 4532 smnma
1687 4495 2034 4534 numerorum

457 4553 582 4616 166,
614 4555 666 4608 in
698 4559 891 4625 quibus
913 4563 1125 4630 partitis
1153 4579 1250 4632 per
1273 4565 1342 4618 50
1369 4576 1651 4622 remanent
1678 4569 1758 4622 16.
1790 4570 1941 4624 Luna
1969 4571 2034 4625 16

457 4643 566 4698 erit
591 4643 708 4698 Kal.
741 4645 884 4713 Jan.,
914 4657 968 4704 et
1002 4653 1186 4719 puncti
1221 4653 1304 4706 16.
1344 4653 1452 4709 Isto
1497 4657 1658 4710 modo
1704 4673 1800 4727 per
1826 4659 2037 4714 decem-

458 4738 811 4793 novennalem
849 4741 1059 4811 cyclum
1112 4743 1326 4799 lunares
1376 4748 1763 4815 computahiles
1800 4765 2035 4820 semper,

458 4832 514 4878 et
559 4825 676 4880 Kal.
717 4827 837 4883 Jan.
879 4841 1045 4900 quota
1087 4833 1158 4887 sit
1207 4834 1328 4888 luna
1378 4836 1497 4891 sine
1542 4853 1726 4894 errore
1776 4842 2032 4910 reperies.

461 4913 598 4968 Dum
637 4927 818 4972 autem
875 4921 1092 4977 veneris
1143 4925 1209 4978 ad
1268 4924 1477 4995 cyclnm
1531 4926 1774 4984 lunarem
1827 4931 1932 4998 17,
1984 4940 2040 4986 et

459 5004 665 5060 dixeris
705 5009 993 5078 quinquies
1029 5012 1208 5068 decies
1262 5014 1464 5084 septies
1511 5032 1673 5087 super
1721 5017 1838 5072 Kal.
1889 5019 2034 5086 Jan.,

443 5093 802 5163 qui-faciunt
844 5099 913 5154 85
957 5101 1002 5156 si
1038 5102 1259 5171 partiris
1293 5106 1708 5176 sexagesimam,
1734 5116 1790 5163 et
1816 5107 2038 5177 adjicies

461 5204 624 5258 super
662 5191 731 5246 85
782 5194 957 5263 ipsum
998 5198 1050 5262 1,
1083 5197 1217 5252 ﬁunt
1253 5199 1341 5255 86.
1386 5201 1592 5257 Deinde
1640 5197 2038 5260 decies‘sexies

461 5279 641 5337 decies
670 5285 870 5354 septies
900 5285 1035 5340 ﬁunt
1067 5287 1190 5354 l02,
1229 5304 1364 5358 quos
1406 5291 1630 5361 adjicies
1659 5307 1822 5360 super
1856 5293 1944 5354 87,
1983 5305 2039 5348 et

462 5373 599 5430 ﬁunt
626 5377 747 5432 I89.
772 5378 850 5432 Ibi
891 5380 1149 5440 tricesim.
1178 5391 1458 5437 remanent
1494 5383 1545 5438 9.
1579 5382 1726 5436 Luna
1753 5383 1786 5437 9
1807 5393 1892 5438 est
1915 5382 2033 5438 Kal.

461 5465 616 5532 Jan.,
658 5478 713 5524 et
755 5471 937 5540 puncti
973 5471 1062 5526 27.
1113 5473 1204 5528 Sic
1238 5481 1294 5529 et
1338 5475 1406 5530 18
1451 5483 1506 5530 et
1547 5475 1614 5531 I9
1653 5475 1804 5547 cyclo
1851 5475 2032 5531 facies.

459 5557 506 5612 Α
537 5559 714 5629 primo
743 5577 875 5618 vero
903 5563 1056 5634 cyclo
1084 5564 1258 5619 lunari
1285 5580 1458 5635 usque.
1486 5565 1554 5621 I6
1595 5581 1700 5622 non
1728 5567 1930 5637 partire
1966 5567 2035 5622 60

461 5657 692 5716 partem,
741 5665 812 5706 ne
857 5653 911 5708 in
947 5668 1192 5709 errorem
1239 5655 1468 5714 incidas.

530 5741 661 5795 Item
693 5743 836 5800 aliud
863 5746 1302 5815 compendiosum
1331 5760 1500 5817 nuper
1535 5747 1830 5803 inventum.
1883 5746 2033 5804 Scito

2504 2776 2580 2837 De
2610 2777 2762 2832 annis
2789 2794 2821 2830 a
2846 2777 3100 2848 principio
3128 2777 3330 2840 mundi.

2202 2889 2458 2945 LXXVII.
2495 2891 2539 2944 Α
2577 2887 2846 2958 principio
2892 2889 3095 2944 mundi.
3125 2902 3295 2957 usque
3335 2887 3402 2941 ad
3455 2885 3726 2941 diluvium

2136 2982 2260 3036 anni
2293 2981 2486 3052 $2,245.
2533 2980 2665 3034 Item
2715 2995 2744 3034 a
2794 2978 2993 3034 diluvio
3041 2993 3211 3048 usque
3263 2978 3330 3032 ad
3374 2977 3722 3032 nativitatem

2135 3074 2367 3128 Ahraha:
2411 3073 2537 3126 anni
2575 3070 2698 3125 942.
2726 3069 2944 3126 ablatum
2985 3079 3166 3124 autem
3206 3069 3278 3123 45
3321 3067 3596 3130 Abraham
3633 3082 3723 3122 re-

2063 3170 2108 3231 c
2139 3171 2338 3233 gnante
2375 3160 2487 3230 jam
2528 3159 2664 3214 Nino
2705 3158 2892 3213 eadem
2939 3151 3285 3212 mdnumenta
3339 3165 3640 3216 testantur,
3691 3170 3725 3212 a

2139 3252 2290 3322 cujus
2339 3261 2576 3321 tempore
2622 3250 2785 3304 etiam
2827 3256 3098 3318 gestarum
3141 3263 3320 3302 rerum
3351 3245 3552 3317 publici
3579 3246 3724 3298 scri-

2137 3353 2320 3414 ptores
2345 3344 2486 3414 apud
2530 3344 2790 3397 barbaros
2833 3355 2952 3394 csse
2981 3348 3280 3409 cmperunt,
3312 3340 3440 3392 anni
3471 3337 3660 3401 5,688,
3689 3337 3724 3391 5

2138 3435 2274 3494 feria
2302 3451 2361 3498 ut
2410 3433 2546 3494 Kal.
2580 3433 2710 3502 Apr.
2763 3432 2890 3486 luna
2931 3431 3310 3500 I5incipientc
3339 3431 3453 3500 jam
3493 3444 3720 3497 vespera

2137 3530 2432 3584 doceantur
2463 3525 2686 3594 impleti,
2733 3524 2886 3594 cujus
2915 3525 3158 3593 sequenti
3195 3525 3282 3578 die
3316 3523 3528 3577 scilicet
3572 3535 3724 3574 anna

2137 3617 2298 3681 5,690
2321 3616 2668 3687 procedente,
2698 3629 2882 3670 mense
2909 3614 3102 3684 primo,
3130 3629 3226 3668 vtu
3256 3612 3373 3666 Kal.
3404 3612 3558 3681 Apr.,
3587 3610 3724 3666 luna

2139 3709 2228 3775 14,
2272 3711 2443 3764 noctis
2475 3709 2646 3772 initio,
2692 3707 2948 3761 Hebraaos
2995 3706 3190 3760 claruit
3233 3705 3355 3772 agni
3387 3702 3722 3757 sacriﬁcium

2137 3801 2428 3873 peregisse.
2467 3801 2690 3854 Passum
2719 3807 2898 3851 autem
2925 3797 3209 3851 Dominum
3253 3803 3499 3849 nostrum
3534 3791 3720 3846 Jesum

2137 3890 2408 3945 Christum
2439 3887 2669 3960 peractis
2697 3889 2713 3907 ‘
2741 3885 2908 3952 2,228
2934 3885 3089 3939 annis
3111 3885 3177 3939 ab
3196 3892 3318 3939 ortu
3343 3880 3724 3949 mundi,,quod

2137 3989 2347 4053 gestum
2369 3988 2451 4034 est
2471 3980 2758 4034 inchoante
2781 3969 2923 4031 anno
2952 3975 3116 4040 2,229
3135 3990 3238 4028 non
3267 3979 3446 4043 potest
3460 3968 3722 4032 dubitari,

2138 4070 2171 4126 6
2205 4069 2336 4125 feria
2367 4069 2419 4124 id
2448 4077 2530 4124 est
2574 4084 2672 4125 vut
2702 4067 2822 4122 Kal.
2853 4067 2984 4136 Apr.
3023 4064 3315 4120 cruciﬁxus
3341 4069 3427 4118 est
3452 4071 3514 4118 et,
3542 4060 3725 4130 sepul—

2139 4171 2243 4214 tus.
2282 4158 2462 4214 Tertia
2482 4166 2659 4213 autem
2685 4157 2791 4221 die,
2817 4158 2920 4212 hoc
2941 4165 3029 4212 est
3051 4172 3104 4213 vt
3135 4153 3253 4210 Kal.
3277 4154 3410 4223 Apr.
3439 4151 3722 4206 Dominica

2138 4251 2434 4307 resurrexit
2455 4265 2484 4304 a
2509 4249 2757 4304 mortuis.
2791 4248 2895 4302 Per
2907 4247 3013 4302 450
3041 4261 3210 4300 annos
3235 4260 3356 4300 cum
3382 4243 3719 4304 consulibus,

2139 4360 2203 4399 ac
2221 4344 2478 4412 deinceps
2496 4343 2611 4397 sine
2629 4339 2941 4397 consulibus
2959 4355 3055 4409 per
3075 4353 3245 4392 annos
3275 4337 3375 4392 102
3405 4336 3639 4400 futuros,
3661 4342 3724 4386 ut

2139 4434 2243 4489 552
2267 4448 2530 4489 annorum
2555 4431 2730 4487 omnis
2757 4445 2965 4485 summa
2989 4437 3225 4483 constat.

2439 4545 2572 4600 Item
2603 4545 2666 4598 de
2691 4543 2843 4598 annis
2878 4560 2909 4596 a
2933 4541 3189 4612 principio
3213 4538 3415 4592 mundi.

2207 4659 2481 4716 LXXVIII.
2525 4659 2566 4711 A
2615 4656 2880 4726 principio
2910 4654 3092 4708 mundi
3142 4665 3313 4720 usque
3342 4650 3411 4703 ad
3455 4647 3721 4701 diluvium

2137 4755 2263 4808 anni
2291 4750 2476 4815 2,245.
2503 4750 2548 4803 Α
2573 4747 2772 4802 diluvio
2793 4753 2973 4800 autem
3001 4757 3172 4811 usque
3191 4741 3258 4796 ad
3287 4739 3562 4794 Abraham
3589 4735 3720 4790 anni

2137 4844 2261 4900 942.
2298 4842 2381 4896 Ab
2407 4841 2682 4896 Abraham
2715 4851 2850 4891 vero
2889 4848 3060 4905 usque
3089 4833 3156 4887 ad
3185 4830 3550 4901 egressionem
3581 4825 3722 4879 ﬁlio-

2139 4950 2256 4989 rum
2309 4930 2512 4986 Israhel
2562 4945 2628 4983 ex
2685 4925 2920 4996 Egypto
2965 4939 3136 4992 usque
3187 4921 3253 4975 ad
3301 4917 3718 4974 aediﬁcationem

2142 5023 2321 5094 templi
2371 5020 2674 5077 Salomonis
2721 5019 2847 5074 anni
2892 5017 3016 5071 481.
3065 5016 3148 5070 Ab
3195 5012 3557 5070 aediﬁcatione
3588 5023 3720 5078 ergo

2141 5114 2324 5183 templi
2369 5125 2536 5181 usque
2583 5110 2650 5164 ad
2684 5109 3088 5164 dissolutionem
3125 5105 3242 5174 ejus
3279 5111 3334 5158 et
3365 5101 3719 5169 transmigrao

2141 5203 2338 5258 tionem
2372 5201 2424 5254 in
2453 5198 2824 5270 Babyloniam,
2853 5197 2976 5251 anni
3005 5193 3128 5250 590.
3167 5194 3214 5248 Α
3241 5189 3718 5260 transmigratioae

2140 5293 2306 5362 igitur
2346 5290 2651 5360 Babyloniae
2685 5301 2855 5358 usque
2885 5288 2948 5342 ad
2979 5286 3292 5340 Passionem
3329 5279 3540 5336 Domini
3587 5277 3716 5332 anni

2141 5384 2263 5440 659.
2293 5383 2337 5437 Α
2359 5382 2606 5452 passione
2655 5396 2824 5451 usque
2862 5380 2928 5434 ad
2959 5365 3244 5433 transitum
3287 5374 3460 5430 sancti
3499 5370 3716 5427 Martini

2143 5475 2266 5530 anni
2309 5475 2435 5530 «112.
2469 5474 2512 5526 Α
2539 5473 2766 5528 transitu
2797 5470 2970 5526 sancti
2997 5469 3211 5523 Martini
3239 5481 3408 5535 usque
3447 5465 3514 5518 ad
3545 5473 3717 5517 trans-

2141 5566 2274 5620 itum
2304 5564 2613 5621 Chlodovazi
2651 5563 2794 5633 regis
2835 5560 2961 5615 anni
2993 5560 3115 5614 Ml.
3153 5560 3197 5612 Α
3228 5558 3452 5613 transitu
3483 5552 3716 5610 Chlodo—

2139 5656 2238 5712 γεεί
2287 5670 2456 5726 usque
2501 5655 2569 5709 ad
2619 5651 2908 5707 transitum
2952 5648 3311 5705 Theodoberti
3363 5646 3493 5700 anni
3535 5644 3625 5698 50.
3663 5642 3708 5694 Α

2143 5745 2373 5804 transitu
2413 5741 2774 5802 TltcOdoberti
2819 5755 2989 5812 usque
3035 5739 3100 5796 ad
3144 5738 3427 5795 transitum
3456 5731 3710 5804 Sigiberti
