4020 6310
401 373 538 438 1313

1632 386 1831 445 LIBER
1873 391 1962 447 DE
1998 394 2227 453 COMPU
2237 395 2343 453 ΤΟ.

3457 423 3464 428 ‘
3519 409 3654 471 1514

393 491 518 593 anni
544 484 633 552 29.
664 484 916 552 Ali-initio
947 482 1127 555 mundi
1159 516 1326 572 usque
1359 501 1425 556 ad
1463 516 1686 571 regnum
1720 504 1964 560 Theodo-
1993 517 2040 572 Α
2067 519 2122 563 et
2148 510 2200 563 in
2227 511 2415 564 diebus
2461 512 2808 581 septimame?
2831 522 2886 568 et
2913 515 2968 568 in
3009 531 3118 585 quo
3167 519 3352 572 anno?
3381 521 3510 576 etin
3545 540 3654 593 quo

393 588 492 643 rici
520 597 639 642 sunt
669 590 794 642 anni
827 590 1010 656 5,660.

391 700 468 756 De
511 719 727 756 numero
776 719 1031 776 annornm
1081 703 1143 757 ab
1194 704 1394 776 origine
1447 701 1628 758 mundi
1686 721 1846 776 usque
1899 705 1968 758 ad

899 772 968 824 ad
975 781 1121 826 vent‘u
1130 791 1178 826 ιιι
1207 772 1440 827 Domini.

451 859 694 914 LXXIX.
736 861 876 917 Anni
919 877 1049 934 ergo
1088 875 1214 919 sunt
1245 865 1312 917 ah
1345 865 1557 936 origine
1584 864 1766 918 mundi
1795 880 1968 933 usque

386 952 452 1005 ad
514 951 856 1005 Nativitatem
909 952 1141 1017 Christi,
1213 955 1354 1008 sicut
1395 955 1448 1009 in
1490 954 1681 1008 Orosio
1728 954 1963 1023 legitur,

388 1041 571 1105 5,199.
619 1042 755 1097 I‘Iinc
797 1044 909 1112 ipse
949 1045 1088 1099 dixit
1130 1045 1197 1099 ab
1238 1047 1369 1100 orbe
1415 1046 1632 1100 condito
1674 1060 1845 1114 usque
1897 1045 1963 1100 ad

388 1130 586 1186 Urbem
637 1133 908 1186 conditam
939 1134 1062 1187 anni
1114 1144 1238 1188 sunt
1280 1134 1464 1198 4,484.
1496 1133 1580 1188 Ab
1619 1134 1754 1188 urbe
1783 1145 1962 1188 autem

385 1223 599 1276 condita
633 1238 798 1292 usque
833 1223 896 1277 ad
927 1224 1272 1280 Nativitatem
1302 1225 1500 1280 Christi
1534 1226 1658 1279 anni
1687 1235 1810 1280 sum
1837 1225 1960 1279 715.

385 1313 722 1386 Colliguntur
758 1331 887 1386 ergo
919 1317 1044 1370 anni
1093 1319 1162 1371 ab
1206 1317 1414 1387 origine
1463 1318 1644 1371 mundi
1691 1332 1862 1387 usque
1897 1319 1964 1371 ad

383 1405 667 1458 adventum
701 1404 908 1458 Domini
939 1406 1106 1459 nostri
1141 1405 1268 1460 Iesu
1293 1405 1495 1460 Christi
1526 1405 1709 1469 5,199.

509 1503 584 1556 De
613 1503 763 1556 annis
791 1505 854 1555 ab
886 1504 1085 1572 origine
1108 1502 1307 1565 mundi,
1339 1501 1415 1556 vel
1437 1501 1830 1558 InCarnatione.

453 1591 664 1646 LXXX.
724 1593 805 1646 Ab
850 1592 1225 1646 lncarnatioue
1289 1603 1466 1647 autem
1527 1591 1740 1646 Domini
1791 1595 1958 1649 nostri

380 1680 504 1736 Iesu
538 1680 737 1735 Christi
784 1695 952 1750 usque
1001 1683 1068 1735 ad
1101 1689 1420 1752 prmsentem
1448 1697 1680 1747 annum,
1717 1683 1857 1737 sicut
1907 1686 1958 1738 in

380 1773 627 1826 omnibus
651 1772 835 1843 cyclis,
865 1773 956 1842 qui
988 1782 1132 1828 recte
1178 1774 1363 1844 scripti
1401 1784 1526 1829 sunt
1553 1786 1649 1853 .‘et
1680 1778 1822 1832 sicut
1865 1791 1962 1846 per

2070 600 2353 667 tempore?
2377 600 2432 654 Si
2459 600 2510 655 in
2535 601 2620 656 die
2647 604 2814 657 anni?
2845 605 2898 658 in
2931 606 3128 659 nocte?
3155 615 3210 660 et
3250 607 3302 661 in
3340 624 3444 678 qua
3475 612 3607 668 hora
3627 617 3652 669 τ

2069 688 2482 760 interrogamus.
2527 692 2582 745 In
2611 678 2936 762 arq‘ninoctio
2975 704 3154 750 autem
3185 707 3242 751 et
3271 699 3324 751 in
3357 701 3442 755 die
3465 701 3651 758 Domi-

2068 780 2209 842 nico,
2255 791 2310 834 et
2355 781 2408 835 in
2445 785 2716 838 communi
2747 800 2892 840 anno
2941 788 3196 851 secundo,
3223 797 3278 842 et
3305 788 3358 842 in
3385 791 3648 861 ogdoade,

2066 879 2120 922 et
2153 871 2203 923 in
2229 872 2399 940 prima
2436 873 2568 927 hora
2607 885 2821 931 creatus
2857 887 2964 941 est,
2993 886 3049 932 et
3081 879 3134 932 in
3186 889 3464 936 momento
3507 883 3652 939 oculi

2065 961 2245 1012 omnia
2270 961 2427 1014 simul
2457 973 2636 1018 creata
2663 978 2787 1020 sunt
2809 983 2838 1020 a
2869 968 2994 1022 Deo.
3021 968 3197 1023 Latini
3229 987 3462 1042 namque
3482 977 3655 1045 atqui-

2067 1051 2306 1104 noctium
2339 1067 2443 1105 vnt
2471 1053 2589 1107 Kal.
2614 1056 2743 1124 Apr.
2769 1057 2950 1112 facere
2984 1059 3188 1123 volunt,
3225 1062 3317 1116 sed
3337 1063 3438 1118 hoc
3461 1075 3651 1122 sancta

2065 1140 2304 1208 synodus
2333 1141 2553 1197 minime
2582 1147 2828 1212 permisit
2855 1156 3076 1217 prepter
3097 1149 3216 1203 illos
3241 1149 3277 1204 5
3303 1152 3442 1217 dies,
3489 1153 3541 1208 id
3565 1160 3652 1210 est

2063 1226 2331 1292 5feriam,
2364 1230 2581 1299 quando
2625 1232 2880 1289 Dominus
2935 1245 3120 1291 noster
3175 1237 3335 1294 Iesus
3393 1241 3649 1300 ChriStus

2063 1509 2198 1564 quos
2228 1496 2375 1552 foras
2396 1498 2625 1554 limitum
2665 1503 2829 1557 etiam
2869 1513 3020 1560 tanto
3050 1503 3272 1563 minime
3307 1511 3644 1581 abjiciendos

2062 1585 2287 1655 putavit,
2318 1596 2372 1641 et
2395 1587 2515 1644 ideo
2543 1590 2594 1644 in
2625 1591 2744 1660 ipso
2780 1603 2969 1649 sancto
2989 1596 3219 1651 concilio
3249 1607 3510 1656 statutum
3538 1613 3645 1669 est,

2063 1685 2116 1728 ut
2149 1677 2531 1745 tequinoctium
2559 1681 2628 1735 ab
2655 1697 2706 1734 xl
2743 1682 2860 1736 Kal.
2885 1684 3013 1754 Apr.
3040 1696 3400 1756 computetur.

2357 1767 2434 1822 De
2465 1771 2619 1824 annis
2647 1773 2712 1824 ab
2742 1774 3112 1830 incarnatione
3136 1779 3339 1832 mundi.

379 1872 694 1934 argumenta
736 1865 1067 1930 ostenditur,
1115 1867 1243 1920 anni
1295 1877 1421 1921 sunt
1458 1868 1578 1922 784.
1613 1867 1717 1922 Sed
1769 1877 1949 1924 tamen
1986 1857 2028 1912 Β
2130 1853 2406 1910 Lxxxm-
2441 1858 2496 1912 Si
2528 1861 2609 1915 Vis
2639 1863 2782 1916 δαίνυ
2829 1874 3028 1932 quouis
3055 1861 3125 1919 δῖι
3165 1884 3340 1923 almus
3367 1871 3436 1924 ab
3459 1871 3641 1926 inca!“

380 1954 676 2008 secundum
727 1953 908 2008 lunam
952 1955 1117 2023 cmpit
1161 1970 1334 2011 annus
1372 1957 1440 2012 99
1483 1971 1512 2010 a
1542 1973 1630 2010 va
1663 1957 1781 2010 Kal.
1825 1958 1950 2012 Mai.

377 2043 548 2097 Simul
577 2053 754 2097 autem
796 2043 921 2096 anni
953 2052 1078 2098 sunt
1107 2045 1175 2097 ab
1209 2042 1418 2115 origine
1463 2047 1647 2099 mundi
1693 2061 1863 2115 usque
1893 2045 1950 2100 in

374 2145 689 2206 przesentem
721 2151 918 2189 annum
957 2135 1139 2199 5,989.
1173 2136 1228 2191 In
1268 2135 1537 2192 chronicis
1569 2137 1780 2207 legitur.
1810 2137 1951 2192 Anni

372 2239 548 2280 autem
592 2227 658 2280 ab
703 2227 911 2296 origine
955 2228 1137 2280 mundi
1183 2242 1355 2297 usque
1405 2228 1470 2281 ad
1513 2229 1948 2296 prazdicationem

373 2313 582 2369 Domini
623 2315 790 2369 nostri
823 2313 947 2370 Iesu
1001 2315 1199 2370 Christi
1249 2331 1366 2385 quae
1407 2315 1557 2370 facta
1587 2325 1668 2372 est
1709 2334 1848 2372 anno
1883 2318 1950 2374 15

371 2411 569 2466 Tiberii
613 2410 878 2474 Ctesaris,
927 2420 980 2466 et
1023 2427 1192 2482 usque
1245 2412 1312 2466 ad
1360 2412 1686 2481 baptismmn
1737 2414 1948 2469 Domini

369 2498 552 2565 5,228.
597 2501 726 2556 Item
775 2499 998 2556 Orosius
1044 2503 1197 2557 dicit.
1249 2501 1388 2556 Sunt
1437 2511 1616 2556 autem
1663 2502 1731 2556 ab
1775 2504 1948 2559 Adam

367 2591 542 2661 primo
579 2591 793 2644 homine
821 2605 989 2660 usque
1013 2594 1079 2645 ad
1120 2591 1314 2645 Ninum
1349 2607 1624 2663 magnum,
1657 2603 1716 2646 ut
1744 2595 1944 2658 dicunt,

359 2683 598 2749 primum
625 2696 805 2750 regem
828 2678 1138 2744 Persarum,
1161 2683 1376 2752 quando
1397 2691 1555 2736 natus
1573 2693 1653 2736 est
1675 2683 1948 2739 Abraham

370 2771 496 2824 anni
548 2769 748 2835 5,184,
807 2771 898 2840 qui
951 2772 1019 2825 ab
1059 2772 1308 2826 omnibus
1362 2774 1813 2844 historiographis
1867 2776 1949 2830 vcl

367 2861 584 2924 omissi,
617 2861 700 2915 vel
751 2861 979 2931 ignorati
1009 2870 1152 2916 sunt.
1184 2862 1226 2914 A
1265 2862 1400 2916 Nino
1428 2871 1606 2916 autem
1650 2864 1732 2916 vel
1771 2865 1947 2919 Abra-

369 2951 490 3006 ham
531 2968 698 3023 nsque
729 2953 793 3006 ad
818 2952 1083 3007 Ca'sarem
1127 2954 1451 3024 Augustum,
1494 2955 1544 3008 id
1573 2965 1654 3010 est
1687 2972 1854 3026 usque
1881 2959 1947 3012 ad

366 3040 708 3096 Nativitatem
737 3042 973 3106 Christi,
1018 3060 1137 3112 qum
1165 3043 1267 3096 I'uit
1299 3059 1440 3096 anno
1469 3044 1683 3112 imperii
1714 3046 1946 3102 Caesaris

365 3127 456 3192 42,
489 3145 609 3184 cum
635 3130 774 3184 facta
816 3130 956 3184 bella
992 3140 1102 3184 toto
1129 3132 1258 3185 orbe
1281 3141 1586 3196 cessarunt,
1619 3133 1946 3204 colliguntur

365 3219 487 3272 anni
531 3219 715 3283 2,015.
757 3219 918 3274 Fiunt
971 3221 1130 3275 simul
1158 3222 1338 3287 5,199.
1394 3222 1525 3278 Item
1575 3224 1626 3277 in
1673 3225 1942 3282 chronicis

365 3308 560 3378 legitur
609 3310 901 3363 secundum
951 3311 1276 3376 Eusebium,
1323 3322 1378 3367 et
1423 3311 1844 3384 Hieronymum,
1888 3324 1943 3372 et

364 3396 686 3467 Prosperum
733 3399 800 3451 ah
830 3398 998 3452 Adam
1027 3403 1288 3470 usquead
1334 3402 1594 3456 diluvium
1635 3404 1762 3457 anni
1817 3415 1942 3460 sunt

363 3486 547 3552 2,242.
579 3489 662 3542 Ab
701 3489 974 3543 Abraham
1003 3505 1170 3560 usque
1203 3492 1268 3545 ad
1296 3491 1536 3561 Moysen,
1567 3501 1622 3547 et
1663 3510 1940 3564 egressum

363 3578 564 3633 Israhel
591 3597 656 3634 ex
681 3579 911 3650 Egyplo
933 3592 1316 3651 computantur
1339 3584 1462 3637 505.
1490 3584 1535 3637 A
1567 3583 1750 3656 Moyse
1772 3602 1942 3655 usque

364 3667 431 3721 ad
483 3667 857 3731 Salomonem,
911 3678 964 3723 et
1014 3671 1243 3739 primam
1294 3672 1706 3727 :edilicationem
1753 3675 1940 3744 templi

363 3767 490 3812 sunt
519 3759 645 3812 anni
671 3759 795 3812 479.
819 3759 855 3811 A
889 3757 1175 3813 Salomone
1201 3774 1368 3828 usque
1397 3761 1462 3813 ad
1489 3761 1940 3816 instaurationem

362 3846 570 3915 templi,
600 3862 719 3916 qua:
749 3847 847 3900 sub
869 3845 1033 3900 Dario
1056 3846 1344 3900 Persarum
1369 3863 1496 3918 rege
1519 3848 1660 3902 facta
1687 3860 1770 3904 est
1794 3849 1945 3904 colli-

364 3943 566 4005 guntur
597 3937 722 3989 anni
760 3936 885 3988 512.
925 3935 1096 3991 Porro
1141 3951 1169 3989 τι
1205 3937 1364 3992 Dario
1395 3953 1564 4008 usque
1595 3940 1660 3992 ad
1685 3941 1944 4009 pratdica-

365 4026 563 4080 tionem
595 4026 803 4080 Domini
835 4028 1007 4081 nostri
1058 4027 1186 4082 Iesu
1216 4029 1414 4084 Christi
1463 4039 1518 4084 et
1561 4045 1732 4100 usque
1781 4034 1846 4086 ad
1877 4033 1942 4086 15

364 4131 559 4172 annum
584 4119 782 4173 Tiberii
809 4119 1035 4174 Caesaris
1055 4121 1312 4192 principis
1332 4121 1696 4176 Romanorum
1721 4124 1940 4194 explen-

367 4220 452 4266 tur
481 4212 604 4266 anni
641 4212 762 4266 547.
788 4210 986 4268 Omnes
1016 4223 1195 4267 autem
1229 4215 1354 4267 anni
1385 4229 1556 4283 usque
1583 4215 1648 4268 ad
1677 4215 1940 4284 pradica-

367 4302 563 4356 tionem
611 4302 822 4357 Domini
869 4305 1037 4358 nostri
1081 4303 1206 4360 Iesu
1238 4304 1439 4359 Christi
1487 4305 1671 4368 5,255.
1705 4306 1942 4361 Isidorus

366 4404 545 4446 autem
573 4394 732 4447 dicit:
762 4393 1018 4448 Cessante
1039 4408 1205 4464 regno
1227 4410 1290 4448 ac
1311 4396 1614 4449 sacerdotio
1634 4395 1938 4450 Iudaeorum

2055 1944 2272 2000 natione
2309 1949 2510 2011 mundi,
2553 1961 2801 2020 compota
2847 1954 2947 2008 591
3001 1970 3100 2024 per
3152 1956 3237 2022 15,
3269 1958 3406 2013 ﬁunt
3455 1960 3640 2026 5,865.

2054 2036 2150 2091 IIis
2180 2053 2392 2108 semper
2416 2041 2551 2096 adde
2580 2042 2650 2097 55
2680 2045 2980 2112 regulares,
3015 2046 3150 2100 Iiunt
3181 2047 3367 2113 5,905.
3399 2049 3490 2105 Isti
3515 2057 3644 2106 sunt

2052 2129 2177 2182 anni
2203 2130 2270 2182 ab
2315 2131 2472 2185 initio
2503 2135 2710 2198 mundi,
2749 2136 2875 2188 anni
2907 2136 3118 2192 scilicet
3147 2138 3216 2192 ab
3264 2139 3642 2196 incarnaaione

2053 2217 2260 2272 Domini
2279 2219 2398 2283 705,
2420 2235 2626 2276 memor
2647 2233 2765 2277 esto
2789 2224 2843 2277 in
2876 2225 2938 2278 15
2961 2225 3254 2281 indictione
3274 2230 3640 2296 supradictam

2052 2307 2293 2377 regulam
2321 2309 2635 2364 observare.

2122 2397 2179 2452 Si
2217 2401 2299 2453 vis
2340 2402 2480 2454 scire
2510 2411 2674 2470 quota
2751 2403 2823 2457 sit
2879 2404 3122 2469 indictio,
3203 2421 3355 2462 sume
3409 2423 3639 2464 annosa

2049 2493 2232 2546 mundi
2267 2493 2443 2557 initio,
2473 2502 2530 2546 ut
2556 2503 2683 2562 puta
2711 2493 2893 2558 5,905.
2922 2495 3017 2550 llis
3049 2511 3260 2566 semper
3281 2499 3417 2552 adde
3443 2500 3640 2568 7regu-

2050 2580 2208 2647 lares,
2244 2583 2379 2638 fiunt
2399 2583 2583 2648 5,911.
2618 2585 2824 2639 Partire
2847 2600 2942 2654 per
2987 2586 3054 2640 15
3103 2605 3116 2641 :
3158 2589 3473 2656 quindecies
3508 2591 3635 2657 500,

2047 2673 2231 2738 4,500.
2265 2675 2569 2730 Remanent
2594 2663 2780 2741 1,511.
2826 2677 3148 2743 Quindecies
3178 2678 3266 2743 60,
3298 2679 3422 2734 900.
3441 2679 3639 2735 Rema-

2049 2773 2179 2819 nent
2199 2765 2325 2819 511.
2369 2765 2696 2832 Quindecies
2725 2767 2816 2832 50,
2838 2767 2964 2822 450.
3009 2767 3314 2824 Itelnanent
3348 2770 3438 2824 61.
3469 2770 3638 2837 Quin-

2048 2855 2231 2911 decies
2259 2857 2292 2910 5
2321 2856 2424 2929 [4],
2450 2857 2537 2912 60.
2565 2859 2828 2914 Remanet
2857 2860 2908 2925 1,
2941 2859 3116 2929 prima
3143 2861 3385 2916 indictio.
3414 2861 3471 2916 Si
3499 2863 3637 2918 nihil

2050 2949 2393 3009 remanserit,
2427 2948 2494 3003 15
2525 2949 2751 3003 indictio
2785 2958 2891 3004 est.

2121 3039 2178 3094 Si
2213 3038 2290 3093 vis
2315 3039 2456 3093 scire
2486 3047 2682 3108 quotus
2737 3039 2809 3093 sit
2860 3054 3038 3094 annus
3092 3040 3287 3095 solaris
3336 3039 3545 3107 circuli,
3579 3049 3636 3096 et

2050 3140 2184 3199 quot
2205 3130 2411 3184 vicibus
2445 3131 2498 3183 in
2528 3145 2586 3186 se
2626 3130 2898 3187 revolutus
2927 3132 2997 3186 sit
3027 3150 3039 3185 :
3068 3146 3221 3187 sume
3246 3149 3417 3188 annos
3439 3134 3506 3187 ab
3534 3133 3635 3188 ini-

1972 3194 2014 3252 Ο
2049 3194 2124 3275 tio
2150 3221 2358 3285 mundi,
2383 3232 2441 3274 ut
2462 3221 2644 3279 5.905.
2669 3220 2883 3277 Partire
2911 3223 3010 3278 hos
3030 3238 3126 3292 per
3149 3223 3239 3278 28.
3257 3222 3438 3280 Vicies
3463 3226 3634 3282 octies

2041 3311 2168 3376 210,
2207 3311 2388 3376 5,980.
2428 3311 2728 3367 Remanent
2756 3313 2844 3367 '54.
2870 3313 3059 3368 Annus
3078 3313 3149 3366 24
3175 3328 3354 3368 armus
3381 3323 3465 3370 est
3492 3313 3637 3370 sola~

2043 3402 2118 3456 ris
2143 3401 2354 3457 circuli.
2849 3452 2858 3459 .

2114 3491 2170 3546 Si
2217 3494 2298 3547 vis
2354 3494 2497 3548 scire
2540 3503 2930 3550 concurrentes
2981 3496 3302 3566 septimana:
3339 3498 3479 3562 dies,
3509 3508 3633 3554 tene

2042 3583 2467 3652 Suprascriptum
2498 3599 2783 3638 numerum
2810 3585 2901 3638 24.
2930 3584 3086 3640 Tolle
3118 3601 3335 3656 semper
3358 3588 3409 3652 1,
3455 3604 3635 3642 rema-

2042 3680 2172 3726 nent
2203 3672 2292 3725 25.
2315 3672 2466 3726 Adde
2500 3671 2535 3724 4
2561 3683 2796 3741 partem,
2827 3676 2884 3726 Iit
2904 3674 2997 3739 28,
3020 3684 3076 3729 et
3103 3676 3307 3744 partire
3338 3691 3433 3745 per
3453 3677 3482 3729 7
3509 3691 3630 3745 par-

2046 3769 2174 3824 tem,
2209 3760 2260 3813 id
2292 3768 2606 3830 est.quater
2631 3761 2682 3827 7,
2716 3761 2775 3814 Iit
2813 3761 2902 3814 28.
2951 3761 3093 3816 Nihil
3123 3773 3388 3828 remanet,
3414 3763 3625 3819 Sabba-

2045 3857 2154 3902 tum
2181 3857 2264 3902 est
2300 3849 2351 3902 in
2386 3865 2439 3904 ιιι
2465 3837 2592 3903 Kal.
2620 3853 2750 3920 Apr.
2780 3850 3048 3921 Quicquid
3094 3867 3258 3922 supra
3288 3854 3318 3907 7
3345 3869 3618 3909 remanse-

2043 3940 2134 4005 rit,
2170 3949 2280 3994 tota
2317 3941 2447 3996 feria
2473 3941 2600 3995 erit.
2813 3955 2816 3958 ‘

2215 4032 2296 4087 De
2319 4035 2488 4102 prima
2515 4033 2666 4088 Luna
2693 4037 2852 4105 primi
2878 4038 3072 4091 mensis
3097 4037 3458 4090 monstranda.

2113 4122 2396 4177 LXXXIV.
2426 4125 2482 4178 Si
2513 4125 2595 4179 vis
2619 4140 2936 4195 agnoscere,
2967 4127 3236 4193 quomodo
3260 4125 3472 4177 initium
3512 4124 3628 4192 pri-

2042 4215 2115 4268 mi
2147 4215 2367 4278 mensis,
2399 4214 2502 4267 hoc
2525 4223 2609 4267 est
2659 4216 2833 4283 prima
2875 4215 2997 4267 luna
3053 4213 3342 4277 invenitur,
3371 4215 3507 4267 scito
3533 4229 3630 4267 eo-

2043 4304 2161 4357 dem
2213 4319 2356 4356 anno
2400 4303 2660 4372 quolibet,
2704 4312 2759 4358 et
2819 4313 2950 4371 quot
2993 4313 3196 4372 cpactze
3255 4312 3382 4356 sunt
3419 4303 3472 4356 in
3507 4302 3624 4357 Kal.

2040 4391 2191 4455 Iun.,
2217 4399 2274 4446 et
2301 4399 2462 4461 quota
2503 4392 2626 4445 luna
2660 4391 2843 4456 fuerit,
2883 4400 2962 4446 tot
2989 4392 3105 4446 dies
3134 4393 3188 4446 in
3222 4391 3413 4445 Martio
3439 4405 3627 4446 mense

363 4482 626 4539 Dominus
668 4494 849 4540 noster
873 4485 1030 4540 Iesus
1064 4486 1311 4541 Christus
1338 4503 1404 4541 ex
1450 4487 1666 4556 Virgine
1701 4489 1943 4543 nascitur
1967 4523 2020 4582 Ι)
2045 4498 2074 4535 a
2123 4482 2230 4536 ﬂne
2275 4491 2420 4536 retro
2444 4484 2724 4547 subtrahe,
2759 4491 2815 4536 et
2843 4482 2932 4536 ubi
2973 4482 3274 4546 deveneris,
3311 4481 3382 4535 ibi
3413 4481 3625 4535 initium

365 4588 507 4628 anno
522 4574 592 4627 42
608 4575 754 4645 regni
785 4574 1015 4630 Caesaris
1026 4576 1274 4644 Augusti,
1307 4575 1371 4629 15
1391 4577 1545 4630 annis
1556 4578 1622 4630 de
1641 4592 1804 4646 regno
1825 4576 1940 4644 ejus

367 4665 543 4718 adhuc
571 4663 920 4719 restantibus.
965 4663 1229 4732 Regnavit
1257 4670 1435 4717 autem
1479 4665 1638 4718 annis
1675 4663 1764 4716 56.
1810 4663 1940 4717 Post

367 4754 515 4808 illum
557 4753 804 4824 regnavit
834 4752 1082 4807 Tiberius
1115 4752 1296 4807 Caesar
1323 4752 1394 4806 25
1423 4752 1610 4818 annis;
1650 4751 1716 4805 15
1759 4761 1939 4805 autem

367 4861 509 4900 anno
532 4847 681 4917 regni
717 4844 917 4899 Tiberii
947 4843 1208 4899 Dominus
1251 4843 1546 4898 cruciﬁxus
1579 4852 1682 4906 est,
1708 4842 1942 4912 peractis

367 4935 524 4988 annis
551 4950 580 4988 a
613 4933 880 5002 principio
909 4932 1089 4986 mundi
1122 4929 1304 4995 5,228.
1345 4929 1497 4983 Hunc
1545 4929 1800 4982 eumdem
1843 4943 1941 4980 nu-

369 5041 577 5080 merum
615 5023 890 5079 V'ictorius
925 5024 1209 5078 conllrmat
1253 5023 1439 5077 dicens
1483 5041 1493 5074 :
1540 5021 1764 5075 Passum
1811 5035 1939 5090 ergo

368 5117 653 5172 Dominum
687 5123 928 5170 nostrum
955 5112 1136 5168 Iesum
1163 5112 1460 5172 Christmn,
1491 5120 1544 5164 et
1571 5109 1794 5180 reliqua.

749 5205 938 5275 Incipit
983 5206 1047 5259 de
1081 5205 1264 5258 mundi
1305 5203 1584 5273 principio.

437 5297 673 5353 LXXXI.
710 5295 985 5362 Quomodo
1017 5294 1190 5348 factus
1216 5303 1298 5348 est
1328 5293 1577 5357 mundus,
1604 5293 1758 5347 initio
1783 5308 1937 5348 crea-

371 5399 610 5446 turarum
641 5387 756 5450 Dei,
787 5393 892 5440 etc.
946 5384 1162 5454 Reliqua
1200 5386 1534 5450 omittuntur,
1577 5386 1715 5454 quod
1757 5386 1937 5440 eadem

369 5481 509 5552 infra
536 5497 652 5550 cap.
686 5478 788 5533 148
809 5477 1119 5530 habeantur.

778 5572 911 5626 Item
935 5573 999 5627 de
1028 5574 1209 5628 mundi
1251 5575 1526 5644 principio.

439 5667 697 5722 LXXXII.
746 5666 1104 5737 Interrogatio
1142 5665 1209 5722 de
1242 5668 1424 5722 mundi
1476 5668 1764 5739 principio,
1812 5681 1936 5736 quo-

372 5760 529 5814 modo
559 5757 728 5813 factus
764 5758 833 5813 sit
863 5757 1012 5812 initio
1041 5766 1410 5813 creaturarmn
1440 5759 1532 5813 Dei
1555 5759 1578 5814 3
1601 5759 1651 5812 in
1679 5772 1786 5830 quo
1823 5757 1944 5812 die?

2046 4573 2204 4642 primi
2250 4573 2452 4627 mensis
2497 4573 2762 4637 invenies,
2800 4573 3044 4642 exceptis
3074 4573 3246 4627 tribus
3269 4571 3621 4635 embolismis,

2046 4662 2096 4716 id
2127 4671 2209 4717 est
2248 4663 2541 4717 novissimo
2569 4662 2890 4716 embolismo
2929 4661 3206 4732 ogdoadis,
3232 4669 3288 4715 et
3325 4661 3501 4731 primo
3535 4676 3627 4716 en-

2044 4752 2284 4818 decadis,
2310 4762 2364 4806 et
2386 4752 2698 4807 novissimo.
2737 4752 2793 4806 In
2821 4753 3114 4808 novissimo
3132 4754 3276 4806 enim
3307 4752 3625 4812 embolismo

2044 4841 2304 4910 ogdoadis
2344 4841 2553 4894 initium
2579 4841 2738 4909 primi
2778 4842 2978 4896 mensis
3007 4841 3058 4894 in
3091 4840 3227 4895 Non.
3255 4842 3386 4910 Apr.
3419 4841 3624 4896 inveni-

2058 4940 2162 4986 tur.
2189 4931 2244 4985 In
2275 4932 2451 5000 primo
2472 4941 2649 4986 autem
2674 4931 2994 4987 embolismo
3015 4931 3306 4986 endecadis
3331 4933 3382 4985 in
3410 4947 3462 4984 tv
3481 4930 3620 4986 Non.

2048 5022 2177 5092 Apr.
2213 5022 2482 5075 mvenitnr
2514 5023 2686 5090 prima
2735 5021 2858 5075 luna
2896 5023 3054 5091 primi
3097 5021 3319 5076 mensis.
3349 5021 3405 5075 In
3437 5021 3624 5076 ultimo

2045 5128 2176 5168 vero
2201 5113 2520 5167 embolismo
2562 5112 2850 5166 endecadis
2890 5113 2942 5165 in
2986 5128 3040 5165 ιιι
3069 5111 3203 5165 Νοιι.
3239 5111 3371 5180 Apr.
3409 5111 3621 5165 initium

2047 5205 2202 5277 primi
2229 5205 2427 5258 mensis
2466 5204 2752 5258 invenitur.

2173 5295 2252 5350 De
2280 5296 2500 5348 bissexto
2539 5293 2877 5347 monstrando
2907 5309 3000 5363 per
3023 5292 3226 5364 cyclum
3251 5292 3494 5347 solerem.

2117 5387 2378 5443 LXXXV.
2414 5386 2472 5441 Si
2525 5387 2608 5440 vis
2655 5387 2798 5441 scire
2846 5387 2914 5441 de
2967 5387 3228 5450 bissexto,
3299 5395 3420 5439 tene
3455 5400 3621 5440 annos

2044 5482 2236 5538 solaris
2261 5480 2394 5552 cycli
2421 5489 2768 5550 quotcunque
2799 5479 2998 5534 fuerint
3035 5480 3087 5533 in
3111 5479 3360 5548 praesenti
3384 5477 3620 5547 quolibet

2043 5589 2204 5628 anno.
2243 5569 2308 5627 V.
2351 5589 2403 5642 g.
2437 5570 2502 5625 14
2533 5586 2675 5626 anno
2723 5570 2862 5642 cycli
2894 5569 3118 5635 solaris;
3152 5569 3364 5622 dimitte
3410 5581 3622 5636 semper

2046 5663 2423 5726 1;remanent
2473 5661 2558 5715 15.
2604 5661 2809 5716 Partire
2856 5675 2954 5730 per
2980 5659 3014 5713 4
3059 5667 3265 5729 partes,
3299 5657 3507 5712 dimitte
3534 5656 3619 5710 12.

2045 5752 2250 5819 Quater
2303 5761 2618 5823 quaternos,
2674 5753 3009 5814 remanetl;
3061 5748 3270 5820 primus
3322 5761 3494 5802 annus
3540 5753 3621 5800 est
