4020 6310
402 376 540 434 1515

1177 371 1462 426 APPEND.
1502 370 1593 423 AD
1629 368 1797 424 SIEC.
1843 365 1931 422 IX.
1973 398 2040 407 --
2079 363 2442 420 AUCTORES
2477 364 2804 419 ANONYMI.

3513 369 3653 425 1510

397 485 808 558 prmparationis
849 485 1095 541 bissexti.
1133 484 1190 541 Si
1219 487 1352 540 nihil
1385 483 1728 548 remanserit,
1765 485 1971 538 bisscx-
1998 482 2050 542 Α
2076 480 2264 542 drans,
2314 477 2452 542 dies,
2500 471 2858 540 hebdomade,
2902 476 3120 539 mensis,
3178 484 3407 547 tempus,
3454 494 3650 544 annus,

400 587 488 633 tus
511 577 635 632 erit.

470 668 604 723 Item
635 677 938 737 argumenta
968 668 1032 722 de
1057 667 1480 742 concurrentibus
1519 667 1901 720 monstrandis.

469 757 752 812 LXXXVI.
780 756 837 812 Si
867 758 947 812 vis
978 759 1118 813 scire
1145 756 1474 825 adjectiones
1503 756 1652 820 solis,
1673 757 1725 809 id
1750 765 1831 810 est
1854 771 1975 810 con-

400 855 681 904 currentes
708 847 1021 916 septimana:
1049 846 1164 902 dies
1189 864 1245 902 Ix
1282 847 1401 900 Kal.
1432 845 1588 916 Apr.,
1613 859 1766 900 sume
1803 859 1974 898 annos

399 939 468 991 ab
508 938 877 992 incarnatione
927 937 1156 1001 Domini,
1209 937 1533 1005 quicumque
1587 934 1811 997 fuerint,
1840 949 1972 1002 v.3.

398 1027 520 1080 810.
559 1026 665 1078 llos
694 1027 872 1080 divide
900 1042 995 1095 per
1020 1035 1252 1094 quatuor
1276 1034 1480 1094 partes,
1523 1033 1576 1077 et
1599 1040 1860 1077 annorum
1881 1023 1974 1092 qui

401 1117 602 1171 fuerint
631 1116 664 1168 4
692 1125 898 1186 partem
929 1132 1142 1186 semper
1173 1115 1374 1184 adjicc,
1411 1115 1740 1178 bissextilem
1770 1115 1910 1168 diem
1939 1115 1974 1168 4

401 1221 614 1274 semper
637 1221 778 1259 anno
824 1205 1025 1259 iuvent.
1060 1211 1075 1227 ‘
1110 1207 1199 1260 hic
1231 1207 1398 1260 addit.
1431 1206 1484 1260 In
1527 1205 1633 1258 400
1663 1221 1792 1276 ergo
1821 1206 1976 1262 annis

400 1296 702 1350 bissextiles
732 1296 846 1348 dies
869 1305 994 1358 sunt
1033 1296 1150 1348 100.
1178 1297 1234 1350 In
1260 1296 1388 1358 200,
1411 1296 1526 1352 dies
1555 1295 1624 1350 50
1654 1295 1972 1350 bissextiles.

401 1389 532 1442 Item
573 1389 624 1442 in
657 1388 758 1442 160
796 1389 970 1451 annis,
1007 1390 1110 1444 hoc
1150 1398 1234 1443 est
1277 1389 1332 1442 in
1373 1388 1581 1442 duobus
1611 1386 1977 1456 octogenis40
2007 1420 2010 1422 η

401 1479 537 1540 dies,
562 1477 788 1531 bissexti
827 1477 895 1534 28
925 1479 1084 1532 annis
1113 1478 1143 1530 7
1189 1485 1338 1532 sunt.
1368 1477 1538 1531 Simul
1565 1485 1744 1532 autem
1790 1478 1843 1530 in
1871 1477 1977 1533 810

403 1569 558 1621 annis
583 1567 889 1622 bissextiles
926 1568 1042 1622 dies
1079 1577 1204 1622 sunt
1225 1568 1351 1622 204.
1392 1567 1543 1633 Quod
1573 1567 1980 1637 adjicit,Diony-

403 1661 518 1714 sius
565 1673 724 1728 super
755 1675 926 1714 annos
958 1660 1194 1725 Domini,
1235 1661 1470 1730 peractis
1521 1658 1682 1722 5,228
1725 1658 1883 1731 annis
1908 1659 1976 1712 ab

401 1761 520 1804 ortu
545 1749 729 1803 mundi
761 1750 950 1804 eadem
973 1750 1365 1805 Chronicorum
1396 1749 1656 1805 relatione
1702 1757 1973 1803 monstra.

2075 568 2279 638 cyclus,
2307 567 2619 620 vicissitudo
2658 565 2935 629 triformis,
2967 564 3246 631 smculum,
3293 575 3445 630 aetas,
3494 586 3655 624 mun-

2074 657 2221 712 dum.
2263 655 2490 709 Atomus
2515 669 2709 709 nomen
2735 653 2984 709 Graecum
3011 663 3116 719 est,
3153 655 3295 724 quod
3334 655 3659 724 interpreta-

2075 755 2167 802 tur
2209 743 2572 807 indivisibilis,
2613 761 2735 798 nam
2765 756 2976 799 atomon
3017 745 3160 814 apud
3207 743 3426 799 Grzecos
3468 745 3661 798 indivi-

2075 851 2216 900 sum,
2243 834 2327 889 vel
2366 834 2692 890 indivisibile
2723 835 3122 904 interpretatur.
3151 833 3320 888 Omne
3341 835 3482 886 enim
3509 834 3661 902 quod

2075 928 2130 982 in
2161 927 2359 982 mundo
2388 936 2471 981 est
2495 928 2609 981 sive
2648 925 2952 995 corporale,
2982 941 3077 981 seu
3119 924 3475 994 incorporale,
3510 925 3660 992 quod

2076 1019 2242 1074 dividi
2280 1033 2342 1073 ac
2386 1017 2576 1087 partiri
2622 1032 2727 1071 non
2774 1025 2968 1086 potest,
3013 1026 3228 1070 atomus
3253 1026 3354 1070 est.
3403 1015 3559 1070 Sicut
3583 1016 3663 1068 ait

2073 1107 2345 1163 Isidorus:
2381 1107 2606 1162 Atomos
2645 1107 2946 1178 philosophi
2974 1107 3162 1161 dicunt
3189 1107 3447 1175 quasdam
3474 1115 3664 1176 partes

2078 1198 2132 1252 in
2163 1197 2362 1253 mundo
2404 1198 2814 1260 minutissimas,
2863 1206 2924 1252 ut
2953 1197 3090 1251 visui
3133 1211 3238 1250 non
3285 1206 3526 1264 pateant,
3561 1211 3664 1249 nec

2076 1291 2370 1345 sectionem
2427 1291 2708 1359 recipiant.
2768 1289 2882 1344 lluc
2929 1290 3161 1359 illucque
3210 1287 3459 1342 feruntur
3516 1287 3664 1341 sicut

2078 1379 2424 1434 minutissimi
2471 1379 2737 1448 pulveres,
2783 1379 2876 1448 qui
2923 1377 3075 1434 eil‘usi
3109 1393 3208 1446 per
3239 1379 3488 1432 tenebras
3530 1376 3663 1430 solis

2078 1471 2244 1546 radiis
2293 1471 2566 1524 videntur.
2614 1471 2932 1526 Atomorum
2984 1485 3180 1541 genera
3224 1470 3461 1539 quinque
3509 1477 3661 1530 sunt,

2077 1556 2131 1612 id
2157 1566 2241 1611 est
2270 1567 2482 1611 atomus
2517 1558 2570 1611 in
2611 1573 2694 1624 re,
2742 1570 2955 1612 atomus
2983 1559 3035 1612 in
3069 1571 3316 1626 corpore,
3350 1566 3567 1611 atomus
3607 1557 3662 1610 in

2076 1647 2338 1711 oratione,
2367 1656 2582 1702 atomus
2605 1647 2656 1700 in
2688 1633 2935 1712 numero,
2977 1656 3187 1701 atomus
3220 1646 3274 1698 in
3314 1657 3575 1712 tempore.
3600 1644 3666 1698 In

2079 1753 2136 1791 re
2163 1736 2322 1792 sicuti
2373 1736 2614 1805 praedicti
2647 1736 2912 1806 pulveres.
2959 1735 3017 1789 In
3065 1749 3291 1805 corpore
3337 1732 3502 1787 veluti
3539 1748 3664 1786 cum

403 1847 510 1892 tur.
533 1839 664 1893 Item
696 1840 748 1894 in
772 1839 1059 1895 CIII'OIIlClS
1080 1839 1292 1910 legitur.
1310 1839 1509 1896 Omnes
1531 1840 1656 1894 anni
1677 1840 1746 1896 ab
1767 1839 1976 1909 origine

2088 1826 2297 1910 partiris
2321 1825 2618 1894 quamlibet
2639 1836 2845 1895 partem
2863 1825 3056 1896 lapidis
3081 1826 3132 1878 in
3159 1816 3321 1888 1,000
3347 1821 3663 1892 particulas,

403 1931 588 1984 mtmdi
619 1945 786 1999 usque
813 1931 879 1984 ad
897 1931 1334 2000 praedicationem
1369 1931 1580 1986 Domini
1622 1931 1794 1986 nostri
1849 1929 1978 1984 Jesu

401 2015 628 2082 Christi,
660 2033 778 2086 quae
826 2017 969 2074 facta
1011 2027 1095 2073 est
1134 2019 1198 2073 15
1225 2035 1368 2073 anno
1403 2018 1606 2072 Tiberii
1649 2019 1898 2080 Caesaris,
1926 2028 1981 2072 et

402 2120 572 2173 usque
601 2106 667 2159 ad
690 2108 1014 2176 baptismum
1046 2109 1466 2172 Domini‘5,228,
1491 2124 1659 2177 usque
1688 2111 1755 2162 ad
1779 2123 1980 2162 annum

405 2206 585 2250 autem
617 2206 939 2266 praesentem
963 2198 1147 2261 6,058.

441 2311 520 2363 Ad
548 2328 673 2363 ann.
704 2312 1141 2380 pra’parationem
1169 2312 1382 2364 bissexti
1421 2309 1486 2363 ab
1518 2310 1716 2378 origine
1740 2310 1940 2363 mundi.

475 2399 784 2454 LXXXVII.
813 2400 871 2455 Si
897 2401 976 2454 vis
1013 2401 1155 2455 scire
1215 2401 1409 2454 iterum
1463 2400 1757 2454 bissextilis
1799 2415 1973 2453 annus

405 2505 535 2543 nutn
564 2490 651 2552 sit,
708 2503 775 2542 an
807 2489 968 2544 etiam
1017 2506 1192 2544 annus
1249 2489 1657 2558 prmparationis
1711 2489 1981 2543 bissexti:

406 2594 560 2634 sume
599 2593 770 2633 annos
803 2579 871 2633 ab
904 2578 1058 2633 initio
1108 2579 1288 2633 mundi
1335 2593 1507 2647 usque
1551 2576 1616 2631 ad
1663 2587 1980 2646 praesentem

407 2687 630 2736 annum,
665 2687 718 2725 v.
767 2687 844 2740 g.,
869 2672 1048 2736 5,989.
1078 2671 1187 2726 llos
1217 2673 1390 2727 divide
1419 2688 1516 2742 per
1549 2671 1604 2724 4.
1638 2672 1857 2725 Dimitte
1887 2687 1984 2742 per

413 2762 575 2827 4,000
601 2778 722 2831 qua:
747 2763 779 2815 4
803 2772 986 2832 partes
1014 2763 1248 2831 mquales
1292 2772 1432 2822 sunt,
1471 2772 1524 2816 et
1559 2772 1744 2831 postea
1775 2762 1984 2817 dimitte

407 2852 592 2915 1,600,
617 2853 743 2920 quia
769 2852 874 2906 400
923 2862 1051 2907 sunt
1077 2853 1110 2906 4
1137 2853 1365 2907 vicibus.
1410 2852 1712 2906 Remanent
1737 2851 1859 2906 589.
1895 2853 1984 2905 Di-

407 2942 562 2995 mitte
587 2943 709 2996 520.
756 2942 890 3008 Quia
930 2943 962 2995 4
994 2945 1239 3014 octogeni
1271 2951 1435 3008 sunt;
1471 2951 1752 2998 remanent
1779 2943 1868 2998 69.
1897 2943 1984 2996 Di-

409 3035 562 3089 mitte
588 3034 680 3098 40,
721 3036 846 3104 quia
883 3035 918 3088 4
950 3036 1072 3089 deni
1112 3044 1275 3100 sunt;
1315 3044 1591 3090 remanent
1635 3035 1723 3089 59.
1767 3035 1986 3088 Dimitte

407 3121 497 3185 28,
525 3124 650 3191 quia
677 3123 711 3175 4
738 3131 940 3192 septem
983 3133 1138 3188 sunt;
1181 3134 1424 3178 remanet
1473 3125 1524 3178 1.
1557 3123 1772 3178 Primus
1803 3140 1982 3178 annus
2010 3157 2054 3218 ο

409 3219 496 3264 est
529 3211 942 3280 prieparationis
993 3213 1238 3266 bissexti.
1270 3212 1327 3267 Si
1370 3205 1558 3266 'antem
1594 3212 1631 3266 2
1679 3221 1979 3277 remanent,

411 3300 680 3354 secundus
701 3315 876 3354 annus
901 3301 1306 3370 prmparationis
1335 3301 1578 3355 bissexti.
1609 3301 1664 3355 Si
1688 3301 1744 3366 5,
1768 3303 1978 3356 tertius.

412 3390 471 3444 Si
501 3399 680 3445 autem
707 3399 878 3445 totum
905 3392 1548 3446 nnmernmannorumab
1572 3392 1780 3462 origine
1800 3393 1981 3446 mundi

410 3495 506 3550 per
539 3481 572 3533 4
599 3488 780 3550 partes
817 3481 1054 3549 aequales
1075 3481 1309 3549 partitus
1338 3481 1525 3546 fueris,
1558 3482 1852 3536 bissextilis
1884 3498 1984 3536 an-

410 3588 513 3627 nus
538 3574 665 3627 erit.

409 3661 488 3716 De
514 3663 939 3717 concurrentibus
968 3663 1323 3784 monstrai‘zidis
1364 3678 1456 3732 per
1480 3678 1646 3717 annos
1686 3663 1749 3716 ab
1787 3664 1986 3734 origine

1087 3748 1211 3784 mun
1250 3748 1294 3784 ι.

1087 3748 1294 3789 munat.

481 3820 808 3875 LXXXVIII.
959 3822 1040 3878 vis
1079 3823 1219 3876 scire
1265 3832 1396 3891 quot
1438 3832 1821 3878 concurrentes
1865 3832 1990 3878 sunt

413 3912 465 3964 in
497 3913 820 3978 unoquoque
859 3926 1001 3965 anno
1029 3914 1300 3980 prmsenti,
1342 3928 1492 3966 sume
1523 3929 1693 3968 annos
1741 3914 1807 3968 ab
1837 3914 1989 3970 initio

412 4000 620 4063 munt'i,
648 4015 700 4053 v.
733 4017 785 4070 ε.
818 3999 1000 4066 5,989.
1042 4001 1150 4056 llos
1176 4002 1356 4056 divide
1401 4018 1496 4070 per
1539 4003 1573 4055 4
1621 4013 1838 4072 partes;
1888 4005 1990 4059 hoc

411 4099 494 4145 est
529 4091 684 4154 1,497
715 4100 948 4159 quatuor
973 4093 1209 4157 vicibus;
1242 4101 1299 4146 et
1340 4093 1374 4146 4
1417 4102 1648 4161 partem,
1671 4111 1832 4163 quam
1861 4111 1988 4165 par-

413 4183 543 4236 titus
573 4182 756 4247 fueris,
788 4183 891 4237 hoc
920 4194 1005 4238 est
1039 4185 1194 4248 1,497
1242 4186 1394 4239 mitte
1421 4201 1584 4254 super
1613 4185 1794 4251 5,989.
1829 4179 1991 4242 Fiunt

413 4270 574 4324 simul
617 4271 794 4336 7,486.
839 4272 946 4327 llos
993 4273 1172 4328 divide
1202 4288 1296 4341 per
1341 4273 1370 4326 7
1418 4283 1617 4342 partes,
1668 4275 1791 4343 quia
1845 4277 1988 4331 diem

413 4362 724 4431 septimanae
750 4363 980 4432 quieris;
1012 4363 1222 4418 dimitte
1253 4364 1433 4429 7,000,
1465 4365 1589 4434 quia
1625 4375 1828 4436 septem
1865 4383 1991 4436 par-

417 4463 496 4506 tes
519 4453 751 4520 aequales
800 4463 945 4518 sunt,
977 4455 1080 4508 hoc
1120 4464 1198 4510 est
1228 4455 1386 4518 1,000
1432 4466 1636 4524 septem
1661 4497 1676 4519 ,
1708 4470 1990 4512 remanent

413 4542 536 4597 486.
574 4543 790 4597 Dimitte
829 4544 859 4596 7
908 4544 1147 4608 vicenos,
1181 4555 1460 4600 remanent
1499 4546 1587 4601 56.
1637 4547 1856 4602 Dimitte
1896 4551 1985 4614 65,

414 4635 539 4703 quia
575 4635 607 4688 9
657 4644 862 4703 septem
894 4644 1057 4698 sunt,
1115 4647 1390 4690 remanent
1429 4637 1481 4690 5.
1529 4636 1925 4694 Coucurrcntes
1955 4640 1988 4694 5

415 4734 540 4779 sunt
569 4739 708 4780 anno
737 4725 1008 4794 praesenti,
1046 4725 1230 4793 sicque
1269 4741 1364 4794 per
1403 4727 1537 4782 alios
1573 4743 1742 4782 annos
1772 4730 1874 4784 hoc
1901 4745 1990 4783 ar-

416 4823 669 4884 gumento
721 4823 1108 4868 concurrentes
1166 4816 1445 4878 invenies,
1496 4825 1666 4870 totum
1702 4831 1985 4871 numerum

414 4918 678 4958 annorum
707 4902 774 4956 ab
813 4903 968 4957 initio
1018 4903 1203 4956 mundi
1247 4918 1416 4972 usque
1460 4905 1511 4957 in
1547 4915 1864 4973 praesentem
1893 4923 1987 4960 att-

415 5007 542 5047 num
566 4993 799 5062 colliges,
834 5001 890 5046 et
914 4993 947 5045 4
985 5002 1191 5062 partem
1236 4995 1640 5063 superaddendo
1669 5010 1765 5065 per
1794 4997 1824 5044 7
1853 4997 1984 5051 divi-

414 5085 530 5138 des.
567 5083 773 5149 Quotus
813 5099 1071 5142 numcrus
1099 5087 1562 5150 remanserit,'tot
1605 5100 1985 5154 concurrentes

416 5174 656 5228 eruntin
703 5182 968 5242 praesente
1015 5175 1248 5242 quolibet
1292 5187 1453 5230 anno.
1500 5178 1559 5230 Si
1602 5188 1782 5233 autem
1816 5189 1981 5234 totum

415 5281 698 5321 numerum
725 5281 820 5336 per
849 5267 890 5319 7.
907 5267 1138 5335 partitus
1159 5267 1347 5332 fueris,
1369 5270 1399 5322 7
1423 5280 1805 5326 concurrentes
1825 5283 1984 5326 erunt

417 5357 470 5411 in
503 5356 594 5411 illo
626 5371 790 5422 anno,
823 5365 878 5412 et
919 5371 975 5410 ιχ
1005 5357 1120 5412 Kal.
1169 5358 1297 5427 Apr.
1349 5359 1584 5414 Sabbato
1611 5372 1769 5415 erunt
1812 5363 1865 5416 in
1896 5362 1985 5416 illo

417 5460 578 5501 anno.

815 5537 892 5589 De
915 5534 1251 5590 divisionibus
1275 5549 1580 5607 temporum.

494 5626 773 5681 LXXXIX.
815 5629 1115 5683 Divisiones
1147 5637 1444 5696 temporum
1497 5629 1562 5683 16
1605 5641 1770 5685 sunt:
1821 5631 1873 5685 id
1909 5639 1991 5686 cst

421 5728 651 5781 atomus,
673 5727 1025 5782 momentum,
1053 5719 1339 5784 minutum,
1368 5729 1644 5788 punctum,
1677 5723 1828 5786 born,
1857 5738 1988 5791 qua-

2083 1907 2366 1972 millesima
2394 1931 2519 1984 pars
2550 1932 2669 1984 qua:
2712 1915 2924 1985 partiri,
2974 1914 3059 1968 vel
3099 1913 3265 1967 dividi
3311 1928 3416 1965 non
3462 1919 3666 1980 potest,

2079 2017 2291 2060 atomus
2320 2005 2370 2058 in
2407 2019 2632 2073 corpore
2667 2003 2885 2067 dicitur,
2932 2003 2985 2058 id
3013 1997 3097 2058 est
3141 2000 3501 2056 indivisibilis.
3534 1999 3673 2052 Ato—

2081 2110 2201 2150 mus
2231 2095 2284 2148 in
2313 2095 2555 2148 oratione
2577 2133 2595 2160 ,
2625 2095 2783 2148 sicuti
2816 2094 2990 2148 oratio
3035 2094 3088 2146 in
3121 2107 3328 2154 versus,
3375 2092 3426 2143 in
3459 2099 3669 2158 partes,

2083 2186 2135 2239 in
2160 2185 2393 2256 syllabas
2417 2185 2692 2248 dividitur,
2725 2179 2796 2238 ita
2830 2181 3033 2253 syllaba
3064 2183 3116 2236 in
3147 2181 3350 2243 literas,
3384 2179 3538 2234 litera
3567 2194 3670 2232 au-

2086 2251 2401 2338 tem'dividi',
2448 2274 2529 2326 vel
2579 2275 2712 2328 solvi
2750 2251 3081 2343 nonipotest,
3129 2271 3356 2339 ideoque
3397 2280 3607 2326 atomus
3639 2285 3671 2324 a

2081 2355 2288 2418 Latinis
2311 2349 2644 2435 philosophis
2671 2365 2810 2419 dicta
2841 2373 2948 2445 est.
2986 2364 3212 2418 Atomus
3244 2363 3299 2416 in
3339 2378 3562 2416 numero
3591 2363 3675 2416 si-

2083 2456 2194 2509 culi
2231 2454 2458 2509 solvitur
2501 2453 2697 2509 tnillias
2725 2455 2777 2509 in
2817 2455 2994 2520 1,000,
3028 2454 3207 2519 1,000·
3234 2454 3288 2508 in
3329 2453 3446 2517 100,
3478 2453 3580 2508 100
3613 2455 3672 2506 in

2082 2545 2170 2609 20,
2203 2545 2272 2599 20
2298 2545 2350 2598 in
2375 2544 2459 2608 10,
2490 2545 2556 2599 10
2578 2547 2628 2598 in
2659 2545 2712 2610 5,
2745 2546 2778 2600 5
2805 2546 2856 2599 in
2883 2546 2940 2612 2,
2963 2547 2997 2598 2
3024 2547 3075 2600 in
3103 2547 3155 2610 1,
3184 2546 3206 2598 1
3243 2559 3369 2598 vero
3393 2545 3539 2613 quod
3577 2545 3674 2597 di-

2083 2637 2214 2700 vidi,
2239 2646 2332 2690 aut
2355 2635 2488 2690 solvi
2517 2651 2619 2690 non
2645 2647 2839 2706 potest,
2869 2649 3078 2692 atomus
3101 2639 3155 2691 in
3181 2653 3407 2692 numero
3435 2637 3667 2692 dicitur.

2084 2729 2308 2783 Atomns
2335 2730 2384 2782 in
2417 2739 2676 2799 tempore,
2707 2729 2863 2785 sicuti
2902 2730 3126 2784 solvitur
3153 2728 3406 2784 saeculum
3451 2729 3506 2782 in
3536 2737 3677 2781 zela-

2086 2831 2188 2884 tes,
2213 2830 2342 2876 mtas
2368 2822 2418 2875 in
2446 2838 2638 2885 annos,
2665 2838 2838 2878 annus
2868 2823 2921 2876 in
2950 2827 3194 2888 menses,”
3215 2820 3415 2875 mensis
3453 2820 3506 2873 in
3538 2819 3677 2873 beb-

2085 2913 2364 2975 domadas,
2411 2913 2743 2966 hebdomada
2788 2913 2839 2966 in
2886 2913 3020 2977 dies,
3061 2912 3176 2965 dies
3218 2911 3271 2964 in
3315 2910 3674 2979 quadrantes,

2085 3005 2360 3074 quadrans
2390 3005 2443 3058 in
2475 3006 2655 3069 horas,
2688 3005 2818 3059 liora
2855 3005 2907 3058 in
2937 3012 3188 3073 punctos,
3218 3012 3448 3072 punctus
3489 3001 3540 3054 in
3571 3001 3679 3054 mi-

2087 3104 2233 3158 nuta,
2269 3095 2532 3148 minutum
2567 3097 2618 3149 in
2663 3105 2954 3158 momenta,
3002 3103 3332 3149 momentum
3363 3094 3416 3146 in
3457 3101 3678 3146 atomos

2089 3185 2180 3249 16,
2208 3200 2333 3254 pars
2363 3185 2448 3248 16,
2477 3199 2596 3252 qua:
2623 3185 2785 3238 dividi
2829 3199 2932 3254 non
2956 3193 3156 3254 potest,
3197 3193 3410 3238 atomus
3448 3184 3673 3245 dicitur,

2086 3273 2136 3328 id
2159 3251 2243 3327 est
2266 3251 2629 3327 indivisibilis.
2679 3269 2783 3327 Sed
2824 3251 2891 3328 de
2932 3251 3033 3329 hoc
3057 3272 3358 3343 philosophi
3407 3271 3678 3325 mundum

2087 3362 2286 3418 factum
2319 3377 2437 3417 esse
2467 3363 2670 3417 dicunt.

2367 3455 2500 3509 Item
2524 3457 2586 3511 de
2609 3457 2798 3510 atomis
2823 3457 2878 3510 in
2899 3458 3066 3525 primo
3097 3467 3378 3509 momento.

2156 3545 2268 3598 XC.
2315 3544 2370 3598 Si
2413 3547 2493 3598 vis
2525 3545 2666 3600 scire
2704 3555 2834 3614 quot
2866 3547 3030 3600 atomi
3064 3546 3172 3600 sint
3196 3547 3247 3598 in
3297 3547 3320 3600 1
3370 3555 3676 3610 momento,

2088 3635 2264 3689 divide
2295 3636 2316 3688 1
2355 3647 2682 3689 momentum
2715 3637 2767 3688 in
2801 3635 2866 3688 12
2907 3646 3106 3706 partes,
3136 3646 3190 3689 et
3231 3651 3677 3705 unamquamque

2089 3735 2292 3794 partem
2326 3725 2376 3778 in
2407 3725 2495 3787 47,
2525 3727 2649 3794 quia
2679 3725 2747 3778 47
2792 3742 2916 3794 pars
2956 3725 3022 3780 12
3051 3735 3230 3796 partes
3259 3728 3516 3781 momenti
3551 3738 3678 3782 ato-

2093 3832 2212 3870 mus
2237 3824 2320 3870 est
2367 3817 2418 3868 in
2453 3826 2712 3885 tempore.
2744 3816 2812 3870 47
2843 3817 3129 3872 duodecies
3157 3818 3491 3888 multiplicati
3531 3818 3677 3874 ﬁunt

2089 3907 2194 3960 564
2227 3925 2240 3960 :
2275 3917 2351 3962 tot
2389 3909 2552 3961 atomi
2581 3918 2707 3962 sunt
2744 3909 2796 3963 in
2827 3924 2932 3963 uno
2956 3919 3245 3965 momento.
3276 3910 3543 3966 Momeuta
3571 3927 3677 3966 au-

2091 4008 2198 4054 tem
2225 4009 2349 4055 sunt
2372 4001 2425 4053 in
2455 4001 2474 4052 1
2508 4000 2594 4054 die
2621 4000 2742 4055 480.

2166 4087 2221 4142 Si
2249 4089 2330 4142 vis
2358 4089 2498 4142 scire
2543 4097 2673 4157 quot
2701 4089 2864 4142 atomi
2897 4099 3021 4144 sunt
3064 4091 3116 4143 in
3148 4091 3173 4143 1
3226 4091 3380 4156 hora,
3411 4091 3514 4146 duc
3559 4092 3673 4146 564

2093 4177 2434 4248 quadragies,
2457 4179 2590 4231 Iiunt
2613 4177 2812 4243 22,564
2849 4163 3112 4252 [22,560].
3138 4178 3266 4234 Item
3314 4181 3359 4234 si
3404 4181 3544 4236 scire
3581 4197 3676 4236 vo-

2092 4269 2276 4330 lueris,
2306 4277 2435 4336 quot
2465 4271 2629 4322 atomi
2669 4278 2793 4323 sunt
2833 4271 2886 4324 in
2917 4271 2941 4324 1
2979 4271 3062 4325 die
3094 4272 3346 4336 naturali,
3381 4272 3470 4340 qui
3504 4271 3676 4326 habet

2091 4361 2161 4415 24
2195 4362 2378 4425 horas,
2412 4359 2705 4430 multiplica
2745 4362 3110 4430 supradictum
3142 4378 3426 4418 numerum
3457 4376 3673 4418 atomo—

2095 4470 2210 4508 rum
2251 4455 2408 4508 unius
2458 4453 2623 4516 hora‘,
2656 4454 2746 4521 qui
2781 4461 2906 4507 sunt
2930 4454 3148 4519 22,564.
3179 4454 3287 4510 llos
3324 4471 3453 4527 ergo
3485 4457 3674 4510 multi-

2092 4546 2227 4615 plica
2261 4544 2424 4597 vicies
2469 4552 2656 4612 quater
2712 4541 2829 4612 [per
2875 4543 2987 4614 24],
3043 4543 3177 4598 Iiunt
3229 4545 3388 4599 simul
3432 4546 3672 4608 541,540

2091 4631 2394 4704 [541,556].
2434 4632 2537 4686 Tot
2565 4632 2731 4685 atomi
2761 4640 2886 4685 sunt
2919 4633 2969 4685 in
3005 4634 3028 4686 1
3075 4631 3182 4686 die.
3215 4632 3292 4686 Tu
3327 4633 3481 4688 nobis
3508 4675 3522 4696 ,
3555 4635 3670 4689 lec-

2091 4735 2202 4785 tor,
2261 4724 2538 4792 ignoscas,
2588 4723 2712 4791 quia
2761 4722 2874 4776 hrcc
2922 4723 3222 4778 calculandi
3270 4733 3322 4779 et
3357 4725 3619 4781 litteriolo
3651 4729 3665 4749 ⁶

2089 4815 2337 4869 doxibus.

2463 4901 2542 4956 De
2571 4903 2711 4955 [toris
2739 4902 2793 4955 in
2821 4918 2958 4956 anno
2987 4913 3108 4973 quot
3135 4913 3274 4958 sunt.

2159 4992 2293 5048 XCI.
2332 4991 2387 5048 Si
2416 4993 2495 5048 vis
2538 4995 2676 5047 scire
2703 5003 2834 5064 quot
2873 4994 3018 5048 horse
3051 5004 3176 5049 sunt
3204 4994 3258 5048 in
3297 5009 3460 5060 anno,
3487 4997 3667 5051 multi-

2088 5083 2226 5154 plica
2250 5084 2412 5139 vicies
2442 5093 2629 5152 quater
2655 5085 2780 5138 565.
2810 5085 2916 5140 520
2945 5083 3156 5157 [vicies]
3196 5096 3386 5155 quater
3412 5087 3668 5157 multipli-

2091 5177 2221 5244 cati,
2249 5176 2382 5229 Iiunt
2407 5176 2566 5241 7,200
2589 5175 2816 5248 [7,680].
2843 5177 2975 5231 Item
3002 5176 3070 5230 60
3093 5177 3258 5231 vicies
3291 5188 3487 5245 quater
3519 5179 3665 5234 ducti

2092 5267 2252 5333 1,440
2313 5268 2466 5322 limit.
2516 5267 2686 5321 Simul
2739 5277 2918 5322 autem
2978 5278 3033 5321 et
3083 5267 3372 5336 praedictus
3408 5282 3666 5323 numerus

2088 5358 2250 5416 8.640
2283 5357 2434 5412 ﬁunt.
2472 5357 2606 5413 Item
2645 5359 2679 5412 5
2723 5359 2888 5413 vicies
2917 5367 3125 5428 quater,
3158 5359 3241 5413 vel
3269 5357 3340 5412 24
3380 5361 3665 5430 quinquies

2091 5450 2234 5503 ducti
2262 5449 2360 5503 120
2389 5458 2534 5503 sunt.
2564 5449 2671 5504 llos
2700 5451 2853 5503 mitte
2899 5465 3059 5518 supra
3100 5466 3382 5504 numerum
3422 5453 3664 5521 supradi-

2090 5548 2235 5593 ctum
2262 5580 2276 5604 ,
2325 5540 2460 5594 ﬁunt
2492 5540 2651 5594 simul
2694 5539 2874 5605 8,760.
2903 5538 3006 5594 Tot
3039 5540 3186 5594 horae
3229 5549 3354 5594 sunt
3397 5540 3452 5594 in
3501 5555 3661 5594 anno.

2090 5629 2380 5697 Propterea
2415 5641 2596 5685 autem
2621 5630 2724 5684 565
2755 5632 2921 5685 vicies
2943 5640 3134 5700 quater
3155 5631 3504 5702 multiplicari
3531 5631 3666 5688 dixi-

2091 5736 2227 5784 mus,
2257 5721 2381 5788 quia
2408 5720 2476 5774 24
2508 5721 2651 5775 liora:
2687 5729 2808 5774 sunt
2846 5720 2900 5774 in
2928 5721 2953 5774 1
2986 5721 3070 5775 die
3098 5720 3348 5786 naturali,
3385 5720 3437 5775 id
3466 5731 3548 5776 est
3587 5721 3662 5773 in-
