4020 6310
1754 204 1781 220 ρ

212 353 347 422 15η

213 585 333 627 rum
362 569 389 623 1
416 565 522 622 diei
554 563 837 625 naturalis,
883 561 988 616 hoc
1022 570 1107 615 est
1142 557 1214 613 24
1249 571 1440 612 omnes
1481 555 1598 610 dies
1623 554 1789 613 totius

209 657 362 723 anni,
396 655 487 725 qui
504 661 634 709 sunt
656 651 794 717 565,
827 646 1191 718 multiplicati,
1235 646 1323 702 vel
1351 641 1686 715 24'[quater]
1710 643 1797 697 vi-.

208 749 324 804 cies
355 744 644 801 trecenties
670 740 915 812 sexagies
951 737 1238 808 quinquies
1275 733 1442 800 8,760
1470 735 1633 789 horas
1677 730 1790 787 elli-

205 838 380 893 eiunt.
414 835 472 889 in
499 831 765 889 bissextili
795 839 975 885 autem
1000 840 1143 882 anno
1169 823 1336 893 8,780
1364 825 1513 880 hora:
1534 829 1677 878 sunt.

249 948 383 1004 Item
412 947 476 1001 de
500 946 643 999 horis
669 952 717 998 et
737 941 1009 996 momentis
1031 948 1155 1011 quot
1179 936 1378 992 suntin
1397 936 1568 1006 primo
1590 948 1748 988 anno.

281 1056 437 1114 XCII.
477 1054 692 1111 Primus
738 1068 912 1108 annus
955 1051 1011 1106 in
1054 1050 1086 1103 7
1122 1047 1383 1103 dividitur
1429 1053 1630 1117 partes,
1663 1052 1719 1100 et
1754 1044 1788 1097 7

204 1157 390 1220 partes
418 1144 486 1200 52
511 1142 625 1199 dies
648 1152 703 1227 θοι
731 1150 938 1206 noctes,
967 1146 1024 1194 et
1057 1137 1106 1202 7,
1145 1136 1214 1192 52
1235 1135 1351 1191 dies
1377 1144 1432 1190 et
1470 1145 1657 1189 noctes
1684 1132 1789 1188 288

207 1239 375 1293 horae.
425 1234 529 1289 Alii
578 1232 647 1289 12
673 1224 806 1287 ’ᾱίεε
849 1242 903 1285 et
938 1238 1124 1284 noctes
1175 1227 1424 1283 similiter
1462 1225 1569 1280 288
1619 1224 1783 1278 bone.

202 1326 385 1398 Junge
411 1324 465 1378 2.
514 1322 737 1378 Summa
768 1320 899 1377 facit
924 1320 1028 1375 576
1062 1319 1224 1374 horas
1252 1316 1343 1382 52,
1382 1315 1473 1380 52,
1521 1314 1610 1370 52.
1639 1313 1790 1368 Adde

207 1415 346 1471 alios
393 1412 464 1467 20
488 1410 603 1467 dies
635 1418 693 1466 et
735 1419 959 1475 noctes,
992 1407 1197 1464 faciunt
1227 1405 1389 1471 l,l52
1413 1419 1572 1474 supra
1597 1403 1651 1469 4,
1696 1402 1788 1467 52,

204 1506 299 1571 52,
328 1504 421 1571 52,
459 1504 573 1559 dies
607 1511 662 1558 et
707 1510 892 1557 noctes
919 1498 1011 1564 60,
1041 1499 1110 1554 56
1138 1496 1360 1552 faciunt.
1394 1494 1460 1550 Et
1489 1495 1563 1549 ita
1586 1495 1659 1549 ‘in
1685 1493 1789 1547 ista

204 1597 382 1668 prima
405 1603 558 1666 parte
588 1592 750 1659 1,000
778 1593 831 1647 in
856 1607 964 1657 CIL,
996 1591 1066 1646 55
1092 1588 1352 1652 invenies,
1384 1594 1440 1642 et
1473 1587 1527 1642 in
1554 1586 1789 1642 secunda

208 1684 479 1749 similiter,
501 1683 631 1738 etin
658 1683 816 1738 tertia
841 1681 1028 1737 eodem
1051 1694 1295 1743 numero,
1317 1675 1447 1756 etin
1469 1674 1574 1731 560
1596 1684 1789 1747 quarta

202 1773 422 1845 aequali,
452 1780 507 1827 et
537 1772 724 1842 quinta
749 1770 942 1841 mquali
973 1768 1160 1834 simili,
1193 1775 1247 1822 et
1273 1767 1327 1822 in
1368 1775 1519 1822 sexta
1551 1782 1658 1822 non
1689 1766 1790 1821 im-

204 1865 347 1938 pari,
377 1874 431 1921 et
463 1865 513 1919 in
549 1864 779 1935 septima
809 1862 862 1917 in
888 1861 1124 1932 quinque
1154 1859 1267 1915 dies
1295 1874 1509 1929 quoque
1536 1873 1787 1914 numera-

206 1956 294 2011 bis
334 1954 584 2010 eumdem
631 1961 997 2019 numerum,et
1040 1948 1341 2020 superﬂuus
1369 1949 1486 2004 dies
1511 1987 1526 2014 ,
1571 1957 1626 2003 et
1658 1962 1787 2012 nox,

200 2054 264 2100 et
313 2044 587 2115 quadrans
637 2043 705 2097 27
764 2038 1174 2105 horas'habet,
1231 2048 1288 2094 et
1334 2046 1480 2094 totus
1534 2051 1792 2093 numerus

206 2136 484 2206 horarum,
519 2134 731 2189 dierum
764 2140 821 2189 et
855 2133 1093 2188 noctium
1139 2130 1266 2185 anni
1294 2130 1493 2199 septies
1535 2138 1792 2199 supputa-

206 2234 296 2281 tus
323 2224 486 2291 8,760
518 2225 684 2279 horae.
730 2221 1122 2277 Momentorum
1166 2234 1444 2286 numerus,
1474 2220 1682 2274 dierum
1727 2232 1791 2274 ac

206 2318 448 2374 noctium
480 2316 607 2370 anni
647 2314 859 2385 incipit.
882 2314 1026 2369 liora
1044 2313 1114 2368 40
1134 2321 1407 2369 momenta
1429 2313 1609 2371 habet.
1638 2310 1672 2364 4
1695 2311 1801 2365 ho-'

208 2424 285 2466 τω
313 2408 435 2463 160.
466 2406 661 2479 Iunge.
686 2404 911 2462 Summa
950 2404 1083 2460 facit
1116 2403 1224 2460 480
1247 2412 1540 2459 momenta.
1566 2400 1683 2456 Nox
1712 2400 1789 2454 si-

206 2499 410 2554 militer
441 2497 537 2563 l2,
566 2504 623 2552 et
658 2495 790 2552 facit
832 2497 1081 2552 eumdem
1135 2508 1419 2549 numerum
1462 2493 1586 2549 480.
1620 2490 1793 2562 Junge

206 2592 351 2647 diem
382 2599 438 2646 et
480 2600 717 2656 noctem,
747 2590 853 2646 960
893 2589 966 2644 25
995 2589 1111 2645 dies
1140 2598 1194 2643 et
1221 2596 1404 2644 noctes
1445 2586 1649 2652 2l,000
1676 2599 1793 2640 mo-

204 2690 537 2739 mentorum.
568 2683 673 2738 Alii
698 2683 768 2739 25
805 2683 924 2739 dies
950 2691 1007 2738 et
1032 2692 1219 2738 noctes
1260 2680 1460 2749 24,000
1491 2687 1791 2737 momento-

208 2768 351 2829 rum.
385 2774 576 2831 Nullus
603 2775 863 2847 ambigat.
894 2773 1116 2830 Summa
1141 2772 1211 2830 50
1234 2773 1444 2829 dierum
1472 2781 1527 2828 et
1551 2773 1786 2828 noctium

120 2854 129 2861 ’
205 2863 426 2931 48,000.
458 2863 604 2922 Duos
626 2863 742 2920 dies
762 2873 817 2920 et
847 2873 1056 2927 noctes,
1089 2864 1181 2934 qui
1205 2862 1397 2933 reliqui
1427 2871 1574 2928 sunt,
1596 2860 1780 2927 2,000.

209 2953 269 3009 Si
303 2954 629 3024 adjiciantur
651 2954 768 3010 duae
792 2954 960 3021 horae,
982 2954 1036 3009 id
1064 2962 1149 3008 est
1175 2951 1244 3008 80
1285 2960 1556 3007 momenta
1580 2950 1787 3006 duobus

208 3044 344 3115 ipsis
371 3043 559 3100 diebus
585 3045 652 3101 de
677 3042 748 3099 55
787 3044 894 3112 die,
932 3032 989 3100 et
1033 3044 1100 3099 de
1136 3044 1325 3099 eodem
1364 3042 1673 3112 supradicto
1702 3039 1789 3095 die

209 3140 499 3203 supersunt
522 3132 627 3189 580
655 3141 948 3202 momenta,
987 3140 1044 3188 et
1067 3147 1196 3204 pars
1220 3131 1478 3222 secunda,
1520 3131 1575 3222 id
1607 3138 1689 3186 est
1717 3128 1788 3222 52
1816 3160 1861 3222 Ο

209 3223 329 3278 dies
354 3230 411 3279 et
434 3231 651 3289 noctes,
701 3221 922 3290 50,000,
952 3231 1008 3278 et
1034 3222 1362 3293 adjiciuntur
1387 3220 1507 3276 dua:
1552 3220 1699 3275 horae
1722 3219 1790 3274 de

210 3315 398 3372 eodem
447 3316 534 3371 die
577 3316 888 3384 supradicto
914 3356 929 3380 ,
957 3325 1014 3371 et
1060 3322 1348 3384 supersunt
1374 3313 1462 3368 die
1496 3311 1587 3366 illo
1614 3327 1645 3366 a
1686 3311 1793 3366 500

210 3414 506 3464 momenta.
546 3407 614 3461 Et
652 3400 985 3476 tertia‘pars
1031 3405 1280 3462 similiter
1312 3402 1532 3469 50,000,
1564 3411 1618 3457 et
1658 3400 1792 3470 adji-

208 3497 430 3552 ciuntur
456 3497 575 3552 dum
597 3498 744 3551 hora:
766 3497 831 3551 de
861 3495 1171 3565 supradicto
1187 3536 1202 3561 ,
1228 3501 1283 3550 et
1308 3500 1599 3564 supersunt
1626 3506 1658 3545 a
1681 3490 1792 3545 220

210 3594 507 3642 momenta.
526 3586 592 3640 Et
617 3595 808 3656 quarta
828 3585 989 3641 simili
1015 3584 1173 3640 modo
1192 3584 1391 3651 50,000
1419 3591 1474 3638 et
1503 3582 1621 3637 dua:
1647 3582 1792 3637 hora:

208 3677 539 3747 adjiciuntur
567 3678 634 3733 de
678 3677 866 3731 eodem
896 3676 1013 3742 die,
1044 3684 1099 3732 et
1141 3682 1430 3746 supersunt
1466 3688 1497 3728 a
1544 3672 1648 3727 MO
1673 3688 1790 3726 mo-

212 3778 416 3825 menta.
444 3768 512 3823 Et
539 3768 724 3838 quinta
748 3783 875 3839 pars
897 3768 1014 3838 pari
1043 3766 1204 3822 modo
1227 3764 1445 3831 50,000,
1470 3773 1527 3819 et
1562 3764 1680 3819 duae
1703 3764 1792 3817 ho-

215 3874 290 3914 rai
318 3858 646 3928 adjiciuntur
670 3859 737 3914 de
765 3859 954 3914 eodem
983 3858 1092 3923 die,
1128 3865 1184 3913 et
1211 3863 1499 3927 supersunt
1529 3870 1559 3910 a
1582 3853 1652 3908 60
1679 3868 1793 3908 mo-

213 3959 415 4004 menta.
446 3948 513 4003 Et
539 3957 689 4004 sexta
714 3962 840 4019 pars
868 3949 1147 4019 aequaliter
1167 3946 1389 4014 50,000,
1417 3953 1472 4002 et
1500 3945 1619 4002 duae
1645 3945 1792 4001 horae

214 4040 540 4109 adjiciuntur
571 4042 638 4095 de
675 4039 865 4095 eodem
908 4042 1016 4107 die,
1068 4048 1124 4095 et
1160 4047 1448 4110 supersunt
1494 4054 1524 4094 a
1570 4036 1697 4094 180.
1726 4038 1794 4093 Et

214 4131 441 4200 septima
468 4145 594 4201 pars
619 4130 870 4186 similiter
894 4129 1091 4195 50,000
1113 4138 1401 4195 momenta,
1427 4141 1481 4187 et
1500 4129 1618 4186 dum
1646 4131 1792 4187 horto

214 4220 543 4290 adjiciuntur
573 4220 637 4275 de
658 4222 847 4276 eodem
875 4221 960 4277 die
983 4221 1207 4293 singulis
1228 4221 1493 4292 partibus,
1516 4229 1578 4277 ut
1605 4236 1790 4293 supra,

214 4319 271 4367 et
304 4321 592 4382 supersunt
617 4311 723 4367 400
751 4323 1041 4379 momenta,
1072 4323 1127 4370 et
1148 4315 1419 4385 quadrans
1450 4322 1790 4385 supputatur,

216 4407 271 4462 id
299 4416 382 4462 est
410 4408 444 4462 5
478 4406 647 4474 horm,
678 4415 733 4462 et
762 4407 890 4463 facit
913 4407 1015 4462 120
1045 4417 1334 4474 momenta,
1363 4418 1419 4462 et
1460 4417 1517 4462 ut
1556 4407 1795 4462 breviter

216 4497 417 4563 dicam,
464 4512 637 4553 annus
681 4496 785 4553 565
834 4498 948 4552 dies
999 4506 1054 4551 et
1103 4497 1375 4566 quadrans
1426 4496 1587 4551 habet
1632 4496 1795 4551 horas
1822 4504 1874 4564 ι)

215 4585 401 4652 8,755.
430 4584 697 4642 Momenta
719 4585 875 4641 habet
905 4582 1160 4650 550,040.

732 4696 811 4750 De
830 4695 1034 4766 punctis
1060 4697 1114 4750 in
1139 4710 1280 4750 anno

292 4805 467 4864 XCIII.
487 4807 545 4862 Si
566 4821 726 4863 nosse
748 4806 1024 4863 desideras
1049 4816 1181 4877 quot
1200 4806 1383 4877 puncti
1402 4814 1528 4861 sunt
1548 4805 1603 4861 in
1627 4822 1791 4873 anno,

219 4900 325 4954 duc
349 4906 541 4967 quater
562 4897 709 4951 illum
737 4911 1018 4953 numerum
1049 4897 1328 4963 horarum,
1353 4910 1511 4967 quem
1535 4896 1791 4961 diximus,

1446 348 1651 409 LIBER
1688 351 1781 408 DE
1815 350 2157 407 COMI‘UTO.

213 494 296 539 ter
318 480 461 535 diem
487 482 543 531 et
571 482 803 531 noctem.
834 473 938 528 Per
962 472 1109 528 hunc
1148 484 1279 540 ergo
1305 482 1590 525 numerum
1628 468 1786 522 hora-
1817 471 1868 525 Α

3324 354 3463 408 1518

2390 464 2467 518 De
2494 465 2708 519 minutis
2734 465 2788 519 in
2818 481 2978 523 anno.

1959 550 2140 607 XCIV.
2176 551 2240 613 .Si
2269 552 2353 608 vis
2376 553 2517 608 scire
2536 565 2669 624 quot
2692 554 2898 609 minuta
2926 555 3036 610 sint
3054 555 3111 611 in
3139 571 3301 625 anno,
3332 562 3467 617 mul-

1891 642 2157 712 tiplicabis
2203 656 2487 697 numerum
2535 643 2900 714 supradictum
2937 653 3281 717 punctorum,
3309 650 3364 705 id
3385 661 3469 706 est

1888 730 2108 796 55,040,
2136 731 2228 801 qui
2257 731 2595 802 multiplicati
2636 734 2742 814 bis,
2781 733 2913 789 fiunt
2938 735 3158 801 70,080.
3200 738 3353 796 Adde
3384 740 3469 795 di—
3550 782 3563 789 -

1888 823 2106 877 midiam
2137 832 2344 892 partem
2384 818 2704 894 punctorum
2738 827 3193 896 supradictorum,
3240 830 3344 893 hoc
3387 840 3473 887 est

1890 914 2112 980 17,540,
2147 915 2309 970 simul
2336 925 2521 971 autem
2545 917 2695 987 ﬁlium
2736 918 2955 983 87,620.
2983 920 3086 975 Tot
3112 922 3317 977 minuta
3346 932 3471 978 sunt

1889 1007 1943 1062 in
1994 1022 2160 1061 anno.
2220 1007 2282 1061 ln
2336 1008 2601 1065 bissextiii
2655 1018 2838 1065 autem
2885 1025 3028 1067 anno
3075 1013 3285 1068 minuta
3339 1022 3467 1071 sunt

1889 1098 2110 1166 87,680.
2140 1099 2199 1155 Id
2245 1110 2428 1158 autem
2482 1110 2652 1159 totum
2691 1119 2975 1160 numerum
3019 1115 3340 1176 punctorum
3382 1107 3468 1163 bis

1890 1190 2240 1260 multiplicari
2268 1192 2524 1259 diximus,
2546 1203 2601 1249 et
2630 1195 2907 1250 dimidiam
2934 1206 3144 1266 partem
3170 1198 3316 1265 addi,
3344 1200 3487 1268 quia.

1888 1278 1925 1333 2
1950 1279 2177 1347 minuta,
2199 1289 2257 1336 et
2283 1281 2567 1337 dimidium
2604 1284 2631 1338 1
2663 1269 2919 1354 punctum
2944 1285 3149 1341 faciunt

2348 1369 2428 1425 De
2464 1374 2743 1428 momentis
2768 1374 2825 1430 in
2850 1360 3010 1433 anno.

1960 1458 2121 1517 XCV.
2145 1459 2203 1515 Si
2222 1461 2304 1516 vis
2322 1462 2463 1518 scire
2482 1470 2613 1532 quot
2633 1474 2901 1520 momenta
2924 1475 3050 1521 sunt
3070 1467 3124 1522 in
3147 1482 3308 1532 anno,
3331 1467 3471 1523 mul-

1893 1533 2072 1619 tiplica
2104 1558 2297 1619 quater
2315 1552 2681 1620 supradictum
2704 1568 2986 1609 numerum
3002 1544 3354 1621 minutorum,
3371 1557 3474 1611 hoc

1837 1646 1847 1655 ‘
1893 1648 1975 1695 est
1987 1638 2219 1705 87,620;
2254 1641 2347 1709 qui
2370 1656 2627 1697 numerus
2643 1651 2832 1711 quater
2853 1643 3047 1719 ductus
3065 1644 3303 1712 552,480
3322 1644 3455 1701 facit

1798 1762 1805 1775 α
1895 1728 1998 1785 Tot
2023 1740 2296 1789 momenta
2324 1738 2452 1789 sunt
2477 1730 2531 1786 in
2561 1746 2723 1787 anno.
2756 1732 2813 1787 in
2834 1733 3096 1789 bissextili
3126 1744 3306 1790 autem
3329 1749 3474 1790 anno

1820 1818 1864 1877 B
1892 1827 2019 1873 sunt
2049 1833 2215 1874 mom.
2251 1819 2507 1885 552,540.
2538 1819 2665 1876 ldeo
2694 1830 2874 1877 autem
2906 1838 3191 1879 numerum
3237 1838 3475 1879 momenta-

1897 1919 2073 1975 torum
2100 1925 2197 1980 per
2218 1910 2254 1965 ι
2294 1910 2443 1968 vices
2470 1911 2815 1982 multiplicari
2843 1913 3100 1981 diximus,
3137 1916 3262 1985 quia
3292 1915 3327 1969 4
3356 1928 3471 1970 mo-

1898 2013 2083 2057 menta
2113 2000 2386 2056 munitum
2421 2001 2445 2055 1
2480 1999 2741 2059 eﬁiciunt.

2416 2090 2554 2145 Item
2582 2090 2646 2146 de
2666 2092 2963 2147 momentis.

1966 2180 2148 2237 XCVI.
2182 2181 2515 2237 Momentum
2544 2181 2812 2236 minutum
2842 2190 3004 2251 atque
3028 2182 3473 2254 angustissimum

1893 2281 2103 2342 tempus
2130 2288 2162 2327 a
2185 2282 2333 2331 motu
2362 2271 2600 2328 siderum
2624 2272 2828 2331 dictum
2852 2285 2867 2326 :
2891 2280 2975 2328 est
2994 2274 3137 2328 enim
3159 2275 3477 2330 extremitas

1893 2363 2039 2419 horae
2090 2362 2147 2415 in
2192 2361 2446 2417 brevibus
2476 2361 2795 2427 intervallis,
2842 2376 2967 2417 cum
3012 2363 3094 2418 sol
3121 2363 3324 2434 aliquid
3368 2364 3476 2421 sibi

1891 2451 2054 2516 cedit,
2079 2459 2243 2520 atque
2270 2451 2532 2505 succedit.
2560 2450 2693 2506 ltem
2721 2461 3052 2517 momentum
3079 2455 3236 2523 quasi
3267 2464 3474 2509 motum

1892 2539 2088 2595 mentis
2131 2549 2247 2605 est;
2297 2540 2404 2595 scit
2431 2541 2578 2597 enim
2613 2555 2768 2597 meus
2811 2550 2995 2601 nostra
3045 2550 3309 2597 mutatam
3354 2557 3476 2599 esse

1890 2640 2220 2685 creaturam.
2268 2629 2421 2686 Tunc
2461 2631 2608 2686 enim
2652 2639 2898 2686 mutatur
2938 2646 3092 2687 mens
3138 2633 3193 2687 in
3244 2633 3475 2688 scicntia

1891 2730 2113 2777 mutatae
2140 2733 2427 2793 creaturae.
2484 2722 2882 2780 Momentorum
2909 2737 3107 2794 genera
3144 2724 3179 2779 6
3216 2734 3362 2780 sunt.
3415 2724 3475 2779 lu

1891 2804 2025 2881 sole,
2062 2813 2118 2869 id
2139 2824 2224 2869 est
2244 2815 2313 2870 de
2339 2829 2406 2870 eo
2435 2814 2580 2886 quod
2604 2813 2720 2869 sol“
2750 2815 2885 2871 hora
2911 2815 3063 2870 orbis
3084 2815 3170 2870 sui
3196 2814 3477 2884 superiore

1888 2904 2143 2971 ostendit,
2174 2919 2454 2975 quousque
2483 2904 2739 2961 inferiora
2768 2906 2783 2925 '
2818 2905 3007 2959 horam
3046 2905 3242 2960 ibidem
3276 2919 3475 2974 posue-

1891 2996 1984 3052 rit.
2018 2995 2076 3051 ld
2102 3003 2187 3053 est
2212 2995 2340 3051 dum
2369 3009 2429 3050 se
2464 3002 2633 3050 totum
2656 2997 2674 3016 ‘
2702 3002 2975 3049 momenta
3016 2994 3123 3050 erit
3152 3010 3303 3050 mora
3340 3002 3477 3049 tem.

1890 3086 2057 3158 poris,
2088 3086 2181 3156 qui
2208 3086 2405 3141 ibidem
2433 3101 2555 3143 esse
2579 3086 2811 3151 videtur,
2829 3096 3010 3142 certus
3038 3085 3215 3142 lectus
3241 3084 3369 3141 solis
3393 3092 3480 3139 est

1894 3177 1949 3232 in
1979 3175 2141 3232 caelo.
2170 3175 2230 3229 lu
2256 3185 2437 3232 mente
2460 3185 2793 3232 momentum
2823 3177 3056 3232 dicimus
3082 3190 3206 3232 cum
3254 3190 3353 3246 per
3380 3174 3481 3243 ali-

1890 3270 2021 3341 quid
2052 3267 2456 3335 oll‘endiculum,
2490 3283 2584 3325 seu
2606 3268 2885 3339 quodlibet
2902 3268 3287 3323 detrimentum
3321 3280 3479 3323 mens

1891 3362 2125 3417 humana
2146 3368 2408 3415 mutatur.
2435 3358 2571 3414 Nam
2592 3367 2881 3429 postquam
2903 3359 3270 3430 protopiastus
3290 3366 3478 3414 noster

1892 3458 2109 3522 patrato
2157 3448 2354 3504 delicto
2383 3448 2517 3503 vidit
2562 3448 2744 3503 omnia
2790 3438 3154 3503 elementa‘ex
3186 3448 3237 3502 vi
3266 3447 3477 3518 peccati

1890 3547 2131 3595 mutasse
2153 3538 2434 3602 virtutem,
2459 3544 2588 3592 tunc
2616 3546 2837 3607 repente
2858 3544 3075 3608 propter
3093 3537 3481 3593 detrimentum

1890 3637 2155 3683 creaturae
2187 3641 2340 3682 mens
2368 3625 2485 3695 ejus
2506 3627 2575 3682 de
2602 3626 2820 3682 sublimi
2862 3627 3097 3682 culmine
3125 3626 3479 3683 beatitudinis

1888 3728 1944 3773 et
1973 3720 2294 3788 incorrupta:
2318 3717 2518 3773 laetitiae
2540 3716 2756 3773 tramite
2778 3716 2833 3771 in
2858 3716 3142 3773 mortalem
3161 3717 3479 3773 maestitiam

1891 3818 2096 3863 mutata
2133 3817 2236 3863 est.
2300 3806 2368 3861 Et
2415 3805 2541 3862 inde
2586 3810 2820 3877 primum
2883 3816 3215 3863 momentum
3243 3807 3472 3871 dierum,

1889 3911 1945 3958 et
1976 3909 2155 3956 motus
2181 3899 2393 3957 scilicet
2419 3899 2637 3957 mentis.
2673 3898 2735 3953 ln
2763 3908 3006 3971 tempore
3035 3908 3367 3957 momentum
3398 3900 3478 3954 di-

1890 3993 2051 4061 citur,
2081 4007 2204 4048 cum
2234 3999 2448 4063 tempus
2481 4005 2515 4045 a
2551 3990 2850 4048 serenitate
2887 3991 2941 4046 in
2971 3991 3234 4059 nubilum,
3262 4007 3294 4047 a
3325 4001 3479 4048 tran-

1891 4083 2161 4155 quillitate
2208 4082 2264 4136 in
2310 4089 2697 4153 tempestatem
2732 4089 2991 4135 mutatur.
3047 4079 3375 4137 Momentum
3420 4080 3479 4134 in

1890 4174 2030 4235 coelo
2058 4188 2183 4229 cum
2211 4172 2420 4243 sphaera
2466 4170 2712 4241 superior
2737 4170 2857 4225 coeli
2882 4168 2952 4224 ab
2978 4185 3175 4226 occasu
3201 4170 3269 4225 ad
3296 4177 3477 4225 ortum

1893 4265 2250 4328 convertitur,
2278 4263 2366 4317 vel
2407 4268 2667 4317 mutatur.
2707 4258 3035 4315 Momentum
3066 4261 3263 4315 dicitur
3296 4260 3349 4314 in
3384 4275 3476 4315 vo-

1892 4357 2052 4422 lucri,
2076 4357 2205 4410 dum
2225 4354 2451 4425 quilibet
2471 4353 2584 4409 ales
2602 4361 3040 4438 quantqcumque
3068 4360 3305 4421 tempore
3324 4352 3476 4421 quie~

1898 4449 1967 4505 tis
1990 4447 2172 4517 pinnis
2219 4446 2459 4501 volatum
2508 4444 2724 4500 duxerit
2749 4458 3028 4514 usquequo
3056 4443 3169 4500 alas
3195 4443 3476 4500 concitans

1898 4537 2189 4595 mutaverit
2208 4546 2438 4607 tempus,
2461 4537 2603 4606 quod
2624 4536 2679 4591 in
2706 4536 2807 4592 hac
2829 4537 3165 4607 transigitur,
3189 4547 3282 4592 aut
3300 4537 3476 4608 gallus

1896 4648 2020 4690 cum
2045 4632 2236 4704 plausu
2281 4630 2491 4687 alarum
2533 4629 2796 4701 praesagio
2821 4628 2995 4686 lucem
3044 4630 3263 4695 indicat,
3305 4645 3476 4701 usque

1898 4725 2024 4780 dum
2053 4724 2295 4781 in'eantu
2324 4708 2473 4778 vocis
2497 4722 2712 4778 duxerit
2746 4736 2951 4779 moram
2978 4723 3234 4794 temporis
3274 4725 3330 4779 in
3366 4739 3477 4781 meo

1895 4813 1984 4870 dio
2038 4814 2290 4884 positam.
2345 4811 2677 4869 Momentum
2727 4812 2780 4867 in
2833 4813 3049 4869 homine
3074 4813 3292 4881 dicitur,
3350 4830 3473 4871 cum

1894 4904 2149 4975 quislibet
2174 4903 2420 4961 obtutum
2452 4904 2689 4958 immotis
2716 4902 2984 4974 palpebris
3009 4905 3377 4974 suspenderit;
3410 4920 3475 4961 ac

222 4993 323 5049 hoc
352 4998 439 5045 est
468 4988 650 5055 8,760.
690 4988 749 5045 Si
775 5003 905 5059 ergo
931 4988 1094 5054 8,000
1121 5002 1217 5058 per
1240 4987 1276 5041 4
1304 4986 1642 5058 multiplicati
1687 4986 1803 5042 l'tte-
1902 5003 2233 5051 momentum
2272 4995 2328 5050 in
2352 4993 2509 5050 oculo
2537 4993 2754 5059 dicitur,
2780 4994 2864 5058 ,dc
2905 5008 3012 5064 quo
3038 4994 3339 5065 philosophi
3389 4996 3473 5053 di-

222 5081 353 5144 rint,
408 5078 606 5143 52,000
651 5087 797 5134 sunt.
849 5078 953 5133 700
999 5089 1178 5132 autem
1221 5086 1410 5147 quater
1442 5076 1587 5133 ducti
1636 5076 1795 5142 2,800

1902 5095 2053 5150 cunt,
2082 5085 2208 5155 quia
2254 5084 2399 5139 facta
2440 5093 2568 5140 sunt
2607 5084 2786 5141 omnia
2816 5084 2872 5139 in
2901 5093 3195 5153 momento,
3238 5086 3323 5142 vel
3364 5087 3474 5143 ictu

221 5180 366 5226 sunt.
423 5171 595 5227 Simul
641 5180 825 5227 autem
873 5170 1071 5236 54,800
1107 5169 1261 5224 fiunt.
1308 5168 1438 5224 item
1491 5168 1561 5224 60
1608 5178 1800 5239 quater
1900 5160 2152 5231 oculifln
2183 5176 2336 5228 rota‘
2365 5173 2824 5229 commutaturde
2853 5182 3051 5240 cantu;
3083 5175 3136 5240 in
3166 5185 3329 5235 cantu
3358 5191 3475 5233 mo—

225 5259 581 5331 muitipiicati,
630 5262 738 5317 240
767 5271 913 5317 sunt.
954 5261 1105 5317 Mitte
1134 5261 1293 5317 simul
1328 5261 1397 5317 ad
1426 5263 1795 5332 supradictum
1898 5272 2142 5319 mentum
2168 5262 2386 5329 dicitur,
2410 5262 2554 5332 quod
2579 5270 2664 5317 est
2692 5277 2832 5317 unus
2857 5276 3069 5331 passus.
3096 5263 3193 5319 Est
3216 5273 3478 5334 prieterea

223 5368 532 5421 numerum,
564 5354 701 5409 ﬁunt
724 5354 944 5421 55,040.
1001 5355 1105 5411 Tot
1148 5356 1331 5426 puncti
1361 5364 1490 5411 sunt
1532 5356 1587 5413 in
1630 5370 1790 5410 anno.
1901 5364 2231 5414 momentum
2257 5368 2533 5427 magnum,
2561 5354 2704 5424 quod
2732 5362 2815 5410 est
2838 5363 3015 5412 motus
3038 5355 3161 5433 creti
3185 5357 3252 5412 ab
3279 5371 3478 5413 occasu

224 5447 347 5503 ldco
382 5455 561 5503 autem
602 5447 835 5501 diximus
864 5461 1143 5502 numerum
1173 5447 1427 5502 horarum
1456 5447 1618 5503 totius
1646 5447 1794 5511 anni,
1900 5449 1956 5504 in
2008 5448 2309 5504 meridiem.
2361 5446 2688 5503 Momentum
2736 5445 2911 5501 malus
2955 5453 3131 5502 motus
3183 5446 3479 5517 superioris

225 5540 329 5594 hoc
354 5546 440 5593 est
462 5536 626 5605 8,760
653 5553 748 5607 per
766 5538 801 5593 4
830 5537 1193 5609 multiplicari,
1218 5538 1345 5608 quia
1366 5538 1400 5593 4
1422 5539 1605 5610 puncti
1636 5553 1798 5595 unam
1903 5553 2073 5610 sperm
2101 5539 2165 5593 ab
2194 5552 2388 5592 occasu
2438 5537 2492 5591 in
2520 5537 2813 5603 orientem,
2853 5536 2997 5605 quod
3027 5546 3113 5592 est
3143 5536 3377 5605 spatium
3413 5535 3481 5593 12

228 5632 416 5685 horam
448 5629 501 5683 in
536 5629 650 5683 sole
678 5631 981 5699 perﬁciunt.
1034 5628 1090 5683 In
1129 5644 1271 5685 anno
1308 5637 1487 5685 autem
1534 5629 1803 5687 bissextili
1906 5628 2186 5683 horarum.
2222 5624 2550 5681 Momentum
2580 5623 2871 5680 maximum
2911 5625 3035 5681 cmli
3079 5639 3174 5696 pcr
3202 5624 3335 5681 duas
3381 5625 3478 5679 he-
3514 5699 3518 5703 ⁴

228 5720 409 5789 puncti
440 5727 563 5777 sunt
589 5718 804 5793 55,156.
1730 5790 1735 5793 Α
1913 5718 2196 5789 misperias
2239 5726 2419 5773 motus
2446 5716 2709 5773 naturalis
2747 5716 2813 5771 ab
2856 5716 3063 5772 oriente
3110 5718 3162 5772 in
3193 5716 3506 5787 orientctn.,
