4020 6310
522 348 660 406 1519

1322 335 1609 401 APPEND.
1655 332 1743 396 ΑΪ)
1785 338 1955 394 ΞᾸΞΕ.
1993 333 2086 390 ιχ.
2126 365 2192 376 —-
2230 335 2599 394 AUCTORES
2637 325 2965 392 ANONYMI.

3663 334 3826 394 4-526

525 475 619 520 aut
666 464 733 520 ab
771 455 988 519 occasu
1012 461 1064 516 in
1109 473 1382 526 occasum,
1413 461 1558 530 quod
1587 467 1734 514 tenet
1763 457 1995 527 spatium
2037 452 2108 507 24
2138 454 2185 512 Α
2215 469 2366 519 num,
2386 470 2436 508 v.
2463 472 2540 525 g.,
2571 471 2625 509 ix
2645 453 2764 508 Kal.
2791 455 2945 523 Apr.~,
2971 453 3058 508 ubi
3082 454 3392 508 discurrunt
3411 469 3830 513 concurrentes

525 535 802 617 horarum,
831 562 884 608 et
906 552 974 606 ab
994 550 1114 606 aliis
1134 551 1367 620 amplum
1391 558 1723 605 momentum
1748 554 2108 614 nuncupatur.

525 647 831 717 Sophonias
860 644 1119 714 propheta
1150 642 1420 695 minutum
1469 655 1536 693 ex
1577 637 1799 693 minutis
1823 635 2110 690 elementis

523 739 750 801 dictum,
778 735 930 805 cujus
957 733 1106 788 visus
1148 741 1431 798 tactusque
1463 728 1698 782 acuitur.
1732 729 1930 780 lterum
1957 742 1970 778 :
2004 723 2109 776 Mi-

525 833 712 880 nutum
743 824 889 878 velut
934 823 1111 876 minus
1152 829 1502 881 momentum,
1534 817 1658 885 quia
1706 816 1885 868 minus
1917 828 2106 867 nume-

523 925 646 969 rant
667 914 897 983 id,quod
922 910 1095 980 majus
1118 908 1321 980 implet.
1348 908 1610 961 Punctum
1628 905 1916 976 pungendo
1937 903 2107 956 aciem

520 1004 799 1059 oculorum
827 1001 1057 1066 dictum;
1092 1009 1220 1052 tunc
1246 998 1390 1052 enim
1423 1005 1546 1066 post
1581 997 1853 1066 hyemem,
1883 1001 1940 1046 et
1975 992 2108 1046 bru-

521 1095 679 1150 malis
727 1093 945 1165 frigoris
989 1092 1276 1160 caliginem
1309 1089 1578 1159 adjunctis
1614 1087 1680 1140 I0
1714 1084 2002 1140 momentis
2040 1086 2109 1139 ab

519 1187 636 1241 acie
667 1185 796 1240 solis
825 1185 890 1239 de
929 1183 1146 1236 luminis
1172 1182 1342 1250 gratia
1371 1180 1556 1234 oculos
1591 1181 1850 1234 obtensos
1894 1185 2111 1230 transa-

519 1278 623 1332 ctis
644 1276 867 1348 frigoris
892 1274 1102 1329 nebulis
1131 1273 1276 1327 acies
1299 1271 1513 1336 solaris,
1541 1271 1694 1342 quasi
1725 1283 1988 1338 pungere,
2010 1282 2109 1322 seu

520 1365 746 1420 rutilare
773 1366 1042 1419 humanus
1071 1363 1216 1416 visus
1246 1363 1476 1428 videtur,
1507 1373 1562 1416 et
1583 1361 1705 1414 inde
1727 1360 1855 1414 illud
1875 1359 2107 1428 spatium

525 1455 788 1526 temporis
819 1463 1078 1524 punctum
1108 1453 1440 1506 nominatur.
1471 1451 1638 1506 Aliter
1670 1450 1909 1504 Isidorus
1935 1446 2067 1502 dicit
2092 1465 2106 1500 :

519 1546 783 1601 Punctum
813 1560 949 1615 opus
979 1543 1192 1598 illorum
1221 1544 1310 1612 qui
1346 1542 1620 1612 horologia
1649 1541 1874 1605 faciunt,
1904 1555 2027 1593 nam
2055 1540 2106 1593 in

519 1635 626 1691 line
670 1635 737 1690 I2
791 1636 1038 1690 Iunarum
1088 1635 1350 1703 ponebant
1387 1651 1401 1686 :
1445 1633 1512 1687 de
1549 1634 1650 1686 hac
1687 1633 1817 1686 hora
1868 1640 1953 1684 est
1987 1629 2109 1684 linis

519 1729 799 1798 temporis.
825 1728 916 1782 Sic
940 1727 1086 1781 hora:
1104 1734 1234 1779 sunt
1252 1725 1384 1778 lines
1407 1724 1592 1787 maris,
1617 1721 1920 1783 ﬂuviorum,
1947 1719 2109 1774 vesti-

2214 542 2364 607 solis,
2413 542 2558 612 quali
2603 541 2736 596 feria
2765 552 2922 596 erunt
2971 543 3024 595 in
3072 542 3370 596 centesimo
3397 557 3566 608 anno,
3617 546 3706 599 sic
3741 547 3832 599 in—

2217 633 2486 704 vestigare
2510 634 2691 688 debes.
2719 631 3139 702 Qualiscumque
3162 632 3294 688 feria
3325 632 3488 688 fuerit
3509 635 3568 688 in
3595 651 3652 689 ix
3685 635 3826 690 Kal.

2212 721 2342 792 Apr.
2399 723 2452 776 in
2495 723 2746 791 praesenti
2778 737 2940 786 anno,
2987 731 3240 792 computa
3273 724 3307 777 6
3348 724 3462 779 dies
3489 725 3832 794 septimanae

2212 820 2498 882 sequentes
2532 812 2676 865 illam
2709 810 2926 876 feriam,
2970 820 3027 866 et
3069 813 3162 866 ille
3205 822 3394 868 sextus
3435 815 3556 869 dies
3586 816 3684 884 qui
3723 816 3830 870 tibi

2211 904 2532 968 occurrerit,
2571 903 2713 958 scias
2755 905 3003 959 eumdem
3043 903 3286 959 futurum
3330 921 3452 961 esse
3492 907 3552 960 in
3599 906 3697 964 illo
3727 908 3826 962 die

2212 995 2457 1050 datarum
2511 994 2807 1056 centesimo
2861 1009 3022 1049 anno.
3079 990 3146 1049 V.
3184 1012 3260 1066 g.,
3311 997 3416 1051 isto
3461 1012 3612 1052 anno
3663 1015 3824 1070 pra:-

2211 1085 2347 1140 senti
2371 1101 2425 1138 ix
2463 1083 2581 1138 Kal.
2612 1085 2742 1154 Apr.
2780 1083 2936 1137 tertia
2988 1084 3122 1139 feria
3151 1076 3273 1139 fuit.
3307 1083 3474 1141 Sume
3497 1086 3535 1140 6
3561 1087 3682 1142 dies
3730 1104 3829 1143 se—

2211 1183 2463 1242 quentes,
2515 1174 2567 1227 id
2600 1181 2684 1227 est
2725 1181 2996 1242 quartam,
3053 1175 3320 1244 quintam,
3364 1186 3608 1242 sextam,
3645 1181 3830 1248 septi-

2211 1281 2379 1329 mam,
2411 1265 2663 1334 primam,
2714 1273 2768 1318 et
2815 1265 3106 1322 secundam
3157 1264 3370 1330 feriam,
3420 1267 3648 1337 haecque
3705 1270 3828 1337 ipsa

2211 1356 2447 1410 secunda
2474 1355 2608 1409 feria
2640 1355 2672 1409 6
2694 1353 2811 1409 dies
2837 1357 3076 1410 occurrit
3103 1366 3224 1426 post
3248 1357 3464 1412 tertiam
3489 1359 3695 1413 feriam
3719 1377 3736 1424 ;
3768 1361 3824 1414 in

2212 1444 2300 1500 illa
2329 1447 2563 1501 secunda
2589 1444 2721 1500 feria
2751 1454 2910 1500 erunt
2937 1461 2990 1500 ix
3017 1445 3140 1500 Kal.
3162 1447 3291 1518 Apr.
3318 1449 3621 1503 centesimo
3643 1466 3824 1513 anno,

2210 1539 2335 1608 quia
2366 1539 2771 1608 qualiscumque
2797 1535 2930 1591 feria
2969 1537 3212 1607 fueritjn
3243 1537 3484 1608 qualibet
3526 1539 3621 1594 die
3644 1539 3818 1594 data-

2211 1644 2330 1683 rum
2361 1629 2412 1683 in
2441 1628 2691 1697 praesenti
2715 1643 2857 1682 anno
2883 1643 3046 1697 supra
3083 1617 3320 1683 diximus
3355 1643 3408 1681 Ix
3439 1627 3562 1682 Kal.
3609 1630 3752 1698 Apr.
3787 1629 3823 1683 5

2215 1729 2624 1784 concurrentes,
2671 1720 2798 1789 quia
2842 1721 2876 1775 5
2915 1719 3048 1774 feria
3083 1719 3188 1775 fuit
3232 1737 3288 1775 ix
3325 1720 3446 1774 Kal.
3489 1722 3628 1790 Apr.
3671 1738 3826 1776 anno

519 1827 955 1886 meritorumque,
1005 1815 1098 1872 sed
1139 1816 1272 1868 hora
1313 1815 1499 1868 ﬁnium
1531 1828 1628 1884 per
1650 1831 1706 1877 ο,
1737 1813 1867 1865 hora
1899 1810 2105 1865 dierum
2147 1817 2188 1874 Β
2215 1811 2469 1881 przesenti
2495 1828 2510 1877 ;
2539 1812 2619 1866 sic
2641 1812 2743 1866 erit
2769 1821 2892 1880 post
2909 1811 2980 1868 28
3004 1827 3175 1867 annos
3203 1811 3237 1866 5
3266 1811 3399 1867 l'eria
3431 1813 3540 1867 erit
3568 1829 3669 1866 vni
3693 1812 3820 1866 Kal.

517 1922 616 1977 per
662 1908 694 1960 h
728 1907 1092 1961 scribendum.
1137 1905 1268 1959 Item
1301 1906 1434 1959 hera
1473 1905 1614 1958 dicta
1655 1911 1737 1957 est
1769 1901 1922 1971 quasi
1954 1900 2108 1964 hora,

517 2013 584 2054 eo
637 1998 778 2066 quod
831 2006 1096 2066 temperat
1143 1996 1401 2050 articulos
1467 1995 1596 2050 diei.
1662 1993 1861 2048 Horam
1925 2003 2107 2046 autem

519 2088 707 2151 maris,
733 2096 786 2142 et
813 2087 974 2140 horas
1011 2086 1458 2140 vestimentorum
1489 2084 1740 2139 dicimus.
1773 2082 1884 2136 Hoc
1916 2095 2110 2134 nomen

518 2177 767 2233 Grzncum
819 2187 922 2243 est,
971 2178 1114 2246 quod
1157 2176 1349 2231 Latine
1400 2176 1597 2230 dicitur
1624 2174 1834 2244 species
1882 2172 1965 2227 vel
1996 2171 2112 2242 pul-

521 2272 790 2332 chritudo,
835 2270 957 2324 lilia:
999 2271 1142 2325 enim
1188 2268 1338 2324 Iovis
1379 2269 1444 2322 I0
1473 2269 1621 2322 hora:
1645 2267 1785 2336 apud
1819 2264 2112 2319 Homerum

523 2361 682 2415 diem
712 2369 857 2426 sunt,
889 2361 940 2414 id
963 2370 1048 2415 est
1073 2360 1140 2415 I0
1164 2359 1614 2429 pulchritudines.

1106 2447 1185 2502 De
1210 2448 1525 2519 quadrante.

591 2538 798 2594 XCVII.
837 2539 1122 2607 Quadrans
1172 2539 1372 2595 dicitur
1415 2554 1482 2594 eo
1521 2537 1663 2608 quod
1712 2543 1907 2607 quarta
1957 2543 2114 2606 parte

519 2632 694 2684 unciae
731 2632 1004 2701 appendit.
1037 2631 1191 2701 Apud
1231 2631 1376 2686 enim
1433 2639 1734 2702 geometras
1763 2637 1954 2699 quarta
1988 2613 2113 2699 pars

521 2720 947 2792 uniuscujusque
996 2722 1074 2776 rei
1112 2722 1388 2792 quadrans
1417 2721 1715 2776 dicebatur.
1749 2719 1956 2786 Quarta
1989 2734 2115 2789 pars

521 2808 626 2863 diei
665 2811 881 2866 dicitur.
932 2812 1064 2866 Item
1093 2813 1144 2866 in
1185 2811 1481 2880 Scripturis
1519 2811 1715 2866 divinis
1759 2818 1952 2881 quarta
1988 2825 2114 2879 pars

517 2891 681 2958 actus
707 2904 928 2958 humani
961 2905 1234 2973 quadrans
1259 2905 1494 2968 dicitur;
1527 2911 1680 2958 actus
1704 2903 1851 2957 enim
1881 2901 2116 2956 hominis

521 3005 759 3065 quatuor
813 2997 986 3050 modis
1027 2995 1290 3066 probatur
1337 2995 1658 3059 consistere,
1699 2994 1814 3048 sive
1851 2993 1905 3046 in
1953 2993 2113 3058 bono,

523 3084 640 3138 sive
683 3073 754 3138 in.
780 3085 940 3140 malo.
969 3085 1109 3140 Idem
1138 3101 1321 3156 opere,
1365 3101 1631 3142 consensu
1670 3093 1726 3138 et
1768 3083 2111 3154 cogitatione.

2214 1905 2369 1973 Apr.,
2407 1905 2463 1959 id
2487 1912 2572 1958 est
2611 1905 2646 1958 5
2673 1911 3080 1959 concurrentes.
3138 1903 3245 1958 Sed
3276 1913 3397 1974 post
3442 1899 3512 1958 56
3551 1919 3759 1968 annos,
3789 1905 3820 1957 7

2164 2053 2172 2060 ,
2215 1995 2526 2064 incipiente,
2562 1995 2596 2048 5
2622 1995 2759 2048 feria
2793 2008 2951 2050 erunt
2980 2012 3035 2049 ιχ
3063 1989 3183 2048 Kal.
3212 1996 3344 2065 Apr.
3375 1991 3443 2050 Et
3463 1991 3537 2050 ita
3568 2003 3696 2064 post
3725 1993 3820 2058 84,

2213 2087 2404 2156 quinto
2452 2101 2596 2141 anno
2645 2087 2960 2155 incipiente,
2992 2085 3026 2139 5
3055 2085 3190 2141 feria
3227 2087 3354 2151 erit,
3405 2096 3461 2141 et
3503 2081 3542 2140 5
3577 2101 3820 2142 concur-

2213 2186 2422 2243 rentes,
2462 2177 2516 2232 id
2556 2187 2640 2232 est
2671 2178 2696 2232 I
2731 2193 2907 2233 annus
2948 2178 3366 2248 prteparationis
3403 2178 3657 2233 bissexti.
3717 2178 3826 2234 Re-

2214 2275 2436 2323 manent
2461 2268 2554 2322 tibi
2607 2267 2835 2322 I6.anni
2881 2267 2947 2322 de
2995 2267 3100 2322 I00
3127 2268 3312 2322 annis.
3357 2266 3532 2323 Curre
3557 2283 3696 2339 ergo
3725 2285 3824 2339 per

2213 2357 2457 2412 ordinem
2489 2357 2908 2421 recurrentium,
2938 2357 2990 2412 id
3020 2366 3102 2412 est
3125 2357 3180 2423 4,
3211 2356 3266 2423 5,
3292 2357 3346 2420 6,
3372 2373 3494 2412 cum
3519 2355 3629 2411 bis.
3659 2357 3717 2422 I,
3748 2357 3808 2422 2,

2213 2449 2268 2515 5,
2299 2449 2356 2514 5,
2382 2465 2506 2504 cum
2533 2450 2639 2505 bis.
2674 2449 2728 2511 6,
2751 2449 2808 2514 7,
2847 2451 2898 2513 I,
2937 2450 2994 2516 2,
3023 2465 3146 2505 cum
3187 2450 3285 2504 bis.
3319 2449 3372 2515 4,
3408 2449 3465 2516 5,
3497 2448 3556 2515 6,
3596 2451 3653 2504 I.
3695 2466 3820 2505 cum

2213 2539 2318 2596 bis.
2345 2540 2380 2594 2
2405 2539 2540 2596 feria
2563 2540 2668 2594 erit
2697 2539 2785 2595 ille
2813 2539 2912 2595 I00
2937 2556 3130 2595 annus.
3161 2541 3218 2594 In
3250 2541 3340 2596 illo
3368 2549 3532 2595 erunt
3562 2556 3664 2596 vni
3692 2540 3818 2594 Kal.

2212 2631 2346 2702 Apr.
2376 2632 2428 2689 id
2467 2640 2552 2688 est
2587 2632 2623 2686 2
2669 2641 3059 2688 concurrentes
3104 2631 3207 2686 I00
3253 2648 3415 2687 anno.
3450 2631 3546 2687 Sic
3579 2641 3639 2688 et
3682 2633 3823 2687 alios

2215 2727 2332 2782 dies
2356 2726 2627 2796 quoslibet
2652 2726 2900 2780 datarum
2931 2741 3028 2795 per
3053 2735 3220 2780 totum
3246 2741 3448 2780 annum
3480 2721 3821 2796 investigare

2216 2816 2401 2882 debes,
2432 2815 2576 2885 quali
2607 2815 2742 2870 feria
2783 2824 2944 2870 erunt
2985 2830 3157 2885 usque
3190 2815 3256 2869 ad
3281 2814 3382 2870 100
3411 2831 3637 2870 annum.
3673 2815 3820 2882 Qua-

2215 2904 2516 2976 liscumque
2556 2905 2702 2960 enim
2758 2905 2852 2960 tibi
2883 2905 3019 2960 feria
3044 2920 3272 2976 presens
3319 2906 3424 2960 erit
3454 2906 3508 2960 in
3559 2903 3651 2960 illa
3681 2905 3820 2961 feria

2217 2999 2543 3068 praecedenti
2571 2999 2674 3053 hoc
2699 3006 2782 3054 est
2806 2999 2924 3053 heri
2951 3013 3006 3053 v.
3035 3016 3115 3071 g.,
3141 3007 3200 3054 ut
3229 2999 3281 3054 in
3303 2998 3336 3053 6
3367 2999 3454 3055 die
3468 3000 3820 3070 septimanae,

2219 3105 2339 3159 quae
2374 3090 2639 3159 sequitur,
2675 3095 2863 3144 eadem
2893 3089 3030 3146 feria
3056 3092 3182 3147 erit.
3210 3091 3266 3145 In
3290 3091 3478 3146 eodem
3525 3092 3614 3147 die
3659 3092 3823 3147 data-

523 3170 598 3228 Ut
622 3171 681 3229 In
713 3173 1003 3246 Evangelia
1041 3176 1236 3246 legitur
1266 3193 1280 3229 :
1315 3176 1439 3230 Non
1469 3178 1602 3230 exiet
1635 3176 1776 3240 inde,
1805 3175 1970 3230 donec
1993 3173 2113 3228 red-
2139 3173 2187 3235 C
2218 3193 2336 3232 rum
2378 3179 2485 3233 erit
2539 3179 2596 3232 in
2635 3179 2740 3233 I00
2777 3194 2941 3244 anno,
2981 3189 3036 3234 et
3082 3181 3136 3235 in
3194 3179 3578 3251 qualicumque
3618 3182 3820 3236 ordine

525 3267 618 3321 dat
657 3267 993 3321 novissimum
1040 3268 1410 3338 quadrantem,
1453 3268 1506 3322 id
1535 3275 1620 3322 est
1658 3267 1904 3321 ultimam
1943 3265 2114 3336 culpae

525 3359 932 3430 cogitationem.
979 3360 1045 3414 Et
1086 3361 1362 3430 quadrans
1402 3360 1660 3428 temporis
1688 3358 1886 3413 dicitur
1919 3365 2112 3426 quarta

526 3462 657 3516 pars
688 3449 836 3514 anni,
886 3450 1030 3504 sicut
1067 3449 1265 3520 legitur
1290 3449 1356 3504 de
1383 3449 1720 3503 Antichristo
1759 3447 1930 3502 tribus
1959 3446 2117 3500 annis

525 3549 582 3596 et
607 3541 814 3597 duobus
851 3541 1241 3612 quadrantibus
1291 3541 1638 3611 decepturum
1680 3555 1800 3594 esse
1831 3540 2113 3604 mundum,

525 3640 582 3685 et
611 3631 914 3687 inlusurum
946 3633 1195 3704 gentibus
1233 3633 1406 3687 tribus
1428 3631 1586 3686 annis
1611 3640 1666 3686 et
1701 3645 1796 3684 sex
1817 3629 2113 3684 mensibus.

525 3719 660 3776 Item
689 3721 1018 3792 Theophilus
1041 3724 1173 3778 dicit
1202 3741 1216 3778 :
1257 3745 1273 3774 ι
1305 3723 1590 3790 Quadrans
1617 3721 1794 3776 dictus
1815 3727 1901 3774 est
1929 3734 1958 3772 a
1984 3734 2118 3789 qua-

530 3813 685 3867 drata
747 3814 956 3884 ﬁgura,
1010 3830 1130 3884 qua;
1192 3815 1246 3870 in
1310 3831 1406 3871 sua
1465 3815 1736 3870 soliditate
1790 3813 2111 3868 consistit.»

530 3900 753 3956 Sublata
811 3904 955 3957 enim
1015 3912 1212 3973 quarta
1271 3915 1425 3975 parte
1473 3903 1759 3972 cujuslibet
1810 3903 1924 3967 rei,
1974 3903 2118 3957 trina

531 3991 705 4062 ﬁgura
737 4003 1000 4048 remanet.
1046 3994 1122 4049 De
1151 4009 1256 4063 qua
1289 3995 1530 4064 apertius
1567 3994 1697 4049 dicit
1732 4009 1747 4047 :
1785 4011 1804 4044 ι
1833 3994 2119 4060 Quadratus

530 4082 748 4147 dicitur,
793 4099 858 4140 eo
903 4085 1046 4154 quod
1097 4095 1346 4154 quartam
1402 4095 1610 4156 partem
1657 4085 1762 4140 diei
1819 4086 2116 4154 suspendit,

530 4189 691 4244 quem
727 4175 941 4230 IIebrmi
967 4175 1349 4245 quadrantem,
1378 4175 1552 4232 Graaci
1581 4177 1916 4240 dodrantem,
1944 4174 2119 4230 Latini

534 4266 892 4334 quadrantem
933 4275 1150 4322 vocant.
1182 4287 1200 4320 ι
1245 4267 1527 4334 Quadrans
1559 4268 1674 4323 sine
1706 4284 1737 4321 η
1768 4267 1930 4322 scribi
1958 4267 2120 4321 debe-

534 4361 643 4417 ret,
672 4353 813 4407 sicut
846 4354 996 4424 gigas
1044 4370 1148 4410 non
1181 4357 1404 4428 gigans,
1453 4359 1526 4412 ita
1555 4358 1790 4426 quadras
1839 4371 1945 4411 non
1984 4371 2118 4425 qua-

535 4446 735 4511 drans;
777 4445 862 4500 lex
893 4447 1038 4501 enim
1074 4448 1367 4503 literaturze
1395 4458 1477 4504 est
1501 4452 1519 4469 ⁴
1563 4449 1616 4504 in
1644 4458 1858 4520 gentem
1891 4464 1920 4502 a
1947 4448 2119 4503 nomi-

2217 3267 2382 3322 Iuerit
2421 3267 2511 3322 illa
2542 3267 2710 3334 feria,
2744 3269 2797 3323 in
2831 3270 2923 3324 illo
2953 3287 3098 3326 anno
3130 3280 3550 3337 concurrentes,
3584 3273 3639 3326 id
3678 3283 3766 3329 est
3791 3277 3810 3293 '

2218 3357 2333 3412 sive
2362 3373 2484 3412 cum
2526 3357 2629 3413 bis.
2661 3359 2774 3414 sive
2799 3360 2850 3422 I,
2898 3369 2992 3415 aut
3032 3361 3090 3426 2,
3139 3361 3278 3415 vel5
3325 3349 3500 3416 annus
3537 3373 3666 3432 post
3713 3363 3822 3418 bis-

2219 3457 2432 3503 sextum
2461 3449 2515 3502 in
2543 3448 2633 3504 illo
2657 3449 2773 3518 ipso
2799 3450 2990 3504 ordine
3020 3449 3127 3504 erit
3150 3450 3238 3506 illa
3260 3451 3419 3518 l'eria,
3451 3461 3547 3506 aut
3579 3467 3817 3507 concur-

2219 3548 2402 3595 rentes
2440 3539 2493 3596 in
2522 3540 2623 3594 I00
2647 3556 2810 3596 anno.

2448 3627 2526 3682 De
2547 3629 2786 3698 partibus
2814 3629 3086 3686 lunaribus
3117 3633 3169 3687 in
3199 3649 3252 3688 ιι
3282 3629 3412 3687 Kal.
3445 3632 3574 3703 Apr.

2291 3715 2352 3772 C.
2418 3715 2475 3772 Si
2503 3732 2664 3772 nosse
2705 3717 2982 3775 desideras
3032 3730 3216 3790 partes
3254 3721 3472 3777 lunares
3496 3739 3528 3776 a
3560 3725 3819 3791 prasenti

2220 3807 2461 3876 qualibet
2488 3807 2576 3862 die
2627 3822 2797 3878 usque
2848 3809 2915 3862 ad
2968 3809 3071 3863 I00
3117 3825 3339 3875 annum,
3393 3811 3466 3864 ita
3517 3811 3818 3865 observare

2220 3899 2407 3955 debes.
2433 3899 2850 3970 Qualiscumque
2884 3911 3076 3972 epacta
3106 3903 3273 3958 fuerit
3305 3904 3358 3957 in
3389 3905 3648 3972 praesenti
3677 3921 3817 3974 quo-

2220 3990 2353 4045 libet
2389 3991 2476 4046 die
2526 3990 2775 4046 datarum
2802 4006 2900 4061 per
2947 4001 3115 4046 totum
3163 4007 3386 4058 annum,
3419 4009 3469 4047 v.
3501 4011 3578 4066 g.,
3607 4010 3669 4049 ιι
3701 3995 3817 4049 Kal.

2221 4081 2353 4150 Apr.
2384 4081 2454 4136 20
2478 4091 2673 4152 epacta
2701 4081 2867 4137 fuerit
2896 4099 3039 4138 anno
3065 4086 3337 4155 prasenti.
3364 4084 3567 4155 Collige
3599 4087 3661 4140 II
3716 4103 3816 4140 un-

2223 4173 2400 4229 decies
2425 4183 2648 4244 epactas
2679 4189 2777 4245 per
2802 4171 2835 4228 5
2863 4189 3034 4230 annos
3079 4183 3388 4245 sequentes,
3417 4190 3539 4244 qua:
3567 4187 3704 4231 sunt
3725 4176 3810 4230 55.

2225 4263 2280 4321 Si
2314 4275 2492 4320 autem
2515 4265 2686 4321 saltus
2713 4263 2895 4330 fuerit,
2920 4274 3081 4320 erunt
3101 4265 3191 4320 56.
3231 4265 3382 4320 Mitte
3410 4263 3571 4320 simul
3597 4276 3654 4320 et
3689 4282 3816 4335 epa-

2223 4365 2366 4411 ctam
2394 4357 2680 4426 praesentis
2709 4355 2859 4420 anni,
2886 4356 2938 4410 id
2962 4365 3046 4411 est
3067 4357 3157 4421 20,
3183 4357 3318 4410 Iiunt
3349 4355 3437 4410 Ἡ).
3470 4353 3700 4411 Dimitte
3725 4356 3808 4420 60,

2222 4455 2503 4502 remanent
2534 4447 2620 4502 I5.
2674 4445 2874 4517 Epacta
2920 4443 2987 4502 I5
3015 4445 3119 4503 erit
3162 4449 3214 4502 in
3254 4448 3288 4503 5
3333 4463 3478 4504 anno
3511 4461 3637 4518 post
3678 4466 3812 4520 pra-

534 4535 718 4589 nativo
766 4547 981 4591 crescat
1021 4538 1251 4609 amplius
1287 4539 1476 4605 literis,
1527 4539 1610 4594 vel
1648 4539 1887 4610 syllabis.
1928 4538 2119 4595 Hiero-
2145 4521 2198 4582 Ῑ)
2225 4547 2430 4593 sentem
2454 4554 2677 4593 annum.
2702 4537 2827 4594 Haec
2843 4539 3007 4595 etiam
3029 4549 3220 4609 epacta
3242 4541 3346 4594 erit
3367 4551 3419 4594 et
3448 4539 3500 4594 in
3520 4556 3669 4596 anno
3691 4541 3810 4604 I00,

535 4637 731 4692 nymus
765 4623 897 4678 dicit
931 4640 944 4677 :
983 4643 1002 4675 ι
1032 4623 1146 4679 Non
1177 4634 1239 4680 ut
1275 4625 1511 4695 imperiti
1541 4627 1728 4698 gigans
1763 4626 1977 4696 gigatis.
2022 4626 2118 4682 sed

537 4722 598 4768 ut
619 4713 834 4785 gigaphi
862 4716 878 4735 ⁶
912 4715 1181 4784 gigantes,
1213 4716 1285 4770 ita
1314 4725 1369 4771 et
1389 4718 1626 4787 quadras
1655 4717 1990 4787 quadrantis.
2023 4735 2042 4768 ›

815 4801 891 4858 De
919 4806 1222 4875 septimanis
1248 4808 1303 4860 iu
1335 4815 1441 4861 toto
1469 4809 1596 4862 anni
1625 4807 1840 4861 circulo.

613 4893 838 4949 XCVIII.
881 4893 938 4949 Si
963 4895 1044 4950 vis
1066 4896 1206 4951 scire
1231 4908 1362 4966 quot
1388 4899 1701 4968 septimanae
1724 4906 1849 4952 sunt
1874 4899 1926 4952 in
1953 4914 2118 4966 anno,

537 4986 643 5038 duc
677 4993 869 5052 quater
895 4984 983 5048 I2,
1016 4985 1150 5040 fiunt
1180 4987 1269 5042 48.
1305 4987 1408 5042 Tot
1444 4988 1759 5058 septimana:
1799 4997 1927 5044 sunt
1967 4990 2020 5044 in
2053 4992 2120 5046 I2

541 5077 836 5141 mensibus,
857 5077 910 5131 id
937 5086 1023 5133 est
1053 5078 1088 5132 4
1105 5079 1422 5149 septimanae
1448 5080 1874 5151 uniuscujusque
1895 5083 2119 5154 mensis,

542 5164 618 5218 illi
667 5173 846 5220 autem
899 5169 1101 5223 residui
1158 5170 1309 5236 dies',
1372 5171 1463 5240 qui
1509 5180 1815 5242 supersunt,
1871 5173 1923 5227 id
1961 5181 2045 5228 est
2089 5187 2120 5226 a

541 5264 779 5326 quatuor
805 5258 1046 5324 tricenis,
1079 5269 1134 5315 et
1159 5261 1231 5315 22
1259 5277 1291 5314 a
1322 5263 1618 5327 mensibus,
1655 5263 1746 5333 qui
1775 5263 1835 5318 5I
1872 5263 1988 5319 dies
2023 5265 2120 5318 ha-

542 5349 693 5414 bent,
723 5349 884 5404 simul
917 5351 1051 5406 Iiunt
1072 5353 1165 5417 29,
1192 5353 1295 5407 hoc
1329 5363 1412 5408 est
1437 5354 1470 5407 4
1493 5354 1826 5423 septimanae,
1851 5355 1950 5410 etI
1981 5355 2116 5410 dies.

2224 4628 2350 4698 quia
2380 4629 2788 4699 qualiscumque
2833 4640 3022 4699 epacta
3075 4631 3238 4684 fuerit
3275 4632 3326 4684 in
3376 4632 3630 4700 pr.csenti
3683 4646 3814 4701 quo-

2227 4721 2356 4776 libet
2383 4736 2544 4787 anno,
2581 4736 2634 4775 γ.
2673 4736 2750 4792 g.,
2803 4721 2943 4777 sicut
2987 4722 3239 4787 diximus,
3289 4739 3342 4776 xi
3390 4722 3507 4775 Kal.
3557 4724 3693 4792 Apr.
3721 4722 3809 4782 20.

2226 4813 2418 4867 eadem
2464 4813 2570 4868 erit
2612 4821 2668 4868 et
2703 4813 2756 4866 in
2796 4828 2942 4867 anno
2966 4813 3059 4878 20,
3093 4813 3146 4868 id
3177 4823 3260 4868 est
3289 4814 3358 4867 20
3404 4821 3615 4882 epacta,
3649 4823 3706 4867 et
3741 4814 3810 4866 ita

2227 4903 2280 4956 in
2312 4902 2380 4957 58
2407 4918 2550 4958 anno
2573 4903 2643 4958 20
2682 4904 2806 4969 erit,
2850 4912 2907 4958 et
2937 4904 2988 4958 in
3019 4905 3086 4959 76
3113 4919 3252 4959 anno
3295 4904 3364 4958 20
3402 4906 3526 4967 cr‘t,
3559 4911 3612 4956 et
3647 4904 3700 4957 in
3745 4903 3810 4957 95

2229 5006 2370 5047 anno
2396 4992 2468 5047 20
2514 4993 2638 5047 erit.
2678 4993 2983 5048 Remanent
3017 4993 3110 5048 tibi
3147 4993 3180 5047 5
3222 4993 3348 5048 anni
3380 4994 3446 5048 de
3482 4993 3599 5047 I00.
3641 4994 3808 5048 Curre

2227 5101 2324 5156 per
2351 5086 2595 5140 ordinem
2628 5095 2942 5155 epactarum
2975 5087 3025 5148 I,
3058 5087 3144 5150 I2,
3184 5086 3275 5151 25,
3304 5086 3359 5151 4,
3395 5086 3481 5150 I5,
3507 5086 3731 5155 lucoque
3757 5086 3806 5138 in

2230 5175 2332 5233 I00
2345 5193 2485 5232 anno
2501 5178 2567 5232 I5
2580 5187 2768 5249 epacta
2786 5180 2908 5243 erit,
2926 5180 3064 5235 sicut
3084 5180 3246 5234 etiam
3264 5180 3519 5234 diximus.
3542 5179 3597 5234 In
3616 5179 3651 5234 5
3671 5195 3806 5233 anno

2228 5267 2408 5326 futuro
2437 5270 2503 5324 I5
2535 5271 2660 5336 erit,
2703 5271 2807 5326 hoc
2842 5279 2924 5326 est
2955 5281 3228 5341 quartum.
3285 5271 3449 5326 Fiunt
3489 5287 3624 5342 ergo
3654 5269 3804 5325 simul

2227 5363 2352 5418 986.
2391 5362 2486 5418 His
2514 5378 2642 5433 ergo
2669 5363 2804 5417 adde
2831 5364 2865 5418 5
2897 5364 3195 5433 regulares,
3226 5364 3350 5433 quia
3379 5364 3432 5418 in
3465 5379 3609 5418 anno
3635 5362 3803 5416 Incar-

544 5438 1009 5527 Quandocumque
1041 5451 1223 5497 autem
1263 5443 1531 5499 bissextus
1571 5444 1754 5513 fuerit,
1794 5453 1922 5502 tunc
1951 5461 2126 5502 annus
2227 5455 2463 5510 nationis
2492 5455 2696 5510 Christi
2727 5471 2823 5511 vni
2873 5455 2995 5510 Kal.
3045 5456 3177 5527 Apr.
3209 5456 3244 5511 4
3292 5456 3427 5513 l'eria
3485 5453 3804 5511 fecerunt.4

546 5526 709 5582 habet
737 5530 806 5586 52
830 5533 1165 5602 septimanas
1191 5541 1246 5588 et
1272 5534 1387 5590 dies
1411 5534 1466 5590 2.

719 5625 792 5681 De
819 5629 1246 5685 concurrentibus
1275 5630 1400 5685 solis
1421 5647 1513 5702 per
1541 5640 1706 5686 totum
1736 5647 1932 5688 annum

621 5715 804 5774 XCIX.
847 5720 903 5776 Si
934 5722 1014 5776 vis
1053 5723 1194 5778 scire
1220 5739 1248 5776 a
1277 5724 1364 5780 die
1392 5719 1639 5781 datarum
1679 5740 1774 5796 per
1809 5733 1979 5781 totum
2029 5707 2126 5781 an-

2227 5560 2354 5615 ergo
2384 5546 2580 5602 additis
2605 5546 2672 5602 ad
2697 5546 3062 5617 supradictum
3092 5564 3374 5604 numerum
3399 5547 3538 5602 liunt
3555 5533 3678 5603 990.
3705 5545 3804 5600 ﬂos

2229 5639 2406 5694 divide
2434 5654 2529 5709 per
2557 5640 2610 5705 7,
2635 5639 2845 5695 dimitte
2878 5641 3003 5706 700,
3028 5643 3235 5698 centies
3273 5641 3478 5712 septeni
3532 5649 3678 5696 sunt.
3711 5637 3804 5691 Ile-

2231 5738 2452 5786 manent
2477 5730 2616 5797 290,
2655 5730 2866 5787 dimitte
2904 5730 3028 5797 2l4,
3062 5733 3238 5788 viceni
3291 5743 3441 5799 sunt,
3487 5734 3590 5788 hoc
3619 5739 3699 5787 est
3729 5729 3804 5783 bis
