  <div class='ocr_page' id='page_1' title='image "/cluster/home/n/w/nwhite01/storage/ocr_20150623/129/hvd.32044015471709/666.png"; bbox 0 0 4006 5628; ppageno 0'>
   <div class='ocr_carea' id='block_1_1' title="bbox 681 200 783 219">
    <p class='ocr_par' dir='ltr' id='par_1_1' title="bbox 681 200 783 219">
     <span class='ocr_line' id='line_1_1' title="bbox 681 200 783 219; baseline 0 -16"><span class='ocrx_word' id='word_1_1' title='bbox 681 200 747 219; x_wconf 52' lang='grc' dir='ltr'><strong>Ι,</strong></span> <span class='ocrx_word' id='word_1_2' title='bbox 777 200 783 203; x_wconf 85' lang='grc'><strong>.</strong></span> 
     </span>
    </p>
   </div>
   <div class='ocr_carea' id='block_1_2' title="bbox 139 278 273 333">
    <p class='ocr_par' dir='ltr' id='par_1_2' title="bbox 139 278 273 333">
     <span class='ocr_line' id='line_1_2' title="bbox 139 278 273 333; baseline -0.007 0"><span class='ocrx_word' id='word_1_3' title='bbox 139 278 273 333; x_wconf 75' lang='grc'><strong>1521</strong></span> 
     </span>
    </p>
   </div>
   <div class='ocr_carea' id='block_1_3' title="bbox 1420 270 2138 334">
    <p class='ocr_par' dir='ltr' id='par_1_3' title="bbox 1420 270 2138 334">
     <span class='ocr_line' id='line_1_3' title="bbox 1420 270 2138 334; baseline -0.001 -3"><span class='ocrx_word' id='word_1_4' title='bbox 1420 273 1626 331; x_wconf 78' lang='lat' dir='ltr'><strong>LIBER</strong></span> <span class='ocrx_word' id='word_1_5' title='bbox 1663 270 1755 330; x_wconf 84' lang='lat' dir='ltr'><strong>DE</strong></span> <span class='ocrx_word' id='word_1_6' title='bbox 1790 271 2138 334; x_wconf 76' lang='lat' dir='ltr'><strong>COMPUTO.</strong></span> 
     </span>
    </p>
   </div>
   <div class='ocr_carea' id='block_1_4' title="bbox 3253 281 3420 338">
    <p class='ocr_par' dir='ltr' id='par_1_4' title="bbox 3253 281 3420 338">
     <span class='ocr_line' id='line_1_4' title="bbox 3253 281 3420 338; baseline 0.018 -3"><span class='ocrx_word' id='word_1_7' title='bbox 3253 281 3420 338; x_wconf 70' lang='grc'><strong>’1322</strong></span> 
     </span>
    </p>
   </div>
   <div class='ocr_carea' id='block_1_5' title="bbox 133 351 3418 437">
    <p class='ocr_par' dir='ltr' id='par_1_5' title="bbox 133 351 3418 437">
     <span class='ocr_line' id='line_1_5' title="bbox 133 351 3418 437; baseline 0.003 -16"><span class='ocrx_word' id='word_1_8' title='bbox 133 355 166 421; x_wconf 80' lang='grc'><strong>7</strong></span> <span class='ocrx_word' id='word_1_9' title='bbox 200 351 400 433; x_wconf 87' lang='lat' dir='ltr'><strong>viceni,</strong></span> <span class='ocrx_word' id='word_1_10' title='bbox 427 366 518 437; x_wconf 86' lang='lat' dir='ltr'><strong>qui</strong></span> <span class='ocrx_word' id='word_1_11' title='bbox 550 365 715 423; x_wconf 88' lang='lat' dir='ltr'><strong>habet</strong></span> <span class='ocrx_word' id='word_1_12' title='bbox 735 365 826 422; x_wconf 90' lang='lat'><strong>47.</strong></span> <span class='ocrx_word' id='word_1_13' title='bbox 859 365 1159 423; x_wconf 77' lang='lat' dir='ltr'><strong>Remanent</strong></span> <span class='ocrx_word' id='word_1_14' title='bbox 1188 366 1274 422; x_wconf 86' lang='grc'><strong>10.</strong></span> <span class='ocrx_word' id='word_1_15' title='bbox 1307 367 1527 423; x_wconf 77' lang='lat' dir='ltr'><strong>Dimitte</strong></span> <span class='ocrx_word' id='word_1_16' title='bbox 1559 374 1735 437; x_wconf 87' lang='lat' dir='ltr'><strong>septe-</strong></span> <span class='ocrx_word' id='word_1_17' title='bbox 1758 365 1812 427; x_wconf 77' lang='grc' dir='ltr'><strong>Δ</strong></span> <span class='ocrx_word' id='word_1_18' title='bbox 1837 380 1957 434; x_wconf 91' lang='lat' dir='ltr'><strong>nos,</strong></span> <span class='ocrx_word' id='word_1_19' title='bbox 1989 374 2153 436; x_wconf 86' lang='lat' dir='ltr'><strong>quota</strong></span> <span class='ocrx_word' id='word_1_20' title='bbox 2183 365 2255 423; x_wconf 89' lang='lat' dir='ltr'><strong>sit</strong></span> <span class='ocrx_word' id='word_1_21' title='bbox 2277 365 2437 434; x_wconf 79' lang='lat' dir='ltr'><strong>feria,</strong></span> <span class='ocrx_word' id='word_1_22' title='bbox 2459 380 2613 423; x_wconf 91' lang='lat' dir='ltr'><strong>sume</strong></span> <span class='ocrx_word' id='word_1_23' title='bbox 2637 380 2807 423; x_wconf 87' lang='lat' dir='ltr'><strong>annos</strong></span> <span class='ocrx_word' id='word_1_24' title='bbox 2847 368 2916 424; x_wconf 89' lang='lat' dir='ltr'><strong>ab</strong></span> <span class='ocrx_word' id='word_1_25' title='bbox 2954 367 3326 428; x_wconf 86' lang='lat' dir='ltr'><strong>lncaruatione</strong></span> <span class='ocrx_word' id='word_1_26' title='bbox 3351 375 3418 430; x_wconf 90' lang='lat' dir='ltr'><strong>D.</strong></span> 
     </span>
    </p>
   </div>
   <div class='ocr_carea' id='block_1_6' title="bbox 138 456 1728 526">
    <p class='ocr_par' dir='ltr' id='par_1_6' title="bbox 138 456 1728 526">
     <span class='ocr_line' id='line_1_6' title="bbox 138 456 1728 526; baseline -0.001 -13"><span class='ocrx_word' id='word_1_27' title='bbox 138 473 258 521; x_wconf 86' lang='lat' dir='ltr'><strong>nos,</strong></span> <span class='ocrx_word' id='word_1_28' title='bbox 286 456 647 512; x_wconf 89' lang='lat' dir='ltr'><strong>remanent&#39;3.</strong></span> <span class='ocrx_word' id='word_1_29' title='bbox 675 456 1074 513; x_wconf 88' lang='lat' dir='ltr'><strong>Concurrentes</strong></span> <span class='ocrx_word' id='word_1_30' title='bbox 1092 459 1126 513; x_wconf 99' lang='lat'><strong>3</strong></span> <span class='ocrx_word' id='word_1_31' title='bbox 1153 466 1280 513; x_wconf 90' lang='lat' dir='ltr'><strong>sunt</strong></span> <span class='ocrx_word' id='word_1_32' title='bbox 1301 473 1441 513; x_wconf 90' lang='lat' dir='ltr'><strong>anno</strong></span> <span class='ocrx_word' id='word_1_33' title='bbox 1462 465 1728 526; x_wconf 83' lang='lat' dir='ltr'><strong>praesente</strong></span> 
     </span>
    </p>
   </div>
   <div class='ocr_carea' id='block_1_7' title="bbox 136 536 1728 621">
    <p class='ocr_par' dir='ltr' id='par_1_7' title="bbox 136 536 1728 621">
     <span class='ocr_line' id='line_1_7' title="bbox 136 536 1728 621; baseline 0.001 -18"><span class='ocrx_word' id='word_1_34' title='bbox 136 536 192 603; x_wconf 66' lang='lat' dir='ltr'><strong>ni</strong></span> <span class='ocrx_word' id='word_1_35' title='bbox 221 546 340 602; x_wconf 92' lang='lat' dir='ltr'><strong>Kal.</strong></span> <span class='ocrx_word' id='word_1_36' title='bbox 363 548 524 618; x_wconf 85' lang='lat' dir='ltr'><strong>Apr.,</strong></span> <span class='ocrx_word' id='word_1_37' title='bbox 573 549 608 604; x_wconf 91' lang='lat'><strong>3</strong></span> <span class='ocrx_word' id='word_1_38' title='bbox 637 549 772 604; x_wconf 81' lang='lat' dir='ltr'><strong>feria</strong></span> <span class='ocrx_word' id='word_1_39' title='bbox 805 547 1039 604; x_wconf 81' lang='lat' dir='ltr'><strong>fuerunt.</strong></span> <span class='ocrx_word' id='word_1_40' title='bbox 1076 549 1188 605; x_wconf 91' lang='lat' dir='ltr'><strong>Hoc</strong></span> <span class='ocrx_word' id='word_1_41' title='bbox 1216 560 1535 621; x_wconf 81' lang='lat' dir='ltr'><strong>argumento</strong></span> <span class='ocrx_word' id='word_1_42' title='bbox 1564 550 1728 605; x_wconf 90' lang='lat' dir='ltr'><strong>etiam</strong></span> 
     </span>
    </p>
   </div>
   <div class='ocr_carea' id='block_1_8' title="bbox 135 639 1730 714">
    <p class='ocr_par' dir='ltr' id='par_1_8' title="bbox 135 639 1730 714">
     <span class='ocr_line' id='line_1_8' title="bbox 135 639 1730 714; baseline 0.003 -22"><span class='ocrx_word' id='word_1_43' title='bbox 135 639 440 694; x_wconf 85' lang='lat' dir='ltr'><strong>ostenditur</strong></span> <span class='ocrx_word' id='word_1_44' title='bbox 466 649 629 710; x_wconf 90' lang='lat' dir='ltr'><strong>quota</strong></span> <span class='ocrx_word' id='word_1_45' title='bbox 662 639 798 695; x_wconf 83' lang='lat' dir='ltr'><strong>feria</strong></span> <span class='ocrx_word' id='word_1_46' title='bbox 841 641 910 695; x_wconf 90' lang='lat' dir='ltr'><strong>sit</strong></span> <span class='ocrx_word' id='word_1_47' title='bbox 952 641 1005 695; x_wconf 91' lang='lat' dir='ltr'><strong>in</strong></span> <span class='ocrx_word' id='word_1_48' title='bbox 1032 640 1149 695; x_wconf 90' lang='lat' dir='ltr'><strong>Kal.</strong></span> <span class='ocrx_word' id='word_1_49' title='bbox 1173 639 1295 696; x_wconf 85' lang='lat' dir='ltr'><strong>Jan.</strong></span> <span class='ocrx_word' id='word_1_50' title='bbox 1321 641 1373 696; x_wconf 90' lang='lat' dir='ltr'><strong>in</strong></span> <span class='ocrx_word' id='word_1_51' title='bbox 1407 657 1730 714; x_wconf 88' lang='lat' dir='ltr'><strong>unoquoque</strong></span> 
     </span>
    </p>
   </div>
   <div class='ocr_carea' id='block_1_9' title="bbox 135 733 1730 805">
    <p class='ocr_par' dir='ltr' id='par_1_9' title="bbox 135 733 1730 805">
     <span class='ocr_line' id='line_1_9' title="bbox 135 733 1730 805; baseline 0.002 -19"><span class='ocrx_word' id='word_1_52' title='bbox 135 746 282 787; x_wconf 85' lang='lat' dir='ltr'><strong>anno</strong></span> <span class='ocrx_word' id='word_1_53' title='bbox 332 741 625 802; x_wconf 81' lang='lat' dir='ltr'><strong>praesente,</strong></span> <span class='ocrx_word' id='word_1_54' title='bbox 670 733 696 787; x_wconf 92' lang='grc'><strong>1</strong></span> <span class='ocrx_word' id='word_1_55' title='bbox 740 740 952 788; x_wconf 89' lang='lat' dir='ltr'><strong>tantum</strong></span> <span class='ocrx_word' id='word_1_56' title='bbox 1006 733 1241 805; x_wconf 80' lang='lat' dir='ltr'><strong>regulari</strong></span> <span class='ocrx_word' id='word_1_57' title='bbox 1290 733 1531 799; x_wconf 89' lang='lat' dir='ltr'><strong>dimisso,</strong></span> <span class='ocrx_word' id='word_1_58' title='bbox 1590 734 1730 789; x_wconf 88' lang='lat' dir='ltr'><strong>sicut</strong></span> 
     </span>
    </p>
   </div>
   <div class='ocr_carea' id='block_1_10' title="bbox 129 820 1700 901">
    <p class='ocr_par' dir='ltr' id='par_1_10' title="bbox 129 820 1700 901">
     <span class='ocr_line' id='line_1_10' title="bbox 129 820 1700 901; baseline 0.001 -22"><span class='ocrx_word' id='word_1_59' title='bbox 129 824 316 881; x_wconf 84' lang='lat' dir='ltr'><strong>bonus</strong></span> <span class='ocrx_word' id='word_1_60' title='bbox 342 834 564 901; x_wconf 69' lang='lat' dir='ltr'><strong>sanctus</strong></span> <span class='ocrx_word' id='word_1_61' title='bbox 595 821 948 882; x_wconf 66' lang='lat' dir='ltr'><strong>Pﬁmicerius</strong></span> <span class='ocrx_word' id='word_1_62' title='bbox 974 826 1230 882; x_wconf 89' lang='lat' dir='ltr'><strong>ostendit.</strong></span> <span class='ocrx_word' id='word_1_63' title='bbox 1698 820 1700 822; x_wconf 68' lang='grc'>’</span> 
     </span>
    </p>
   </div>
   <div class='ocr_carea' id='block_1_11' title="bbox 455 915 1408 974">
    <p class='ocr_par' dir='ltr' id='par_1_11' title="bbox 455 915 1408 974">
     <span class='ocr_line' id='line_1_11' title="bbox 455 915 1408 974; baseline 0.002 -4"><span class='ocrx_word' id='word_1_64' title='bbox 455 915 534 971; x_wconf 85' lang='lat' dir='ltr'><strong>De</strong></span> <span class='ocrx_word' id='word_1_65' title='bbox 571 917 1000 972; x_wconf 77' lang='lat' dir='ltr'><strong>concurrentibus</strong></span> <span class='ocrx_word' id='word_1_66' title='bbox 1035 919 1408 974; x_wconf 79' lang='lat' dir='ltr'><strong>monstrandis.</strong></span> 
     </span>
    </p>
   </div>
   <div class='ocr_carea' id='block_1_12' title="bbox 208 1004 1731 1080">
    <p class='ocr_par' dir='ltr' id='par_1_12' title="bbox 208 1004 1731 1080">
     <span class='ocr_line' id='line_1_12' title="bbox 208 1004 1731 1080; baseline 0.001 -18"><span class='ocrx_word' id='word_1_67' title='bbox 208 1005 295 1062; x_wconf 90' lang='lat' dir='ltr'><strong>Cl.</strong></span> <span class='ocrx_word' id='word_1_68' title='bbox 338 1004 398 1062; x_wconf 87' lang='lat' dir='ltr'><strong>Si</strong></span> <span class='ocrx_word' id='word_1_69' title='bbox 421 1008 506 1065; x_wconf 94' lang='lat' dir='ltr'><strong>vis</strong></span> <span class='ocrx_word' id='word_1_70' title='bbox 537 1009 678 1066; x_wconf 90' lang='lat' dir='ltr'><strong>scire</strong></span> <span class='ocrx_word' id='word_1_71' title='bbox 703 1018 1090 1065; x_wconf 89' lang='lat' dir='ltr'><strong>concurrentes</strong></span> <span class='ocrx_word' id='word_1_72' title='bbox 1113 1010 1426 1080; x_wconf 69' lang='lat' dir='ltr'><strong>septimanm</strong></span> <span class='ocrx_word' id='word_1_73' title='bbox 1449 1011 1562 1066; x_wconf 89' lang='lat' dir='ltr'><strong>dics</strong></span> <span class='ocrx_word' id='word_1_74' title='bbox 1592 1010 1643 1065; x_wconf 92' lang='lat' dir='ltr'><strong>in</strong></span> <span class='ocrx_word' id='word_1_75' title='bbox 1675 1024 1731 1065; x_wconf 81' lang='lat' dir='ltr'><strong>ix</strong></span> 
     </span>
    </p>
   </div>
   <div class='ocr_carea' id='block_1_13' title="bbox 133 1097 1728 1174">
    <p class='ocr_par' dir='ltr' id='par_1_13' title="bbox 133 1097 1728 1174">
     <span class='ocr_line' id='line_1_13' title="bbox 133 1097 1728 1174; baseline 0.004 -22"><span class='ocrx_word' id='word_1_76' title='bbox 133 1097 258 1153; x_wconf 82' lang='lat' dir='ltr'><strong>Kal.</strong></span> <span class='ocrx_word' id='word_1_77' title='bbox 283 1099 415 1170; x_wconf 91' lang='lat' dir='ltr'><strong>Apr.</strong></span> <span class='ocrx_word' id='word_1_78' title='bbox 456 1101 596 1158; x_wconf 85' lang='lat' dir='ltr'><strong>scies</strong></span> <span class='ocrx_word' id='word_1_79' title='bbox 629 1109 827 1173; x_wconf 88' lang='lat' dir='ltr'><strong>quotus</strong></span> <span class='ocrx_word' id='word_1_80' title='bbox 881 1116 1056 1157; x_wconf 89' lang='lat' dir='ltr'><strong>annus</strong></span> <span class='ocrx_word' id='word_1_81' title='bbox 1087 1103 1158 1157; x_wconf 88' lang='lat' dir='ltr'><strong>sit</strong></span> <span class='ocrx_word' id='word_1_82' title='bbox 1179 1101 1312 1173; x_wconf 85' lang='lat' dir='ltr'><strong>cycli</strong></span> <span class='ocrx_word' id='word_1_83' title='bbox 1353 1102 1562 1168; x_wconf 88' lang='lat' dir='ltr'><strong>solaris,</strong></span> <span class='ocrx_word' id='word_1_84' title='bbox 1596 1119 1646 1158; x_wconf 82' lang='grc' dir='ltr'><strong>ν.</strong></span> <span class='ocrx_word' id='word_1_85' title='bbox 1675 1121 1728 1174; x_wconf 87' lang='lat' dir='ltr'><strong>g.</strong></span> 
     </span>
    </p>
   </div>
   <div class='ocr_carea' id='block_1_14' title="bbox 135 1189 1733 1264">
    <p class='ocr_par' dir='ltr' id='par_1_14' title="bbox 135 1189 1733 1264">
     <span class='ocr_line' id='line_1_14' title="bbox 135 1189 1733 1264; baseline 0.004 -20"><span class='ocrx_word' id='word_1_86' title='bbox 135 1189 208 1245; x_wconf 70' lang='lat' dir='ltr'><strong>I4</strong></span> <span class='ocrx_word' id='word_1_87' title='bbox 232 1190 372 1246; x_wconf 91' lang='lat' dir='ltr'><strong>adde</strong></span> <span class='ocrx_word' id='word_1_88' title='bbox 421 1193 694 1263; x_wconf 86' lang='lat' dir='ltr'><strong>semper4</strong></span> <span class='ocrx_word' id='word_1_89' title='bbox 741 1202 975 1264; x_wconf 91' lang='lat' dir='ltr'><strong>partem,</strong></span> <span class='ocrx_word' id='word_1_90' title='bbox 1021 1193 1124 1249; x_wconf 90' lang='lat' dir='ltr'><strong>hoc</strong></span> <span class='ocrx_word' id='word_1_91' title='bbox 1169 1201 1252 1248; x_wconf 91' lang='lat' dir='ltr'><strong>est</strong></span> <span class='ocrx_word' id='word_1_92' title='bbox 1295 1194 1453 1250; x_wconf 91' lang='lat' dir='ltr'><strong>modo</strong></span> <span class='ocrx_word' id='word_1_93' title='bbox 1492 1195 1546 1259; x_wconf 87' lang='lat'><strong>3,</strong></span> <span class='ocrx_word' id='word_1_94' title='bbox 1595 1195 1733 1250; x_wconf 82' lang='lat' dir='ltr'><strong>ﬁunt</strong></span> 
     </span>
    </p>
   </div>
   <div class='ocr_carea' id='block_1_15' title="bbox 131 1281 1729 1358">
    <p class='ocr_par' dir='ltr' id='par_1_15' title="bbox 131 1281 1729 1358">
     <span class='ocr_line' id='line_1_15' title="bbox 131 1281 1729 1358; baseline 0.004 -22"><span class='ocrx_word' id='word_1_95' title='bbox 131 1281 300 1337; x_wconf 84' lang='lat' dir='ltr'><strong>simul</strong></span> <span class='ocrx_word' id='word_1_96' title='bbox 329 1283 426 1350; x_wconf 90' lang='grc'><strong>17;</strong></span> <span class='ocrx_word' id='word_1_97' title='bbox 454 1283 634 1341; x_wconf 84' lang='lat' dir='ltr'><strong>divide</strong></span> <span class='ocrx_word' id='word_1_98' title='bbox 653 1299 754 1356; x_wconf 90' lang='lat' dir='ltr'><strong>per</strong></span> <span class='ocrx_word' id='word_1_99' title='bbox 774 1285 825 1340; x_wconf 93' lang='lat'><strong>7.</strong></span> <span class='ocrx_word' id='word_1_100' title='bbox 875 1285 1097 1342; x_wconf 88' lang='lat' dir='ltr'><strong>Dimitte</strong></span> <span class='ocrx_word' id='word_1_101' title='bbox 1143 1286 1234 1352; x_wconf 75' lang='lat' dir='ltr'><strong>i4,</strong></span> <span class='ocrx_word' id='word_1_102' title='bbox 1263 1287 1388 1357; x_wconf 85' lang='lat' dir='ltr'><strong>quia</strong></span> <span class='ocrx_word' id='word_1_103' title='bbox 1415 1287 1497 1342; x_wconf 90' lang='lat' dir='ltr'><strong>bis</strong></span> <span class='ocrx_word' id='word_1_104' title='bbox 1523 1289 1555 1341; x_wconf 92' lang='lat'><strong>7</strong></span> <span class='ocrx_word' id='word_1_105' title='bbox 1581 1298 1729 1358; x_wconf 90' lang='lat' dir='ltr'><strong>sunt,</strong></span> 
     </span>
    </p>
   </div>
   <div class='ocr_carea' id='block_1_16' title="bbox 135 1366 1729 1450">
    <p class='ocr_par' dir='ltr' id='par_1_16' title="bbox 135 1366 1729 1450">
     <span class='ocr_line' id='line_1_16' title="bbox 135 1366 1729 1450; baseline 0.004 -20"><span class='ocrx_word' id='word_1_106' title='bbox 135 1385 424 1432; x_wconf 88' lang='lat' dir='ltr'><strong>remanent</strong></span> <span class='ocrx_word' id='word_1_107' title='bbox 443 1377 499 1434; x_wconf 86' lang='lat'><strong>3.</strong></span> <span class='ocrx_word' id='word_1_108' title='bbox 527 1377 930 1435; x_wconf 86' lang='lat' dir='ltr'><strong>Concurrentes</strong></span> <span class='ocrx_word' id='word_1_109' title='bbox 960 1366 996 1436; x_wconf 79' lang='lat'><strong>3</strong></span> <span class='ocrx_word' id='word_1_110' title='bbox 1023 1378 1243 1436; x_wconf 82' lang='lat' dir='ltr'><strong>fuerunt</strong></span> <span class='ocrx_word' id='word_1_111' title='bbox 1268 1380 1322 1435; x_wconf 92' lang='lat' dir='ltr'><strong>in</strong></span> <span class='ocrx_word' id='word_1_112' title='bbox 1360 1396 1411 1435; x_wconf 80' lang='lat' dir='ltr'><strong>ix</strong></span> <span class='ocrx_word' id='word_1_113' title='bbox 1430 1379 1546 1434; x_wconf 90' lang='lat' dir='ltr'><strong>Kal.</strong></span> <span class='ocrx_word' id='word_1_114' title='bbox 1575 1379 1729 1450; x_wconf 85' lang='lat' dir='ltr'><strong>Apr.,</strong></span> 
     </span>
    </p>
   </div>
   <div class='ocr_carea' id='block_1_17' title="bbox 134 1466 1734 1545">
    <p class='ocr_par' dir='ltr' id='par_1_17' title="bbox 134 1466 1734 1545">
     <span class='ocr_line' id='line_1_17' title="bbox 134 1466 1734 1545; baseline 0.006 -21"><span class='ocrx_word' id='word_1_115' title='bbox 134 1466 193 1524; x_wconf 87' lang='lat' dir='ltr'><strong>id</strong></span> <span class='ocrx_word' id='word_1_116' title='bbox 206 1479 308 1525; x_wconf 61' lang='lat' dir='ltr'><strong>oest</strong></span> <span class='ocrx_word' id='word_1_117' title='bbox 331 1469 367 1526; x_wconf 84' lang='lat'><strong>3</strong></span> <span class='ocrx_word' id='word_1_118' title='bbox 393 1469 531 1527; x_wconf 79' lang='lat' dir='ltr'><strong>feria</strong></span> <span class='ocrx_word' id='word_1_119' title='bbox 558 1486 704 1528; x_wconf 90' lang='lat' dir='ltr'><strong>anno</strong></span> <span class='ocrx_word' id='word_1_120' title='bbox 728 1481 1014 1544; x_wconf 83' lang='lat' dir='ltr'><strong>praesente.</strong></span> <span class='ocrx_word' id='word_1_121' title='bbox 1045 1471 1244 1545; x_wconf 84' lang='lat' dir='ltr'><strong>Sicque</strong></span> <span class='ocrx_word' id='word_1_122' title='bbox 1268 1489 1365 1544; x_wconf 91' lang='lat' dir='ltr'><strong>per</strong></span> <span class='ocrx_word' id='word_1_123' title='bbox 1405 1475 1542 1531; x_wconf 89' lang='lat' dir='ltr'><strong>alios</strong></span> <span class='ocrx_word' id='word_1_124' title='bbox 1563 1491 1734 1533; x_wconf 87' lang='lat' dir='ltr'><strong>annos</strong></span> 
     </span>
    </p>
   </div>
   <div class='ocr_carea' id='block_1_18' title="bbox 136 1559 1735 1640">
    <p class='ocr_par' dir='ltr' id='par_1_18' title="bbox 136 1559 1735 1640">
     <span class='ocr_line' id='line_1_18' title="bbox 136 1559 1735 1640; baseline 0.008 -25"><span class='ocrx_word' id='word_1_125' title='bbox 136 1559 334 1629; x_wconf 81' lang='lat' dir='ltr'><strong>facies,</strong></span> <span class='ocrx_word' id='word_1_126' title='bbox 365 1565 695 1636; x_wconf 89' lang='lat' dir='ltr'><strong>quicumque</strong></span> <span class='ocrx_word' id='word_1_127' title='bbox 732 1563 956 1633; x_wconf 76' lang='lat' dir='ltr'><strong>fuerint,</strong></span> <span class='ocrx_word' id='word_1_128' title='bbox 987 1566 1167 1622; x_wconf 84' lang='lat' dir='ltr'><strong>divide</strong></span> <span class='ocrx_word' id='word_1_129' title='bbox 1198 1583 1298 1639; x_wconf 86' lang='lat' dir='ltr'><strong>per</strong></span> <span class='ocrx_word' id='word_1_130' title='bbox 1326 1569 1361 1624; x_wconf 90' lang='lat'><strong>4</strong></span> <span class='ocrx_word' id='word_1_131' title='bbox 1387 1578 1590 1640; x_wconf 87' lang='lat' dir='ltr'><strong>partes,</strong></span> <span class='ocrx_word' id='word_1_132' title='bbox 1621 1579 1675 1628; x_wconf 90' lang='lat' dir='ltr'><strong>et</strong></span> <span class='ocrx_word' id='word_1_133' title='bbox 1703 1571 1735 1627; x_wconf 84' lang='lat'><strong>4</strong></span> 
     </span>
    </p>
   </div>
   <div class='ocr_carea' id='block_1_19' title="bbox 117 1645 1733 1731">
    <p class='ocr_par' dir='ltr' id='par_1_19' title="bbox 117 1645 1733 1731">
     <span class='ocr_line' id='line_1_19' title="bbox 117 1645 1733 1731; baseline 0.007 -26"><span class='ocrx_word' id='word_1_134' title='bbox 117 1645 350 1722; x_wconf 80' lang='lat' dir='ltr'><strong>partem</strong></span> <span class='ocrx_word' id='word_1_135' title='bbox 379 1654 622 1726; x_wconf 86' lang='lat' dir='ltr'><strong>adjicies,</strong></span> <span class='ocrx_word' id='word_1_136' title='bbox 646 1669 698 1710; x_wconf 86' lang='lat' dir='ltr'><strong>v.</strong></span> <span class='ocrx_word' id='word_1_137' title='bbox 724 1671 804 1728; x_wconf 91' lang='lat' dir='ltr'><strong>g.,</strong></span> <span class='ocrx_word' id='word_1_138' title='bbox 827 1647 1018 1726; x_wconf 85' lang='lat' dir='ltr'><strong>quinto</strong></span> <span class='ocrx_word' id='word_1_139' title='bbox 1043 1671 1188 1714; x_wconf 90' lang='lat' dir='ltr'><strong>anno</strong></span> <span class='ocrx_word' id='word_1_140' title='bbox 1211 1659 1344 1731; x_wconf 85' lang='lat' dir='ltr'><strong>cycli</strong></span> <span class='ocrx_word' id='word_1_141' title='bbox 1367 1670 1490 1730; x_wconf 91' lang='lat' dir='ltr'><strong>post</strong></span> <span class='ocrx_word' id='word_1_142' title='bbox 1510 1661 1544 1716; x_wconf 92' lang='lat'><strong>4</strong></span> <span class='ocrx_word' id='word_1_143' title='bbox 1565 1662 1733 1718; x_wconf 88' lang='lat' dir='ltr'><strong>addas</strong></span> 
     </span>
    </p>
   </div>
   <div class='ocr_carea' id='block_1_20' title="bbox 1831 456 3424 536">
    <p class='ocr_par' dir='ltr' id='par_1_20' title="bbox 1831 456 3424 536">
     <span class='ocr_line' id='line_1_20' title="bbox 1831 456 3424 536; baseline 0.006 -24"><span class='ocrx_word' id='word_1_144' title='bbox 1831 457 1896 513; x_wconf 87' lang='lat' dir='ltr'><strong>N.</strong></span> <span class='ocrx_word' id='word_1_145' title='bbox 1952 456 2093 515; x_wconf 83' lang='lat' dir='ltr'><strong>J.C.</strong></span> <span class='ocrx_word' id='word_1_146' title='bbox 2173 467 2233 514; x_wconf 95' lang='lat' dir='ltr'><strong>ut</strong></span> <span class='ocrx_word' id='word_1_147' title='bbox 2291 466 2419 529; x_wconf 90' lang='lat' dir='ltr'><strong>puta</strong></span> <span class='ocrx_word' id='word_1_148' title='bbox 2475 459 2634 514; x_wconf 90' lang='lat' dir='ltr'><strong>modo</strong></span> <span class='ocrx_word' id='word_1_149' title='bbox 2699 459 2827 523; x_wconf 81' lang='grc'><strong>810,</strong></span> <span class='ocrx_word' id='word_1_150' title='bbox 2879 459 3140 516; x_wconf 85' lang='lat' dir='ltr'><strong>subtrahe</strong></span> <span class='ocrx_word' id='word_1_151' title='bbox 3206 478 3424 536; x_wconf 86' lang='lat' dir='ltr'><strong>semper</strong></span> 
     </span>
    </p>
   </div>
   <div class='ocr_carea' id='block_1_21' title="bbox 1831 550 3427 623">
    <p class='ocr_par' dir='ltr' id='par_1_21' title="bbox 1831 550 3427 623">
     <span class='ocr_line' id='line_1_21' title="bbox 1831 550 3427 623; baseline 0.004 -18"><span class='ocrx_word' id='word_1_152' title='bbox 1831 567 2018 615; x_wconf 90' lang='lat' dir='ltr'><strong>unum,</strong></span> <span class='ocrx_word' id='word_1_153' title='bbox 2062 561 2345 607; x_wconf 87' lang='lat' dir='ltr'><strong>remanent</strong></span> <span class='ocrx_word' id='word_1_154' title='bbox 2390 550 2513 614; x_wconf 89' lang='lat'><strong>809,</strong></span> <span class='ocrx_word' id='word_1_155' title='bbox 2558 552 2658 607; x_wconf 92' lang='lat' dir='ltr'><strong>hos</strong></span> <span class='ocrx_word' id='word_1_156' title='bbox 2699 551 2902 622; x_wconf 85' lang='lat' dir='ltr'><strong>partire</strong></span> <span class='ocrx_word' id='word_1_157' title='bbox 2934 567 3030 622; x_wconf 90' lang='lat' dir='ltr'><strong>per</strong></span> <span class='ocrx_word' id='word_1_158' title='bbox 3073 552 3107 606; x_wconf 98' lang='lat'><strong>4</strong></span> <span class='ocrx_word' id='word_1_159' title='bbox 3131 563 3331 623; x_wconf 84' lang='lat' dir='ltr'><strong>partes,</strong></span> <span class='ocrx_word' id='word_1_160' title='bbox 3367 564 3427 613; x_wconf 83' lang='lat' dir='ltr'><strong>et</strong></span> 
     </span>
    </p>
   </div>
   <div class='ocr_carea' id='block_1_22' title="bbox 1831 643 3428 713">
    <p class='ocr_par' dir='ltr' id='par_1_22' title="bbox 1831 643 3428 713">
     <span class='ocr_line' id='line_1_22' title="bbox 1831 643 3428 713; baseline 0.005 -18"><span class='ocrx_word' id='word_1_161' title='bbox 1831 650 2080 712; x_wconf 88' lang='lat' dir='ltr'><strong>quartam</strong></span> <span class='ocrx_word' id='word_1_162' title='bbox 2115 650 2347 713; x_wconf 88' lang='lat' dir='ltr'><strong>partem,</strong></span> <span class='ocrx_word' id='word_1_163' title='bbox 2375 658 2537 712; x_wconf 89' lang='lat' dir='ltr'><strong>quam</strong></span> <span class='ocrx_word' id='word_1_164' title='bbox 2562 644 2792 712; x_wconf 88' lang='lat' dir='ltr'><strong>partitus</strong></span> <span class='ocrx_word' id='word_1_165' title='bbox 2831 659 2912 711; x_wconf 91' lang='lat' dir='ltr'><strong>es,</strong></span> <span class='ocrx_word' id='word_1_166' title='bbox 2951 643 3123 712; x_wconf 90' lang='lat' dir='ltr'><strong>adjice</strong></span> <span class='ocrx_word' id='word_1_167' title='bbox 3146 685 3160 710; x_wconf 93' lang='lat'><strong>,</strong></span> <span class='ocrx_word' id='word_1_168' title='bbox 3212 646 3314 702; x_wconf 87' lang='lat' dir='ltr'><strong>hoc</strong></span> <span class='ocrx_word' id='word_1_169' title='bbox 3341 658 3428 704; x_wconf 82' lang='lat' dir='ltr'><strong>est</strong></span> 
     </span>
    </p>
   </div>
   <div class='ocr_carea' id='block_1_23' title="bbox 1831 719 3427 808">
    <p class='ocr_par' dir='ltr' id='par_1_23' title="bbox 1831 719 3427 808">
     <span class='ocr_line' id='line_1_23' title="bbox 1831 719 3427 808; baseline 0.004 -21"><span class='ocrx_word' id='word_1_170' title='bbox 1831 719 1935 787; x_wconf 69' lang='lat'><strong>202</strong></span> <span class='ocrx_word' id='word_1_171' title='bbox 1958 734 2092 788; x_wconf 84' lang='lat' dir='ltr'><strong>ﬁunt</strong></span> <span class='ocrx_word' id='word_1_172' title='bbox 2117 734 2275 790; x_wconf 90' lang='lat' dir='ltr'><strong>simul</strong></span> <span class='ocrx_word' id='word_1_173' title='bbox 2307 734 2466 799; x_wconf 84' lang='grc'><strong>1011,</strong></span> <span class='ocrx_word' id='word_1_174' title='bbox 2502 735 2600 790; x_wconf 90' lang='lat' dir='ltr'><strong>hos</strong></span> <span class='ocrx_word' id='word_1_175' title='bbox 2646 737 2848 806; x_wconf 87' lang='lat' dir='ltr'><strong>partire</strong></span> <span class='ocrx_word' id='word_1_176' title='bbox 2870 753 2966 807; x_wconf 89' lang='lat' dir='ltr'><strong>per</strong></span> <span class='ocrx_word' id='word_1_177' title='bbox 2991 739 3022 792; x_wconf 91' lang='lat'>7</span> <span class='ocrx_word' id='word_1_178' title='bbox 3066 747 3298 808; x_wconf 82' lang='lat' dir='ltr'><strong>partem,</strong></span> <span class='ocrx_word' id='word_1_179' title='bbox 3344 738 3427 794; x_wconf 88' lang='lat' dir='ltr'><strong>di-</strong></span> 
     </span>
    </p>
   </div>
   <div class='ocr_carea' id='block_1_24' title="bbox 1832 824 3429 896">
    <p class='ocr_par' dir='ltr' id='par_1_24' title="bbox 1832 824 3429 896">
     <span class='ocr_line' id='line_1_24' title="bbox 1832 824 3429 896; baseline 0.006 -18"><span class='ocrx_word' id='word_1_180' title='bbox 1832 824 1987 880; x_wconf 86' lang='lat' dir='ltr'><strong>mitte</strong></span> <span class='ocrx_word' id='word_1_181' title='bbox 2016 825 2140 888; x_wconf 88' lang='lat'><strong>700,</strong></span> <span class='ocrx_word' id='word_1_182' title='bbox 2178 824 2239 880; x_wconf 85' lang='lat' dir='ltr'><strong>ﬁt</strong></span> <span class='ocrx_word' id='word_1_183' title='bbox 2263 827 2464 896; x_wconf 89' lang='lat' dir='ltr'><strong>septies</strong></span> <span class='ocrx_word' id='word_1_184' title='bbox 2488 836 2726 893; x_wconf 89' lang='lat' dir='ltr'><strong>centum,</strong></span> <span class='ocrx_word' id='word_1_185' title='bbox 2756 838 3039 884; x_wconf 90' lang='lat' dir='ltr'><strong>remanent</strong></span> <span class='ocrx_word' id='word_1_186' title='bbox 3066 830 3192 896; x_wconf 90' lang='grc'><strong>511,</strong></span> <span class='ocrx_word' id='word_1_187' title='bbox 3215 831 3429 888; x_wconf 85' lang='lat' dir='ltr'><strong>dimitte</strong></span> 
     </span>
    </p>
   </div>
   <div class='ocr_carea' id='block_1_25' title="bbox 1829 914 3429 993">
    <p class='ocr_par' dir='ltr' id='par_1_25' title="bbox 1829 914 3429 993">
     <span class='ocr_line' id='line_1_25' title="bbox 1829 914 3429 993; baseline 0.005 -23"><span class='ocrx_word' id='word_1_188' title='bbox 1829 914 1937 971; x_wconf 76' lang='lat'><strong>280</strong></span> <span class='ocrx_word' id='word_1_189' title='bbox 1963 918 2164 986; x_wconf 90' lang='lat' dir='ltr'><strong>septies</strong></span> <span class='ocrx_word' id='word_1_190' title='bbox 2183 916 2254 972; x_wconf 87' lang='lat'><strong>40</strong></span> <span class='ocrx_word' id='word_1_191' title='bbox 2280 927 2424 984; x_wconf 89' lang='lat' dir='ltr'><strong>sunt,</strong></span> <span class='ocrx_word' id='word_1_192' title='bbox 2455 928 2738 974; x_wconf 88' lang='lat' dir='ltr'><strong>remanent</strong></span> <span class='ocrx_word' id='word_1_193' title='bbox 2773 919 2863 987; x_wconf 88' lang='grc'><strong>51,</strong></span> <span class='ocrx_word' id='word_1_194' title='bbox 2895 920 3106 977; x_wconf 89' lang='lat' dir='ltr'><strong>dimitte</strong></span> <span class='ocrx_word' id='word_1_195' title='bbox 3135 923 3204 979; x_wconf 74' lang='lat'><strong>28</strong></span> <span class='ocrx_word' id='word_1_196' title='bbox 3234 933 3429 993; x_wconf 83' lang='lat' dir='ltr'><strong>quater</strong></span> 
     </span>
    </p>
   </div>
   <div class='ocr_carea' id='block_1_26' title="bbox 1831 1010 3425 1080">
    <p class='ocr_par' dir='ltr' id='par_1_26' title="bbox 1831 1010 3425 1080">
     <span class='ocr_line' id='line_1_26' title="bbox 1831 1010 3425 1080; baseline 0.004 -16"><span class='ocrx_word' id='word_1_197' title='bbox 1831 1010 2030 1080; x_wconf 89' lang='lat' dir='ltr'><strong>septies</strong></span> <span class='ocrx_word' id='word_1_198' title='bbox 2058 1019 2206 1076; x_wconf 91' lang='lat' dir='ltr'><strong>sunt,</strong></span> <span class='ocrx_word' id='word_1_199' title='bbox 2254 1020 2536 1066; x_wconf 89' lang='lat' dir='ltr'><strong>remanent</strong></span> <span class='ocrx_word' id='word_1_200' title='bbox 2579 1013 2632 1067; x_wconf 87' lang='lat'><strong>3.</strong></span> <span class='ocrx_word' id='word_1_201' title='bbox 2667 1010 2850 1068; x_wconf 87' lang='lat' dir='ltr'><strong>Tertia</strong></span> <span class='ocrx_word' id='word_1_202' title='bbox 2904 1011 3040 1069; x_wconf 80' lang='lat' dir='ltr'><strong>feria</strong></span> <span class='ocrx_word' id='word_1_203' title='bbox 3095 1013 3259 1071; x_wconf 86' lang='lat' dir='ltr'><strong>fuerit</strong></span> <span class='ocrx_word' id='word_1_204' title='bbox 3306 1015 3425 1070; x_wconf 91' lang='lat' dir='ltr'><strong>Kal.</strong></span> 
     </span>
    </p>
   </div>
   <div class='ocr_carea' id='block_1_27' title="bbox 1831 1103 2560 1175">
    <p class='ocr_par' dir='ltr' id='par_1_27' title="bbox 1831 1103 2560 1175">
     <span class='ocr_line' id='line_1_27' title="bbox 1831 1103 2560 1175; baseline 0.001 -16"><span class='ocrx_word' id='word_1_205' title='bbox 1831 1103 2058 1160; x_wconf 78' lang='lat' dir='ltr'><strong>Januar.</strong></span> <span class='ocrx_word' id='word_1_206' title='bbox 2091 1120 2237 1161; x_wconf 89' lang='lat' dir='ltr'><strong>anno</strong></span> <span class='ocrx_word' id='word_1_207' title='bbox 2277 1114 2560 1175; x_wconf 82' lang='lat' dir='ltr'><strong>praesente.</strong></span> 
     </span>
    </p>
   </div>
   <div class='ocr_carea' id='block_1_28' title="bbox 1904 1217 3360 1292">
    <p class='ocr_par' dir='ltr' id='par_1_28' title="bbox 1904 1217 3360 1292">
     <span class='ocr_line' id='line_1_28' title="bbox 1904 1217 3360 1292; baseline 0.002 -19"><span class='ocrx_word' id='word_1_208' title='bbox 1904 1219 1983 1273; x_wconf 85' lang='lat' dir='ltr'><strong>De</strong></span> <span class='ocrx_word' id='word_1_209' title='bbox 2039 1217 2184 1290; x_wconf 78' lang='lat' dir='ltr'><strong>cgclo</strong></span> <span class='ocrx_word' id='word_1_210' title='bbox 2233 1218 2396 1274; x_wconf 77' lang='lat' dir='ltr'><strong>solari</strong></span> <span class='ocrx_word' id='word_1_211' title='bbox 2435 1229 2480 1272; x_wconf 88' lang='lat' dir='ltr'><strong>et</strong></span> <span class='ocrx_word' id='word_1_212' title='bbox 2522 1221 2700 1274; x_wconf 82' lang='lat' dir='ltr'><strong>lunari</strong></span> <span class='ocrx_word' id='word_1_213' title='bbox 2749 1237 2844 1292; x_wconf 81' lang='lat' dir='ltr'><strong>per</strong></span> <span class='ocrx_word' id='word_1_214' title='bbox 2889 1220 3082 1276; x_wconf 79' lang='lat' dir='ltr'><strong>diaitos</strong></span> <span class='ocrx_word' id='word_1_215' title='bbox 3141 1220 3360 1276; x_wconf 83' lang='lat' dir='ltr'><strong>demon-</strong></span> 
     </span>
    </p>
   </div>
   <div class='ocr_carea' id='block_1_29' title="bbox 2503 1293 2742 1347">
    <p class='ocr_par' dir='ltr' id='par_1_29' title="bbox 2503 1293 2742 1347">
     <span class='ocr_line' id='line_1_29' title="bbox 2503 1293 2742 1347; baseline -0.013 -2"><span class='ocrx_word' id='word_1_216' title='bbox 2503 1293 2742 1347; x_wconf 81' lang='lat' dir='ltr'><strong>strando.</strong></span> 
     </span>
    </p>
   </div>
   <div class='ocr_carea' id='block_1_30' title="bbox 1903 1381 3434 1455">
    <p class='ocr_par' dir='ltr' id='par_1_30' title="bbox 1903 1381 3434 1455">
     <span class='ocr_line' id='line_1_30' title="bbox 1903 1381 3434 1455; baseline 0 -17"><span class='ocrx_word' id='word_1_217' title='bbox 1903 1381 2036 1439; x_wconf 81' lang='lat' dir='ltr'><strong>CIV.</strong></span> <span class='ocrx_word' id='word_1_218' title='bbox 2097 1383 2325 1452; x_wconf 87' lang='lat' dir='ltr'><strong>Quidam</strong></span> <span class='ocrx_word' id='word_1_219' title='bbox 2357 1383 2425 1440; x_wconf 91' lang='lat' dir='ltr'><strong>ad</strong></span> <span class='ocrx_word' id='word_1_220' title='bbox 2457 1384 2835 1455; x_wconf 89' lang='lat' dir='ltr'><strong>compendium</strong></span> <span class='ocrx_word' id='word_1_221' title='bbox 2883 1383 3190 1439; x_wconf 87' lang='lat' dir='ltr'><strong>calculandi</strong></span> <span class='ocrx_word' id='word_1_222' title='bbox 3225 1383 3434 1438; x_wconf 90' lang='lat' dir='ltr'><strong>utrius-</strong></span> 
     </span>
    </p>
   </div>
   <div class='ocr_carea' id='block_1_31' title="bbox 1835 1475 3429 1544">
    <p class='ocr_par' dir='ltr' id='par_1_31' title="bbox 1835 1475 3429 1544">
     <span class='ocr_line' id='line_1_31' title="bbox 1835 1475 3429 1544; baseline 0.002 -16"><span class='ocrx_word' id='word_1_223' title='bbox 1835 1488 1940 1544; x_wconf 91' lang='lat' dir='ltr'><strong>que</strong></span> <span class='ocrx_word' id='word_1_224' title='bbox 1995 1475 2240 1530; x_wconf 82' lang='lat' dir='ltr'><strong>ordinem</strong></span> <span class='ocrx_word' id='word_1_225' title='bbox 2288 1475 2500 1544; x_wconf 87' lang='lat' dir='ltr'><strong>circuli,</strong></span> <span class='ocrx_word' id='word_1_226' title='bbox 2550 1475 2744 1531; x_wconf 85' lang='lat' dir='ltr'><strong>solaris</strong></span> <span class='ocrx_word' id='word_1_227' title='bbox 2791 1475 3065 1540; x_wconf 81' lang='lat' dir='ltr'><strong>videlicet,</strong></span> <span class='ocrx_word' id='word_1_228' title='bbox 3111 1483 3166 1530; x_wconf 91' lang='lat' dir='ltr'><strong>et</strong></span> <span class='ocrx_word' id='word_1_229' title='bbox 3199 1475 3429 1542; x_wconf 89' lang='lat' dir='ltr'><strong>lunaris,</strong></span> 
     </span>
    </p>
   </div>
   <div class='ocr_carea' id='block_1_32' title="bbox 1839 1565 3434 1638">
    <p class='ocr_par' dir='ltr' id='par_1_32' title="bbox 1839 1565 3434 1638">
     <span class='ocr_line' id='line_1_32' title="bbox 1839 1565 3434 1638; baseline 0.001 -18"><span class='ocrx_word' id='word_1_230' title='bbox 1839 1565 2176 1622; x_wconf 84' lang='lat' dir='ltr'><strong>transferunt</strong></span> <span class='ocrx_word' id='word_1_231' title='bbox 2219 1567 2273 1622; x_wconf 92' lang='lat' dir='ltr'><strong>in</strong></span> <span class='ocrx_word' id='word_1_232' title='bbox 2322 1566 2601 1624; x_wconf 88' lang='lat' dir='ltr'><strong>articulos.</strong></span> <span class='ocrx_word' id='word_1_233' title='bbox 2651 1567 2784 1622; x_wconf 88' lang='lat' dir='ltr'><strong>Nam</strong></span> <span class='ocrx_word' id='word_1_234' title='bbox 2820 1569 2945 1638; x_wconf 88' lang='lat' dir='ltr'><strong>quia</strong></span> <span class='ocrx_word' id='word_1_235' title='bbox 2976 1583 3170 1622; x_wconf 89' lang='lat' dir='ltr'><strong>manus</strong></span> <span class='ocrx_word' id='word_1_236' title='bbox 3196 1568 3434 1623; x_wconf 87' lang='lat' dir='ltr'><strong>humana</strong></span> 
     </span>
    </p>
   </div>
   <div class='ocr_carea' id='block_1_33' title="bbox 1837 1656 3436 1732">
    <p class='ocr_par' dir='ltr' id='par_1_33' title="bbox 1837 1656 3436 1732">
     <span class='ocr_line' id='line_1_33' title="bbox 1837 1656 3436 1732; baseline 0.002 -21"><span class='ocrx_word' id='word_1_237' title='bbox 1837 1656 2094 1712; x_wconf 87' lang='lat' dir='ltr'><strong>articulos</strong></span> <span class='ocrx_word' id='word_1_238' title='bbox 2118 1656 2283 1713; x_wconf 80' lang='lat' dir='ltr'><strong>habet</strong></span> <span class='ocrx_word' id='word_1_239' title='bbox 2326 1658 2393 1714; x_wconf 88' lang='grc'><strong>19</strong></span> <span class='ocrx_word' id='word_1_240' title='bbox 2420 1658 2688 1729; x_wconf 88' lang='lat' dir='ltr'><strong>adjunctis</strong></span> <span class='ocrx_word' id='word_1_241' title='bbox 2714 1659 2985 1730; x_wconf 86' lang='lat' dir='ltr'><strong>unguibus</strong></span> <span class='ocrx_word' id='word_1_242' title='bbox 3031 1659 3257 1732; x_wconf 75' lang='lat' dir='ltr'><strong>singulis</strong></span> <span class='ocrx_word' id='word_1_243' title='bbox 3283 1667 3436 1714; x_wconf 88' lang='lat' dir='ltr'><strong>artu-</strong></span> 
     </span>
    </p>
   </div>
   <div class='ocr_carea' id='block_1_34' title="bbox 119 1726 3433 1826">
    <p class='ocr_par' dir='ltr' id='par_1_34' title="bbox 119 1726 3433 1826">
     <span class='ocr_line' id='line_1_34' title="bbox 119 1726 3433 1826; baseline 0.002 -26"><span class='ocrx_word' id='word_1_244' title='bbox 119 1743 192 1800; x_wconf 83' lang='grc'><strong>’1.</strong></span> <span class='ocrx_word' id='word_1_245' title='bbox 224 1742 380 1800; x_wconf 84' lang='lat' dir='ltr'><strong>Nono</strong></span> <span class='ocrx_word' id='word_1_246' title='bbox 401 1759 566 1813; x_wconf 91' lang='lat' dir='ltr'><strong>anno,</strong></span> <span class='ocrx_word' id='word_1_247' title='bbox 594 1726 773 1818; x_wconf 79' lang='lat' dir='ltr'><strong>post8</strong></span> <span class='ocrx_word' id='word_1_248' title='bbox 802 1749 970 1804; x_wconf 88' lang='lat' dir='ltr'><strong>addas</strong></span> <span class='ocrx_word' id='word_1_249' title='bbox 989 1749 1026 1803; x_wconf 77' lang='grc'>2</span> <span class='ocrx_word' id='word_1_250' title='bbox 1051 1765 1194 1807; x_wconf 86' lang='lat' dir='ltr'><strong>anno</strong></span> <span class='ocrx_word' id='word_1_251' title='bbox 1217 1726 1305 1817; x_wconf 80' lang='lat' dir='ltr'><strong>i3,</strong></span> <span class='ocrx_word' id='word_1_252' title='bbox 1328 1726 1451 1822; x_wconf 81' lang='lat' dir='ltr'><strong>post</strong></span> <span class='ocrx_word' id='word_1_253' title='bbox 1473 1753 1541 1807; x_wconf 77' lang='grc'><strong>12</strong></span> <span class='ocrx_word' id='word_1_254' title='bbox 1567 1755 1736 1810; x_wconf 88' lang='lat' dir='ltr'><strong>addas</strong></span> <span class='ocrx_word' id='word_1_255' title='bbox 1765 1726 1812 1787; x_wconf 74' lang='grc' dir='ltr'>Β</span> <span class='ocrx_word' id='word_1_256' title='bbox 1843 1753 1965 1819; x_wconf 91' lang='lat' dir='ltr'><strong>bus,</strong></span> <span class='ocrx_word' id='word_1_257' title='bbox 1991 1763 2045 1809; x_wconf 89' lang='lat' dir='ltr'><strong>et</strong></span> <span class='ocrx_word' id='word_1_258' title='bbox 2071 1754 2340 1826; x_wconf 88' lang='lat' dir='ltr'><strong>unguibus</strong></span> <span class='ocrx_word' id='word_1_259' title='bbox 2380 1726 2617 1825; x_wconf 83' lang='lat' dir='ltr'><strong>singulos</strong></span> <span class='ocrx_word' id='word_1_260' title='bbox 2665 1726 2914 1824; x_wconf 80' lang='lat' dir='ltr'><strong>aptantes</strong></span> <span class='ocrx_word' id='word_1_261' title='bbox 2961 1726 3146 1810; x_wconf 70' lang='lat' dir='ltr'><strong>annos</strong></span> <span class='ocrx_word' id='word_1_262' title='bbox 3186 1752 3433 1810; x_wconf 86' lang='lat' dir='ltr'><strong>lunarem</strong></span> 
     </span>
    </p>
   </div>
   <div class='ocr_carea' id='block_1_35' title="bbox 133 1834 1741 1913">
    <p class='ocr_par' dir='ltr' id='par_1_35' title="bbox 133 1834 1741 1913">
     <span class='ocr_line' id='line_1_35' title="bbox 133 1834 1741 1913; baseline 0.007 -23"><span class='ocrx_word' id='word_1_263' title='bbox 133 1834 213 1900; x_wconf 93' lang='lat'><strong>3;</strong></span> <span class='ocrx_word' id='word_1_264' title='bbox 239 1844 365 1906; x_wconf 88' lang='lat' dir='ltr'><strong>post</strong></span> <span class='ocrx_word' id='word_1_265' title='bbox 387 1836 453 1892; x_wconf 89' lang='grc'><strong>16</strong></span> <span class='ocrx_word' id='word_1_266' title='bbox 489 1837 659 1894; x_wconf 88' lang='lat' dir='ltr'><strong>addas</strong></span> <span class='ocrx_word' id='word_1_267' title='bbox 686 1837 757 1905; x_wconf 88' lang='lat'><strong>4;</strong></span> <span class='ocrx_word' id='word_1_268' title='bbox 787 1847 912 1910; x_wconf 90' lang='lat' dir='ltr'><strong>post</strong></span> <span class='ocrx_word' id='word_1_269' title='bbox 937 1839 1009 1894; x_wconf 78' lang='lat'><strong>20</strong></span> <span class='ocrx_word' id='word_1_270' title='bbox 1031 1841 1200 1897; x_wconf 86' lang='lat' dir='ltr'><strong>addas</strong></span> <span class='ocrx_word' id='word_1_271' title='bbox 1232 1842 1302 1908; x_wconf 88' lang='lat'><strong>5;</strong></span> <span class='ocrx_word' id='word_1_272' title='bbox 1328 1852 1452 1913; x_wconf 89' lang='lat' dir='ltr'><strong>post</strong></span> <span class='ocrx_word' id='word_1_273' title='bbox 1471 1843 1542 1900; x_wconf 74' lang='lat'><strong>24</strong></span> <span class='ocrx_word' id='word_1_274' title='bbox 1572 1845 1741 1902; x_wconf 90' lang='lat' dir='ltr'><strong>addas</strong></span> 
     </span>
    </p>
   </div>
   <div class='ocr_carea' id='block_1_36' title="bbox 132 1926 1742 2009">
    <p class='ocr_par' dir='ltr' id='par_1_36' title="bbox 132 1926 1742 2009">
     <span class='ocr_line' id='line_1_36' title="bbox 132 1926 1742 2009; baseline 0.008 -28"><span class='ocrx_word' id='word_1_275' title='bbox 132 1927 192 1992; x_wconf 89' lang='lat'><strong>6,</strong></span> <span class='ocrx_word' id='word_1_276' title='bbox 219 1936 345 1998; x_wconf 89' lang='lat' dir='ltr'><strong>post</strong></span> <span class='ocrx_word' id='word_1_277' title='bbox 359 1926 428 1982; x_wconf 74' lang='lat'><strong>27</strong></span> <span class='ocrx_word' id='word_1_278' title='bbox 455 1926 624 1984; x_wconf 85' lang='lat' dir='ltr'><strong>addas</strong></span> <span class='ocrx_word' id='word_1_279' title='bbox 648 1927 702 1983; x_wconf 89' lang='lat'><strong>7.</strong></span> <span class='ocrx_word' id='word_1_280' title='bbox 727 1929 796 1985; x_wconf 91' lang='lat' dir='ltr'><strong>Et</strong></span> <span class='ocrx_word' id='word_1_281' title='bbox 823 1930 903 1986; x_wconf 89' lang='lat' dir='ltr'><strong>sic</strong></span> <span class='ocrx_word' id='word_1_282' title='bbox 921 1931 1167 1988; x_wconf 87' lang='lat' dir='ltr'><strong>invenies</strong></span> <span class='ocrx_word' id='word_1_283' title='bbox 1187 1945 1576 1993; x_wconf 89' lang='lat' dir='ltr'><strong>concurrentes</strong></span> <span class='ocrx_word' id='word_1_284' title='bbox 1601 1953 1742 2009; x_wconf 78' lang='lat' dir='ltr'><strong>pra:-</strong></span> 
     </span>
    </p>
   </div>
   <div class='ocr_carea' id='block_1_37' title="bbox 131 2018 1743 2098">
    <p class='ocr_par' dir='ltr' id='par_1_37' title="bbox 131 2018 1743 2098">
     <span class='ocr_line' id='line_1_37' title="bbox 131 2018 1743 2098; baseline 0.007 -25"><span class='ocrx_word' id='word_1_285' title='bbox 131 2018 310 2074; x_wconf 83' lang='lat' dir='ltr'><strong>sentis</strong></span> <span class='ocrx_word' id='word_1_286' title='bbox 338 2018 628 2089; x_wconf 85' lang='lat' dir='ltr'><strong>cujuslibet</strong></span> <span class='ocrx_word' id='word_1_287' title='bbox 658 2021 807 2076; x_wconf 91' lang='lat' dir='ltr'><strong>anni.</strong></span> <span class='ocrx_word' id='word_1_288' title='bbox 836 2021 944 2078; x_wconf 92' lang='lat' dir='ltr'><strong>Iste</strong></span> <span class='ocrx_word' id='word_1_289' title='bbox 968 2037 1097 2094; x_wconf 88' lang='lat' dir='ltr'><strong>ergo</strong></span> <span class='ocrx_word' id='word_1_290' title='bbox 1138 2024 1324 2098; x_wconf 84' lang='lat' dir='ltr'><strong>cyclus</strong></span> <span class='ocrx_word' id='word_1_291' title='bbox 1353 2027 1546 2084; x_wconf 89' lang='lat' dir='ltr'><strong>solaris</strong></span> <span class='ocrx_word' id='word_1_292' title='bbox 1575 2028 1743 2085; x_wconf 87' lang='lat' dir='ltr'><strong>habet</strong></span> 
     </span>
    </p>
   </div>
   <div class='ocr_carea' id='block_1_38' title="bbox 130 2112 1740 2193">
    <p class='ocr_par' dir='ltr' id='par_1_38' title="bbox 130 2112 1740 2193">
     <span class='ocr_line' id='line_1_38' title="bbox 130 2112 1740 2193; baseline 0.009 -28"><span class='ocrx_word' id='word_1_293' title='bbox 130 2127 312 2170; x_wconf 82' lang='lat' dir='ltr'><strong>annos</strong></span> <span class='ocrx_word' id='word_1_294' title='bbox 333 2112 405 2168; x_wconf 76' lang='lat'><strong>28</strong></span> <span class='ocrx_word' id='word_1_295' title='bbox 427 2113 482 2169; x_wconf 91' lang='lat' dir='ltr'><strong>in</strong></span> <span class='ocrx_word' id='word_1_296' title='bbox 527 2129 605 2182; x_wconf 90' lang='lat' dir='ltr'><strong>se,</strong></span> <span class='ocrx_word' id='word_1_297' title='bbox 637 2115 778 2172; x_wconf 90' lang='lat' dir='ltr'><strong>idest</strong></span> <span class='ocrx_word' id='word_1_298' title='bbox 814 2116 850 2172; x_wconf 90' lang='lat'><strong>4</strong></span> <span class='ocrx_word' id='word_1_299' title='bbox 877 2117 1230 2190; x_wconf 89' lang='lat' dir='ltr'><strong>septimanas,</strong></span> <span class='ocrx_word' id='word_1_300' title='bbox 1263 2119 1347 2175; x_wconf 93' lang='lat' dir='ltr'><strong>vel</strong></span> <span class='ocrx_word' id='word_1_301' title='bbox 1371 2121 1403 2175; x_wconf 88' lang='lat'><strong>7</strong></span> <span class='ocrx_word' id='word_1_302' title='bbox 1425 2131 1740 2193; x_wconf 88' lang='lat' dir='ltr'><strong>quaternos,</strong></span> 
     </span>
    </p>
   </div>
   <div class='ocr_carea' id='block_1_39' title="bbox 131 2207 1739 2285">
    <p class='ocr_par' dir='ltr' id='par_1_39' title="bbox 131 2207 1739 2285">
     <span class='ocr_line' id='line_1_39' title="bbox 131 2207 1739 2285; baseline 0.007 -25"><span class='ocrx_word' id='word_1_303' title='bbox 131 2207 266 2276; x_wconf 85' lang='lat' dir='ltr'><strong>quia</strong></span> <span class='ocrx_word' id='word_1_304' title='bbox 301 2222 410 2263; x_wconf 92' lang='lat' dir='ltr'><strong>non</strong></span> <span class='ocrx_word' id='word_1_305' title='bbox 439 2217 620 2280; x_wconf 89' lang='lat' dir='ltr'><strong>potest</strong></span> <span class='ocrx_word' id='word_1_306' title='bbox 666 2213 1058 2279; x_wconf 88' lang='lat' dir='ltr'><strong>consummari,</strong></span> <span class='ocrx_word' id='word_1_307' title='bbox 1087 2212 1408 2285; x_wconf 85' lang='lat' dir='ltr'><strong>priusquam</strong></span> <span class='ocrx_word' id='word_1_308' title='bbox 1443 2214 1739 2283; x_wconf 75' lang='lat' dir='ltr'><strong>bissextus,</strong></span> 
     </span>
    </p>
   </div>
   <div class='ocr_carea' id='block_1_40' title="bbox 131 2301 1744 2380">
    <p class='ocr_par' dir='ltr' id='par_1_40' title="bbox 131 2301 1744 2380">
     <span class='ocr_line' id='line_1_40' title="bbox 131 2301 1744 2380; baseline 0.007 -26"><span class='ocrx_word' id='word_1_309' title='bbox 131 2301 232 2371; x_wconf 87' lang='lat' dir='ltr'><strong>qui</strong></span> <span class='ocrx_word' id='word_1_310' title='bbox 271 2310 469 2372; x_wconf 90' lang='lat' dir='ltr'><strong>quarto</strong></span> <span class='ocrx_word' id='word_1_311' title='bbox 520 2318 661 2360; x_wconf 90' lang='lat' dir='ltr'><strong>anno</strong></span> <span class='ocrx_word' id='word_1_312' title='bbox 713 2304 894 2360; x_wconf 89' lang='lat' dir='ltr'><strong>redire</strong></span> <span class='ocrx_word' id='word_1_313' title='bbox 942 2305 1100 2374; x_wconf 89' lang='lat' dir='ltr'><strong>solet,</strong></span> <span class='ocrx_word' id='word_1_314' title='bbox 1157 2315 1383 2364; x_wconf 88' lang='lat' dir='ltr'><strong>cunctos</strong></span> <span class='ocrx_word' id='word_1_315' title='bbox 1430 2309 1744 2380; x_wconf 56' lang='lat' dir='ltr'><strong>septimana;</strong></span> 
     </span>
    </p>
   </div>
   <div class='ocr_carea' id='block_1_41' title="bbox 133 2395 1744 2467">
    <p class='ocr_par' dir='ltr' id='par_1_41' title="bbox 133 2395 1744 2467">
     <span class='ocr_line' id='line_1_41' title="bbox 133 2395 1744 2467; baseline 0.006 -17"><span class='ocrx_word' id='word_1_316' title='bbox 133 2395 260 2451; x_wconf 87' lang='lat' dir='ltr'><strong>dies</strong></span> <span class='ocrx_word' id='word_1_317' title='bbox 297 2397 612 2463; x_wconf 89' lang='lat' dir='ltr'><strong>circumeat,</strong></span> <span class='ocrx_word' id='word_1_318' title='bbox 664 2407 720 2454; x_wconf 92' lang='lat' dir='ltr'><strong>et</strong></span> <span class='ocrx_word' id='word_1_319' title='bbox 766 2400 1067 2467; x_wconf 80' lang='lat' dir='ltr'><strong>contingat,</strong></span> <span class='ocrx_word' id='word_1_320' title='bbox 1102 2401 1155 2456; x_wconf 92' lang='lat' dir='ltr'><strong>id</strong></span> <span class='ocrx_word' id='word_1_321' title='bbox 1190 2410 1274 2457; x_wconf 90' lang='lat' dir='ltr'><strong>est</strong></span> <span class='ocrx_word' id='word_1_322' title='bbox 1325 2402 1662 2459; x_wconf 92' lang='lat' dir='ltr'><strong>Dominicam</strong></span> <span class='ocrx_word' id='word_1_323' title='bbox 1709 2403 1744 2460; x_wconf 87' lang='lat'><strong><em>6</em></strong></span> 
     </span>
    </p>
   </div>
   <div class='ocr_carea' id='block_1_42' title="bbox 132 2485 1745 2561">
    <p class='ocr_par' dir='ltr' id='par_1_42' title="bbox 132 2485 1745 2561">
     <span class='ocr_line' id='line_1_42' title="bbox 132 2485 1745 2561; baseline 0.004 -20"><span class='ocrx_word' id='word_1_324' title='bbox 132 2485 360 2554; x_wconf 77' lang='lat' dir='ltr'><strong>feriam,</strong></span> <span class='ocrx_word' id='word_1_325' title='bbox 414 2488 448 2542; x_wconf 90' lang='lat'><strong>4</strong></span> <span class='ocrx_word' id='word_1_326' title='bbox 495 2487 708 2555; x_wconf 78' lang='lat' dir='ltr'><strong>feriam,</strong></span> <span class='ocrx_word' id='word_1_327' title='bbox 738 2491 774 2544; x_wconf 78' lang='lat'><strong>2</strong></span> <span class='ocrx_word' id='word_1_328' title='bbox 803 2490 1016 2558; x_wconf 79' lang='lat' dir='ltr'><strong>feriam,</strong></span> <span class='ocrx_word' id='word_1_329' title='bbox 1047 2491 1077 2546; x_wconf 91' lang='lat'><strong>7</strong></span> <span class='ocrx_word' id='word_1_330' title='bbox 1126 2490 1340 2560; x_wconf 80' lang='lat' dir='ltr'><strong>feriam,</strong></span> <span class='ocrx_word' id='word_1_331' title='bbox 1391 2492 1425 2547; x_wconf 86' lang='lat'><strong>5</strong></span> <span class='ocrx_word' id='word_1_332' title='bbox 1474 2492 1745 2561; x_wconf 81' lang='lat' dir='ltr'><strong>feriam,3</strong></span> 
     </span>
    </p>
   </div>
   <div class='ocr_carea' id='block_1_43' title="bbox 134 2575 1746 2656">
    <p class='ocr_par' dir='ltr' id='par_1_43' title="bbox 134 2575 1746 2656">
     <span class='ocr_line' id='line_1_43' title="bbox 134 2575 1746 2656; baseline 0.006 -25"><span class='ocrx_word' id='word_1_333' title='bbox 134 2575 335 2632; x_wconf 77' lang='lat' dir='ltr'><strong>feriam</strong></span> <span class='ocrx_word' id='word_1_334' title='bbox 366 2595 380 2644; x_wconf 92' lang='lat'><strong>;</strong></span> <span class='ocrx_word' id='word_1_335' title='bbox 413 2579 516 2636; x_wconf 88' lang='lat' dir='ltr'><strong>hoc</strong></span> <span class='ocrx_word' id='word_1_336' title='bbox 543 2581 688 2635; x_wconf 91' lang='lat' dir='ltr'><strong>enim</strong></span> <span class='ocrx_word' id='word_1_337' title='bbox 716 2583 906 2639; x_wconf 90' lang='lat' dir='ltr'><strong>ordine</strong></span> <span class='ocrx_word' id='word_1_338' title='bbox 940 2584 1297 2650; x_wconf 89' lang='lat' dir='ltr'><strong>circumeunt,</strong></span> <span class='ocrx_word' id='word_1_339' title='bbox 1324 2593 1380 2640; x_wconf 89' lang='lat' dir='ltr'><strong>et</strong></span> <span class='ocrx_word' id='word_1_340' title='bbox 1419 2579 1746 2656; x_wconf 83' lang='lat' dir='ltr'><strong>percurrunt</strong></span> 
     </span>
    </p>
   </div>
   <div class='ocr_carea' id='block_1_44' title="bbox 134 2674 1747 2749">
    <p class='ocr_par' dir='ltr' id='par_1_44' title="bbox 134 2674 1747 2749">
     <span class='ocr_line' id='line_1_44' title="bbox 134 2674 1747 2749; baseline 0.006 -23"><span class='ocrx_word' id='word_1_341' title='bbox 134 2686 335 2728; x_wconf 90' lang='lat' dir='ltr'><strong>omnes</strong></span> <span class='ocrx_word' id='word_1_342' title='bbox 388 2674 703 2744; x_wconf 84' lang='lat' dir='ltr'><strong>septimanae</strong></span> <span class='ocrx_word' id='word_1_343' title='bbox 750 2676 891 2743; x_wconf 89' lang='lat' dir='ltr'><strong>dies,</strong></span> <span class='ocrx_word' id='word_1_344' title='bbox 948 2692 1183 2748; x_wconf 87' lang='lat' dir='ltr'><strong>namque</strong></span> <span class='ocrx_word' id='word_1_345' title='bbox 1232 2693 1569 2749; x_wconf 83' lang='lat' dir='ltr'><strong>unaquaeque</strong></span> <span class='ocrx_word' id='word_1_346' title='bbox 1614 2677 1747 2734; x_wconf 87' lang='lat' dir='ltr'><strong>anni</strong></span> 
     </span>
    </p>
   </div>
   <div class='ocr_carea' id='block_1_45' title="bbox 136 2757 1747 2841">
    <p class='ocr_par' dir='ltr' id='par_1_45' title="bbox 136 2757 1747 2841">
     <span class='ocr_line' id='line_1_45' title="bbox 136 2757 1747 2841; baseline 0.002 -18"><span class='ocrx_word' id='word_1_347' title='bbox 136 2766 262 2823; x_wconf 85' lang='lat' dir='ltr'><strong>dies</strong></span> <span class='ocrx_word' id='word_1_348' title='bbox 288 2782 416 2823; x_wconf 92' lang='lat' dir='ltr'><strong>suos</strong></span> <span class='ocrx_word' id='word_1_349' title='bbox 447 2779 836 2826; x_wconf 90' lang='lat' dir='ltr'><strong>concurrentes</strong></span> <span class='ocrx_word' id='word_1_350' title='bbox 873 2770 1058 2836; x_wconf 86' lang='lat' dir='ltr'><strong>habet,</strong></span> <span class='ocrx_word' id='word_1_351' title='bbox 1104 2770 1195 2841; x_wconf 88' lang='lat' dir='ltr'><strong>qui</strong></span> <span class='ocrx_word' id='word_1_352' title='bbox 1233 2757 1624 2828; x_wconf 84' lang='lat' dir='ltr'><strong>concurrentes</strong></span> <span class='ocrx_word' id='word_1_353' title='bbox 1649 2770 1747 2827; x_wconf 87' lang='lat' dir='ltr'><strong>ad-</strong></span> 
     </span>
    </p>
   </div>
   <div class='ocr_carea' id='block_1_46' title="bbox 137 2855 1749 2934">
    <p class='ocr_par' dir='ltr' id='par_1_46' title="bbox 137 2855 1749 2934">
     <span class='ocr_line' id='line_1_46' title="bbox 137 2855 1749 2934; baseline 0.002 -21"><span class='ocrx_word' id='word_1_354' title='bbox 137 2858 238 2913; x_wconf 78' lang='lat' dir='ltr'><strong>ﬁxi</strong></span> <span class='ocrx_word' id='word_1_355' title='bbox 274 2868 400 2914; x_wconf 91' lang='lat' dir='ltr'><strong>sunt</strong></span> <span class='ocrx_word' id='word_1_356' title='bbox 427 2859 481 2914; x_wconf 93' lang='lat' dir='ltr'><strong>in</strong></span> <span class='ocrx_word' id='word_1_357' title='bbox 509 2875 563 2915; x_wconf 85' lang='lat' dir='ltr'><strong>1x</strong></span> <span class='ocrx_word' id='word_1_358' title='bbox 592 2855 720 2915; x_wconf 68' lang='lat' dir='ltr'><strong>Kal.</strong></span> <span class='ocrx_word' id='word_1_359' title='bbox 757 2861 917 2933; x_wconf 88' lang='lat' dir='ltr'><strong>Apr.,</strong></span> <span class='ocrx_word' id='word_1_360' title='bbox 955 2859 1208 2918; x_wconf 84' lang='lat' dir='ltr'><strong>videlicet</strong></span> <span class='ocrx_word' id='word_1_361' title='bbox 1235 2871 1294 2917; x_wconf 91' lang='lat' dir='ltr'><strong>ut</strong></span> <span class='ocrx_word' id='word_1_362' title='bbox 1323 2862 1569 2934; x_wconf 87' lang='lat' dir='ltr'><strong>proprias</strong></span> <span class='ocrx_word' id='word_1_363' title='bbox 1596 2860 1749 2918; x_wconf 81' lang='lat' dir='ltr'><strong>festi-</strong></span> 
     </span>
    </p>
   </div>
   <div class='ocr_carea' id='block_1_47' title="bbox 135 2951 1742 3024">
    <p class='ocr_par' dir='ltr' id='par_1_47' title="bbox 135 2951 1742 3024">
     <span class='ocr_line' id='line_1_47' title="bbox 135 2951 1742 3024; baseline 0.001 -20"><span class='ocrx_word' id='word_1_364' title='bbox 135 2951 346 3007; x_wconf 89' lang='lat' dir='ltr'><strong>vitates</strong></span> <span class='ocrx_word' id='word_1_365' title='bbox 383 2951 664 3010; x_wconf 86' lang='lat' dir='ltr'><strong>Paschalis</strong></span> <span class='ocrx_word' id='word_1_366' title='bbox 715 2953 806 3020; x_wconf 79' lang='lat' dir='ltr'><strong>i4,</strong></span> <span class='ocrx_word' id='word_1_367' title='bbox 837 2953 962 3008; x_wconf 91' lang='lat' dir='ltr'><strong>luna</strong></span> <span class='ocrx_word' id='word_1_368' title='bbox 989 2964 1157 3024; x_wconf 91' lang='lat' dir='ltr'><strong>quota</strong></span> <span class='ocrx_word' id='word_1_369' title='bbox 1195 2957 1267 3009; x_wconf 91' lang='lat' dir='ltr'><strong>sit</strong></span> <span class='ocrx_word' id='word_1_370' title='bbox 1296 2953 1432 3010; x_wconf 80' lang='lat' dir='ltr'><strong>feria</strong></span> <span class='ocrx_word' id='word_1_371' title='bbox 1477 2951 1742 3024; x_wconf 88' lang='lat' dir='ltr'><strong>pandunt,</strong></span> 
     </span>
    </p>
   </div>
   <div class='ocr_carea' id='block_1_48' title="bbox 123 3041 1748 3120">
    <p class='ocr_par' dir='ltr' id='par_1_48' title="bbox 123 3041 1748 3120">
     <span class='ocr_line' id='line_1_48' title="bbox 123 3041 1748 3120; baseline -0.001 -17"><span class='ocrx_word' id='word_1_372' title='bbox 123 3041 201 3103; x_wconf 75' lang='grc' dir='ltr'><strong>ἐι</strong></span> <span class='ocrx_word' id='word_1_373' title='bbox 226 3047 373 3103; x_wconf 90' lang='lat' dir='ltr'><strong>diem</strong></span> <span class='ocrx_word' id='word_1_374' title='bbox 421 3057 762 3119; x_wconf 85' lang='lat' dir='ltr'><strong>epactarum,</strong></span> <span class='ocrx_word' id='word_1_375' title='bbox 794 3063 860 3104; x_wconf 88' lang='lat' dir='ltr'><strong>ac</strong></span> <span class='ocrx_word' id='word_1_376' title='bbox 884 3062 980 3120; x_wconf 91' lang='lat' dir='ltr'><strong>per</strong></span> <span class='ocrx_word' id='word_1_377' title='bbox 1001 3049 1108 3105; x_wconf 88' lang='lat' dir='ltr'><strong>hoc</strong></span> <span class='ocrx_word' id='word_1_378' title='bbox 1141 3060 1197 3104; x_wconf 93' lang='lat' dir='ltr'><strong>et</strong></span> <span class='ocrx_word' id='word_1_379' title='bbox 1219 3046 1502 3103; x_wconf 88' lang='lat' dir='ltr'><strong>Paschalis</strong></span> <span class='ocrx_word' id='word_1_380' title='bbox 1527 3047 1634 3102; x_wconf 89' lang='lat' dir='ltr'><strong>diei</strong></span> <span class='ocrx_word' id='word_1_381' title='bbox 1669 3046 1748 3101; x_wconf 89' lang='lat' dir='ltr'><strong>in-</strong></span> 
     </span>
    </p>
   </div>
   <div class='ocr_carea' id='block_1_49' title="bbox 135 3139 1746 3216">
    <p class='ocr_par' dir='ltr' id='par_1_49' title="bbox 135 3139 1746 3216">
     <span class='ocr_line' id='line_1_49' title="bbox 135 3139 1746 3216; baseline -0.001 -20"><span class='ocrx_word' id='word_1_382' title='bbox 135 3143 466 3200; x_wconf 83' lang='lat' dir='ltr'><strong>ventionum</strong></span> <span class='ocrx_word' id='word_1_383' title='bbox 519 3143 739 3216; x_wconf 89' lang='lat' dir='ltr'><strong>planum</strong></span> <span class='ocrx_word' id='word_1_384' title='bbox 795 3141 1002 3199; x_wconf 81' lang='lat' dir='ltr'><strong>faciunt</strong></span> <span class='ocrx_word' id='word_1_385' title='bbox 1033 3143 1153 3198; x_wconf 89' lang='lat' dir='ltr'><strong>iter.</strong></span> <span class='ocrx_word' id='word_1_386' title='bbox 1203 3141 1494 3213; x_wconf 80' lang='lat' dir='ltr'><strong>Dionysius</strong></span> <span class='ocrx_word' id='word_1_387' title='bbox 1520 3139 1589 3195; x_wconf 89' lang='lat' dir='ltr'><strong>de</strong></span> <span class='ocrx_word' id='word_1_388' title='bbox 1616 3155 1746 3195; x_wconf 88' lang='lat' dir='ltr'><strong>con-</strong></span> 
     </span>
    </p>
   </div>
   <div class='ocr_carea' id='block_1_50' title="bbox 134 3231 1745 3294">
    <p class='ocr_par' dir='ltr' id='par_1_50' title="bbox 134 3231 1745 3294">
     <span class='ocr_line' id='line_1_50' title="bbox 134 3231 1745 3294; baseline -0.004 -1"><span class='ocrx_word' id='word_1_389' title='bbox 134 3238 495 3294; x_wconf 86' lang='lat' dir='ltr'><strong>currentibus</strong></span> <span class='ocrx_word' id='word_1_390' title='bbox 533 3237 701 3293; x_wconf 88' lang='lat' dir='ltr'><strong>dicit:</strong></span> <span class='ocrx_word' id='word_1_391' title='bbox 740 3237 1182 3292; x_wconf 82' lang='lat' dir='ltr'><strong>Concurrentium</strong></span> <span class='ocrx_word' id='word_1_392' title='bbox 1220 3243 1396 3290; x_wconf 81' lang='lat' dir='ltr'><strong>autent</strong></span> <span class='ocrx_word' id='word_1_393' title='bbox 1437 3231 1745 3289; x_wconf 82' lang='lat' dir='ltr'><strong>Hebdoma-</strong></span> 
     </span>
    </p>
   </div>
   <div class='ocr_carea' id='block_1_51' title="bbox 136 3327 1750 3402">
    <p class='ocr_par' dir='ltr' id='par_1_51' title="bbox 136 3327 1750 3402">
     <span class='ocr_line' id='line_1_51' title="bbox 136 3327 1750 3402; baseline -0.003 -18"><span class='ocrx_word' id='word_1_394' title='bbox 136 3331 276 3386; x_wconf 87' lang='lat' dir='ltr'><strong>dum</strong></span> <span class='ocrx_word' id='word_1_395' title='bbox 310 3331 464 3399; x_wconf 83' lang='lat' dir='ltr'><strong>ratio,</strong></span> <span class='ocrx_word' id='word_1_396' title='bbox 487 3347 606 3402; x_wconf 60' lang='lat' dir='ltr'><strong>quat</strong></span> <span class='ocrx_word' id='word_1_397' title='bbox 635 3330 700 3386; x_wconf 88' lang='lat' dir='ltr'><strong>de</strong></span> <span class='ocrx_word' id='word_1_398' title='bbox 723 3331 849 3386; x_wconf 77' lang='lat' dir='ltr'><strong>solis</strong></span> <span class='ocrx_word' id='word_1_399' title='bbox 881 3346 1040 3385; x_wconf 73' lang='lat' dir='ltr'><strong>cursu</strong></span> <span class='ocrx_word' id='word_1_400' title='bbox 1089 3327 1382 3400; x_wconf 82' lang='lat' dir='ltr'><strong>superuenit</strong></span> <span class='ocrx_word' id='word_1_401' title='bbox 1417 3336 1626 3397; x_wconf 81' lang='lat' dir='ltr'><strong>septeno</strong></span> <span class='ocrx_word' id='word_1_402' title='bbox 1651 3342 1750 3380; x_wconf 84' lang='lat' dir='ltr'><strong>an-</strong></span> 
     </span>
    </p>
   </div>
   <div class='ocr_carea' id='block_1_52' title="bbox 137 3417 1744 3493">
    <p class='ocr_par' dir='ltr' id='par_1_52' title="bbox 137 3417 1744 3493">
     <span class='ocr_line' id='line_1_52' title="bbox 137 3417 1744 3493; baseline -0.006 -14"><span class='ocrx_word' id='word_1_403' title='bbox 137 3438 339 3479; x_wconf 83' lang='lat' dir='ltr'><strong>norum</strong></span> <span class='ocrx_word' id='word_1_404' title='bbox 372 3421 569 3477; x_wconf 77' lang='lat' dir='ltr'><strong>circulo</strong></span> <span class='ocrx_word' id='word_1_405' title='bbox 597 3430 784 3493; x_wconf 86' lang='lat' dir='ltr'><strong>quater</strong></span> <span class='ocrx_word' id='word_1_406' title='bbox 805 3425 961 3475; x_wconf 85' lang='lat' dir='ltr'><strong>ducto</strong></span> <span class='ocrx_word' id='word_1_407' title='bbox 993 3419 1116 3492; x_wconf 85' lang='lat' dir='ltr'><strong>jugi</strong></span> <span class='ocrx_word' id='word_1_408' title='bbox 1144 3419 1370 3474; x_wconf 79' lang='lat' dir='ltr'><strong>circuitu</strong></span> <span class='ocrx_word' id='word_1_409' title='bbox 1410 3417 1744 3472; x_wconf 83' lang='lat' dir='ltr'><strong>terminatur.</strong></span> 
     </span>
    </p>
   </div>
   <div class='ocr_carea' id='block_1_53' title="bbox 130 3507 1750 3586">
    <p class='ocr_par' dir='ltr' id='par_1_53' title="bbox 130 3507 1750 3586">
     <span class='ocr_line' id='line_1_53' title="bbox 130 3507 1750 3586; baseline -0.005 -16"><span class='ocrx_word' id='word_1_410' title='bbox 130 3513 201 3570; x_wconf 84' lang='lat' dir='ltr'><strong>In</strong></span> <span class='ocrx_word' id='word_1_411' title='bbox 259 3529 367 3585; x_wconf 88' lang='lat' dir='ltr'><strong>quo</strong></span> <span class='ocrx_word' id='word_1_412' title='bbox 407 3529 504 3586; x_wconf 90' lang='lat' dir='ltr'><strong>per</strong></span> <span class='ocrx_word' id='word_1_413' title='bbox 537 3527 709 3570; x_wconf 89' lang='lat' dir='ltr'><strong>annos</strong></span> <span class='ocrx_word' id='word_1_414' title='bbox 747 3512 986 3584; x_wconf 82' lang='lat' dir='ltr'><strong>singulos</strong></span> <span class='ocrx_word' id='word_1_415' title='bbox 1017 3512 1154 3568; x_wconf 89' lang='lat' dir='ltr'><strong>idest</strong></span> <span class='ocrx_word' id='word_1_416' title='bbox 1180 3511 1212 3564; x_wconf 89' lang='lat'><strong>3</strong></span> <span class='ocrx_word' id='word_1_417' title='bbox 1239 3525 1404 3565; x_wconf 88' lang='lat' dir='ltr'><strong>unum</strong></span> <span class='ocrx_word' id='word_1_418' title='bbox 1449 3507 1668 3574; x_wconf 88' lang='lat' dir='ltr'><strong>addere,</strong></span> <span class='ocrx_word' id='word_1_419' title='bbox 1693 3515 1750 3562; x_wconf 88' lang='lat' dir='ltr'><strong>et</strong></span> 
     </span>
    </p>
   </div>
   <div class='ocr_carea' id='block_1_54' title="bbox 131 3603 1747 3678">
    <p class='ocr_par' dir='ltr' id='par_1_54' title="bbox 131 3603 1747 3678">
     <span class='ocr_line' id='line_1_54' title="bbox 131 3603 1747 3678; baseline -0.006 -14"><span class='ocrx_word' id='word_1_420' title='bbox 131 3616 543 3664; x_wconf 87' lang='lat' dir='ltr'><strong>concurrentes</strong></span> <span class='ocrx_word' id='word_1_421' title='bbox 579 3607 842 3678; x_wconf 71' lang='lat' dir='ltr'><strong>prmteriti</strong></span> <span class='ocrx_word' id='word_1_422' title='bbox 878 3606 1004 3660; x_wconf 90' lang='lat' dir='ltr'><strong>anni</strong></span> <span class='ocrx_word' id='word_1_423' title='bbox 1035 3604 1270 3661; x_wconf 88' lang='lat' dir='ltr'><strong>curabis.</strong></span> <span class='ocrx_word' id='word_1_424' title='bbox 1310 3603 1369 3659; x_wconf 90' lang='lat' dir='ltr'><strong>In</strong></span> <span class='ocrx_word' id='word_1_425' title='bbox 1411 3617 1476 3658; x_wconf 88' lang='lat' dir='ltr'><strong>eo</strong></span> <span class='ocrx_word' id='word_1_426' title='bbox 1509 3610 1747 3657; x_wconf 82' lang='lat' dir='ltr'><strong>tantum-</strong></span> 
     </span>
    </p>
   </div>
   <div class='ocr_carea' id='block_1_55' title="bbox 134 3690 1751 3770">
    <p class='ocr_par' dir='ltr' id='par_1_55' title="bbox 134 3690 1751 3770">
     <span class='ocr_line' id='line_1_55' title="bbox 134 3690 1751 3770; baseline -0.004 -14"><span class='ocrx_word' id='word_1_427' title='bbox 134 3701 314 3756; x_wconf 86' lang='lat' dir='ltr'><strong>modo</strong></span> <span class='ocrx_word' id='word_1_428' title='bbox 344 3716 510 3768; x_wconf 90' lang='lat' dir='ltr'><strong>anno,</strong></span> <span class='ocrx_word' id='word_1_429' title='bbox 549 3700 691 3756; x_wconf 89' lang='lat' dir='ltr'><strong>idest</strong></span> <span class='ocrx_word' id='word_1_430' title='bbox 721 3701 774 3767; x_wconf 89' lang='lat'><strong>4,</strong></span> <span class='ocrx_word' id='word_1_431' title='bbox 830 3699 883 3754; x_wconf 91' lang='lat' dir='ltr'><strong>in</strong></span> <span class='ocrx_word' id='word_1_432' title='bbox 924 3715 1032 3770; x_wconf 87' lang='lat' dir='ltr'><strong>quo</strong></span> <span class='ocrx_word' id='word_1_433' title='bbox 1084 3698 1358 3754; x_wconf 87' lang='lat' dir='ltr'><strong>bissextus</strong></span> <span class='ocrx_word' id='word_1_434' title='bbox 1402 3695 1573 3752; x_wconf 75' lang='lat' dir='ltr'><strong>fuerit</strong></span> <span class='ocrx_word' id='word_1_435' title='bbox 1599 3690 1751 3751; x_wconf 52' lang='lat' dir='ltr'><strong>&#39;duos</strong></span> 
     </span>
    </p>
   </div>
   <div class='ocr_carea' id='block_1_56' title="bbox 131 3789 1751 3864">
    <p class='ocr_par' dir='ltr' id='par_1_56' title="bbox 131 3789 1751 3864">
     <span class='ocr_line' id='line_1_56' title="bbox 131 3789 1751 3864; baseline -0.004 -16"><span class='ocrx_word' id='word_1_436' title='bbox 131 3791 398 3861; x_wconf 84' lang='lat' dir='ltr'><strong>adjicias.</strong></span> <span class='ocrx_word' id='word_1_437' title='bbox 434 3792 572 3848; x_wconf 91' lang='lat' dir='ltr'><strong>Istas</strong></span> <span class='ocrx_word' id='word_1_438' title='bbox 601 3807 732 3864; x_wconf 87' lang='lat' dir='ltr'><strong>ergo</strong></span> <span class='ocrx_word' id='word_1_439' title='bbox 754 3799 976 3862; x_wconf 89' lang='lat' dir='ltr'><strong>epactas</strong></span> <span class='ocrx_word' id='word_1_440' title='bbox 1001 3789 1152 3854; x_wconf 89' lang='lat' dir='ltr'><strong>solis,</strong></span> <span class='ocrx_word' id='word_1_441' title='bbox 1182 3790 1322 3845; x_wconf 84' lang='lat' dir='ltr'><strong>idest</strong></span> <span class='ocrx_word' id='word_1_442' title='bbox 1358 3796 1751 3844; x_wconf 87' lang='lat' dir='ltr'><strong>concurrentes</strong></span> 
     </span>
    </p>
   </div>
   <div class='ocr_carea' id='block_1_57' title="bbox 133 3881 1746 3957">
    <p class='ocr_par' dir='ltr' id='par_1_57' title="bbox 133 3881 1746 3957">
     <span class='ocr_line' id='line_1_57' title="bbox 133 3881 1746 3957; baseline -0.007 -14"><span class='ocrx_word' id='word_1_443' title='bbox 133 3885 584 3957; x_wconf 86' lang='lat' dir='ltr'><strong>septimanarum</strong></span> <span class='ocrx_word' id='word_1_444' title='bbox 615 3883 733 3939; x_wconf 89' lang='lat' dir='ltr'><strong>dies</strong></span> <span class='ocrx_word' id='word_1_445' title='bbox 782 3899 839 3938; x_wconf 81' lang='lat' dir='ltr'><strong>1x</strong></span> <span class='ocrx_word' id='word_1_446' title='bbox 881 3881 1002 3936; x_wconf 87' lang='lat' dir='ltr'><strong>Kal.</strong></span> <span class='ocrx_word' id='word_1_447' title='bbox 1050 3881 1184 3952; x_wconf 89' lang='lat' dir='ltr'><strong>Apr.</strong></span> <span class='ocrx_word' id='word_1_448' title='bbox 1216 3889 1468 3936; x_wconf 91' lang='lat' dir='ltr'><strong>auctores</strong></span> <span class='ocrx_word' id='word_1_449' title='bbox 1518 3886 1746 3948; x_wconf 91' lang='lat' dir='ltr'><strong>ponunt,</strong></span> 
     </span>
    </p>
   </div>
   <div class='ocr_carea' id='block_1_58' title="bbox 123 3970 1753 4048">
    <p class='ocr_par' dir='ltr' id='par_1_58' title="bbox 123 3970 1753 4048">
     <span class='ocr_line' id='line_1_58' title="bbox 123 3970 1753 4048; baseline -0.005 -16"><span class='ocrx_word' id='word_1_450' title='bbox 123 3971 284 4048; x_wconf 41' lang='lat' dir='ltr'><strong>&#39;quia</strong></span> <span class='ocrx_word' id='word_1_451' title='bbox 311 3977 608 4032; x_wconf 85' lang='lat' dir='ltr'><strong>secundum</strong></span> <span class='ocrx_word' id='word_1_452' title='bbox 641 3975 983 4030; x_wconf 88' lang='lat' dir='ltr'><strong>traditionem</strong></span> <span class='ocrx_word' id='word_1_453' title='bbox 1032 3973 1227 4027; x_wconf 74' lang='lat' dir='ltr'><strong>divina:</strong></span> <span class='ocrx_word' id='word_1_454' title='bbox 1273 3971 1637 4037; x_wconf 86' lang='lat' dir='ltr'><strong>auctoritatis,</strong></span> <span class='ocrx_word' id='word_1_455' title='bbox 1667 3970 1753 4026; x_wconf 85' lang='lat' dir='ltr'><strong>vel</strong></span> 
     </span>
    </p>
   </div>
   <div class='ocr_carea' id='block_1_59' title="bbox 131 4062 1751 4129">
    <p class='ocr_par' dir='ltr' id='par_1_59' title="bbox 131 4062 1751 4129">
     <span class='ocr_line' id='line_1_59' title="bbox 131 4062 1751 4129; baseline -0.007 -1"><span class='ocrx_word' id='word_1_456' title='bbox 131 4068 332 4128; x_wconf 85' lang='lat' dir='ltr'><strong>sancti</strong></span> <span class='ocrx_word' id='word_1_457' title='bbox 366 4067 569 4124; x_wconf 66' lang='lat' dir='ltr'><strong>Nicaani</strong></span> <span class='ocrx_word' id='word_1_458' title='bbox 610 4065 824 4122; x_wconf 87' lang='lat' dir='ltr'><strong>concilii</strong></span> <span class='ocrx_word' id='word_1_459' title='bbox 871 4066 1046 4121; x_wconf 86' lang='lat' dir='ltr'><strong>sidera</strong></span> <span class='ocrx_word' id='word_1_460' title='bbox 1077 4064 1201 4120; x_wconf 72' lang='lat' dir='ltr'><strong>coeli</strong></span> <span class='ocrx_word' id='word_1_461' title='bbox 1244 4064 1432 4129; x_wconf 87' lang='lat' dir='ltr'><strong>solem,</strong></span> <span class='ocrx_word' id='word_1_462' title='bbox 1479 4073 1534 4118; x_wconf 92' lang='lat' dir='ltr'><strong>et</strong></span> <span class='ocrx_word' id='word_1_463' title='bbox 1566 4062 1751 4118; x_wconf 84' lang='lat' dir='ltr'><strong>lunam</strong></span> 
     </span>
    </p>
   </div>
   <div class='ocr_carea' id='block_1_60' title="bbox 129 4157 1752 4230">
    <p class='ocr_par' dir='ltr' id='par_1_60' title="bbox 129 4157 1752 4230">
     <span class='ocr_line' id='line_1_60' title="bbox 129 4157 1752 4230; baseline -0.004 -10"><span class='ocrx_word' id='word_1_464' title='bbox 129 4165 206 4220; x_wconf 80' lang='lat' dir='ltr'><strong>in</strong></span> <span class='ocrx_word' id='word_1_465' title='bbox 235 4177 302 4217; x_wconf 90' lang='lat' dir='ltr'><strong>ea</strong></span> <span class='ocrx_word' id='word_1_466' title='bbox 329 4162 580 4218; x_wconf 89' lang='lat' dir='ltr'><strong>datarum</strong></span> <span class='ocrx_word' id='word_1_467' title='bbox 608 4162 695 4217; x_wconf 90' lang='lat' dir='ltr'><strong>die</strong></span> <span class='ocrx_word' id='word_1_468' title='bbox 722 4178 752 4216; x_wconf 90' lang='lat' dir='ltr'><strong>a</strong></span> <span class='ocrx_word' id='word_1_469' title='bbox 779 4159 1010 4217; x_wconf 89' lang='lat' dir='ltr'><strong>Domino</strong></span> <span class='ocrx_word' id='word_1_470' title='bbox 1034 4168 1238 4224; x_wconf 90' lang='lat' dir='ltr'><strong>creata,</strong></span> <span class='ocrx_word' id='word_1_471' title='bbox 1261 4169 1312 4214; x_wconf 93' lang='lat' dir='ltr'><strong>et</strong></span> <span class='ocrx_word' id='word_1_472' title='bbox 1342 4159 1394 4214; x_wconf 90' lang='lat' dir='ltr'><strong>in</strong></span> <span class='ocrx_word' id='word_1_473' title='bbox 1415 4158 1552 4214; x_wconf 87' lang='lat' dir='ltr'><strong>coelo</strong></span> <span class='ocrx_word' id='word_1_474' title='bbox 1576 4157 1752 4230; x_wconf 85' lang='lat' dir='ltr'><strong>posita</strong></span> 
     </span>
    </p>
   </div>
   <div class='ocr_carea' id='block_1_61' title="bbox 130 4254 1500 4328">
    <p class='ocr_par' dir='ltr' id='par_1_61' title="bbox 130 4254 1500 4328">
     <span class='ocr_line' id='line_1_61' title="bbox 130 4254 1500 4328; baseline -0.007 -12"><span class='ocrx_word' id='word_1_475' title='bbox 130 4257 223 4316; x_wconf 83' lang='lat' dir='ltr'><strong>ad</strong></span> <span class='ocrx_word' id='word_1_476' title='bbox 245 4256 480 4315; x_wconf 79' lang='lat' dir='ltr'><strong>cilicium</strong></span> <span class='ocrx_word' id='word_1_477' title='bbox 511 4256 732 4313; x_wconf 89' lang='lat' dir='ltr'><strong>humani</strong></span> <span class='ocrx_word' id='word_1_478' title='bbox 756 4256 971 4328; x_wconf 78' lang='lat' dir='ltr'><strong>generis</strong></span> <span class='ocrx_word' id='word_1_479' title='bbox 1007 4269 1128 4311; x_wconf 90' lang='lat' dir='ltr'><strong>esse</strong></span> <span class='ocrx_word' id='word_1_480' title='bbox 1163 4254 1500 4310; x_wconf 88' lang='lat' dir='ltr'><strong>adscribunt.</strong></span> 
     </span>
    </p>
   </div>
   <div class='ocr_carea' id='block_1_62' title="bbox 131 4339 1324 4402">
    <p class='ocr_par' dir='ltr' id='par_1_62' title="bbox 131 4339 1324 4402">
     <span class='ocr_line' id='line_1_62' title="bbox 131 4339 1324 4402; baseline -0.004 1"><span class='ocrx_word' id='word_1_481' title='bbox 131 4339 142 4344; x_wconf 70' lang='grc'><em>’</em></span> <span class='ocrx_word' id='word_1_482' title='bbox 587 4347 721 4402; x_wconf 85' lang='lat' dir='ltr'><strong>Item</strong></span> <span class='ocrx_word' id='word_1_483' title='bbox 769 4347 834 4402; x_wconf 86' lang='lat' dir='ltr'><strong>de</strong></span> <span class='ocrx_word' id='word_1_484' title='bbox 876 4346 1324 4402; x_wconf 78' lang='lat' dir='ltr'><strong>concurrentibus.</strong></span> 
     </span>
    </p>
   </div>
   <div class='ocr_carea' id='block_1_63' title="bbox 129 4435 1754 4510">
    <p class='ocr_par' dir='ltr' id='par_1_63' title="bbox 129 4435 1754 4510">
     <span class='ocr_line' id='line_1_63' title="bbox 129 4435 1754 4510; baseline -0.006 -10"><span class='ocrx_word' id='word_1_485' title='bbox 129 4437 134 4444; x_wconf 70' lang='grc'><strong>’</strong></span> <span class='ocrx_word' id='word_1_486' title='bbox 226 4441 336 4499; x_wconf 87' lang='lat' dir='ltr'><strong>Cll.</strong></span> <span class='ocrx_word' id='word_1_487' title='bbox 375 4441 435 4498; x_wconf 88' lang='lat' dir='ltr'><strong>Si</strong></span> <span class='ocrx_word' id='word_1_488' title='bbox 475 4441 558 4498; x_wconf 89' lang='lat' dir='ltr'><strong>vis</strong></span> <span class='ocrx_word' id='word_1_489' title='bbox 607 4441 748 4497; x_wconf 90' lang='lat' dir='ltr'><strong>scire</strong></span> <span class='ocrx_word' id='word_1_490' title='bbox 800 4440 978 4496; x_wconf 89' lang='lat' dir='ltr'><strong>subito</strong></span> <span class='ocrx_word' id='word_1_491' title='bbox 1022 4446 1153 4510; x_wconf 86' lang='lat' dir='ltr'><strong>quot</strong></span> <span class='ocrx_word' id='word_1_492' title='bbox 1203 4445 1594 4494; x_wconf 88' lang='lat' dir='ltr'><strong>concurrentes</strong></span> <span class='ocrx_word' id='word_1_493' title='bbox 1643 4435 1754 4491; x_wconf 89' lang='lat' dir='ltr'><strong>sint</strong></span> 
     </span>
    </p>
   </div>
   <div class='ocr_carea' id='block_1_64' title="bbox 128 4528 1752 4605">
    <p class='ocr_par' dir='ltr' id='par_1_64' title="bbox 128 4528 1752 4605">
     <span class='ocr_line' id='line_1_64' title="bbox 128 4528 1752 4605; baseline -0.01 -7"><span class='ocrx_word' id='word_1_494' title='bbox 128 4538 351 4598; x_wconf 85' lang='lat' dir='ltr'><strong>eodem</strong></span> <span class='ocrx_word' id='word_1_495' title='bbox 410 4551 575 4605; x_wconf 91' lang='lat' dir='ltr'><strong>anno,</strong></span> <span class='ocrx_word' id='word_1_496' title='bbox 629 4536 698 4591; x_wconf 89' lang='lat' dir='ltr'><strong>ad</strong></span> <span class='ocrx_word' id='word_1_497' title='bbox 751 4533 942 4591; x_wconf 82' lang='lat' dir='ltr'><strong>feriam</strong></span> <span class='ocrx_word' id='word_1_498' title='bbox 990 4547 1168 4588; x_wconf 88' lang='lat' dir='ltr'><strong>curre.</strong></span> <span class='ocrx_word' id='word_1_499' title='bbox 1218 4530 1400 4586; x_wconf 90' lang='lat' dir='ltr'><strong>Inveni</strong></span> <span class='ocrx_word' id='word_1_500' title='bbox 1448 4529 1566 4585; x_wconf 86' lang='lat' dir='ltr'><strong>Kal.</strong></span> <span class='ocrx_word' id='word_1_501' title='bbox 1618 4528 1752 4599; x_wconf 85' lang='lat' dir='ltr'><strong>Apr.</strong></span> 
     </span>
    </p>
   </div>
   <div class='ocr_carea' id='block_1_65' title="bbox 129 4624 1758 4709">
    <p class='ocr_par' dir='ltr' id='par_1_65' title="bbox 129 4624 1758 4709">
     <span class='ocr_line' id='line_1_65' title="bbox 129 4624 1758 4709; baseline -0.007 -20"><span class='ocrx_word' id='word_1_502' title='bbox 129 4640 326 4709; x_wconf 88' lang='lat' dir='ltr'><strong>quota</strong></span> <span class='ocrx_word' id='word_1_503' title='bbox 357 4629 493 4687; x_wconf 78' lang='lat' dir='ltr'><strong>feria</strong></span> <span class='ocrx_word' id='word_1_504' title='bbox 520 4630 611 4697; x_wconf 91' lang='lat' dir='ltr'><strong>sit,</strong></span> <span class='ocrx_word' id='word_1_505' title='bbox 652 4637 707 4685; x_wconf 91' lang='lat' dir='ltr'><strong>ct</strong></span> <span class='ocrx_word' id='word_1_506' title='bbox 749 4627 841 4684; x_wconf 91' lang='lat' dir='ltr'><strong>ubi</strong></span> <span class='ocrx_word' id='word_1_507' title='bbox 886 4625 1005 4681; x_wconf 85' lang='lat' dir='ltr'><strong>Kal.</strong></span> <span class='ocrx_word' id='word_1_508' title='bbox 1054 4625 1348 4691; x_wconf 86' lang='lat' dir='ltr'><strong>inveneris,</strong></span> <span class='ocrx_word' id='word_1_509' title='bbox 1395 4624 1577 4680; x_wconf 90' lang='lat' dir='ltr'><strong>statim</strong></span> <span class='ocrx_word' id='word_1_510' title='bbox 1613 4635 1758 4678; x_wconf 89' lang='lat' dir='ltr'><strong>retro</strong></span> 
     </span>
    </p>
   </div>
   <div class='ocr_carea' id='block_1_66' title="bbox 130 4715 1756 4792">
    <p class='ocr_par' dir='ltr' id='par_1_66' title="bbox 130 4715 1756 4792">
     <span class='ocr_line' id='line_1_66' title="bbox 130 4715 1756 4792; baseline -0.009 -8"><span class='ocrx_word' id='word_1_511' title='bbox 130 4723 344 4784; x_wconf 87' lang='lat' dir='ltr'><strong>inveni</strong></span> <span class='ocrx_word' id='word_1_512' title='bbox 372 4739 425 4779; x_wconf 83' lang='lat' dir='ltr'><strong>Ix</strong></span> <span class='ocrx_word' id='word_1_513' title='bbox 451 4721 570 4778; x_wconf 87' lang='lat' dir='ltr'><strong>Kal.</strong></span> <span class='ocrx_word' id='word_1_514' title='bbox 618 4722 745 4792; x_wconf 93' lang='lat' dir='ltr'><strong>Apr.</strong></span> <span class='ocrx_word' id='word_1_515' title='bbox 783 4721 851 4776; x_wconf 90' lang='lat' dir='ltr'><strong>Et</strong></span> <span class='ocrx_word' id='word_1_516' title='bbox 897 4720 948 4774; x_wconf 90' lang='lat' dir='ltr'><strong>in</strong></span> <span class='ocrx_word' id='word_1_517' title='bbox 974 4727 1138 4790; x_wconf 88' lang='lat' dir='ltr'><strong>quota</strong></span> <span class='ocrx_word' id='word_1_518' title='bbox 1181 4717 1338 4774; x_wconf 84' lang='lat' dir='ltr'><strong>Feria</strong></span> <span class='ocrx_word' id='word_1_519' title='bbox 1371 4733 1423 4772; x_wconf 80' lang='lat' dir='ltr'><strong>ix</strong></span> <span class='ocrx_word' id='word_1_520' title='bbox 1453 4716 1572 4772; x_wconf 87' lang='lat' dir='ltr'><strong>Kal.</strong></span> <span class='ocrx_word' id='word_1_521' title='bbox 1623 4715 1756 4786; x_wconf 87' lang='lat' dir='ltr'><strong>Apr.</strong></span> 
     </span>
    </p>
   </div>
   <div class='ocr_carea' id='block_1_67' title="bbox 132 4804 1757 4889">
    <p class='ocr_par' dir='ltr' id='par_1_67' title="bbox 132 4804 1757 4889">
     <span class='ocr_line' id='line_1_67' title="bbox 132 4804 1757 4889; baseline -0.009 -10"><span class='ocrx_word' id='word_1_522' title='bbox 132 4804 459 4884; x_wconf 68' lang='lat' dir='ltr'><strong>inveneris,</strong></span> <span class='ocrx_word' id='word_1_523' title='bbox 495 4833 546 4871; x_wconf 92' lang='lat' dir='ltr'><strong>v.</strong></span> <span class='ocrx_word' id='word_1_524' title='bbox 584 4833 637 4889; x_wconf 89' lang='lat' dir='ltr'><strong>g.</strong></span> <span class='ocrx_word' id='word_1_525' title='bbox 671 4817 722 4871; x_wconf 90' lang='lat' dir='ltr'><strong>in</strong></span> <span class='ocrx_word' id='word_1_526' title='bbox 763 4814 920 4870; x_wconf 84' lang='lat' dir='ltr'><strong>Feria</strong></span> <span class='ocrx_word' id='word_1_527' title='bbox 952 4813 1006 4880; x_wconf 90' lang='grc'><strong>1,</strong></span> <span class='ocrx_word' id='word_1_528' title='bbox 1041 4813 1098 4880; x_wconf 68' lang='lat'><strong>2,</strong></span> <span class='ocrx_word' id='word_1_529' title='bbox 1133 4814 1187 4879; x_wconf 88' lang='lat'><strong>3,</strong></span> <span class='ocrx_word' id='word_1_530' title='bbox 1211 4813 1266 4878; x_wconf 91' lang='lat'><strong>4,</strong></span> <span class='ocrx_word' id='word_1_531' title='bbox 1295 4812 1348 4878; x_wconf 80' lang='lat'><strong>5,</strong></span> <span class='ocrx_word' id='word_1_532' title='bbox 1380 4812 1412 4867; x_wconf 90' lang='lat'><strong>6</strong></span> <span class='ocrx_word' id='word_1_533' title='bbox 1435 4811 1518 4866; x_wconf 87' lang='lat' dir='ltr'><strong>vel</strong></span> <span class='ocrx_word' id='word_1_534' title='bbox 1544 4811 1598 4876; x_wconf 92' lang='lat'><strong>7,</strong></span> <span class='ocrx_word' id='word_1_535' title='bbox 1629 4808 1757 4880; x_wconf 82' lang='lat' dir='ltr'><strong>quia</strong></span> 
     </span>
    </p>
   </div>
   <div class='ocr_carea' id='block_1_68' title="bbox 131 4901 1760 4990">
    <p class='ocr_par' dir='ltr' id='par_1_68' title="bbox 131 4901 1760 4990">
     <span class='ocr_line' id='line_1_68' title="bbox 131 4901 1760 4990; baseline -0.007 -22"><span class='ocrx_word' id='word_1_536' title='bbox 131 4912 288 4990; x_wconf 85' lang='lat' dir='ltr'><strong>plus</strong></span> <span class='ocrx_word' id='word_1_537' title='bbox 309 4926 413 4972; x_wconf 91' lang='lat' dir='ltr'><strong>non</strong></span> <span class='ocrx_word' id='word_1_538' title='bbox 436 4916 708 4974; x_wconf 90' lang='lat' dir='ltr'><strong>crescunt,</strong></span> <span class='ocrx_word' id='word_1_539' title='bbox 739 4907 897 4964; x_wconf 87' lang='lat' dir='ltr'><strong>talem</strong></span> <span class='ocrx_word' id='word_1_540' title='bbox 933 4906 1158 4962; x_wconf 87' lang='lat' dir='ltr'><strong>habebis</strong></span> <span class='ocrx_word' id='word_1_541' title='bbox 1175 4913 1606 4967; x_wconf 85' lang='lat' dir='ltr'><strong>concurreutcm,</strong></span> <span class='ocrx_word' id='word_1_542' title='bbox 1633 4901 1760 4973; x_wconf 86' lang='lat' dir='ltr'><strong>quia</strong></span> 
     </span>
    </p>
   </div>
   <div class='ocr_carea' id='block_1_69' title="bbox 129 4994 1759 5074">
    <p class='ocr_par' dir='ltr' id='par_1_69' title="bbox 129 4994 1759 5074">
     <span class='ocr_line' id='line_1_69' title="bbox 129 4994 1759 5074; baseline -0.012 -10"><span class='ocrx_word' id='word_1_543' title='bbox 129 5002 342 5064; x_wconf 61' lang='lat' dir='ltr'><strong>Graeci</strong></span> <span class='ocrx_word' id='word_1_544' title='bbox 365 5011 611 5073; x_wconf 86' lang='lat' dir='ltr'><strong>epactam</strong></span> <span class='ocrx_word' id='word_1_545' title='bbox 653 4998 804 5065; x_wconf 91' lang='lat' dir='ltr'><strong>solis,</strong></span> <span class='ocrx_word' id='word_1_546' title='bbox 846 4997 898 5052; x_wconf 89' lang='lat' dir='ltr'><strong>id</strong></span> <span class='ocrx_word' id='word_1_547' title='bbox 922 5007 1006 5053; x_wconf 89' lang='lat' dir='ltr'><strong>est</strong></span> <span class='ocrx_word' id='word_1_548' title='bbox 1035 5005 1419 5054; x_wconf 84' lang='lat' dir='ltr'><strong>concurrentes</strong></span> <span class='ocrx_word' id='word_1_549' title='bbox 1446 4994 1759 5074; x_wconf 70' lang='lat' dir='ltr'><strong>septimana;</strong></span> 
     </span>
    </p>
   </div>
   <div class='ocr_carea' id='block_1_70' title="bbox 131 5087 1761 5164">
    <p class='ocr_par' dir='ltr' id='par_1_70' title="bbox 131 5087 1761 5164">
     <span class='ocr_line' id='line_1_70' title="bbox 131 5087 1761 5164; baseline -0.01 -11"><span class='ocrx_word' id='word_1_550' title='bbox 131 5097 306 5162; x_wconf 85' lang='lat' dir='ltr'><strong>dies,</strong></span> <span class='ocrx_word' id='word_1_551' title='bbox 338 5093 427 5164; x_wconf 87' lang='lat' dir='ltr'><strong>qui</strong></span> <span class='ocrx_word' id='word_1_552' title='bbox 453 5094 518 5150; x_wconf 91' lang='lat' dir='ltr'><strong>de</strong></span> <span class='ocrx_word' id='word_1_553' title='bbox 544 5091 681 5148; x_wconf 88' lang='lat' dir='ltr'><strong>solis</strong></span> <span class='ocrx_word' id='word_1_554' title='bbox 700 5105 862 5146; x_wconf 90' lang='lat' dir='ltr'><strong>cursu</strong></span> <span class='ocrx_word' id='word_1_555' title='bbox 896 5091 1237 5158; x_wconf 87' lang='lat' dir='ltr'><strong>perveniunt,</strong></span> <span class='ocrx_word' id='word_1_556' title='bbox 1269 5103 1325 5143; x_wconf 77' lang='lat' dir='ltr'><strong>lx</strong></span> <span class='ocrx_word' id='word_1_557' title='bbox 1359 5087 1474 5141; x_wconf 84' lang='lat' dir='ltr'><strong>Kal.</strong></span> <span class='ocrx_word' id='word_1_558' title='bbox 1501 5087 1632 5154; x_wconf 88' lang='lat' dir='ltr'><strong>Apr.</strong></span> <span class='ocrx_word' id='word_1_559' title='bbox 1666 5099 1761 5156; x_wconf 89' lang='lat' dir='ltr'><strong>po-</strong></span> 
     </span>
    </p>
   </div>
   <div class='ocr_carea' id='block_1_71' title="bbox 132 5178 1762 5254">
    <p class='ocr_par' dir='ltr' id='par_1_71' title="bbox 132 5178 1762 5254">
     <span class='ocr_line' id='line_1_71' title="bbox 132 5178 1762 5254; baseline -0.013 -1"><span class='ocrx_word' id='word_1_560' title='bbox 132 5198 324 5253; x_wconf 81' lang='lat' dir='ltr'><strong>nunt.</strong></span> <span class='ocrx_word' id='word_1_561' title='bbox 373 5188 503 5254; x_wconf 78' lang='lat' dir='ltr'><strong>Quia</strong></span> <span class='ocrx_word' id='word_1_562' title='bbox 535 5183 844 5243; x_wconf 84' lang='lat' dir='ltr'><strong>secundum</strong></span> <span class='ocrx_word' id='word_1_563' title='bbox 865 5183 1211 5240; x_wconf 84' lang='lat' dir='ltr'><strong>traditionem</strong></span> <span class='ocrx_word' id='word_1_564' title='bbox 1243 5181 1438 5237; x_wconf 77' lang='lat' dir='ltr'><strong>divina:</strong></span> <span class='ocrx_word' id='word_1_565' title='bbox 1469 5178 1762 5233; x_wconf 83' lang='lat' dir='ltr'><strong>auctorita-</strong></span> 
     </span>
    </p>
   </div>
   <div class='ocr_carea' id='block_1_72' title="bbox 133 5269 1760 5350">
    <p class='ocr_par' dir='ltr' id='par_1_72' title="bbox 133 5269 1760 5350">
     <span class='ocr_line' id='line_1_72' title="bbox 133 5269 1760 5350; baseline -0.012 -7"><span class='ocrx_word' id='word_1_566' title='bbox 133 5281 372 5350; x_wconf 71' lang='lat' dir='ltr'><strong>tis,vel</strong></span> <span class='ocrx_word' id='word_1_567' title='bbox 411 5281 582 5337; x_wconf 88' lang='lat' dir='ltr'><strong>sancti</strong></span> <span class='ocrx_word' id='word_1_568' title='bbox 640 5275 836 5331; x_wconf 73' lang='lat' dir='ltr'><strong>Niczeni</strong></span> <span class='ocrx_word' id='word_1_569' title='bbox 883 5277 1096 5332; x_wconf 90' lang='lat' dir='ltr'><strong>concilii</strong></span> <span class='ocrx_word' id='word_1_570' title='bbox 1148 5272 1326 5330; x_wconf 88' lang='lat' dir='ltr'><strong>sidera</strong></span> <span class='ocrx_word' id='word_1_571' title='bbox 1377 5272 1521 5337; x_wconf 88' lang='lat' dir='ltr'><strong>coeli,</strong></span> <span class='ocrx_word' id='word_1_572' title='bbox 1574 5269 1627 5322; x_wconf 87' lang='lat' dir='ltr'><strong>id</strong></span> <span class='ocrx_word' id='word_1_573' title='bbox 1677 5277 1760 5324; x_wconf 89' lang='lat' dir='ltr'><strong>cst</strong></span> 
     </span>
    </p>
   </div>
   <div class='ocr_carea' id='block_1_73' title="bbox 128 5361 1757 5442">
    <p class='ocr_par' dir='ltr' id='par_1_73' title="bbox 128 5361 1757 5442">
     <span class='ocr_line' id='line_1_73' title="bbox 128 5361 1757 5442; baseline -0.014 -6"><span class='ocrx_word' id='word_1_574' title='bbox 128 5377 338 5442; x_wconf 87' lang='lat' dir='ltr'><strong>solem</strong></span> <span class='ocrx_word' id='word_1_575' title='bbox 363 5381 414 5430; x_wconf 87' lang='lat' dir='ltr'><strong>et</strong></span> <span class='ocrx_word' id='word_1_576' title='bbox 445 5384 498 5431; x_wconf 88' lang='lat' dir='ltr'><strong>et</strong></span> <span class='ocrx_word' id='word_1_577' title='bbox 531 5375 745 5435; x_wconf 87' lang='lat' dir='ltr'><strong>lunam,</strong></span> <span class='ocrx_word' id='word_1_578' title='bbox 776 5376 829 5422; x_wconf 91' lang='lat' dir='ltr'><strong>et</strong></span> <span class='ocrx_word' id='word_1_579' title='bbox 872 5367 1057 5425; x_wconf 86' lang='lat' dir='ltr'><strong>stellas</strong></span> <span class='ocrx_word' id='word_1_580' title='bbox 1086 5369 1140 5423; x_wconf 90' lang='lat' dir='ltr'><strong>in</strong></span> <span class='ocrx_word' id='word_1_581' title='bbox 1181 5381 1247 5421; x_wconf 91' lang='lat' dir='ltr'><strong>eo</strong></span> <span class='ocrx_word' id='word_1_582' title='bbox 1279 5369 1524 5425; x_wconf 87' lang='lat' dir='ltr'><strong>datarum</strong></span> <span class='ocrx_word' id='word_1_583' title='bbox 1573 5379 1604 5415; x_wconf 81' lang='lat' dir='ltr'><strong>a</strong></span> <span class='ocrx_word' id='word_1_584' title='bbox 1653 5361 1757 5414; x_wconf 86' lang='lat' dir='ltr'><strong>Do-</strong></span> 
     </span>
    </p>
   </div>
   <div class='ocr_carea' id='block_1_74' title="bbox 125 5453 1756 5536">
    <p class='ocr_par' dir='ltr' id='par_1_74' title="bbox 125 5453 1756 5536">
     <span class='ocr_line' id='line_1_74' title="bbox 125 5453 1756 5536; baseline -0.017 0"><span class='ocrx_word' id='word_1_585' title='bbox 125 5472 316 5536; x_wconf 79' lang='grc' dir='ltr'>ωἰιιο</span> <span class='ocrx_word' id='word_1_586' title='bbox 336 5477 530 5535; x_wconf 56' lang='lat' dir='ltr'><strong>creata.</strong></span> <span class='ocrx_word' id='word_1_587' title='bbox 562 5461 659 5519; x_wconf 72' lang='grc' dir='ltr'><strong>νει</strong></span> <span class='ocrx_word' id='word_1_588' title='bbox 687 5461 739 5515; x_wconf 69' lang='lat' dir='ltr'><strong>in</strong></span> <span class='ocrx_word' id='word_1_589' title='bbox 780 5459 916 5516; x_wconf 66' lang='grc' dir='ltr'><strong>οαειο</strong></span> <span class='ocrx_word' id='word_1_590' title='bbox 955 5463 1133 5531; x_wconf 85' lang='lat' dir='ltr'><strong>posita</strong></span> <span class='ocrx_word' id='word_1_591' title='bbox 1161 5461 1245 5529; x_wconf 48' lang='lat' dir='ltr'><strong>.ad</strong></span> <span class='ocrx_word' id='word_1_592' title='bbox 1268 5459 1498 5517; x_wconf 84' lang='lat' dir='ltr'><strong>ollicium</strong></span> <span class='ocrx_word' id='word_1_593' title='bbox 1533 5453 1756 5511; x_wconf 80' lang='lat' dir='ltr'><strong>humani</strong></span> 
     </span>
    </p>
   </div>
   <div class='ocr_carea' id='block_1_75' title="bbox 123 5553 887 5620">
    <p class='ocr_par' dir='ltr' id='par_1_75' title="bbox 123 5553 887 5620">
     <span class='ocr_line' id='line_1_75' title="bbox 123 5553 887 5620; baseline -0.022 1"><span class='ocrx_word' id='word_1_594' title='bbox 123 5560 378 5620; x_wconf 68' lang='lat' dir='ltr'><strong>coneris</strong></span> <span class='ocrx_word' id='word_1_595' title='bbox 402 5575 517 5618; x_wconf 88' lang='lat' dir='ltr'><strong>esse</strong></span> <span class='ocrx_word' id='word_1_596' title='bbox 545 5553 887 5614; x_wconf 85' lang='lat' dir='ltr'><strong>adscribunt.</strong></span> 
     </span>
    </p>
   </div>
   <div class='ocr_carea' id='block_1_76' title="bbox 1772 3092 1820 3158">
    <p class='ocr_par' dir='ltr' id='par_1_76' title="bbox 1772 3092 1820 3158">
     <span class='ocr_line' id='line_1_76' title="bbox 1772 3092 1820 3158; baseline 0 0"><span class='ocrx_word' id='word_1_597' title='bbox 1772 3092 1820 3158; x_wconf 89' lang='lat' dir='ltr'><strong><em>C</em></strong></span> 
     </span>
    </p>
   </div>
   <div class='ocr_carea' id='block_1_77' title="bbox 1845 1847 3438 1920">
    <p class='ocr_par' dir='ltr' id='par_1_77' title="bbox 1845 1847 3438 1920">
     <span class='ocr_line' id='line_1_77' title="bbox 1845 1847 3438 1920; baseline -0.003 -14"><span class='ocrx_word' id='word_1_598' title='bbox 1845 1865 2061 1906; x_wconf 90' lang='lat' dir='ltr'><strong>cursum</strong></span> <span class='ocrx_word' id='word_1_599' title='bbox 2101 1864 2199 1920; x_wconf 91' lang='lat' dir='ltr'><strong>per</strong></span> <span class='ocrx_word' id='word_1_600' title='bbox 2229 1849 2294 1904; x_wconf 89' lang='grc'><strong>19</strong></span> <span class='ocrx_word' id='word_1_601' title='bbox 2343 1864 2533 1904; x_wconf 90' lang='lat' dir='ltr'><strong>annos.</strong></span> <span class='ocrx_word' id='word_1_602' title='bbox 2589 1848 2646 1904; x_wconf 93' lang='lat' dir='ltr'><strong>In</strong></span> <span class='ocrx_word' id='word_1_603' title='bbox 2696 1847 2828 1904; x_wconf 81' lang='lat' dir='ltr'><strong>laeva</strong></span> <span class='ocrx_word' id='word_1_604' title='bbox 2888 1863 3053 1903; x_wconf 90' lang='lat' dir='ltr'><strong>manu</strong></span> <span class='ocrx_word' id='word_1_605' title='bbox 3101 1847 3438 1904; x_wconf 81' lang='lat' dir='ltr'><strong>intrinsecus</strong></span> 
     </span>
    </p>
   </div>
   <div class='ocr_carea' id='block_1_78' title="bbox 1846 1937 3436 2010">
    <p class='ocr_par' dir='ltr' id='par_1_78' title="bbox 1846 1937 3436 2010">
     <span class='ocr_line' id='line_1_78' title="bbox 1846 1937 3436 2010; baseline -0.002 -15"><span class='ocrx_word' id='word_1_606' title='bbox 1846 1941 2031 1996; x_wconf 90' lang='lat' dir='ltr'><strong>radice</strong></span> <span class='ocrx_word' id='word_1_607' title='bbox 2057 1939 2268 2010; x_wconf 89' lang='lat' dir='ltr'><strong>pollicis</strong></span> <span class='ocrx_word' id='word_1_608' title='bbox 2291 1940 2578 2010; x_wconf 89' lang='lat' dir='ltr'><strong>incipiunt,</strong></span> <span class='ocrx_word' id='word_1_609' title='bbox 2621 1948 2676 1993; x_wconf 91' lang='lat' dir='ltr'><strong>et</strong></span> <span class='ocrx_word' id='word_1_610' title='bbox 2704 1939 2758 1993; x_wconf 94' lang='lat' dir='ltr'><strong>in</strong></span> <span class='ocrx_word' id='word_1_611' title='bbox 2801 1953 2980 2009; x_wconf 90' lang='lat' dir='ltr'><strong>ungue</strong></span> <span class='ocrx_word' id='word_1_612' title='bbox 3011 1937 3221 1992; x_wconf 90' lang='lat' dir='ltr'><strong>minimi</strong></span> <span class='ocrx_word' id='word_1_613' title='bbox 3258 1937 3436 2008; x_wconf 89' lang='lat' dir='ltr'><strong>digiti,</strong></span> 
     </span>
    </p>
   </div>
   <div class='ocr_carea' id='block_1_79' title="bbox 1845 2029 3442 2102">
    <p class='ocr_par' dir='ltr' id='par_1_79' title="bbox 1845 2029 3442 2102">
     <span class='ocr_line' id='line_1_79' title="bbox 1845 2029 3442 2102; baseline -0.003 -14"><span class='ocrx_word' id='word_1_614' title='bbox 1845 2032 1950 2088; x_wconf 91' lang='lat' dir='ltr'><strong>hoc</strong></span> <span class='ocrx_word' id='word_1_615' title='bbox 1977 2040 2062 2087; x_wconf 88' lang='lat' dir='ltr'><strong>est</strong></span> <span class='ocrx_word' id='word_1_616' title='bbox 2103 2031 2427 2088; x_wconf 88' lang='lat' dir='ltr'><strong>auricularis</strong></span> <span class='ocrx_word' id='word_1_617' title='bbox 2472 2031 2796 2088; x_wconf 87' lang='lat' dir='ltr'><strong>intrinsecus</strong></span> <span class='ocrx_word' id='word_1_618' title='bbox 2825 2031 3075 2086; x_wconf 87' lang='lat' dir='ltr'><strong>eumdem</strong></span> <span class='ocrx_word' id='word_1_619' title='bbox 3110 2029 3322 2102; x_wconf 83' lang='lat' dir='ltr'><strong>cyclum</strong></span> <span class='ocrx_word' id='word_1_620' title='bbox 3358 2029 3442 2084; x_wconf 83' lang='lat' dir='ltr'><strong>lu-</strong></span> 
     </span>
    </p>
   </div>
   <div class='ocr_carea' id='block_1_80' title="bbox 1845 2121 3443 2194">
    <p class='ocr_par' dir='ltr' id='par_1_80' title="bbox 1845 2121 3443 2194">
     <span class='ocr_line' id='line_1_80' title="bbox 1845 2121 3443 2194; baseline -0.002 -13"><span class='ocrx_word' id='word_1_621' title='bbox 1845 2139 2034 2181; x_wconf 89' lang='lat' dir='ltr'><strong>narem</strong></span> <span class='ocrx_word' id='word_1_622' title='bbox 2091 2131 2438 2180; x_wconf 92' lang='lat' dir='ltr'><strong>consumuut.</strong></span> <span class='ocrx_word' id='word_1_623' title='bbox 2475 2123 2542 2178; x_wconf 87' lang='lat' dir='ltr'><strong>Et</strong></span> <span class='ocrx_word' id='word_1_624' title='bbox 2587 2124 2716 2194; x_wconf 91' lang='lat' dir='ltr'><strong>quia</strong></span> <span class='ocrx_word' id='word_1_625' title='bbox 2760 2137 2957 2178; x_wconf 89' lang='lat' dir='ltr'><strong>manus</strong></span> <span class='ocrx_word' id='word_1_626' title='bbox 3000 2123 3142 2179; x_wconf 69' lang='lat' dir='ltr'><strong>binae</strong></span> <span class='ocrx_word' id='word_1_627' title='bbox 3181 2121 3443 2178; x_wconf 85' lang='lat' dir='ltr'><strong>articulos</strong></span> 
     </span>
    </p>
   </div>
   <div class='ocr_carea' id='block_1_81' title="bbox 1845 2212 3443 2285">
    <p class='ocr_par' dir='ltr' id='par_1_81' title="bbox 1845 2212 3443 2285">
     <span class='ocr_line' id='line_1_81' title="bbox 1845 2212 3443 2285; baseline -0.001 -16"><span class='ocrx_word' id='word_1_628' title='bbox 1845 2213 2047 2271; x_wconf 90' lang='lat' dir='ltr'><strong>habent</strong></span> <span class='ocrx_word' id='word_1_629' title='bbox 2079 2213 2146 2270; x_wconf 90' lang='grc'>18</span> <span class='ocrx_word' id='word_1_630' title='bbox 2193 2214 2522 2271; x_wconf 89' lang='lat' dir='ltr'><strong>intrinsecus</strong></span> <span class='ocrx_word' id='word_1_631' title='bbox 2562 2221 2743 2269; x_wconf 86' lang='lat' dir='ltr'><strong>autem</strong></span> <span class='ocrx_word' id='word_1_632' title='bbox 2779 2213 3023 2284; x_wconf 80' lang='lat' dir='ltr'><strong>exceptis</strong></span> <span class='ocrx_word' id='word_1_633' title='bbox 3055 2213 3324 2285; x_wconf 91' lang='lat' dir='ltr'><strong>unguibus</strong></span> <span class='ocrx_word' id='word_1_634' title='bbox 3356 2212 3443 2268; x_wconf 85' lang='lat' dir='ltr'><strong>his</strong></span> 
     </span>
    </p>
   </div>
   <div class='ocr_carea' id='block_1_82' title="bbox 1846 2305 3442 2378">
    <p class='ocr_par' dir='ltr' id='par_1_82' title="bbox 1846 2305 3442 2378">
     <span class='ocr_line' id='line_1_82' title="bbox 1846 2305 3442 2378; baseline -0.001 -17"><span class='ocrx_word' id='word_1_635' title='bbox 1846 2305 2075 2378; x_wconf 88' lang='lat' dir='ltr'><strong>singulis</strong></span> <span class='ocrx_word' id='word_1_636' title='bbox 2099 2306 2326 2362; x_wconf 89' lang='lat' dir='ltr'><strong>artubus</strong></span> <span class='ocrx_word' id='word_1_637' title='bbox 2359 2305 2600 2377; x_wconf 91' lang='lat' dir='ltr'><strong>singulos</strong></span> <span class='ocrx_word' id='word_1_638' title='bbox 2636 2319 2809 2361; x_wconf 90' lang='lat' dir='ltr'><strong>annos</strong></span> <span class='ocrx_word' id='word_1_639' title='bbox 2855 2314 3044 2376; x_wconf 92' lang='lat' dir='ltr'><strong>aptant</strong></span> <span class='ocrx_word' id='word_1_640' title='bbox 3081 2306 3135 2361; x_wconf 92' lang='lat' dir='ltr'><strong>in</strong></span> <span class='ocrx_word' id='word_1_641' title='bbox 3163 2314 3396 2376; x_wconf 90' lang='lat' dir='ltr'><strong>quantas</strong></span> <span class='ocrx_word' id='word_1_642' title='bbox 3421 2306 3442 2327; x_wconf 86' lang='lat'><strong>&quot;</strong></span> 
     </span>
    </p>
   </div>
   <div class='ocr_carea' id='block_1_83' title="bbox 1847 2398 3448 2469">
    <p class='ocr_par' dir='ltr' id='par_1_83' title="bbox 1847 2398 3448 2469">
     <span class='ocr_line' id='line_1_83' title="bbox 1847 2398 3448 2469; baseline 0.001 -16"><span class='ocrx_word' id='word_1_643' title='bbox 1847 2413 1878 2453; x_wconf 91' lang='lat' dir='ltr'><strong>a</strong></span> <span class='ocrx_word' id='word_1_644' title='bbox 1903 2398 2128 2454; x_wconf 90' lang='lat' dir='ltr'><strong>minimo</strong></span> <span class='ocrx_word' id='word_1_645' title='bbox 2175 2399 2345 2469; x_wconf 89' lang='lat' dir='ltr'><strong>digito</strong></span> <span class='ocrx_word' id='word_1_646' title='bbox 2386 2399 2535 2454; x_wconf 66' lang='lat' dir='ltr'><strong>lmvae</strong></span> <span class='ocrx_word' id='word_1_647' title='bbox 2581 2413 2776 2454; x_wconf 90' lang='lat' dir='ltr'><strong>manus</strong></span> <span class='ocrx_word' id='word_1_648' title='bbox 2831 2398 2935 2454; x_wconf 90' lang='lat' dir='ltr'><strong>hoc</strong></span> <span class='ocrx_word' id='word_1_649' title='bbox 2959 2406 3043 2453; x_wconf 91' lang='lat' dir='ltr'><strong>est</strong></span> <span class='ocrx_word' id='word_1_650' title='bbox 3073 2413 3286 2454; x_wconf 92' lang='lat' dir='ltr'><strong>summo</strong></span> <span class='ocrx_word' id='word_1_651' title='bbox 3311 2398 3448 2454; x_wconf 85' lang='lat' dir='ltr'><strong>arti-</strong></span> 
     </span>
    </p>
   </div>
   <div class='ocr_carea' id='block_1_84' title="bbox 1847 2489 3444 2561">
    <p class='ocr_par' dir='ltr' id='par_1_84' title="bbox 1847 2489 3444 2561">
     <span class='ocr_line' id='line_1_84' title="bbox 1847 2489 3444 2561; baseline 0 -15"><span class='ocrx_word' id='word_1_652' title='bbox 1847 2489 1970 2546; x_wconf 94' lang='lat' dir='ltr'><strong>culo</strong></span> <span class='ocrx_word' id='word_1_653' title='bbox 2007 2489 2354 2557; x_wconf 90' lang='lat' dir='ltr'><strong>auricularis,</strong></span> <span class='ocrx_word' id='word_1_654' title='bbox 2403 2491 2559 2560; x_wconf 87' lang='lat' dir='ltr'><strong>quasi</strong></span> <span class='ocrx_word' id='word_1_655' title='bbox 2608 2490 2785 2561; x_wconf 89' lang='lat' dir='ltr'><strong>prima</strong></span> <span class='ocrx_word' id='word_1_656' title='bbox 2829 2489 2964 2546; x_wconf 79' lang='lat' dir='ltr'><strong>feria</strong></span> <span class='ocrx_word' id='word_1_657' title='bbox 3009 2505 3133 2546; x_wconf 91' lang='lat' dir='ltr'><strong>cum</strong></span> <span class='ocrx_word' id='word_1_658' title='bbox 3177 2490 3444 2556; x_wconf 87' lang='lat' dir='ltr'><strong>bissexto,</strong></span> 
     </span>
    </p>
   </div>
   <div class='ocr_carea' id='block_1_85' title="bbox 1847 2581 3446 2654">
    <p class='ocr_par' dir='ltr' id='par_1_85' title="bbox 1847 2581 3446 2654">
     <span class='ocr_line' id='line_1_85' title="bbox 1847 2581 3446 2654; baseline 0 -16"><span class='ocrx_word' id='word_1_659' title='bbox 1847 2591 1904 2638; x_wconf 87' lang='lat' dir='ltr'><strong>et</strong></span> <span class='ocrx_word' id='word_1_660' title='bbox 1930 2583 1985 2638; x_wconf 91' lang='lat' dir='ltr'><strong>in</strong></span> <span class='ocrx_word' id='word_1_661' title='bbox 2013 2582 2237 2638; x_wconf 88' lang='lat' dir='ltr'><strong>sinistro</strong></span> <span class='ocrx_word' id='word_1_662' title='bbox 2263 2583 2484 2654; x_wconf 90' lang='lat' dir='ltr'><strong>pollice,</strong></span> <span class='ocrx_word' id='word_1_663' title='bbox 2508 2583 2614 2640; x_wconf 91' lang='lat' dir='ltr'><strong>hoc</strong></span> <span class='ocrx_word' id='word_1_664' title='bbox 2634 2591 2720 2640; x_wconf 88' lang='lat' dir='ltr'><strong>est</strong></span> <span class='ocrx_word' id='word_1_665' title='bbox 2748 2598 2779 2638; x_wconf 90' lang='lat' dir='ltr'><strong>a</strong></span> <span class='ocrx_word' id='word_1_666' title='bbox 2808 2598 3022 2639; x_wconf 91' lang='lat' dir='ltr'><strong>summo</strong></span> <span class='ocrx_word' id='word_1_667' title='bbox 3049 2581 3302 2650; x_wconf 89' lang='lat' dir='ltr'><strong>articulo,</strong></span> <span class='ocrx_word' id='word_1_668' title='bbox 3329 2583 3383 2638; x_wconf 88' lang='lat' dir='ltr'><strong>in</strong></span> <span class='ocrx_word' id='word_1_669' title='bbox 3411 2582 3446 2638; x_wconf 89' lang='lat'><strong>6</strong></span> 
     </span>
    </p>
   </div>
   <div class='ocr_carea' id='block_1_86' title="bbox 1848 2661 3444 2745">
    <p class='ocr_par' dir='ltr' id='par_1_86' title="bbox 1848 2661 3444 2745">
     <span class='ocr_line' id='line_1_86' title="bbox 1848 2661 3444 2745; baseline 0.002 -18"><span class='ocrx_word' id='word_1_670' title='bbox 1848 2671 1983 2728; x_wconf 81' lang='lat' dir='ltr'><strong>feria</strong></span> <span class='ocrx_word' id='word_1_671' title='bbox 2032 2673 2240 2744; x_wconf 86' lang='lat' dir='ltr'><strong>cyclum</strong></span> <span class='ocrx_word' id='word_1_672' title='bbox 2287 2673 2524 2730; x_wconf 86' lang='lat' dir='ltr'><strong>solarem</strong></span> <span class='ocrx_word' id='word_1_673' title='bbox 2571 2661 2928 2745; x_wconf 79' lang='lat' dir='ltr'><strong>complentes,</strong></span> <span class='ocrx_word' id='word_1_674' title='bbox 2977 2682 3034 2729; x_wconf 89' lang='lat' dir='ltr'><strong>et</strong></span> <span class='ocrx_word' id='word_1_675' title='bbox 3063 2675 3444 2740; x_wconf 87' lang='lat' dir='ltr'><strong>terminantes,</strong></span> 
     </span>
    </p>
   </div>
   <div class='ocr_carea' id='block_1_87' title="bbox 1851 2765 3449 2839">
    <p class='ocr_par' dir='ltr' id='par_1_87' title="bbox 1851 2765 3449 2839">
     <span class='ocr_line' id='line_1_87' title="bbox 1851 2765 3449 2839; baseline 0.002 -19"><span class='ocrx_word' id='word_1_676' title='bbox 1851 2775 2044 2821; x_wconf 76' lang='lat' dir='ltr'><strong>nonut</strong></span> <span class='ocrx_word' id='word_1_677' title='bbox 2089 2766 2144 2820; x_wconf 88' lang='lat' dir='ltr'><strong>in</strong></span> <span class='ocrx_word' id='word_1_678' title='bbox 2195 2765 2338 2822; x_wconf 83' lang='lat' dir='ltr'><strong>lunae</strong></span> <span class='ocrx_word' id='word_1_679' title='bbox 2364 2765 2521 2838; x_wconf 86' lang='lat' dir='ltr'><strong>cyclo</strong></span> <span class='ocrx_word' id='word_1_680' title='bbox 2571 2766 2814 2839; x_wconf 88' lang='lat' dir='ltr'><strong>singulos</strong></span> <span class='ocrx_word' id='word_1_681' title='bbox 2847 2767 3072 2825; x_wconf 81' lang='lat' dir='ltr'><strong>exordio</strong></span> <span class='ocrx_word' id='word_1_682' title='bbox 3096 2769 3114 2787; x_wconf 87' lang='lat'><strong><em>‘</em></strong></span> <span class='ocrx_word' id='word_1_683' title='bbox 3137 2782 3206 2823; x_wconf 89' lang='lat' dir='ltr'><strong>ne</strong></span> <span class='ocrx_word' id='word_1_684' title='bbox 3250 2766 3449 2838; x_wconf 85' lang='lat' dir='ltr'><strong>digitos</strong></span> 
     </span>
    </p>
   </div>
   <div class='ocr_carea' id='block_1_88' title="bbox 1851 2857 3450 2932">
    <p class='ocr_par' dir='ltr' id='par_1_88' title="bbox 1851 2857 3450 2932">
     <span class='ocr_line' id='line_1_88' title="bbox 1851 2857 3450 2932; baseline 0.002 -19"><span class='ocrx_word' id='word_1_685' title='bbox 1851 2857 2199 2928; x_wconf 79' lang='lat' dir='ltr'><strong>expedientes</strong></span> <span class='ocrx_word' id='word_1_686' title='bbox 2228 2857 2282 2912; x_wconf 93' lang='lat' dir='ltr'><strong>in</strong></span> <span class='ocrx_word' id='word_1_687' title='bbox 2309 2873 2616 2924; x_wconf 88' lang='lat' dir='ltr'><strong>numerum,</strong></span> <span class='ocrx_word' id='word_1_688' title='bbox 2643 2859 2738 2916; x_wconf 67' lang='lat' dir='ltr'><strong>Sed</strong></span> <span class='ocrx_word' id='word_1_689' title='bbox 2772 2870 2998 2932; x_wconf 88' lang='lat' dir='ltr'><strong>propter</strong></span> <span class='ocrx_word' id='word_1_690' title='bbox 3019 2861 3290 2916; x_wconf 88' lang='lat' dir='ltr'><strong>rationem</strong></span> <span class='ocrx_word' id='word_1_691' title='bbox 3313 2875 3450 2931; x_wconf 88' lang='lat' dir='ltr'><strong>qua-</strong></span> 
     </span>
    </p>
   </div>
   <div class='ocr_carea' id='block_1_89' title="bbox 1852 2937 3451 3022">
    <p class='ocr_par' dir='ltr' id='par_1_89' title="bbox 1852 2937 3451 3022">
     <span class='ocr_line' id='line_1_89' title="bbox 1852 2937 3451 3022; baseline 0.003 -19"><span class='ocrx_word' id='word_1_692' title='bbox 1852 2947 2061 3003; x_wconf 85' lang='lat' dir='ltr'><strong>drantis</strong></span> <span class='ocrx_word' id='word_1_693' title='bbox 2105 2963 2204 3018; x_wconf 92' lang='lat' dir='ltr'><strong>per</strong></span> <span class='ocrx_word' id='word_1_694' title='bbox 2249 2955 2548 3019; x_wconf 89' lang='lat' dir='ltr'><strong>quaternos</strong></span> <span class='ocrx_word' id='word_1_695' title='bbox 2597 2937 2816 3006; x_wconf 63' lang='lat' dir='ltr'><strong>intr&#39;ans</strong></span> <span class='ocrx_word' id='word_1_696' title='bbox 2838 2965 3057 3007; x_wconf 83' lang='lat' dir='ltr'><strong>versum</strong></span> <span class='ocrx_word' id='word_1_697' title='bbox 3090 2950 3290 3022; x_wconf 89' lang='lat' dir='ltr'><strong>digitos</strong></span> <span class='ocrx_word' id='word_1_698' title='bbox 3315 2965 3451 3022; x_wconf 87' lang='lat' dir='ltr'><strong>qua-</strong></span> 
     </span>
    </p>
   </div>
   <div class='ocr_carea' id='block_1_90' title="bbox 1855 3043 3448 3116">
    <p class='ocr_par' dir='ltr' id='par_1_90' title="bbox 1855 3043 3448 3116">
     <span class='ocr_line' id='line_1_90' title="bbox 1855 3043 3448 3116; baseline 0.001 -18"><span class='ocrx_word' id='word_1_699' title='bbox 1855 3043 2160 3098; x_wconf 90' lang='lat' dir='ltr'><strong>driennium</strong></span> <span class='ocrx_word' id='word_1_700' title='bbox 2182 3057 2343 3098; x_wconf 90' lang='lat' dir='ltr'><strong>omne</strong></span> <span class='ocrx_word' id='word_1_701' title='bbox 2367 3043 2666 3115; x_wconf 88' lang='lat' dir='ltr'><strong>signantes,</strong></span> <span class='ocrx_word' id='word_1_702' title='bbox 2683 3043 2757 3099; x_wconf 85' lang='lat' dir='ltr'><strong>ita</strong></span> <span class='ocrx_word' id='word_1_703' title='bbox 2780 3053 2836 3100; x_wconf 94' lang='lat' dir='ltr'><strong>ut</strong></span> <span class='ocrx_word' id='word_1_704' title='bbox 2863 3045 3216 3102; x_wconf 88' lang='lat' dir='ltr'><strong>minimorum</strong></span> <span class='ocrx_word' id='word_1_705' title='bbox 3245 3045 3448 3116; x_wconf 87' lang='lat' dir='ltr'><strong>digito-</strong></span> 
     </span>
    </p>
   </div>
   <div class='ocr_carea' id='block_1_91' title="bbox 1853 3135 3452 3205">
    <p class='ocr_par' dir='ltr' id='par_1_91' title="bbox 1853 3135 3452 3205">
     <span class='ocr_line' id='line_1_91' title="bbox 1853 3135 3452 3205; baseline 0.001 -13"><span class='ocrx_word' id='word_1_706' title='bbox 1853 3153 1994 3203; x_wconf 90' lang='lat' dir='ltr'><strong>rum,</strong></span> <span class='ocrx_word' id='word_1_707' title='bbox 2033 3137 2138 3192; x_wconf 93' lang='lat' dir='ltr'><strong>boc</strong></span> <span class='ocrx_word' id='word_1_708' title='bbox 2183 3144 2269 3192; x_wconf 87' lang='lat' dir='ltr'><strong>est</strong></span> <span class='ocrx_word' id='word_1_709' title='bbox 2304 3135 2692 3192; x_wconf 83' lang='lat' dir='ltr'><strong>auricularium</strong></span> <span class='ocrx_word' id='word_1_710' title='bbox 2741 3137 2828 3194; x_wconf 84' lang='lat' dir='ltr'><strong>bis</strong></span> <span class='ocrx_word' id='word_1_711' title='bbox 2869 3138 3008 3195; x_wconf 91' lang='lat' dir='ltr'><strong>terni</strong></span> <span class='ocrx_word' id='word_1_712' title='bbox 3041 3136 3277 3205; x_wconf 90' lang='lat' dir='ltr'><strong>articuli,</strong></span> <span class='ocrx_word' id='word_1_713' title='bbox 3311 3137 3452 3194; x_wconf 88' lang='lat' dir='ltr'><strong>idest</strong></span> 
     </span>
    </p>
   </div>
   <div class='ocr_carea' id='block_1_92' title="bbox 1852 3228 3450 3301">
    <p class='ocr_par' dir='ltr' id='par_1_92' title="bbox 1852 3228 3450 3301">
     <span class='ocr_line' id='line_1_92' title="bbox 1852 3228 3450 3301; baseline 0.001 -17"><span class='ocrx_word' id='word_1_714' title='bbox 1852 3231 1885 3285; x_wconf 89' lang='lat'><strong>6</strong></span> <span class='ocrx_word' id='word_1_715' title='bbox 1907 3229 1972 3284; x_wconf 90' lang='lat' dir='ltr'><strong>ad</strong></span> <span class='ocrx_word' id='word_1_716' title='bbox 2001 3229 2224 3285; x_wconf 91' lang='lat' dir='ltr'><strong>totidem</strong></span> <span class='ocrx_word' id='word_1_717' title='bbox 2253 3244 2426 3285; x_wconf 90' lang='lat' dir='ltr'><strong>annos</strong></span> <span class='ocrx_word' id='word_1_718' title='bbox 2453 3228 2766 3285; x_wconf 86' lang='lat' dir='ltr'><strong>bissextilcs</strong></span> <span class='ocrx_word' id='word_1_719' title='bbox 2797 3228 3083 3301; x_wconf 90' lang='lat' dir='ltr'><strong>deputant.</strong></span> <span class='ocrx_word' id='word_1_720' title='bbox 3106 3229 3239 3285; x_wconf 90' lang='lat' dir='ltr'><strong>Item</strong></span> <span class='ocrx_word' id='word_1_721' title='bbox 3269 3228 3450 3300; x_wconf 82' lang='lat' dir='ltr'><strong>proxi-</strong></span> 
     </span>
    </p>
   </div>
   <div class='ocr_carea' id='block_1_93' title="bbox 1851 3318 3450 3390">
    <p class='ocr_par' dir='ltr' id='par_1_93' title="bbox 1851 3318 3450 3390">
     <span class='ocr_line' id='line_1_93' title="bbox 1851 3318 3450 3390; baseline -0.001 -14"><span class='ocrx_word' id='word_1_722' title='bbox 1851 3334 2064 3376; x_wconf 84' lang='lat' dir='ltr'><strong>morum</strong></span> <span class='ocrx_word' id='word_1_723' title='bbox 2109 3319 2403 3390; x_wconf 81' lang='lat' dir='ltr'><strong>digitorum</strong></span> <span class='ocrx_word' id='word_1_724' title='bbox 2443 3335 2474 3374; x_wconf 91' lang='lat' dir='ltr'><strong>a</strong></span> <span class='ocrx_word' id='word_1_725' title='bbox 2505 3319 2747 3374; x_wconf 91' lang='lat' dir='ltr'><strong>minimis</strong></span> <span class='ocrx_word' id='word_1_726' title='bbox 2776 3318 2859 3374; x_wconf 90' lang='lat' dir='ltr'><strong>bis</strong></span> <span class='ocrx_word' id='word_1_727' title='bbox 2895 3320 3035 3375; x_wconf 91' lang='lat' dir='ltr'><strong>terni</strong></span> <span class='ocrx_word' id='word_1_728' title='bbox 3075 3319 3292 3375; x_wconf 90' lang='lat' dir='ltr'><strong>articuli</strong></span> <span class='ocrx_word' id='word_1_729' title='bbox 3321 3327 3450 3375; x_wconf 91' lang='lat' dir='ltr'><strong>ante</strong></span> 
     </span>
    </p>
   </div>
   <div class='ocr_carea' id='block_1_94' title="bbox 1852 3409 3450 3481">
    <p class='ocr_par' dir='ltr' id='par_1_94' title="bbox 1852 3409 3450 3481">
     <span class='ocr_line' id='line_1_94' title="bbox 1852 3409 3450 3481; baseline -0.001 -13"><span class='ocrx_word' id='word_1_730' title='bbox 1852 3412 1952 3468; x_wconf 90' lang='lat' dir='ltr'><strong>hos</strong></span> <span class='ocrx_word' id='word_1_731' title='bbox 1977 3412 2122 3466; x_wconf 86' lang='lat' dir='ltr'><strong>est6</strong></span> <span class='ocrx_word' id='word_1_732' title='bbox 2176 3412 2192 3430; x_wconf 83' lang='lat'><strong><em>‘</em></strong></span> <span class='ocrx_word' id='word_1_733' title='bbox 2249 3412 2460 3481; x_wconf 90' lang='lat' dir='ltr'><strong>primus</strong></span> <span class='ocrx_word' id='word_1_734' title='bbox 2522 3425 2697 3465; x_wconf 87' lang='lat' dir='ltr'><strong>anuus</strong></span> <span class='ocrx_word' id='word_1_735' title='bbox 2753 3409 3170 3481; x_wconf 75' lang='lat' dir='ltr'><strong>prteparationis</strong></span> <span class='ocrx_word' id='word_1_736' title='bbox 3220 3409 3450 3466; x_wconf 77' lang='lat' dir='ltr'><strong>bissexti</strong></span> 
     </span>
    </p>
   </div>
   <div class='ocr_carea' id='block_1_95' title="bbox 1852 3499 3452 3573">
    <p class='ocr_par' dir='ltr' id='par_1_95' title="bbox 1852 3499 3452 3573">
     <span class='ocr_line' id='line_1_95' title="bbox 1852 3499 3452 3573; baseline -0.001 -15"><span class='ocrx_word' id='word_1_737' title='bbox 1852 3503 1905 3558; x_wconf 91' lang='lat' dir='ltr'><strong>iu</strong></span> <span class='ocrx_word' id='word_1_738' title='bbox 1935 3510 2162 3573; x_wconf 91' lang='lat' dir='ltr'><strong>utraque</strong></span> <span class='ocrx_word' id='word_1_739' title='bbox 2197 3518 2360 3558; x_wconf 87' lang='lat' dir='ltr'><strong>manu</strong></span> <span class='ocrx_word' id='word_1_740' title='bbox 2384 3502 2760 3567; x_wconf 89' lang='lat' dir='ltr'><strong>demonstrat;</strong></span> <span class='ocrx_word' id='word_1_741' title='bbox 2807 3500 3063 3558; x_wconf 84' lang='lat' dir='ltr'><strong>similiter</strong></span> <span class='ocrx_word' id='word_1_742' title='bbox 3109 3500 3332 3557; x_wconf 89' lang='lat' dir='ltr'><strong>secundi</strong></span> <span class='ocrx_word' id='word_1_743' title='bbox 3368 3499 3452 3556; x_wconf 91' lang='lat' dir='ltr'><strong>di-</strong></span> 
     </span>
    </p>
   </div>
   <div class='ocr_carea' id='block_1_96' title="bbox 1851 3589 3452 3667">
    <p class='ocr_par' dir='ltr' id='par_1_96' title="bbox 1851 3589 3452 3667">
     <span class='ocr_line' id='line_1_96' title="bbox 1851 3589 3452 3667; baseline -0.001 -19"><span class='ocrx_word' id='word_1_744' title='bbox 1851 3594 1949 3665; x_wconf 88' lang='lat' dir='ltr'><strong>giti</strong></span> <span class='ocrx_word' id='word_1_745' title='bbox 1981 3610 2012 3649; x_wconf 90' lang='lat' dir='ltr'><strong>a</strong></span> <span class='ocrx_word' id='word_1_746' title='bbox 2044 3593 2284 3667; x_wconf 79' lang='lat' dir='ltr'><strong>niiuimis</strong></span> <span class='ocrx_word' id='word_1_747' title='bbox 2333 3593 2542 3649; x_wconf 90' lang='lat' dir='ltr'><strong>duabus</strong></span> <span class='ocrx_word' id='word_1_748' title='bbox 2583 3591 2834 3648; x_wconf 90' lang='lat' dir='ltr'><strong>manibus</strong></span> <span class='ocrx_word' id='word_1_749' title='bbox 2880 3606 2979 3663; x_wconf 88' lang='lat' dir='ltr'><strong>per</strong></span> <span class='ocrx_word' id='word_1_750' title='bbox 3023 3591 3057 3647; x_wconf 88' lang='lat'><strong><em>6</em></strong></span> <span class='ocrx_word' id='word_1_751' title='bbox 3112 3590 3372 3647; x_wconf 90' lang='lat' dir='ltr'><strong>articulos</strong></span> <span class='ocrx_word' id='word_1_752' title='bbox 3414 3589 3452 3646; x_wconf 74' lang='lat'><strong>2</strong></span> 
     </span>
    </p>
   </div>
   <div class='ocr_carea' id='block_1_97' title="bbox 1851 3683 3456 3756">
    <p class='ocr_par' dir='ltr' id='par_1_97' title="bbox 1851 3683 3456 3756">
     <span class='ocr_line' id='line_1_97' title="bbox 1851 3683 3456 3756; baseline -0.002 -16"><span class='ocrx_word' id='word_1_753' title='bbox 1851 3699 1948 3740; x_wconf 81' lang='lat' dir='ltr'><strong>sex</strong></span> <span class='ocrx_word' id='word_1_754' title='bbox 1983 3700 2157 3741; x_wconf 89' lang='lat' dir='ltr'><strong>annos</strong></span> <span class='ocrx_word' id='word_1_755' title='bbox 2193 3683 2611 3756; x_wconf 65' lang='lat' dir='ltr'><strong>praaparationis</strong></span> <span class='ocrx_word' id='word_1_756' title='bbox 2638 3683 2869 3740; x_wconf 80' lang='lat' dir='ltr'><strong>bissexti</strong></span> <span class='ocrx_word' id='word_1_757' title='bbox 2910 3683 3224 3748; x_wconf 89' lang='lat' dir='ltr'><strong>ostendunt,</strong></span> <span class='ocrx_word' id='word_1_758' title='bbox 3260 3691 3316 3738; x_wconf 90' lang='lat' dir='ltr'><strong>et</strong></span> <span class='ocrx_word' id='word_1_759' title='bbox 3343 3690 3456 3737; x_wconf 82' lang='lat' dir='ltr'><strong>ter-</strong></span> 
     </span>
    </p>
   </div>
   <div class='ocr_carea' id='block_1_98' title="bbox 1855 3775 3474 3849">
    <p class='ocr_par' dir='ltr' id='par_1_98' title="bbox 1855 3775 3474 3849">
     <span class='ocr_line' id='line_1_98' title="bbox 1855 3775 3474 3849; baseline -0.004 -15"><span class='ocrx_word' id='word_1_760' title='bbox 1855 3779 1913 3834; x_wconf 90' lang='lat' dir='ltr'><strong>tii</strong></span> <span class='ocrx_word' id='word_1_761' title='bbox 1943 3779 2098 3849; x_wconf 86' lang='lat' dir='ltr'><strong>digiti</strong></span> <span class='ocrx_word' id='word_1_762' title='bbox 2131 3794 2162 3833; x_wconf 90' lang='lat' dir='ltr'><strong>a</strong></span> <span class='ocrx_word' id='word_1_763' title='bbox 2191 3777 2431 3834; x_wconf 87' lang='lat' dir='ltr'><strong>minimis</strong></span> <span class='ocrx_word' id='word_1_764' title='bbox 2464 3777 2750 3849; x_wconf 89' lang='lat' dir='ltr'><strong>utriusque</strong></span> <span class='ocrx_word' id='word_1_765' title='bbox 2790 3792 2986 3834; x_wconf 89' lang='lat' dir='ltr'><strong>manus</strong></span> <span class='ocrx_word' id='word_1_766' title='bbox 3015 3777 3050 3832; x_wconf 84' lang='grc'><strong>5</strong></span> <span class='ocrx_word' id='word_1_767' title='bbox 3081 3793 3208 3832; x_wconf 90' lang='lat' dir='ltr'><strong>ann.</strong></span> <span class='ocrx_word' id='word_1_768' title='bbox 3251 3775 3285 3832; x_wconf 87' lang='lat'><strong>6</strong></span> <span class='ocrx_word' id='word_1_769' title='bbox 3311 3792 3474 3848; x_wconf 51' lang='lat' dir='ltr'><strong>prtem</strong></span> 
     </span>
    </p>
   </div>
   <div class='ocr_carea' id='block_1_99' title="bbox 1852 3867 3454 3942">
    <p class='ocr_par' dir='ltr' id='par_1_99' title="bbox 1852 3867 3454 3942">
     <span class='ocr_line' id='line_1_99' title="bbox 1852 3867 3454 3942; baseline -0.002 -16"><span class='ocrx_word' id='word_1_770' title='bbox 1852 3870 2154 3942; x_wconf 88' lang='lat' dir='ltr'><strong>paratiouis</strong></span> <span class='ocrx_word' id='word_1_771' title='bbox 2192 3869 2419 3926; x_wconf 85' lang='lat' dir='ltr'><strong>bissexti</strong></span> <span class='ocrx_word' id='word_1_772' title='bbox 2449 3885 2548 3942; x_wconf 90' lang='lat' dir='ltr'><strong>per</strong></span> <span class='ocrx_word' id='word_1_773' title='bbox 2594 3869 2628 3926; x_wconf 88' lang='grc'>6</span> <span class='ocrx_word' id='word_1_774' title='bbox 2675 3869 2936 3926; x_wconf 90' lang='lat' dir='ltr'><strong>articulos</strong></span> <span class='ocrx_word' id='word_1_775' title='bbox 2981 3869 3268 3940; x_wconf 88' lang='lat' dir='ltr'><strong>utriusque</strong></span> <span class='ocrx_word' id='word_1_776' title='bbox 3297 3867 3454 3940; x_wconf 88' lang='lat' dir='ltr'><strong>digiti</strong></span> 
     </span>
    </p>
   </div>
   <div class='ocr_carea' id='block_1_100' title="bbox 1855 3949 3455 4034">
    <p class='ocr_par' dir='ltr' id='par_1_100' title="bbox 1855 3949 3455 4034">
     <span class='ocr_line' id='line_1_100' title="bbox 1855 3949 3455 4034; baseline -0.003 -14"><span class='ocrx_word' id='word_1_777' title='bbox 1855 3966 2213 4020; x_wconf 88' lang='lat' dir='ltr'><strong>demonstrat.</strong></span> <span class='ocrx_word' id='word_1_778' title='bbox 2262 3963 2432 4019; x_wconf 86' lang='lat' dir='ltr'><strong>Porro</strong></span> <span class='ocrx_word' id='word_1_779' title='bbox 2462 3963 2726 4034; x_wconf 89' lang='lat' dir='ltr'><strong>septimus</strong></span> <span class='ocrx_word' id='word_1_780' title='bbox 2763 3963 3061 4020; x_wconf 90' lang='lat' dir='ltr'><strong>bissextilis</strong></span> <span class='ocrx_word' id='word_1_781' title='bbox 3104 3949 3282 4017; x_wconf 89' lang='lat' dir='ltr'><strong>annus</strong></span> <span class='ocrx_word' id='word_1_782' title='bbox 3325 3976 3455 4017; x_wconf 91' lang='lat' dir='ltr'><strong>cum</strong></span> 
     </span>
    </p>
   </div>
   <div class='ocr_carea' id='block_1_101' title="bbox 1857 4054 3453 4128">
    <p class='ocr_par' dir='ltr' id='par_1_101' title="bbox 1857 4054 3453 4128">
     <span class='ocr_line' id='line_1_101' title="bbox 1857 4054 3453 4128; baseline -0.002 -17"><span class='ocrx_word' id='word_1_783' title='bbox 1857 4058 2032 4113; x_wconf 91' lang='lat' dir='ltr'><strong>tribus</strong></span> <span class='ocrx_word' id='word_1_784' title='bbox 2058 4057 2218 4113; x_wconf 88' lang='lat' dir='ltr'><strong>annis</strong></span> <span class='ocrx_word' id='word_1_785' title='bbox 2247 4057 2603 4128; x_wconf 89' lang='lat' dir='ltr'><strong>sequentibus</strong></span> <span class='ocrx_word' id='word_1_786' title='bbox 2642 4057 2727 4111; x_wconf 91' lang='lat' dir='ltr'><strong>bis</strong></span> <span class='ocrx_word' id='word_1_787' title='bbox 2754 4057 2911 4112; x_wconf 91' lang='lat' dir='ltr'><strong>binos</strong></span> <span class='ocrx_word' id='word_1_788' title='bbox 2943 4054 3202 4111; x_wconf 90' lang='lat' dir='ltr'><strong>articulos</strong></span> <span class='ocrx_word' id='word_1_789' title='bbox 3223 4055 3453 4109; x_wconf 91' lang='lat' dir='ltr'><strong>duorum</strong></span> 
     </span>
    </p>
   </div>
   <div class='ocr_carea' id='block_1_102' title="bbox 1854 4144 3457 4221">
    <p class='ocr_par' dir='ltr' id='par_1_102' title="bbox 1854 4144 3457 4221">
     <span class='ocr_line' id='line_1_102' title="bbox 1854 4144 3457 4221; baseline -0.002 -17"><span class='ocrx_word' id='word_1_790' title='bbox 1854 4148 2143 4221; x_wconf 89' lang='lat' dir='ltr'><strong>pollicibus</strong></span> <span class='ocrx_word' id='word_1_791' title='bbox 2197 4157 2398 4203; x_wconf 88' lang='lat' dir='ltr'><strong>teneat.</strong></span> <span class='ocrx_word' id='word_1_792' title='bbox 2455 4147 2514 4202; x_wconf 91' lang='lat' dir='ltr'><strong>In</strong></span> <span class='ocrx_word' id='word_1_793' title='bbox 2568 4148 2672 4202; x_wconf 90' lang='lat' dir='ltr'><strong>hoc</strong></span> <span class='ocrx_word' id='word_1_794' title='bbox 2736 4161 2868 4217; x_wconf 89' lang='lat' dir='ltr'><strong>ergo</strong></span> <span class='ocrx_word' id='word_1_795' title='bbox 2921 4146 3110 4201; x_wconf 90' lang='lat' dir='ltr'><strong>ordine</strong></span> <span class='ocrx_word' id='word_1_796' title='bbox 3157 4144 3457 4200; x_wconf 86' lang='lat' dir='ltr'><strong>calculator</strong></span> 
     </span>
    </p>
   </div>
   <div class='ocr_carea' id='block_1_103' title="bbox 1854 4239 3455 4310">
    <p class='ocr_par' dir='ltr' id='par_1_103' title="bbox 1854 4239 3455 4310">
     <span class='ocr_line' id='line_1_103' title="bbox 1854 4239 3455 4310; baseline -0.002 -12"><span class='ocrx_word' id='word_1_797' title='bbox 1854 4241 2164 4298; x_wconf 87' lang='lat' dir='ltr'><strong>bissextiles</strong></span> <span class='ocrx_word' id='word_1_798' title='bbox 2205 4242 2237 4294; x_wconf 92' lang='lat'><strong>7</strong></span> <span class='ocrx_word' id='word_1_799' title='bbox 2274 4255 2446 4295; x_wconf 91' lang='lat' dir='ltr'><strong>annos</strong></span> <span class='ocrx_word' id='word_1_800' title='bbox 2494 4255 2592 4310; x_wconf 90' lang='lat' dir='ltr'><strong>per</strong></span> <span class='ocrx_word' id='word_1_801' title='bbox 2622 4239 2692 4295; x_wconf 73' lang='lat'><strong>28</strong></span> <span class='ocrx_word' id='word_1_802' title='bbox 2741 4255 3067 4309; x_wconf 88' lang='lat' dir='ltr'><strong>percurrens</strong></span> <span class='ocrx_word' id='word_1_803' title='bbox 3110 4239 3338 4306; x_wconf 89' lang='lat' dir='ltr'><strong>invenit,</strong></span> <span class='ocrx_word' id='word_1_804' title='bbox 3371 4241 3455 4294; x_wconf 84' lang='lat' dir='ltr'><strong>iu-</strong></span> 
     </span>
    </p>
   </div>
   <div class='ocr_carea' id='block_1_104' title="bbox 1854 4329 3456 4403">
    <p class='ocr_par' dir='ltr' id='par_1_104' title="bbox 1854 4329 3456 4403">
     <span class='ocr_line' id='line_1_104' title="bbox 1854 4329 3456 4403; baseline -0.002 -14"><span class='ocrx_word' id='word_1_805' title='bbox 1854 4335 2062 4403; x_wconf 88' lang='lat' dir='ltr'><strong>cipiens</strong></span> <span class='ocrx_word' id='word_1_806' title='bbox 2091 4333 2392 4386; x_wconf 87' lang='lat' dir='ltr'><strong>bissextum</strong></span> <span class='ocrx_word' id='word_1_807' title='bbox 2443 4331 2496 4386; x_wconf 88' lang='lat' dir='ltr'><strong>in</strong></span> <span class='ocrx_word' id='word_1_808' title='bbox 2541 4331 2715 4401; x_wconf 88' lang='lat' dir='ltr'><strong>prima</strong></span> <span class='ocrx_word' id='word_1_809' title='bbox 2765 4331 2900 4386; x_wconf 73' lang='lat' dir='ltr'><strong>feria</strong></span> <span class='ocrx_word' id='word_1_810' title='bbox 2932 4345 2962 4385; x_wconf 88' lang='lat' dir='ltr'><strong>a</strong></span> <span class='ocrx_word' id='word_1_811' title='bbox 3010 4329 3237 4385; x_wconf 91' lang='lat' dir='ltr'><strong>minimo</strong></span> <span class='ocrx_word' id='word_1_812' title='bbox 3282 4331 3456 4403; x_wconf 85' lang='lat' dir='ltr'><strong>digito</strong></span> 
     </span>
    </p>
   </div>
   <div class='ocr_carea' id='block_1_105' title="bbox 1853 4413 3456 4493">
    <p class='ocr_par' dir='ltr' id='par_1_105' title="bbox 1853 4413 3456 4493">
     <span class='ocr_line' id='line_1_105' title="bbox 1853 4413 3456 4493; baseline 0 -15"><span class='ocrx_word' id='word_1_813' title='bbox 1853 4413 1913 4478; x_wconf 82' lang='lat' dir='ltr'><strong>in</strong></span> <span class='ocrx_word' id='word_1_814' title='bbox 1941 4437 2154 4478; x_wconf 90' lang='lat' dir='ltr'><strong>summo</strong></span> <span class='ocrx_word' id='word_1_815' title='bbox 2197 4421 2428 4479; x_wconf 91' lang='lat' dir='ltr'><strong>articulo</strong></span> <span class='ocrx_word' id='word_1_816' title='bbox 2473 4421 2816 4488; x_wconf 88' lang='lat' dir='ltr'><strong>auricularis,</strong></span> <span class='ocrx_word' id='word_1_817' title='bbox 2861 4431 2916 4476; x_wconf 90' lang='lat' dir='ltr'><strong>et</strong></span> <span class='ocrx_word' id='word_1_818' title='bbox 2968 4422 3047 4478; x_wconf 92' lang='lat' dir='ltr'><strong>sic</strong></span> <span class='ocrx_word' id='word_1_819' title='bbox 3094 4422 3232 4478; x_wconf 91' lang='lat' dir='ltr'><strong>dicis</strong></span> <span class='ocrx_word' id='word_1_820' title='bbox 3279 4423 3456 4493; x_wconf 90' lang='lat' dir='ltr'><strong>prima</strong></span> 
     </span>
    </p>
   </div>
   <div class='ocr_carea' id='block_1_106' title="bbox 1865 4512 3458 4574">
    <p class='ocr_par' dir='ltr' id='par_1_106' title="bbox 1865 4512 3458 4574">
     <span class='ocr_line' id='line_1_106' title="bbox 1865 4512 3458 4574; baseline -0.003 -2"><span class='ocrx_word' id='word_1_821' title='bbox 1865 4516 2000 4574; x_wconf 82' lang='lat' dir='ltr'><strong>feria</strong></span> <span class='ocrx_word' id='word_1_822' title='bbox 2041 4531 2166 4572; x_wconf 91' lang='lat' dir='ltr'><strong>cum</strong></span> <span class='ocrx_word' id='word_1_823' title='bbox 2194 4515 2456 4572; x_wconf 81' lang='lat' dir='ltr'><strong>bissexto.</strong></span> <span class='ocrx_word' id='word_1_824' title='bbox 2489 4514 2548 4570; x_wconf 94' lang='lat' dir='ltr'><strong>In</strong></span> <span class='ocrx_word' id='word_1_825' title='bbox 2587 4514 2826 4571; x_wconf 89' lang='lat' dir='ltr'><strong>secundo</strong></span> <span class='ocrx_word' id='word_1_826' title='bbox 2862 4512 3094 4570; x_wconf 89' lang='lat' dir='ltr'><strong>articulo</strong></span> <span class='ocrx_word' id='word_1_827' title='bbox 3132 4513 3342 4568; x_wconf 88' lang='lat' dir='ltr'><strong>minimi</strong></span> <span class='ocrx_word' id='word_1_828' title='bbox 3373 4514 3458 4568; x_wconf 81' lang='lat' dir='ltr'><strong>di-</strong></span> 
     </span>
    </p>
   </div>
   <div class='ocr_carea' id='block_1_107' title="bbox 1866 4604 3457 4682">
    <p class='ocr_par' dir='ltr' id='par_1_107' title="bbox 1866 4604 3457 4682">
     <span class='ocr_line' id='line_1_107' title="bbox 1866 4604 3457 4682; baseline -0.003 -18"><span class='ocrx_word' id='word_1_829' title='bbox 1866 4610 1962 4682; x_wconf 86' lang='lat' dir='ltr'><strong>giti</strong></span> <span class='ocrx_word' id='word_1_830' title='bbox 1989 4607 2022 4664; x_wconf 91' lang='lat'><strong>6</strong></span> <span class='ocrx_word' id='word_1_831' title='bbox 2049 4607 2181 4663; x_wconf 82' lang='lat' dir='ltr'><strong>feria</strong></span> <span class='ocrx_word' id='word_1_832' title='bbox 2221 4623 2345 4663; x_wconf 89' lang='lat' dir='ltr'><strong>cum</strong></span> <span class='ocrx_word' id='word_1_833' title='bbox 2383 4606 2646 4664; x_wconf 84' lang='lat' dir='ltr'><strong>bissexto.</strong></span> <span class='ocrx_word' id='word_1_834' title='bbox 2692 4607 2749 4661; x_wconf 94' lang='lat' dir='ltr'><strong>ln</strong></span> <span class='ocrx_word' id='word_1_835' title='bbox 2784 4607 2946 4662; x_wconf 91' lang='lat' dir='ltr'><strong>tertio</strong></span> <span class='ocrx_word' id='word_1_836' title='bbox 2993 4604 3221 4661; x_wconf 90' lang='lat' dir='ltr'><strong>articulo</strong></span> <span class='ocrx_word' id='word_1_837' title='bbox 3258 4605 3292 4659; x_wconf 92' lang='lat'><strong>4</strong></span> <span class='ocrx_word' id='word_1_838' title='bbox 3320 4605 3457 4661; x_wconf 84' lang='lat' dir='ltr'><strong>feria</strong></span> 
     </span>
    </p>
   </div>
   <div class='ocr_carea' id='block_1_108' title="bbox 1867 4700 3458 4778">
    <p class='ocr_par' dir='ltr' id='par_1_108' title="bbox 1867 4700 3458 4778">
     <span class='ocr_line' id='line_1_108' title="bbox 1867 4700 3458 4778; baseline -0.004 -18"><span class='ocrx_word' id='word_1_839' title='bbox 1867 4720 1991 4761; x_wconf 91' lang='lat' dir='ltr'><strong>cum</strong></span> <span class='ocrx_word' id='word_1_840' title='bbox 2022 4703 2280 4759; x_wconf 83' lang='lat' dir='ltr'><strong>bissexto.</strong></span> <span class='ocrx_word' id='word_1_841' title='bbox 2316 4701 2519 4758; x_wconf 87' lang='lat' dir='ltr'><strong>Deinde</strong></span> <span class='ocrx_word' id='word_1_842' title='bbox 2565 4701 2620 4755; x_wconf 91' lang='lat' dir='ltr'><strong>in</strong></span> <span class='ocrx_word' id='word_1_843' title='bbox 2659 4701 2886 4778; x_wconf 83' lang='lat' dir='ltr'><strong>dextera</strong></span> <span class='ocrx_word' id='word_1_844' title='bbox 2931 4715 3094 4756; x_wconf 91' lang='lat' dir='ltr'><strong>manu</strong></span> <span class='ocrx_word' id='word_1_845' title='bbox 3145 4700 3196 4754; x_wconf 91' lang='lat' dir='ltr'><strong>in</strong></span> <span class='ocrx_word' id='word_1_846' title='bbox 3244 4714 3458 4754; x_wconf 87' lang='lat' dir='ltr'><strong>summo</strong></span> 
     </span>
    </p>
   </div>
   <div class='ocr_carea' id='block_1_109' title="bbox 1870 4790 3459 4867">
    <p class='ocr_par' dir='ltr' id='par_1_109' title="bbox 1870 4790 3459 4867">
     <span class='ocr_line' id='line_1_109' title="bbox 1870 4790 3459 4867; baseline -0.007 -13"><span class='ocrx_word' id='word_1_847' title='bbox 1870 4796 2100 4854; x_wconf 89' lang='lat' dir='ltr'><strong>articulo</strong></span> <span class='ocrx_word' id='word_1_848' title='bbox 2125 4794 2333 4851; x_wconf 89' lang='lat' dir='ltr'><strong>minimi</strong></span> <span class='ocrx_word' id='word_1_849' title='bbox 2370 4794 2528 4867; x_wconf 84' lang='lat' dir='ltr'><strong>digiti</strong></span> <span class='ocrx_word' id='word_1_850' title='bbox 2570 4793 2707 4849; x_wconf 91' lang='lat' dir='ltr'><strong>dicis</strong></span> <span class='ocrx_word' id='word_1_851' title='bbox 2733 4793 2971 4850; x_wconf 85' lang='lat' dir='ltr'><strong>secunda</strong></span> <span class='ocrx_word' id='word_1_852' title='bbox 3013 4791 3151 4846; x_wconf 81' lang='lat' dir='ltr'><strong>feria</strong></span> <span class='ocrx_word' id='word_1_853' title='bbox 3193 4806 3314 4845; x_wconf 78' lang='lat' dir='ltr'><strong>etim</strong></span> <span class='ocrx_word' id='word_1_854' title='bbox 3345 4790 3459 4844; x_wconf 88' lang='lat' dir='ltr'><strong>bis-</strong></span> 
     </span>
    </p>
   </div>
   <div class='ocr_carea' id='block_1_110' title="bbox 1871 4879 3459 4956">
    <p class='ocr_par' dir='ltr' id='par_1_110' title="bbox 1871 4879 3459 4956">
     <span class='ocr_line' id='line_1_110' title="bbox 1871 4879 3459 4956; baseline -0.008 -9"><span class='ocrx_word' id='word_1_855' title='bbox 1871 4900 2045 4947; x_wconf 82' lang='lat' dir='ltr'><strong>sexto.</strong></span> <span class='ocrx_word' id='word_1_856' title='bbox 2077 4887 2136 4942; x_wconf 93' lang='lat' dir='ltr'><strong>In</strong></span> <span class='ocrx_word' id='word_1_857' title='bbox 2168 4886 2403 4944; x_wconf 91' lang='lat' dir='ltr'><strong>secundo</strong></span> <span class='ocrx_word' id='word_1_858' title='bbox 2437 4885 2666 4950; x_wconf 87' lang='lat' dir='ltr'><strong>articulo</strong></span> <span class='ocrx_word' id='word_1_859' title='bbox 2693 4885 2724 4938; x_wconf 94' lang='lat'><strong>7</strong></span> <span class='ocrx_word' id='word_1_860' title='bbox 2757 4884 2890 4940; x_wconf 84' lang='lat' dir='ltr'><strong>feria</strong></span> <span class='ocrx_word' id='word_1_861' title='bbox 2943 4901 3066 4942; x_wconf 91' lang='lat' dir='ltr'><strong>cum</strong></span> <span class='ocrx_word' id='word_1_862' title='bbox 3113 4883 3371 4956; x_wconf 74' lang='lat' dir='ltr'><strong>bissexto.</strong></span> <span class='ocrx_word' id='word_1_863' title='bbox 3403 4879 3459 4935; x_wconf 90' lang='lat' dir='ltr'><strong>In</strong></span> 
     </span>
    </p>
   </div>
   <div class='ocr_carea' id='block_1_111' title="bbox 1870 4975 3463 5048">
    <p class='ocr_par' dir='ltr' id='par_1_111' title="bbox 1870 4975 3463 5048">
     <span class='ocr_line' id='line_1_111' title="bbox 1870 4975 3463 5048; baseline -0.008 -6"><span class='ocrx_word' id='word_1_864' title='bbox 1870 4984 2030 5042; x_wconf 83' lang='lat' dir='ltr'><strong>tertio</strong></span> <span class='ocrx_word' id='word_1_865' title='bbox 2061 4980 2294 5037; x_wconf 89' lang='lat' dir='ltr'><strong>articqu</strong></span> <span class='ocrx_word' id='word_1_866' title='bbox 2313 4982 2416 5038; x_wconf 87' lang='lat' dir='ltr'><strong>hoc</strong></span> <span class='ocrx_word' id='word_1_867' title='bbox 2443 4988 2530 5038; x_wconf 86' lang='lat' dir='ltr'><strong>est</strong></span> <span class='ocrx_word' id='word_1_868' title='bbox 2560 4978 2614 5033; x_wconf 90' lang='lat' dir='ltr'><strong>in</strong></span> <span class='ocrx_word' id='word_1_869' title='bbox 2643 4977 2828 5035; x_wconf 87' lang='lat' dir='ltr'><strong>radice</strong></span> <span class='ocrx_word' id='word_1_870' title='bbox 2855 4977 3064 5036; x_wconf 89' lang='lat' dir='ltr'><strong>minimi</strong></span> <span class='ocrx_word' id='word_1_871' title='bbox 3092 4976 3245 5048; x_wconf 84' lang='lat' dir='ltr'><strong>digiti</strong></span> <span class='ocrx_word' id='word_1_872' title='bbox 3271 4976 3304 5029; x_wconf 83' lang='lat'><strong>5</strong></span> <span class='ocrx_word' id='word_1_873' title='bbox 3330 4975 3463 5030; x_wconf 76' lang='lat' dir='ltr'><strong>feria</strong></span> 
     </span>
    </p>
   </div>
   <div class='ocr_carea' id='block_1_112' title="bbox 1865 5065 3468 5142">
    <p class='ocr_par' dir='ltr' id='par_1_112' title="bbox 1865 5065 3468 5142">
     <span class='ocr_line' id='line_1_112' title="bbox 1865 5065 3468 5142; baseline -0.008 -9"><span class='ocrx_word' id='word_1_874' title='bbox 1865 5069 1995 5133; x_wconf 79' lang='lat' dir='ltr'><strong>eum</strong></span> <span class='ocrx_word' id='word_1_875' title='bbox 2015 5073 2276 5130; x_wconf 85' lang='lat' dir='ltr'><strong>bissexto.</strong></span> <span class='ocrx_word' id='word_1_876' title='bbox 2291 5074 2496 5131; x_wconf 89' lang='lat' dir='ltr'><strong>Deinde</strong></span> <span class='ocrx_word' id='word_1_877' title='bbox 2519 5071 2573 5125; x_wconf 89' lang='lat' dir='ltr'><strong>in</strong></span> <span class='ocrx_word' id='word_1_878' title='bbox 2603 5070 2785 5126; x_wconf 87' lang='lat' dir='ltr'><strong>radice</strong></span> <span class='ocrx_word' id='word_1_879' title='bbox 2804 5071 3017 5142; x_wconf 91' lang='lat' dir='ltr'><strong>pollicis</strong></span> <span class='ocrx_word' id='word_1_880' title='bbox 3045 5067 3248 5124; x_wconf 77' lang='lat' dir='ltr'><strong>dextra:</strong></span> <span class='ocrx_word' id='word_1_881' title='bbox 3271 5066 3408 5123; x_wconf 91' lang='lat' dir='ltr'><strong>dicis</strong></span> <span class='ocrx_word' id='word_1_882' title='bbox 3433 5065 3468 5121; x_wconf 84' lang='lat'><strong>3</strong></span> 
     </span>
    </p>
   </div>
   <div class='ocr_carea' id='block_1_113' title="bbox 1863 5150 3394 5231">
    <p class='ocr_par' dir='ltr' id='par_1_113' title="bbox 1863 5150 3394 5231">
     <span class='ocr_line' id='line_1_113' title="bbox 1863 5150 3394 5231; baseline -0.01 -4"><span class='ocrx_word' id='word_1_883' title='bbox 1863 5150 2008 5226; x_wconf 6' lang='lat' dir='ltr'><strong>iferia</strong></span> <span class='ocrx_word' id='word_1_884' title='bbox 2044 5183 2166 5223; x_wconf 91' lang='lat' dir='ltr'><strong>cum</strong></span> <span class='ocrx_word' id='word_1_885' title='bbox 2199 5167 2464 5224; x_wconf 81' lang='lat' dir='ltr'><strong>bissexto.</strong></span> <span class='ocrx_word' id='word_1_886' title='bbox 2504 5162 2794 5231; x_wconf 77' lang='lat' dir='ltr'><strong>ﬂuensque</strong></span> <span class='ocrx_word' id='word_1_887' title='bbox 2825 5167 2891 5223; x_wconf 88' lang='lat' dir='ltr'><strong>de</strong></span> <span class='ocrx_word' id='word_1_888' title='bbox 2918 5158 3394 5222; x_wconf 87' lang='lat' dir='ltr'><strong>concurrentibus.</strong></span> 
     </span>
    </p>
   </div>
   <div class='ocr_carea' id='block_1_114' title="bbox 2149 5258 3187 5331">
    <p class='ocr_par' dir='ltr' id='par_1_114' title="bbox 2149 5258 3187 5331">
     <span class='ocr_line' id='line_1_114' title="bbox 2149 5258 3187 5331; baseline -0.009 -17"><span class='ocrx_word' id='word_1_889' title='bbox 2149 5260 2225 5314; x_wconf 88' lang='lat' dir='ltr'><strong>De</strong></span> <span class='ocrx_word' id='word_1_890' title='bbox 2271 5258 2548 5330; x_wconf 79' lang='lat' dir='ltr'><strong>principiis</strong></span> <span class='ocrx_word' id='word_1_891' title='bbox 2597 5265 2826 5325; x_wconf 86' lang='lat' dir='ltr'><strong>quatuor</strong></span> <span class='ocrx_word' id='word_1_892' title='bbox 2876 5269 3187 5331; x_wconf 86' lang='lat' dir='ltr'><strong>temporum.</strong></span> 
     </span>
    </p>
   </div>
   <div class='ocr_carea' id='block_1_115' title="bbox 1873 5342 3476 5423">
    <p class='ocr_par' dir='ltr' id='par_1_115' title="bbox 1873 5342 3476 5423">
     <span class='ocr_line' id='line_1_115' title="bbox 1873 5342 3476 5423; baseline -0.018 -1"><span class='ocrx_word' id='word_1_893' title='bbox 1873 5417 1878 5422; x_wconf 78' lang='lat'><strong>.</strong></span> <span class='ocrx_word' id='word_1_894' title='bbox 1945 5356 2062 5418; x_wconf 84' lang='lat' dir='ltr'><strong>CV.</strong></span> <span class='ocrx_word' id='word_1_895' title='bbox 2139 5353 2196 5408; x_wconf 88' lang='lat' dir='ltr'><strong>Si</strong></span> <span class='ocrx_word' id='word_1_896' title='bbox 2255 5353 2336 5407; x_wconf 90' lang='lat' dir='ltr'><strong>vis</strong></span> <span class='ocrx_word' id='word_1_897' title='bbox 2386 5353 2552 5412; x_wconf 81' lang='lat' dir='ltr'><strong>scire,</strong></span> <span class='ocrx_word' id='word_1_898' title='bbox 2609 5361 2716 5416; x_wconf 68' lang='lat' dir='ltr'><strong>«tua</strong></span> <span class='ocrx_word' id='word_1_899' title='bbox 2766 5349 2858 5408; x_wconf 88' lang='lat' dir='ltr'><strong>die</strong></span> <span class='ocrx_word' id='word_1_900' title='bbox 2902 5350 3217 5423; x_wconf 67' lang='lat' dir='ltr'><strong>septimana:</strong></span> <span class='ocrx_word' id='word_1_901' title='bbox 3265 5342 3476 5398; x_wconf 89' lang='lat' dir='ltr'><strong>intrant</strong></span> 
     </span>
    </p>
   </div>
   <div class='ocr_carea' id='block_1_116' title="bbox 1875 5441 3476 5530">
    <p class='ocr_par' dir='ltr' id='par_1_116' title="bbox 1875 5441 3476 5530">
     <span class='ocr_line' id='line_1_116' title="bbox 1875 5441 3476 5530; baseline -0.018 -15"><span class='ocrx_word' id='word_1_902' title='bbox 1875 5466 2111 5530; x_wconf 87' lang='lat' dir='ltr'><strong>quatuor</strong></span> <span class='ocrx_word' id='word_1_903' title='bbox 2143 5459 2412 5516; x_wconf 84' lang='lat' dir='ltr'><strong>tempora,</strong></span> <span class='ocrx_word' id='word_1_904' title='bbox 2446 5447 2552 5502; x_wconf 89' lang='lat' dir='ltr'><strong>hoc</strong></span> <span class='ocrx_word' id='word_1_905' title='bbox 2581 5449 2664 5495; x_wconf 88' lang='lat' dir='ltr'><strong>est</strong></span> <span class='ocrx_word' id='word_1_906' title='bbox 2691 5455 2810 5510; x_wconf 85' lang='lat' dir='ltr'><strong>ver,</strong></span> <span class='ocrx_word' id='word_1_907' title='bbox 2849 5457 3031 5507; x_wconf 55' lang='lat' dir='ltr'><strong>uastas,</strong></span> <span class='ocrx_word' id='word_1_908' title='bbox 3075 5445 3389 5500; x_wconf 87' lang='lat' dir='ltr'><strong>autumnus,</strong></span> <span class='ocrx_word' id='word_1_909' title='bbox 3421 5441 3476 5487; x_wconf 90' lang='lat' dir='ltr'><strong>et</strong></span> 
     </span>
    </p>
   </div>
   <div class='ocr_carea' id='block_1_117' title="bbox 1876 5533 3480 5628">
    <p class='ocr_par' dir='ltr' id='par_1_117' title="bbox 1876 5533 3480 5628">
     <span class='ocr_line' id='line_1_117' title="bbox 1876 5533 3480 5628; baseline -0.016 -25"><span class='ocrx_word' id='word_1_910' title='bbox 1876 5555 2092 5626; x_wconf 81' lang='lat' dir='ltr'><strong>hyems,</strong></span> <span class='ocrx_word' id='word_1_911' title='bbox 2123 5556 2275 5598; x_wconf 85' lang='lat' dir='ltr'><strong>sume</strong></span> <span class='ocrx_word' id='word_1_912' title='bbox 2322 5533 2651 5612; x_wconf 88' lang='lat' dir='ltr'><strong>principium</strong></span> <span class='ocrx_word' id='word_1_913' title='bbox 2699 5550 2731 5590; x_wconf 88' lang='lat' dir='ltr'><strong>a</strong></span> <span class='ocrx_word' id='word_1_914' title='bbox 2788 5539 2909 5596; x_wconf 87' lang='lat' dir='ltr'><strong>Kal.</strong></span> <span class='ocrx_word' id='word_1_915' title='bbox 2953 5533 3102 5597; x_wconf 84' lang='lat' dir='ltr'><strong>Maii,</strong></span> <span class='ocrx_word' id='word_1_916' title='bbox 3132 5539 3480 5628; x_wconf 77' lang='lat' dir='ltr'><strong>quacumque</strong></span> 
     </span>
    </p>
   </div>
  </div>
