4020 6310
540 313 685 372 1325
1357 302 1655 363 ΔΡΡΕΝΙ).
1675 296 1768 358 AD
1806 290 1981 357 ωδε.
2008 294 2105 357 IX.

2245 282 2619 358 AUCTORES
2653 253 2990 356 suoava
3668 276 3822 350 πει

535 412 711 486 tumni
760 421 921 481 tertia
964 421 1052 479 die
1090 416 1211 477 Kal.
1256 416 1494 493 hyemis,
1543 394 1738 490 quarta
1785 408 2121 495 die_princi-
2151 400 2364 501 'Ajrius,
2392 414 2775 486 Capricornus,
2805 412 3097 486 Aquarius,
3138 402 3347 471 Pisces.
3394 409 3456 469 lu
3484 424 3826 484 unoquoque

524 518 688 592 ‘pium
712 515 881 583 veris,
906 514 1010 572 hoc
1044 520 1130 570 est
1154 510 1276 567 Kal.
1304 509 1497 577 Febr.,
1522 524 1623 565 nec
1645 507 1919 563 bissextus
1948 513 2122 562 mutat
2213 507 2379 592 signo
2410 521 2476 561 ex
2506 505 2590 562 bis
2618 505 2696 561 sol
2724 514 2968 561 moratur
2992 503 3062 560 50
3098 503 3312 571 diebus_
3358 513 3415 559 et
3456 502 3525 560 10
3560 503 3744 568 horis,
3774 512 3830 559 et

524 610 683 669 'banc
714 611 999 666 rationem.

608 700 745 758 Item
776 700 1056 758 Sesebutus
1091 698 1156 753 de
1188 694 1463 767 eclipsibus
1493 692 1620 750 solis
1647 701 1697 749 et
1733 690 1874 748 tum:
1903 688 2052 745 dicit.

607 792 741 873 CVl.
786 790 1084 849 Sesebutus
1123 789 1259 846 dicit
1290 806 1306 843 :

602 906 737 966 Ounr
753 904 883 957 fesso
904 902 1038 956 Luna
1058 906 1089 941 ἰ
1109 902 1299 955 libescit
1323 899 1535 953 circulus
1551 901 1674 966 orbe

602 960 1020 1033 Furpureumque
1039 966 1184 1029 iubar
1207 966 1337 1014 nivei
1359 977 1485 1033 quur
1497 963 1696 1033 _tabeat_
1712 960 1849 1033 boris

598 1024 768 1083 latinia
795 1024 964 1081 vicinis
1004 1024 1180 1081 novum
1201 1039 1348 1090 quam
1368 1024 1567 1090 decolor
1598 1024 1787 1090 ILle

596 1090 776 1144 Fratre
799 1092 819 1113 ‘
841 1097 983 1143 curet
1003 1084 1248 1151 vacuaque
1276 1090 1519 1152 exanguis
1537 1086 1719 1152 deﬁcit
1741 1084 1877 1136 hora.

603 1155 891 1206 lnviolatum
911 1156 942 1191 i‘
966 1161 1066 1204 erit
1087 1149 1183 1202 sed
1202 1159 1336 1202 vasto
1356 1149 1566 1214 corpore
1589 1149 1742 1214 tellus

604 1218 726 1281 Quae
765 1217 980 1281 medium
991 1221 1141 1281 tenet
1162 1215 1307 1281 immo
1330 1206 1492 1281 polum
1526 1212 1645 1281 dum
1667 1209 1874 1261 culmina
1894 1206 2073 1260 fratres

601 1275 803 1332 Deserit
826 1278 1102 1328 umbriferis
1119 1278 1342 1326 noctibus
1363 1275 1476 1324 dum
1498 1275 1662 1323 sidere
1682 1283 1819 1322 casso

602 1342 836 1394 Polleseit
857 1346 1005 1392 terra:
1029 1341 1199 1389 umbra
1223 1344 1342 1387 rotae
1362 1336 1474 1388 dum
1501 1341 1722 1386 transeat
1743 1344 1889 1384 axem

602 1406 777 1467 Agere
801 1402 941 1453 velox
967 1401 1168 1453 cumulo
1189 1400 1495 1467 speculoque
1513 1399 1692 1467 rosanti

604 1459 870 1518 Fraternas
891 1471 1088 1527 reparet
1128 1459 1229 1527 per'
1250 1459 1425 1527 cmluni
1449 1461 1604 1527 libera
1622 1459 1855 1510 ﬂammas.

606 1530 745 1590 Quur
764 1534 929 1578 autem
950 1520 1056 1576 sola
1075 1520 1310 1588 spolietur
1335 1522 1519 1590 lumine
1534 1520 1702 1590 liena,

605 1585 688 1642 Nil
712 1604 831 1643 vero
851 1590 1028 1639 mirum
1053 1585 1153 1649 est,
1172 1590 1356 1650 quippe
1378 1585 1507 1635 illam
1532 1585 1655 1635 lucis
1668 1587 1915 1650 egentem

610 1654 714 1714 Lux
740 1652 902 1703 aliena
934 1650 1088 1714 fovet,
1110 1646 1395 1714 quamcum
1409 1659 1520 1710 pars
1540 1646 1760 1714 proxima
1781 1650 1929 1694 meta

588 1712 822 1774 vlnvidet,
856 1708 1272 1775 expectair'adins
1302 1708 1433 1775 male
1461 1708 1640 1759 carata
1665 1708 1860 1775 fratres.

608 1778 687 1828 Ad
704 1766 905 1831 cboiuiu
926 1766 938 1775 ’
952 1782 1229 1826 austrorum
1250 1774 1281 1804 ι
1321 1772 1542 1833 reliquus
1563 1782 1659 1833 non
1683 1770 1896 1833 tangitur
1926 1766 2133 1828 umbris,

612 1840 670 1901 Et
696 1840 943 1901 promum
958 1839 1147 1901 cunctis
1165 1833 1310 1897 jubar
1326 1832 1445 1901 est,
1460 1845 1553 1882 nec
1577 1832 1696 1901 Sole
1716 1832 1988 1901 rubescunt

608 1892 708 1952 Sed
729 1892 873 1963 po'rro
896 1895 1023 1948 ultra
1047 1892 1212 1948 Solem
1235 1892 1425 1960 rapitur
1441 1908 1551 1945 cum
1564 1892 1914 1963 gerticecoeli.

596 1964 713 2012 dam
730 1955 861 2025 'quur
886 1969 1136 2025 menstruo
1148 1971 1249 2025 non
1270 1955 1467 2025 semper
1502 1955 1684 2018 palleat
1703 1957 1828 2005 orbe

606 2022 766 2074 index
775 2028 787 2074 i
812 2029 1044 2086 praestant
1060 2023 1190 2070 illico
1208 2023 1305 2082 jam
1330 2022 1555 2086 tramite,
1568 2029 1744 2086 cursus

606 2079 827 2149 Namque
841 2095 1033 2149 vagans
1054 2079 1229 2133 errore
1250 2085 1360 2130 rato
1382 2088 1492 2149 cum
1526 2079 1667 2149 devia
1705 2083 1861 2149 tortus

609 2149 734 2199 Tum
747 2141 877 2209 legit
896 2141 1164 2209 anfractus.
1186 2150 1367 2209 ineunt
1385 2141 1459 2193 sol
1474 2142 1670 2209 eminus
1692 2143 1800 2191 exit

611 2203 973 2273 Interqu'etque
1002 2205 1196 2273 peplum
1222 2203 1394 2273 noctis,
1416 2203 1671 2273 radiantque
1696 2214 1933 2273 sororem.

612 2271 733 2323 Haec
750 2264 922 2319 eadem
943 2264 1170 2318 raiio'est
1188 2266 1368 2317 subitis
1380 2264 1469 2314 ubi
1499 2264 1737 2326 frangitur
1768 2264 1952 2313 umbris

606 2334 818 2394 Augusti
840 2330 969 2385 Solis
989 2329 1190 2381 rutilum
1204 2330 1350 2394 iubar
1372 2328 1540 2394 indiga
1562 2326 1705 2385 lucis,

611 2388 815 2510 Euindo
854 2395 984 2444 inter
1009 2400 1193 2441 terram
1208 2388 1270 2441 et
1302 2388 1470 2443 Solem
1484 2388 1600 2439 'rota
1622 2389 1838 2452 corporis
1858 2388 1955 2438 albi

656 2469 799 2510 unam
822 2463 929 2506 erat
950 2454 1150 2504 fratrem
1176 2452 1327 2502 rectis
1344 2464 1575 2510 arguens.

656 2469 799 2511 unam
822 2463 929 2506 erat
950 2454 1150 2504 fratrem
1176 2452 1327 2502 rectis
1344 2464 1575 2515 arguens.

544 2578 927 2645 Argumentum
971 2565 1040 2620 ad
1088 2572 1299 2637 epactas
1343 2562 1470 2618 solis
1515 2562 1570 2618 in
1605 2558 1731 2618 Kal.
1773 2564 1833 2619 1'2
1861 2564 2136 2619 mensium.

619 2660 777 2720 CVII.
843 2659 902 2715 Si
952 2657 1036 2713 vis
1082 2656 1224 2713 scire
1271 2656 1695 2729 uniuscujusque
1752 2658 1951 2713 mensis
1996 2657 2140 2712 diem

550 2757 872 2831 septimana:
901 2752 954 2808 in
986 2745 1107 2807 Kal.
1139 2766 1236 2822 per
1262 2766 1424 2805 unam
1457 2751 1837 2822 septimanam,
1871 2750 1943 2804 ita
1990 2750 2138 2804 iuve-

549 2850 689 2915 nies,
720 2847 826 2903 hoc
858 2852 938 2900 est
968 2860 1065 2915 per
1093 2840 1213 2898 illos
1249 2842 1363 2898 dies
1407 2843 1459 2897 7.
1510 2841 1724 2899 Primus
1754 2842 1910 2897 Mart.
1940 2842 2143 2915 mensis

552 2954 723 3012 usque
749 2937 817 2993 ad
846 2933 983 2992 Non.
1010 2933 1202 3002 Marb;
1228 2933 1350 3007 quia
1374 2934 1751 3005 qualicumque
1783 2932 1916 2989 feria
1944 2932 2145 2989 fuerint

550 3030 670 3090 Kal.
696 3030 876 3095 Mart,
912 3029 965 3083 in
990 3026 1078 3082 illa
1108 3037 1268 3083 erunt
1299 3026 1417 3081 Kal.
1445 3027 1737 3094 Novemb.;
1770 3035 1822 3082 ct
1845 3027 2145 3096 qualicum-

1374 3116 1407 3173 6
1602 3117 1787 3185 Mart.’
1907 3117 1994 3171 in“
2246 3112 2791 3199 ιὶὶιῐᾰιῒέιιῦιιιυδιῗιΐι,
2825 3112 2997 3199 υῖιιὶΙΒΑ
3020 3112 3230 3199 "13:51":
3256 3112 3402 3199 :IIC3
3429 3112 3574 3137 σιειι.
3616 3112 3811 3199 ιᾱιιιιίυἷ

2171 3174 2217 3239 C
2246 3174 2419 3246 Aprili
2444 3176 2692 3232 tribuunt
2714 3185 2940 3247 propter
2968 3173 3217 3230 eumdem
3258 3172 3472 3241 Jovem,
3518 3189 3587 3230 eo
3618 3173 3767 3245 quod
3796 3173 3843 3228 in

551 3216 642 3273 die
668 3225 830 3272 erunt
872 3210 993 3267 Kal.
1028 3208 1153 3265 Juu.
1185 3220 1239 3265 et
1280 3204 1402 3264 Kal.
1436 3206 1608 3277 Febr;
1649 3218 1704 3265 et
1748 3210 1800 3264 iu
1833 3208 1977 3279 quali
2007 3208 2142 3267 feria

550 3306 757 3364 fuerint
786 3302 985 3362 6Νὺιι.
1032 3302 1189 3357 Mart.
1240 3301 1293 3356 in
1341 3300 1453 3373 ipsa
1501 3310 1663 3357 erunt
1708 3296 1829 3357 Kal.
1881 3300 2041 3356 Febr.
2090 3290 2145 3356 et

552 3399 858 3465 Decembr;
894 3394 952 3451 in
983 3409 1325 3465 quacumque
1352 3392 1483 3446 feria
1515 3390 1714 3447 iuerint
1753 3390 1785 3446 4
1818 3390 1952 3447 Non.
1985 3391 2141 3448 Mart.

553 3494 609 3550 in
660 3492 748 3549 illa
795 3499 957 3548 erunt
994 3488 1111 3544 Kal.
1145 3488 1278 3559 Apr.
1311 3498 1364 3544 et
1412 3485 1530 3542 Kal.
1567 3485 1670 3542 Jul.
1732 3487 1864 3542 Item
1918 3489 1951 3543 ὃ
2002 3486 2142 3542 Non.

551 3584 710 3642 Mart.
754 3582 873 3638 Kal.
927 3559 1118 3639 Octob.
1169 3580 1311 3653 prid.
1371 3579 1504 3635 Non.
1556 3579 1713 3635 Mart.
1764 3579 1879 3635 Kal.
1916 3579 2062 3645 Maii,
2090 3588 2147 3634 et

550 3678 903 3738 Kal.Januar.
927 3678 1067 3743 Non.
1088 3670 1244 3731 Mart.
1269 3676 1388 3733 Kal.
1406 3678 1540 3749 Aug.
1557 3677 1608 3732 in
1630 3677 1817 3733 eadem
1839 3676 1972 3733 feria
1999 3688 2146 3733 sunt.

554 3795 632 3850 De
683 3793 960 3855 duodecim
1002 3791 1165 3860 signis
1213 3792 1358 3857 ctuti,
1404 3806 1522 3861 qua:
1573 3800 1791 3845 currunt
1830 3791 1887 3845 in
1928 3791 2144 3845 zodiaca

626 3864 840 3927 circulo,
858 3863 946 3916 aui
969 3860 1195 3915 circulus
1215 3860 1433 3932 signifer
1452 3861 1667 3926 dicitur,
1689 3864 1786 3916 hoc
1807 3871 1882 3916 est
1903 3862 2144 3917 sideralis

631 3950 830 3990 cursus.

634 4020 810 4084 CVIII.
861 4022 1131 4079 Zodiacus
1159 4036 1383 4088 cursus,
1424 4022 1563 4077 idest
1616 4024 1845 4078 sidcrius
1882 4024 1960 4079 vel
2001 4025 2146 4079 side-

560 4122 709 4186 ralis,
756 4127 812 4176 et
845 4114 1070 4191 signifer
1098 4116 1315 4181 dicitur,
1362 4131 1425 4171 eo
1456 4116 1597 4186 quod
1646 4116 1711 4171 η
1757 4118 1911 4188 signa
1944 4116 2145 4171 inferre

552 4214 791 4269 videtur.
824 4208 1077 4281 Undique
1109 4209 1254 4264 enim
1287 4223 1482 4281 gyrum
1529 4206 1649 4264 caeli
1703 4208 2144 4263 rotundissimum

554 4322 656 4377 per
682 4304 876 4359 lineam
919 4302 1124 4357 zodiaci
1167 4301 1377 4366 circuli,
1408 4298 1561 4371 quasi
1611 4316 1895 4370 personam
1928 4300 2149 4379 amplis-

558 4397 711 4453 simze
748 4411 918 4466 spera:
945 4393 1333 4450 circumdatam
1378 4388 1620 4447 distincti
1664 4393 1883 4448 ordines
1909 4408 2148 4463 gemma-

559 4500 681 4540 rum
703 4484 773 4539 12
792 4498 912 4540 sese
938 4484 1170 4539 invicem
1199 4482 1628 4554 contingentium
1652 4482 1717 4536 ab
1743 4483 1950 4538 oriente
1979 4497 2148 4552 usque

559 4575 616 4632 in
642 4575 998 4641 occidentem,
1042 4575 1116 4630 ita
1145 4574 1396 4629 obsident
1423 4583 1477 4628 et
1521 4574 1814 4629 coluerent.
1867 4573 1991 4629 llaec
2020 4590 2147 4645 ergo

559 4682 719 4734 zona,
774 4682 895 4738 quae
943 4665 1194 4721 zodiacus
1236 4673 1291 4719 et
1340 4662 1588 4720 sideralis
1632 4662 1851 4731 dicitur,
1883 4674 1935 4720 et
1967 4662 2146 4720 Mazu-

560 4760 708 4825 roth,
734 4767 791 4813 et
824 4757 1018 4814 borum
1045 4757 1215 4813 cobus
1244 4757 1414 4828 cingit
1443 4756 1639 4812 ctelutu
1666 4756 1731 4811 12
1758 4758 1926 4813 stellis
1953 4760 2148 4813 distiu-

559 4860 666 4917 cta,
694 4866 792 4923 per
819 4864 939 4921 quae
973 4846 1051 4906 sol
1094 4858 1152 4904 et
1181 4848 1307 4903 luna
1339 4850 1669 4905 discurrunt.
1713 4850 1780 4905 Et
1822 4861 1949 4906 Sunt
1987 4858 2148 4907 tantm

561 4941 984 5015 magnitudinis,
1037 4949 1098 4995 ut
1144 4954 1252 4994 non
1294 4940 1483 4995 minus
1526 4954 1688 5010 quam
1735 4941 1944 4998 duabus
1998 4942 2147 4999 horis

561 5031 771 5104 singula
793 5032 947 5103 signa
971 5030 1126 5098 oriri,
1158 5030 1242 5085 vel
1279 5031 1551 5097 occidere,
1582 5031 1666 5087 vel
1695 5028 1760 5088 de
1797 5031 1915 5089 loco
1942 5034 2146 5088 moveri

557 5124 790 5198 possint.
830 5124 1063 5180 Tantum
1094 5138 1223 5181 vero
1253 5124 1516 5180 ambitum
1546 5124 1753 5181 zodiaci
1786 5124 1908 5181 ictis
1937 5126 2006 5181 65
2035 5126 2149 5184 die-

562 5221 663 5276 bus
690 5218 806 5275 et6
834 5218 985 5275 horis
1028 5218 1257 5290 peragit.
1312 5216 1460 5272 Luna
1507 5227 1685 5273 autem
1729 5216 1800 5274 26
1849 5218 2056 5286 diebus,
2093 5222 2148 5275 et

560 5309 594 5365 8
623 5309 776 5367 boris
803 5310 991 5366 eadem
1018 5308 1088 5364 l2
1111 5310 1267 5382 signa
1296 5306 1562 5380 pervolat,
1601 5310 1744 5366 binis
1773 5325 1903 5367 vero
1935 5311 2147 5379 diebus,

560 5411 617 5458 et
662 5400 701 5460 6
746 5398 898 5459 boris
923 5442 940 5470 ,
993 5416 1058 5458 ac
1110 5400 1271 5459 besse
1306 5402 1470 5458 unius
1523 5402 1669 5459 bene
1723 5404 2145 5475 unumquodque

562 5493 778 5565 signum
805 5492 1097 5566 percurrit.
1126 5492 1254 5550 Haec
1284 5502 1466 5549 autem
1493 5494 1646 5566 signa
1678 5494 1764 5563 l2,
1791 5510 1890 5567 per
1916 5512 2038 5567 quae
2064 5497 2144 5553 sol

561 5592 620 5643 et
650 5585 777 5643 luna
806 5595 1063 5652 currunt,
1094 5588 1169 5642 ita
1214 5590 1519 5643 vocantur:
1552 5586 1726 5653 Aries,
1766 5584 2001 5654 Taurus,
2036 5587 2139 5643 Ge-

560 5676 721 5746 mini,
749 5677 974 5743 Cancer,
1002 5677 1131 5745 Leo,
1168 5676 1353 5751 Virgo,
1389 5676 1572 5743 Libra,
1621 5676 1866 5751 Scorpio,
1900 5677 2140 5753 Sagitta-

636 5778 664 5812 ⁸
706 5770 864 5831 Forte
892 5772 958 5828 At
999 5775 1187 5830 chorus
1231 5782 1494 5828 astrorum

2213 582 2446 653 'dimidia
2468 596 2626 651 hora.
2646 595 2799 651 Luna
2829 602 3008 651 autem
3034 594 3245 652 duobus
3266 594 3478 663 diebus,
3498 602 3556 651 et
3580 595 3641 650 11
3674 594 3830 651 horia

2223 689 2647 760 unumquodque
2690 688 2906 763 signum
2948 687 3242 760 percurrit.
3286 684 3354 743 Et
3398 686 3515 743 hac
3560 687 3630 743 12
3672 688 3832 758 signa

2231 796 2353 839 eum
2393 781 2736 838 ﬁrmamento
2766 791 2993 838 currunt
3026 779 3170 837 linea
3206 778 3426 857 oﬂiqua
3454 780 3697 837 candido
3726 779 3835 835 cir-

2227 874 2351 933 culo
2378 874 2448 932 ab
2476 875 2687 932 oriente
2710 872 2782 947 :in
2822 876 3158 932 occidentem
3182 915 3198 933 .
3244 884 3301 931 et
3346 864 3419 943 ab
3457 873 3751 930 occidente
3779 874 3833 928 iu

2228 966 2497 1022 orientem
2526 965 2689 1022 semel
2722 966 2777 1021 in
2808 966 2896 1022 die
2924 976 2980 1023 et
3028 975 3187 1023 nocte
3232 982 3331 1039 per
3376 965 3449 1021 24
3495 966 3695 1025 betas.
3742 963 3835 1019 Sol

2232 1066 2415 1113 autem
2443 1067 2499 1112 et
2524 1056 2671 1125 luna,
2701 1066 2757 1113 et
2781 1057 2935 1113 stella
2966 1056 3229 1125 Saturni,
3269 1056 3428 1113 stella
3469 1054 3647 1119 Jovis,
3678 1055 3835 1113 stelh

2232 1132 2443 1215 Martis,
2475 1146 2629 1204 stella
2658 1144 2908 1216 Veneris,
2939 1146 3099 1205 stella
3134 1134 3624 1219 Merctrrii'contra
3650 1150 3835 1225 ﬁrma-

2234 1249 2474 1297 mentum
2517 1250 2788 1309 currunt,
2835 1240 2929 1298 sed
2976 1240 3469 1323 fortitudo'cursus
3499 1240 3836 1297 ﬁrmamenti

2226 1335 2401 1389 trahit
2423 1348 2486 1390 ea
2509 1348 2691 1391 secum
2718 1342 2885 1402 retro,
2916 1333 3058 1390 unde
3086 1342 3234 1390 retro
3256 1324 3607 1419 gradiuntur.
3633 1332 3703 1391 Et
3728 1332 3839 1389 bmc

2200 1440 2398 1484 'causa
2427 1439 2512 1485 est
2551 1428 2927 1500 inaequalitatis
2956 1424 3188 1497 dierum,
3215 1439 3277 1503 et.
3301 1429 3551 1501 noctium
3576 1428 3633 1511 in
3660 1427 3836 1498 longi-

2238 1520 2423 1577 tudine
2468 1530 2524 1577 et
2552 1521 2820 1577 brevitate
2852 1520 3143 1603 obliquitas
3191 1520 3480 1594 signiferi,
3532 1535 3639 1591 per
3679 1536 3837 1593 quem

2234 1610 2318 1669 sol
2365 1619 2422 1669 et
2466 1611 2591 1667 luna
2627 1620 2883 1676 currunt,
2931 1626 3052 1667 cum
3082 1627 3213 1685 pars
3244 1627 3393 1681 aequa
3448 1609 3641 1667 mundi
3679 1624 3840 1679 super

2241 1702 2536 1776 subterque
2565 1711 2743 1759 terras
2771 1700 3022 1759 omnibus
3050 1696 3481 1777 liat'momeutis.
3506 1700 3650 1759 Inde
3678 1700 3841 1781 Iside-

2161 1799 2212 1861 B
2240 1811 2336 1851 rus
2364 1795 2499 1852 dicit
2528 1813 2540 1849 :
2570 1794 2665 1851 Sol
2687 1796 2829 1850 enim
2860 1792 3067 1867 obliqua
3106 1790 3247 1848 linea
3284 1794 3449 1865 pergit
3479 1792 3553 1846 ad
3592 1792 3839 1858 Borean,

2228 1880 2284 1945 et
2310 1888 2384 1943 ita
2416 1889 2484 1943 (id
2511 1890 2766 1944 orientem
2799 1889 3090 1957 revertitur.
3122 1950 3131 1961 ι

2340 1979 2419 2036 De
2449 1981 2623 2036 causis
2649 1962 2835 2055 quibus
2876 1978 3088 2055 nomine
3115 1958 3425 2053 acceperunt
3456 1960 3524 2033 li
3561 1980 3742 2050 signa.

2307 2072 2439 2130 CIX.
2478 2072 2644 2144 Signa
2670 2054 2759 2137 l2,
2780 2071 2873 2127 vel
2901 2086 2931 2125 a
2957 2054 3136 2127 causis
3155 2058 3471 2137 annalibus,
3502 2070 3602 2127 vel
3632 2086 3665 2125 a
3696 2069 3834 2127 Gen-

2239 2162 2414 2221 tilium
2461 2162 2658 2219 fabulis
2706 2163 2924 2247 nomina
2975 2172 3341 2245 sumpserunt.
3380 2161 3533 2233 ,Nam
3590 2162 3834 2218 Arietem

2238 2254 2431 2311 Martio
2467 2255 2641 2310 mensi
2686 2261 2912 2326 propter
2951 2254 3273 2309 Ammonem
3322 2250 3515 2310 Jovem
3572 2253 3839 2321 tribuunt,

2236 2344 2329 2416 qui
2355 2354 2414 2401 ut
2442 2345 2619 2401 fabula
2651 2344 2759 2401 fert
2785 2388 2798 2409 ,
2845 2345 2899 2400 in
2945 2345 3034 2401 illo
3063 2360 3251 2401 mense
3293 2344 3492 2402 Libero
3524 2347 3679 2417 patri
3722 2346 3841 2401 cuiu

2228 2448 2338 2495 suo
2362 2439 2605 2494 exercitu
2630 2438 2687 2492 iu
2720 2437 2868 2493 India
2898 2437 2953 2494 iu
2999 2437 3244 2493 arenosis
3270 2434 3410 2493 locis
3433 2476 3450 2503 ,
3506 2436 3605 2492 ubi
3648 2451 3843 2508 aquam

2234 2546 2361 2595 non
2396 2530 2686 2599 habebant,
2710 2540 2769 2586 et
2816 2526 2922 2585 illis
2977 2528 3284 2585 sitientibus
3336 2524 3552 2602 Jupiter
3592 2522 3846 2585 ostensus

2230 2634 2326 2683 'est
2380 2626 2434 2682 in
2486 2622 2666 2681 forma
2729 2624 2917 2679 arietis
2946 2663 2963 2691 ,
3037 2632 3092 2678 et
3145 2622 3383 2678 ostendit
3443 2620 3555 2678 illis
3620 2618 3844 2677 (eum.

2232 2716 2537 2789 Propterea
2560 2717 2616 2772 in
2636 2714 2754 2785 ejus
2780 2715 3074 2772 simulacro
3099 2714 3288 2771 arietis
3312 2729 3532 2797 cornua.
3549 2711 3843 2769 finxerunt.

2226 2806 2374 2864 1tem
2403 2807 2668 2863 Eusebius
2709 2805 2762 2861 in
2807 2804 3076 2862 Chronico
3113 2807 3193 2861 ait-
3245 2823 3259 2860 :
3305 2803 3505 2860 Frixus
3537 2822 3666 2859 cum
3703 2802 3844 2859 Helle

2243 2916 2423 2956 sorore
2470 2916 2566 2955 sua
2602 2897 2808 2971 fugiens
2836 2896 3059 2953 insidias
3102 2894 3396 2954 novercales
3436 2897 3584 2953 visus
3632 2907 3713 2951 est
3762 2910 3846 2967 per

2244 3000 2390 3047 eram
2435 2991 2547 3046 vehi
2594 2989 2660 3043 ab
2692 2989 2856 3045 ariete
2885 2987 3087 3044 velleris
3119 2990 3290 3044 aurei.
3320 2986 3447 3044 Fuit
3474 2984 3673 3044 'autetn
3702 2985 3845 3043 navis

2244 3092 2436 3156 parata
2464 3083 2514 3140 ei
2542 3080 2791 3153 fugienti,
2825 3081 2983 3155 cujus
3019 3083 3230 3151 insigne
3256 3082 3402 3137 aries
3429 3088 3574 3137 erat.
3606 3074 3843 3137 Taurum

2238 3270 2440 3327 bovem
2470 3282 2768 3324 conversus
2786 3262 2877 3333 sit,
2908 3274 2967 3322 ut
2998 3264 3193 3322 fabula:
3218 3262 3420 3321 ierunt.
3448 3264 3745 3332 Geminos,
3775 3252 3847 3321 id-

2247 3370 2334 3417 est
2379 3358 2663 3417 Castorem
2705 3367 2763 3415 et
2808 3358 3109 3425 Pollucem,
3148 3358 3345 3428 quibus
3394 3356 3598 3413 Maium
3632 3365 3847 3429 propter

2240 3453 2488 3525 insignes
2505 3452 2732 3507 virtutes
2754 3464 2942 3507 eorum
2972 3450 3348 3522 adsignarent.
3374 3446 3553 3505 Porro
3574 3448 3843 3505 Canter-um

2246 3546 2406 3604 Junio
2434 3548 2830 3619 adsignaruut,
2878 3561 2944 3601 eo
2978 3547 3123 3615 quod
3169 3543 3251 3599 sol
3299 3542 3353 3598 in
3402 3542 3496 3598 illo
3548 3558 3744 3598 mense
3782 3537 3844 3595 ad

2246 3640 2505 3696 inferiora
2552 3641 2881 3704 revertitur,
2934 3637 3075 3692 sicut
3119 3634 3331 3692 Cancer
3376 3634 3653 3707 impulsus
3710 3643 3844 3689 retro

2248 3746 2466 3787 cursum
2496 3730 2728 3802 dirigere
2769 3728 2928 3784 solet.
2958 3726 3194 3783 Leonem
3220 3767 3235 3793 ,
3283 3740 3446 3797 quem
3477 3726 3691 3782 occidit
3716 3723 3843 3779 [ler-

2247 3824 2397 3880 cules
2424 3862 2440 3888 ,
2486 3820 2629 3877 Julio
2658 3830 2880 3893 propter
2908 3821 3018 3875 vim
3045 3816 3277 3875 fervoris
3304 3816 3621 3889 adsignant.
3678 3814 3845 3886 Virgi-

2246 3933 2371 3973 nem
2403 3900 2668 3988 Augusto,
2701 3930 2767 3971 eo
2794 3914 2938 3986 quod
2987 3922 3116 3968 tunc
3166 3911 3326 3968 tellus
3350 3920 3545 3967 exusta
3570 3910 3845 3967 caloribus

2246 4011 2382 4067 nihil
2410 4011 2605 4082 pariat.
2641 4008 2802 4065 Libra
2830 4007 3135 4080 Septembri
3167 4009 3233 4065 ob
3267 4009 3643 4080 aequalitatem
3668 4008 3771 4063 diei
3794 4000 3845 4061 e't

2246 4105 2443 4160 noctis.
2495 4102 2781 4175 Scorpium
2829 4112 2884 4157 et
2932 4102 3285 4174 Sagittarium
3327 4101 3543 4173 equinis
3590 4101 3843 4158 cruribus

2244 4201 2539 4257 formatum
2571 4208 2791 4271 propter
2826 4197 3051 4253 fulmina
3098 4198 3368 4254 mensium
3411 4196 3663 4272 ipsorum
3693 4196 3843 4253 Octo-

2249 4295 2467 4350 bremet
2487 4292 2845 4349 Novembrem
2861 4291 3133 4361 accipiunt
3156 4308 3171 4357 ;
3194 4286 3589 4363 Capricoruum
3618 4288 3842 4345 Decem-

2249 4387 2345 4443 ber
2392 4388 2617 4443 sortitur
2646 4394 2867 4458 propter
2915 4399 3135 4453 capram
3170 4382 3320 4439 Jovis
3355 4383 3654 4448 nutricem.
3696 4382 3841 4453 cuius

2252 4489 2493 4537 extrema
2511 4480 2644 4552 pisci
2663 4478 2857 4534 similia
2873 4477 3255 4549 pinguntur,eo
3267 4477 3413 4547 quod
3440 4470 3609 4543 hujus
3642 4471 3839 4529 mensis

2181 4554 2229 4615 Ῑ)
2252 4574 2438 4629 ultima
2456 4574 2629 4646 spatia
2658 4583 2781 4630 sunt
2797 4572 3033 4642 pluvida.
3050 4571 3349 4641 Aquarium
3375 4568 3640 4625 Januario
3661 4578 3717 4624 et
3746 4564 3840 4621 Fe-

2248 4666 2487 4722 bruario.
2515 4664 2695 4721 Pisces
2713 4666 3165 4734 traduntpropter
3200 4677 3418 4718 menses
3446 4661 3565 4717 illos
3596 4660 3840 4716 imbrife-

2248 4774 2360 4815 ros.
2390 4760 2820 4830 Unumquodque
2836 4772 2965 4826 ergo
2980 4757 3192 4829 signum
3211 4756 3277 4811 de
3292 4755 3377 4810 his
3396 4753 3459 4809 12
3476 4753 3645 4809 annis
3673 4768 3704 4807 a
3727 4765 3837 4806 me-

2250 4852 2339 4907 dio
2364 4852 2449 4907 die
2471 4849 2672 4905 mensis
2699 4860 2914 4919 semper
2942 4848 3153 4920 incipit;
3181 4848 3285 4903 hoc
3314 4854 3398 4902 est
3421 4860 3528 4899 xxv
3550 4842 3678 4899 Kal.
3713 4841 3834 4897 Jun.

2249 4941 2508 5014 cujusque
2536 4940 2739 4996 mensis
2770 4936 3012 5010 exceptis
3058 4939 3266 4994 duobus
3299 4936 3574 4994 mensibus
3604 4935 3831 4993 Januar.

2247 5043 2302 5091 et
2335 5032 2519 5100 Fcbr.,
2550 5032 2677 5104 quia
2724 5046 2811 5087 xvr
2856 5030 2977 5085 Kal.
3010 5029 3171 5087 Febr.
3204 5030 3281 5086 sol
3312 5030 3478 5086 intrat
3509 5028 3830 5100 Aquarium,

2247 5136 2303 5182 et
2337 5142 2426 5182 XIV
2464 5124 2583 5181 Kal.
2615 5126 2768 5181 Mart.
2800 5124 3103 5197 ingreditur
3128 5122 3333 5180 Pisces.
3386 5122 3443 5179 ln
3489 5122 3611 5178 aliis
3658 5130 3831 5176 autem
3902 5126 3913 5137 '

2250 5218 2317 5275 ιο
2360 5217 2527 5289 signis
2572 5217 2652 5274 sol
2686 5218 2851 5273 intrat
2888 5216 3215 5287 principium
3249 5212 3675 5285 uniuscujusque
3692 5205 3830 5283 signi

2248 5326 2318 5368 xv
2348 5310 2464 5367 Kal.
2501 5308 2742 5365 Primum
2778 5310 2991 5379 signum
3013 5306 3216 5363 Arietis
3236 5306 3368 5363 oriri
3423 5306 3613 5377 incipit
3660 5298 3831 5359 metm

2250 5403 2484 5473 Martio,
2535 5402 2675 5460 idest
2746 5420 2775 5458 a
2835 5418 2904 5458 xv
2948 5400 3066 5457 Kal.
3128 5402 3261 5473 Apr.
3316 5399 3625 5457 Secundum
3671 5392 3826 5451 Tauri

2250 5498 2439 5569 incipit
2467 5511 2535 5552 xv
2563 5494 2681 5552 Kal.
2722 5494 2864 5551 Maii.
2912 5492 3156 5550 Tertium
3205 5492 3559 5550 Geminorum
3612 5506 3681 5546 xv
3712 5484 3823 5544 Kal.

2248 5588 2372 5644 Jun.
2417 5588 2678 5657 Quartum
2715 5586 2911 5642 Cancri
2940 5603 3007 5642 xv
3034 5586 3152 5641 Kal.
3186 5572 3375 5642 Julias.
3408 5584 3667 5651 Quintum
3692 5580 3828 5636 Leo-

2247 5680 2332 5736 nis
2360 5678 2548 5754 incipit
2597 5692 2665 5736 xv
2709 5676 2826 5735 Kal.
2860 5670 3000 5753 Aug.
3050 5675 3276 5734 Sextum
3328 5679 3541 5751 signum
3597 5669 3824 5749 Vir-ginis
