4020 6310
247 303 389 373 i525

1493 315 1699 374 LIBER
1737 316 1827 372 DE
1851 315 2214 374 COMPUTO.

3383 333 3522 394 ωδ

243 431 432 505 incipit
457 445 528 486 κν
545 427 667 486 ποι,
699 427 848 500 Sept.
878 429 1176 501 Septimum
1199 429 1409 502 signum
1443 430 1632 500 incipit
1659 429 1837 484 Libra:
1863 430 1911 490 Α
1941 428 2232 498 complent.
2261 427 2318 484 Si
2355 430 2498 484 enim
2531 438 2613 486 ter
2639 432 2858 489 duxeris
2897 434 2967 491 60
2991 446 3135 508 sum,
3187 441 3292 498 hoc
3317 453 3402 500 est
3437 445 3524 504 his

243 539 312 580 xv
345 523 470 579 Kal.
519 521 710 578 Octob.
762 519 1022 576 Octavum
1076 521 1287 591 signum
1338 519 1564 592 Scorpio
1615 539 1680 576 xv
1714 521 1828 576 Kal.

243 617 452 688 incipit.
481 615 695 670 Nonum
728 614 941 686 signum
974 614 1298 685 Sagittarius
1329 631 1395 668 xv
1426 614 1542 670 Kal.
1577 616 1828 670 Decemb.

241 709 451 781 incipit.
511 708 789 764 Decimum
841 708 1052 779 signum
1103 707 1264 778 Capri
1312 708 1551 765 xvKal.
1602 708 1825 763 Januar.

238 804 528 875 incipiunt.
574 802 926 864 Untlet'yuum
973 804 1186 875 signum
1231 803 1454 873 Aquarii
1508 804 1694 873 incipit
1737 820 1828 858 xvr

237 897 360 952 Kal.
392 897 552 954 Febr.
591 897 980 952 Duodecimum
1011 899 1223 970 signum
1251 897 1488 952 Piscium
1518 899 1706 969 incipit
1739 913 1828 955 xiv

236 989 354 1048 Kal.
407 989 568 1046 Mart.
605 990 801 1045 Decem
831 990 978 1046 hora:
1019 999 1074 1045 et
1102 991 1287 1053 semis,
1321 1006 1441 1060 qua:
1469 989 1590 1061 plus
1620 991 1826 1047 suntin

235 1083 408 1152 signis
438 1082 686 1154 singulis,
726 1083 1032 1153 computari
1082 1083 1446 1154 negliguntur,
1499 1082 1593 1136 sed
1647 1094 1825 1140 tamen

233 1175 540 1245 computari
569 1175 932 1234 et-memorari
955 1175 1169 1230 debent.
1201 1174 1445 1230 Triccnis
1469 1175 1610 1230 enim
1637 1176 1826 1232 diebus

232 1278 292 1324 et
319 1267 386 1323 10
437 1267 586 1323 horis
631 1277 686 1322 et
731 1269 897 1324 semis
942 1269 1044 1324 hoc
1090 1277 1172 1325 est
1203 1269 1278 1324 20
1305 1270 1594 1324 momentis
1638 1269 1716 1324 Sol
1767 1268 1824 1324 in

233 1371 556 1431 unoquoque
586 1360 740 1430 signo
771 1369 1033 1414 moratur.
1065 1359 1305 1431 Singulis
1331 1361 1499 1430 signis
1525 1359 1593 1414 50
1617 1369 1820 1429 partes,

232 1462 402 1508 terna:
432 1467 562 1508 vero
591 1453 819 1510 decades
848 1453 1190 1523 deputantur,
1235 1462 1288 1507 et
1325 1453 1531 1523 singula
1573 1453 1724 1524 signa
1751 1453 1826 1512 10.

227 1553 464 1615 punctos
510 1545 749 1610 habent,
785 1545 932 1608 .ideSt
965 1544 1587 1614 ,duasborasﬁEnnn.
1635 1545 1820 1616 puncti

227 1626 284 1689 in
312 1635 437 1689 luna
467 1647 629 1690 uitam
664 1637 854 1691 horam
883 1636 1110 1701 faciunt.
1150 1636 1361 1709 Singuli
1409 1638 1574 1707 igitur
1603 1652 1820 1692 menses

228 1742 326 1783 sua
370 1731 522 1801 signa
562 1729 759 1786 habent
801 1749 814 1784 :
859 1718 1060 1802 Apﬂlis
1103 1733 1315 1803 signum
1359 1732 1595 1796 Arietis,
1645 1730 1822 1786 Maius.

1935 516 2026 582 50,
2072 519 2164 588 qui
2223 519 2430 576 faciunt
2491 521 2598 577 duo
2649 523 2822 596 signa.
2875 526 3117 584 Tricenac
3157 531 3301 588 enim
3333 545 3522 604 partes

1937 621 2104 662 unum
2157 610 2372 678 signum
2415 609 2634 666 faciunt.
2682 612 2813 668 Itcm
2867 614 2989 670 luna
3044 618 3077 674 6
3117 619 3164 690 si
3215 622 3298 678 vis
3347 625 3522 696 scire.

1931 707 2198 766 quantum
2249 716 2278 754 a
2323 700 2438 756 sole
2483 703 2668 769 distet,
2717 706 3010 776 multiplica
3056 710 3089 766 6
3133 723 3348 780 (tester,
3385 717 3527 784 lium

1934 788 2024 843 24.
2059 789 2167 844 Hos
2199 793 2400 861 partire
2449 809 2546 864 per
2586 797 2786 860 decies.
2819 799 2900 853 bis
2945 800 3066 856 deni
3099 815 3246 870 sunt,
3295 807 3400 865 hoc
3437 819 3524 868 ei

1934 887 2040 941 duo
2087 887 2259 959 signa,
2320 901 2605 947 remanent
2652 893 2708 947 4.
2758 893 3051 966 Multiplica
3103 909 3199 963 ter,
3249 901 3385 959 ﬁunt
3431 906 3520 963 I2.

1935 976 2157 1033 Duobus
2181 994 2310 1050 ergo
2333 982 2522 1052 signis,
2559 993 2612 1038 et
2645 985 2712 1039 12
2739 987 2983 1056 partibus
3019 989 3142 1045 luna
3174 991 3206 1046 6
3242 1009 3458 1066 semper
3484 1014 3518 1056 a

1927 1069 2050 1124 sole
2087 1071 2272 1126 distat.
2305 1073 2435 1128 Item
2477 1075 2602 1129 luna
2643 1078 2869 1146 septima
2911 1080 3204 1153 tnultipliea
3233 1086 3263 1139 7
3297 1098 3510 1156 quater,

1931 1161 2068 1216 liunt
2084 1162 2176 1217 28.
2205 1162 2318 1218 Duc
2343 1171 2442 1228 ter,
2469 1165 2599 1220 liunt
2619 1167 2710 1222 84.
2737 1168 2956 1225 Duobus
2978 1173 3163 1244 signis.
3192 1186 3246 1230 et
3271 1176 3340 1232 ‘24
3361 1190 3515 1248 parte

1931 1259 2076 1312 tertii
2127 1261 2278 1331 signa
2309 1261 2322 1280 ‘
2360 1261 2482 1316 luna
2532 1280 2562 1317 a
2613 1265 2726 1320 sole
2759 1267 3072 1338 elongatur.
3125 1271 3257 1327 Item
3299 1274 3430 1336 tuna
3473 1277 3512 1333 8

1925 1351 2225 1422 multiplica
2253 1354 2286 1407 8
2313 1364 2523 1424 quater,
2558 1356 2692 1412 ﬁunt
2719 1358 2809 1414 52.
2835 1361 2937 1416 .llis
2964 1363 3138 1419 ductis
3167 1373 3251 1420 ter
3285 1365 3418 1422 ﬁunt
3437 1365 3513 1426 9‘

1930 1443 2101 1497 trilms
2129 1445 2314 1514 signis,
2365 1456 2418 1503 et
2447 1447 2478 1501 6
2501 1450 2748 1518 partibus
2787 1451 2912 1508 luna
2935 1454 2970 1508 8
2991 1455 3276 1528 clongatur
3309 1473 3339 1512 a
3367 1461 3509 1515 sole.

1929 1532 2026 1589 Sic
2064 1536 2187 1590 luna
2231 1553 2371 1593 nona
2411 1539 2454 1594 si
2502 1540 2735 1596 volueris
2779 1544 2920 1599 scire
2963 1559 3222 1616 quantum
3265 1550 3436 1605 distat.
3469 1567 3506 1608 a

1924 1627 2038 1682 sole
2064 1647 2075 1681 :
2103 1627 2396 1699 multiplica
2435 1631 2471 1686 9
2506 1642 2741 1702 quatuor
2765 1635 2931 1702 vices,
2969 1637 3108 1692 .tlunt
3139 1638 3231 1693 56.
3255 1640 3372 1695 Duc
3402 1651 3505 1710 tell;

1924 1720 2062 1776 ﬁunt
2105 1723 2206 1778 I08
2232 1723 2404 1780 tribus
2449 1725 2639 1796 signis,
2668 1736 2722 1780 et
2747 1727 2812 1780 17
2843 1730 3087 1798 partibus
3134 1729 3256 1788 luna
3287 1741 3447 1790 ‘nona
3473 1749 3506 1792 a

229 1817 415 1884 Tauri,
447 1814 641 1877 Junius
665 1821 1042 1889 Geminorum,
1071 1823 1244 1879 Julius
1287 1823 1506 1888 Cancri,
1543 1824 1810 1895 Angustus

1924 1811 2037 1868 sole
2065 1814 2366 1885 elongatur.
2403 1816 2532 1871 Item
2576 1816 2701 1871 luna
2751 1820 2818 1873 10
2853 1821 3145 1892 multiplica
3186 1825 3252 1878 10
3295 1829 3509 1896 qualert

227 1914 446 1978 Leonis,
473 1909 796 1987 September
821 1916 1080 1988 Virginis,
1102 1915 1339 1974 October
1361 1917 1554 1982 Librze,
1585 1915 1816 1972 Novem-

227 2005 326 2060 ber
375 2004 731 2076 Scorpionis,
791 2004 1092 2062 December
1146 2007 1425 2076 Sagittarii
1461 2049 1474 2071 ,
1527 2005 1819 2062 Ianuarius

225 2095 582 2170 Capricorni,
633 2097 962 2154 Februarius
992 2099 1247 2170 Aquarii,
1293 2099 1519 2154 Martius
1558 2098 1812 2162 Piscium,

223 2188 366 2244 sicut
396 2189 615 2260 quidam
645 2201 887 2246 veterum
919 2193 1081 2246 etiam
1114 2192 1362 2246 versibus
1397 2189 1708 2260 explicavit.

221 2279 304 2352 De
334 2295 491 2335 cursu
519 2281 647 2336 solis
695 2293 742 2336 et
769 2282 928 2347 (unm,
969 2283 1100 2336 idest
1145 2284 1203 2354 in,
1223 2300 1326 2354 quo
1352 2285 1501 2354 signa
1532 2283 1694 2336 currit
1734 2281 1814 2337 sol

325 2387 328 2390 ο
732 2363 780 2408 et
803 2354 858 2407 in
879 2369 982 2425 quo
1009 2356 1157 2425 signo
1187 2353 1334 2409 (una.

293 2446 407 2504 CX.
449 2447 506 2503 Si
537 2448 619 2504 Vis
655 2447 822 2514 scire,
872 2448 925 2502 in
961 2461 1071 2516 quo
1100 2447 1255 2518 signo
1282 2447 1407 2502 luna
1451 2456 1554 2512 est,
1587 2456 1642 2502 et
1679 2455 1814 2516 quot

217 2539 398 2612 signa,
426 2550 558 2610 quot
581 2539 762 2610 partes
799 2547 927 2595 sunt
956 2539 1098 2594 inter
1117 2539 1287 2594 solem
1316 2547 1371 2593 et
1395 2539 1575 2593 lunam
1605 2539 1658 2592 in
1682 2554 1818 2596 unar.

217 2646 437 2702 quaque
485 2631 590 2696 die,
643 2647 798 2687 sume
843 2631 1049 2696 lunam,
1083 2647 1246 2701 quam
1281 2630 1536 2694 volueris,
1580 2640 1638 2685 ut
1681 2637 1810 2700 puta

214 2727 475 2800 primam.
511 2725 806 2796 Multiplica
853 2743 1020 2782 unmn
1049 2741 1148 2797 per
1182 2725 1384 2780 4.liunt
1415 2725 1468 2779 4.
1521 2726 1574 2780 In
1612 2728 1646 2779 4
1679 2739 1810 2796 ergo

215 2820 436 2892 punctis
465 2820 589 2874 luna
611 2819 785 2892 prima
813 2837 1031 2890 semper
1056 2836 1085 2876 a
1111 2820 1226 2875 sole
1257 2821 1441 2875 distat.
1478 2819 1590 2875 Duc
1615 2830 1809 2890 quater

213 2921 325 2978 ter,
380 2912 514 2967 fiunt
563 2913 648 2966 I2.
701 2912 995 2967 Duodecim
1025 2925 1156 2984 ergo
1185 2911 1433 2983 partibus
1481 2913 1582 2966 hoc
1610 2920 1694 2966 cst
1739 2909 1810 2964 12

213 3007 412 3063 diebus
452 3007 575 3061 luna
601 3007 778 3078 prima
807 3021 1074 3076 sempera
1126 3006 1241 3060 sole
1281 3003 1585 3075 elongatur.
1637 3004 1808 3074 Prop-

213 3107 367 3156 terea
399 3107 584 3154 autenr
607 3083 1009 3169 quotacumque
1039 3099 1163 3152 luna
1211 3097 1378 3153 fuerit
1418 3109 1516 3168 per
1543 3097 1598 3152 4,
1621 3094 1804 3150 multi-

1923 1905 1994 1960 40
2039 1906 2177 1961 ﬁunt
2201 1907 2272 1962 40
2301 1910 2537 1978 punctis,
2594 1910 2697 1965 hoc
2728 1922 2811 1967 est
2859 1913 2893 1967 8
2937 1915 3084 1969 horis
3131 1916 3256 1972 luna
3300 1921 3509 1976 decim

1919 1995 2207 2068 elongatur
2244 2014 2274 2052 a
2337 1998 2486 2063 sole;
2527 2002 2592 2054 10
2617 2015 2746 2072 ergo
2798 2005 3008 2072 puncti,
3041 2005 3180 2061 idest
3211 2009 3328 2063 duae
3359 2010 3520 2065 hora-

1919 2105 2087 2144 unum
2136 2090 2350 2159 signum
2396 2092 2602 2149 faciunt
2631 2135 2646 2160 ,
2687 2105 2744 2150 et
2770 2096 2840 2150 40
2865 2098 3072 2167 puncti,
3103 2100 3206 2155 hoc
3233 2110 3318 2157 est
3363 2103 3445 2165 I4,
3471 2103 3510 2158 4

1917 2181 2070 2254 signa
2110 2182 2402 2254 complent,
2445 2195 2502 2238 et
2537 2185 2608 2240 ita
2654 2186 2777 2240 luna
2815 2188 2901 2252 10,
2927 2189 2964 2242 4
3007 2190 3178 2259 signis
3223 2207 3439 2264 semper
3471 2209 3505 2250 a

1918 2275 2034 2330 sole
2066 2275 2250 2330 distat.
2299 2276 2450 2332 Luna
2491 2291 2624 2349 ergo
2667 2279 2736 2334 15
2767 2279 2813 2334 si
2859 2281 2941 2335 vis
2971 2281 3134 2347 scire,
3170 2293 3431 2354 quantum
3471 2300 3506 2341 ι

1917 2368 2030 2423 sole
2065 2369 2247 2432 distet,
2279 2378 2335 2424 et
2380 2380 2512 2440 quot
2555 2371 2708 2440 signa
2751 2381 2877 2427 sunt
2904 2373 3044 2430 inter
3081 2374 3271 2441 solem,
3321 2386 3377 2432 et
3417 2377 3504 2433 lu-

1915 2473 2062 2522 nam,
2094 2460 2309 2528 quando
2346 2455 2703 2530 plenilunium
2749 2470 2852 2529 est,
2900 2463 3196 2534 multiplica
3239 2467 3306 2522 15
3336 2481 3432 2537 per
3457 2471 3494 2523 4

1914 2548 2078 2612 vices,
2133 2548 2269 2602 [lunt
2311 2549 2402 2603 60.
2436 2549 2536 2604 Tot
2568 2552 2754 2618 puncti
2789 2559 2914 2606 sunt
2947 2552 3000 2605 in
3049 2552 3171 2608 luna
3201 2555 3291 2620 15,
3334 2564 3390 2612 et
3423 2565 3505 2612 tot

1912 2639 2128 2708 punctis
2153 2638 2318 2702 lucet,
2347 2638 2446 2694 hoc
2470 2649 2554 2694 est
2583 2640 2650 2693 li
2681 2642 2850 2706 boris,
2882 2652 2936 2696 et
2968 2651 3045 2697 tot
3069 2647 3308 2716 punctis,
3339 2656 3394 2704 et
3424 2657 3505 2704 tot

1913 2733 2064 2787 horis
2087 2732 2251 2787 distat
2283 2732 2405 2786 luna
2441 2734 2866 2804 decimaquinta,
2901 2736 3003 2792 hoc
3031 2745 3116 2793 est
3151 2739 3185 2793 6
3213 2741 3419 2812 signis;
3455 2743 3502 2798 si

1913 2827 2057 2881 enim
2084 2825 2152 2880 60
2181 2841 2278 2896 per
2301 2827 2486 2882 decem
2513 2829 2745 2897 partitus
2775 2827 2959 2895 fuerit,
2995 2830 3097 2886 hoc
3121 2840 3207 2887 est
3231 2849 3327 2904 per
3347 2837 3500 2906 signa

1911 2919 2140 2990 integra,
2199 2921 2324 2988 quia
2376 2918 2444 2973 10
2505 2921 2689 2991 puncti
2741 2936 2956 2992 semper
2999 2923 3212 2994 signum
3267 2925 3492 2982 faciunt.

1911 3008 2201 3080 Sexaginta
2245 3026 2374 3082 ergo
2413 3011 2589 3065 sexies
2616 3011 2739 3066 deni
2775 3021 2923 3077 sunt,
2975 3013 3080 3069 hoc
3107 3023 3192 3069 est
3241 3016 3274 3070 6
3318 3017 3493 3086 signa.

1911 3100 2042 3156 Item
2079 3101 2148 3155 60
2177 3112 2258 3157 ter
2286 3101 2630 3172 multiplicati
2676 3102 2812 3157 ﬁunt
2852 3112 2935 3158 ter
2977 3105 3258 3176 sexageni,
3289 3106 3392 3163 hoc
3415 3115 3500 3164 est

212 3192 470 3266 plicatur,
515 3191 641 3263 quia
692 3193 726 3246 4
773 3192 990 3263 punctis
1039 3207 1254 3261 semper
1298 3190 1498 3246 crescit
1551 3169 1878 3258 splendorC
1911 3196 1944 3249 6
1982 3195 2190 3258 triceni,
2238 3195 2329 3264 qui
2377 3169 2726 3264 perliciunt6
2768 3195 2942 3265 signa.
3001 3169 3283 3267 Sex'ergo
3329 3199 3500 3269 signis

213 3283 359 3340 lunae
387 3284 693 3340 recedendo
720 3297 748 3337 a
781 3283 915 3349 sole,
961 3292 1017 3338 et
1055 3283 1090 3336 4
1124 3285 1339 3354 punctis
1380 3282 1634 3353 splendor
1668 3281 1808 3334 luna:

215 3379 485 3436 decrescit
515 3393 730 3448 semper
759 3378 907 3433 omni
941 3378 1028 3434 die
1069 3385 1194 3449 post
1234 3376 1590 3447 plenilunium
1618 3375 1810 3444 adpro-

209 3472 531 3544 pinquando
579 3471 646 3526 ad
691 3471 858 3528 solem
909 3485 1080 3541 usque
1129 3471 1196 3526 ad
1226 3471 1622 3534 ascensionem,
1674 3479 1730 3524 et
1771 3467 1806 3522 4

209 3565 433 3639 punctis
477 3580 692 3638 semper
734 3566 857 3619 luna
889 3579 1141 3620 crescens
1167 3564 1314 3618 omni
1348 3565 1436 3618 die
1466 3563 1750 3634 elongatur
1775 3577 1804 3616 a

215 3656 333 3710 sole
371 3671 544 3726 usque
584 3657 652 3710 ad
699 3655 1074 3725 plenilunium.
1126 3655 1215 3709 Sic
1262 3655 1428 3709 etiam
1467 3654 1592 3708 luna
1624 3654 1807 3707 decre-

215 3765 399 3815 scens,
437 3749 470 3802 4
501 3749 716 3819 punctis
739 3749 885 3802 omni
923 3748 1010 3803 die
1048 3747 1446 3818 adpropinquat
1493 3747 1560 3799 ad
1609 3743 1800 3799 solem.

207 3841 532 3912 PrOpterea,
567 3841 710 3898 sicut
761 3841 1018 3906 diximus,
1067 3855 1426 3911 quaecumque
1467 3839 1599 3893 luna
1641 3837 1805 3892 fuerit

211 3951 314 4010 per
357 3933 391 3989 4
441 3934 846 4003 multiplicatur.
890 3933 958 3988 Et
1007 3934 1129 3988 ideo
1172 3941 1356 4002 postea
1409 3930 1498 3985 ille
1547 3943 1806 3984 numerus
1853 4006 1860 4012 .

217 4030 598 4102 quaternarius
637 4041 1070 4098 quotuscumque
1102 4026 1266 4081 fuerit
1292 4034 1374 4080 ter
1406 4024 1638 4084 ducitur,
1674 4023 1803 4096 quia

219 4131 329 4176 tres
368 4131 549 4192 partes
589 4129 716 4176 sunt
760 4121 814 4174 in
843 4135 1169 4190 unoquoque
1215 4126 1434 4190 puncto,
1475 4125 1532 4172 et
1577 4117 1652 4170 ita
1685 4115 1742 4169 in
1770 4114 1802 4170 4

216 4215 434 4286 punctis
469 4223 552 4268 ter
595 4213 773 4268 ductis
801 4214 862 4268 12
909 4223 1095 4283 partes
1124 4217 1405 4268 suntaAut
1434 4227 1500 4266 eo
1545 4209 1802 4281 amplius,

219 4308 322 4362 hoc
349 4316 432 4362 est
457 4301 816 4378 l3’partibus.
843 4306 994 4374 Quod
1024 4307 1168 4361 enim
1201 4306 1327 4360 luna
1363 4305 1535 4360 currit
1573 4304 1626 4357 in
1663 4317 1801 4357 uno-

216 4413 432 4472 quoque
468 4400 556 4455 die
603 4415 700 4469 per
749 4399 782 4452 4
827 4406 1054 4470 punctos
1099 4397 1226 4451 illud
1277 4397 1514 4466 spatium
1554 4394 1698 4458 coeli,
1748 4402 1805 4448 et

215 4494 497 4565 temporis,
543 4510 649 4548 non
679 4502 860 4565 potest
912 4493 992 4547 sol
1032 4509 1254 4546 currere
1307 4492 1508 4555 minus,
1539 4505 1703 4560 quam
1729 4488 1799 4542 12

1913 3302 2174 3357 semper,
2212 3286 2350 3340 idest
2396 3285 2622 3341 dimidio
2667 3287 2879 3355 sphera:
2925 3285 3163 3342 coalestis
3206 3287 3329 3342 luna
3371 3289 3438 3344 15
3467 3303 3501 3344 a

1905 3380 2026 3435 sole
2054 3378 2398 3438 discernitur.
2430 3378 2670 3448 Denique
2698 3379 2886 3432 urbem
2918 3377 3079 3444 lunae,
3108 3379 3357 3449 quotiens
3387 3380 3500 3450 ple,-

1913 3475 2166 3530 nissimus
2195 3485 2297 3536 est,
2331 3482 2520 3528 contra
2553 3472 2723 3528 solem
2747 3473 2929 3530 cernis
2957 3475 3286 3544 oppositum,
3318 3476 3499 3538 humi-

1912 3568 2016 3623 lem
2050 3567 2300 3621 videlicet
2340 3566 2457 3621 sole
2483 3567 2724 3632 sublimi,
2751 3576 2809 3622 et
2835 3567 3122 3624 sublimem
3164 3567 3348 3624 lunam
3383 3555 3498 3632 sole

1911 3659 2124 3714 humili.
2156 3658 2282 3712 Sole
2307 3658 2552 3713 aestivum
2577 3668 2795 3714 tenente
2816 3658 3100 3726 circulum,
3131 3660 3232 3716 hoc
3258 3667 3343 3718 est
3367 3677 3498 3720 con-

1911 3753 2035 3806 ﬁnia
2075 3749 2289 3806 solstitii
2321 3750 2494 3804 aestivi
2525 3749 2684 3820 plena
2717 3749 2845 3805 luna
2877 3758 3026 3806 tenet
3050 3750 3352 3807 brumalem
3381 3751 3494 3816 cirs-

1910 3843 2110 3908 culum,
2145 3841 2246 3896 hoc
2281 3849 2369 3895 est
2405 3838 2643 3895 conﬁnia
2667 3839 2933 3912 byemalis
2968 3839 3206 3896 solstitii.
3247 3840 3374 3896 Sole
3399 3843 3498 3910 deg-

1907 3953 2044 3991 vexo
2089 3943 2146 3989 et
2193 3933 2488 3988 inclinante
2534 3932 2586 3987 in
2637 3930 2940 3988 brumalem
2984 3931 3266 3998 circulum,
3309 3931 3494 4010 lunam

1903 4031 2122 4100 plenam
2163 4024 2436 4082 solstitiali
2474 4024 2680 4080 circulo
2719 4025 2982 4082 scandere
3028 4039 3137 4080 nox
3183 4013 3496 4096 longissima

1907 4123 2107 4194 prodit.
2137 4119 2271 4176 Cum
2302 4119 2382 4175 sol
2410 4134 2575 4173 unum
2609 4117 2995 4188 aequinoctium
3024 4125 3192 4182 tenet,
3225 4117 3280 4172 in
3319 4117 3494 4194 pleni-

1908 4220 2058 4274 lunio
2102 4218 2334 4272 alterum
2373 4213 2757 4285 aequinoctium
2791 4212 2922 4268 luna
2967 4223 3168 4270 servat.
3205 4212 3300 4270 Sol
3327 4216 3497 4290 aequi-

1908 4313 2071 4368 noctii
2102 4320 2473 4379 transgressus
2497 4303 2884 4376 longitudinem
2911 4304 3089 4360 noctis
3117 4314 3338 4375 superat
3367 4306 3494 4381 luna

1903 4417 2002 4474 per
2019 4398 2377 4472 plenilunium
2402 4404 2570 4451 totam
2597 4402 2810 4450 noctem
2832 4393 2886 4450 in
2911 4393 3258 4464 aequinoctio,
3288 4404 3343 4451 et
3369 4405 3494 4470 post

1907 4489 2292 4562 aequinoctium
2323 4485 2576 4541 inlustrat
2601 4501 2618 4550 ;
2667 4485 2805 4540 idest
2834 4478 3006 4538 totum
3059 4485 3317 4556 spatium,
3346 4487 3491 4562 quod

214 4586 300 4642 vel
333 4586 400 4640 15
430 4585 674 4656 partibus
719 4586 824 4639 hoc
852 4592 935 4639 est
963 4584 1170 4638 diebus.
1210 4583 1340 4636 Item
1385 4582 1509 4636 luna
1561 4579 1797 4634 secunda
1827 4565 1881 4626 D
1907 4584 1985 4638 sol
2031 4597 2127 4653 per
2155 4582 2298 4636 diem
2325 4592 2653 4650 percurrens
2702 4576 3029 4641 inlustravit,
3073 4577 3326 4634 similiter
3366 4580 3490 4654 luna

215 4675 511 4748 multiplica
549 4677 583 4731 2
607 4685 819 4747 quater,
857 4676 991 4730 ﬁunt
1029 4676 1080 4728 8.
1135 4675 1235 4728 'I‘ot
1264 4674 1446 4744 puncti
1491 4681 1614 4726 sunt
1655 4670 1799 4725 inter

216 4770 384 4826 solem
423 4779 478 4826 et
507 4770 711 4835 lunam,
769 4771 871 4823 hoc
917 4778 1000 4824 est
1051 4784 1152 4822 una
1206 4769 1362 4834 hora,
1414 4775 1469 4822 et
1512 4767 1546 4820 5
1589 4765 1795 4835 puncti.

213 4860 445 4929 Quando
492 4861 618 4916 luna
651 4863 888 4916 secunda
919 4868 1021 4925 est,
1043 4859 1158 4915 'duc
1181 4860 1213 4914 8
1249 4869 1352 4924 ter,
1402 4858 1538 4912 ﬁunt
1569 4857 1661 4911 24.
1695 4855 1798 4909 Tot

212 4965 402 5026 partes
443 4964 570 5010 sunt
611 4955 754 5009 inter
777 4955 946 5008 solem
980 4964 1033 5008 et
1073 4955 1275 5018 lunam,
1311 4953 1526 5022 quando
1557 4951 1796 5006 secunda

213 5056 319 5104 est.
346 5047 479 5104 Item
503 5050 662 5104 tertia
685 5049 808 5103 luna
845 5049 1139 5120 multiplica
1168 5057 1252 5104 ter
1277 5059 1472 5118 quater
1501 5065 1512 5102 τ
1543 5047 1612 5102 12
1641 5046 1796 5100 ﬁunt.

215 5139 332 5197 Duc
363 5152 463 5208 ter,
499 5141 633 5196 ﬁunt
658 5139 746 5198 56.
779 5141 899 5197 Uno
921 5157 1052 5212 ergo
1077 5142 1230 5213 signo
1255 5151 1304 5196 et
1335 5140 1368 5194 6
1397 5140 1644 5210 partibus
1670 5138 1797 5192 luna

217 5233 254 5290 5
284 5233 570 5304 elongatur
608 5251 636 5288 a
669 5233 798 5289 sole.
835 5233 926 5289 Sic
972 5233 1093 5288 luna
1123 5235 1155 5288 4
1187 5233 1505 5304 multiplica,
1539 5232 1607 5288 16
1639 5233 1798 5287 ﬁunt.

213 5321 331 5384 Duc
359 5336 458 5393 ter,
495 5327 629 5382 ﬁunt
677 5313 765 5383 48.
803 5325 922 5384 Uno
957 5328 1143 5398 signo,
1188 5336 1241 5382 et
1269 5328 1335 5383 18
1381 5329 1628 5398 partibus
1672 5326 1797 5380 luna

215 5428 412 5491 quarta
433 5409 765 5492 elongatur‘a
798 5419 928 5474 sole.
951 5419 1082 5475 Item
1109 5419 1232 5474 luna
1258 5417 1291 5473 5
1317 5417 1612 5490 multiplica
1643 5418 1796 5488 quin-

216 5527 323 5584 que
345 5523 558 5583 quater,
608 5514 739 5567 fiunt
766 5509 858 5566 20.
891 5513 995 5567 Tot
1031 5511 1212 5582 puncti
1239 5522 1367 5565 sunt
1413 5511 1555 5565 inter
1604 5511 1789 5576 solem,

217 5612 273 5658 et
301 5605 508 5670 lunam,
533 5606 747 5674 quando
775 5603 897 5658 luna
933 5603 1116 5673 quinta
1139 5611 1241 5664 est,
1272 5603 1374 5658 hoc
1401 5611 1483 5657 est
1512 5602 1616 5656 duo
1641 5603 1794 5672 signa

217 5693 462 5767 integra;
501 5695 732 5751 IO‘enim
765 5695 949 5766 puncti
980 5695 1030 5748 in
1064 5693 1219 5757 luna,
1243 5693 1347 5748 hoc
1377 5701 1460 5747 est
1497 5692 1617 5748 dure
1643 5693 1793 5748 hora:

219 5803 382 5846 unum
433 5787 641 5862 signum
693 5788 925 5855 faciunt;
960 5789 1027 5842 ἓ)
1055 5802 1231 5844 autem
1272 5785 1456 5858 puncti
1505 5785 1610 5841 duo
1637 5784 1785 5856 signa

1912 4685 2022 4732 tota
2055 4682 2212 4729 nocte
2243 4672 2583 4741 peragrando
2614 4667 2898 4730 illuminat.
2933 4667 3221 4738 Hucusque
3258 4669 3324 4724 de
3364 4669 3492 4736 luna

1909 4776 2188 4823 crescente
2223 4765 2458 4818 diximus
2482 4775 2576 4832 per
2623 4766 3029 4830 quot'punctos,
3069 4761 3252 4825 horas,
3282 4771 3489 4832 partes,

1908 4874 1962 4921 et
1985 4866 2135 4934 signa
2163 4863 2444 4931 elongatur
2471 4874 2502 4913 a
2522 4856 2634 4914 sole
2654 4871 2823 4928 usque
2843 4856 2909 4910 ad
2936 4855 3320 4926 plenilunium;
3347 4843 3492 4932 nunc

1909 4961 2072 5016 etiam
2112 4957 2414 5018 videamus,
2454 4951 2724 5022 quomodo
2771 4949 2897 5005 luna
2937 4949 3256 5006 decrescens
3296 4951 3493 5020 adpro-

1904 5051 2130 5123 pinquet
2151 5046 2217 5102 ad
2243 5045 2409 5100 solem
2436 5044 2583 5099 omni
2605 5043 2708 5097 die.
2757 5039 2975 5111 Equall
3005 5055 3232 5098 numero
3256 5049 3486 5112 puncto-

1905 5157 2047 5204 rum,
2076 5146 2132 5192 et
2161 5137 2438 5194 horarum
2467 5142 2524 5188 et
2549 5131 2806 5204 partium,
2834 5138 2888 5185 et
2913 5129 3192 5200 signorum
3221 5143 3390 5201 usque
3420 5130 3488 5198 ad

1905 5233 2282 5290 accensionem
2332 5230 2384 5283 in
2417 5226 2487 5283 50
2516 5227 2622 5284 die.
2658 5223 2812 5281 Sicut
2843 5239 2973 5296 ergo
3018 5223 3142 5280 luna
3173 5223 3488 5297 crescens}

1899 5326 2116 5399 punctis
2157 5322 2302 5378 omni
2343 5320 2430 5375 die
2455 5319 2740 5388 elongatur
2770 5331 2802 5370 a
2851 5315 2984 5380 sole,
3031 5316 3114 5372 sic
3145 5316 3309 5371 etiam
3357 5314 3486 5384 luna

1905 5418 2226 5473 decrescens
2256 5413 2290 5466 4
2316 5410 2530 5482 punctis
2555 5407 2701 5462 omni
2741 5407 2830 5462 die
2855 5406 3252 5477 adpropinquat
3297 5404 3366 5459 ad
3395 5417 3483 5485 sp-

1893 5508 2008 5561 lem
2030 5524 2043 5561 :
2065 5515 2120 5561 et
2145 5512 2408 5574 quantum
2428 5500 2496 5555 15
2518 5499 2643 5552 luna
2674 5497 2839 5552 distat
2862 5512 2894 5550 a
2922 5496 3038 5552 sole
3065 5491 3485 5558 recedendo,id-

1903 5606 1986 5654 est
2010 5597 2043 5652 5
2072 5595 2263 5663 signis,
2305 5603 2360 5647 et
2397 5591 2464 5645 18
2501 5587 2767 5659 partibus,
2800 5586 2903 5642 hoc
2937 5584 3110 5656 Spatio
3137 5583 3261 5639 luna
3299 5581 3365 5637 16
3399 5581 3484 5640 di-

1903 5697 2012 5746 stat
2039 5703 2070 5742 a
2096 5685 2208 5742 sole
2233 5679 2733 5754 adpropinquamlo,
2765 5679 2866 5733 hoc
2887 5685 2974 5736 est
2997 5675 3030 5730 5
3050 5673 3239 5747 signis,
3273 5672 3338 5728 18
3359 5687 3484 5744 par-

1903 5782 2066 5837 tibus.
2119 5778 2186 5832 Et
2225 5785 2483 5846 quantmn
2523 5771 2645 5826 luna
2697 5769 2762 5825 15
2800 5768 3081 5839 elongatur
3109 5780 3138 5822 a
3186 5764 3297 5826 sole
3328 5777 3483 5821 rece-
