4006 5350
526 333 662 389 1527

1327 327 1620 386 APPEND.
1657 327 1752 384 AD
1785 325 1957 384 SrEC.
1996 325 2086 383 IX.
2123 355 2194 369 —
2256 325 2626 386 AUCTORES
2661 325 2996 385 ANONYMI.

3636 328 3771 387 1528

508 441 705 506 dendo,
739 441 879 495 idest
907 439 940 495 5
966 440 1150 513 signis,
1185 448 1239 496 et
1265 440 1298 496 6
1327 440 1571 512 partibus
1608 439 1983 511 interpositis;
2034 448 2089 494 et
2118 451 2167 508 Α
2195 439 2288 496 alii
2315 448 2496 496 autem
2517 441 2706 497 dicunt
2733 441 2800 496 27
2826 442 3038 507 diebus,
3069 448 3125 497 et
3145 443 3303 498 tertia
3330 450 3489 513 parte
3513 443 3646 512 diei,
3672 445 3772 504 hoc

506 533 651 589 sicut
676 531 801 585 Iuna
833 531 900 584 12
935 540 1167 601 quatuor
1190 532 1464 588 mensibus
1490 540 1545 587 et
1568 531 1638 586 24
1662 532 1913 602 partibus
1939 531 2091 586 elon-

2195 539 2279 586 est
2334 532 2368 587 8
2420 532 2568 587 horis
2615 532 2934 604 signiferum
2982 532 3244 604 pervolat.
3295 533 3426 590 Post
3469 535 3537 591 I9
3592 545 3773 594 autem

505 631 668 696 gatur
701 639 729 676 a
760 622 892 689 sole,
923 623 1276 684 hoc.numero
1298 623 1620 694 interposito
1649 623 1778 678 luna
1806 622 1871 676 I8
1895 621 2094 692 adpro-
2192 636 2364 678 annos
2384 622 2680 692 completos
2706 623 2762 677 in
2799 625 3050 679 eumdem
3081 623 3345 679 circulum
3371 625 3688 682 revertitur.

503 713 736 783 pinquat
767 713 834 768 ad
871 711 1060 768 solem.
1091 712 1165 768 -Et
1193 713 1274 768 sie
1318 713 1386 768 de
1413 712 1641 785 singulis
1682 725 1857 783 usque
1901 710 1972 765 ad
2007 709 2092 764 lu-

504 819 633 860 nam
661 805 754 860 50.

720 900 1040 968 Argumenta
1067 898 1132 953 de
1156 914 1312 952 cursu
1333 897 1460 952 solis
1480 913 1573 967 per
1597 896 1665 951 I2
1689 897 1862 966 signa.

577 989 714 1045 CXI.
756 989 812 1044 Si
851 991 991 1046 scire
1032 991 1287 1058 volueris,
1321 992 1373 1045 in
1415 1007 1522 1062 quo
1551 991 1726 1061 signo,
1753 990 1838 1045 vel
1886 989 1942 1044 in
1980 1003 2086 1059 qua

501 1090 659 1151 parte
686 1080 824 1151 signi
851 1089 934 1135 est
961 1080 1108 1146 luna,
1137 1090 1192 1135 et
1218 1089 1350 1150 quot
1373 1089 1577 1150 partes,
1605 1080 1690 1135 vel
1719 1089 2087 1150 quot'menses

504 1181 637 1229 sunt
682 1173 826 1228 inter
852 1173 1022 1228 solem
1075 1183 1130 1228 et
1173 1174 1353 1228 lunam
1387 1213 1402 1238 ,
1441 1173 1496 1228 in
1523 1172 1670 1228 omni
1699 1172 1787 1226 die
1815 1185 1968 1227 sume
2007 1171 2087 1224 lu-

502 1278 632 1318 nam
681 1273 1451 1334 prazsentem,quamcumque
1497 1262 1750 1327 volueris,
1803 1270 1858 1317 et
1904 1261 2087 1316 multi-

501 1355 646 1428 plica
692 1356 1000 1422 duodecies,
1053 1357 1178 1425 quia
1230 1355 1296 1410 I2
1336 1355 1579 1425 partibus
1630 1354 1756 1409 luna
1804 1353 1952 1408 omni
1999 1353 2087 1408 die

504 1446 794 1519 elongatur
826 1463 857 1502 a
896 1447 1030 1513 sole,
1063 1454 1120 1502 et
1141 1456 1338 1517 quotus
1381 1461 1640 1501 numerus
1670 1445 1736 1501 de
1762 1443 1853 1500 illa
1902 1443 2085 1498 multi-

499 1537 794 1609 plieatione
835 1537 1018 1605 fuerit,
1065 1546 1146 1594 tot
1185 1549 1390 1610 partes,
1431 1537 1575 1592 idest
1618 1536 1750 1600 dies,
1811 1534 1895 1590 vel
1931 1534 2085 1606 signa

497 1640 633 1686 sunt
679 1629 821 1686 inter
850 1629 1040 1696 solem,
1068 1638 1124 1684 et
1153 1628 1357 1684 lunam.
1393 1628 1451 1684 Si
1487 1637 1670 1683 autem
1698 1627 1961 1683 terdecies
2002 1626 2087 1680 lu-

499 1735 630 1777 nam
689 1720 986 1792 quamlibet
1037 1721 1518 1791 multiplicaveris,
1569 1729 1764 1792 quotus
1825 1731 2082 1773 numerus

2547 733 2657 790 .De
2685 735 2952 790 uelocitate
2989 753 3173 791 cursus
3212 738 3372 793 (una.

2192 837 2200 867 ε
2261 825 2442 882 CXIII.
2484 825 2630 882 Luna
2655 829 2884 884 vicinior
2908 837 2994 885 est
3015 830 3396 900 terris,quam
3417 830 3526 898 sol,
3552 833 3694 890 unde
3721 843 3773 890 et

2189 917 2437 975 breviore
2475 919 2877 976 orbe’celerius
2905 922 3114 994 peragit
3157 938 3376 979 cursum
3415 939 3610 991 suum;
3651 943 3772 982 nam

2189 1009 2314 1078 iter,
2343 1012 2485 1082 quod
2531 1012 2586 1067 in
2633 1013 2822 1068 diebus
2862 1013 2966 1068 565
3006 1026 3062 1068 et
3086 1016 3388 1085 quadrante
3433 1017 3517 1072 sol
3547 1020 3768 1092 peragit,

2189 1100 2314 1156 luna
2340 1102 2512 1157 currit
2538 1117 2635 1173 per
2660 1103 2730 1158 50
2758 1103 2906 1170 dies;
2934 1104 3076 1160 unde
3120 1113 3176 1161 et
3221 1106 3431 1176 antiqui
3475 1122 3694 1163 menses
3720 1109 3770 1164 in

2189 1195 2315 1252 luna
2345 1211 2536 1264 annos;
2565 1212 2670 1252 non
2698 1197 2754 1252 in
2777 1198 2927 1266 solis,
2955 1214 3117 1255 cursu
3162 1209 3487 1270 posuerunt.
3515 1201 3771 1260 Crescens

2189 1296 2369 1343 autem
2412 1287 2538 1342 luna
2587 1287 2852 1344 orientem
2929 1289 3185 1345 cornibus
3236 1289 3396 1360 petit,
3454 1290 3769 1347 decrescens

2186 1378 2555 1447 occidentem;
2578 1386 2634 1436 et
2657 1381 2882 1449 merito,
2911 1380 3042 1452 quia
3063 1395 3279 1448 casura,
3307 1390 3364 1438 et
3392 1382 3667 1438 amissura
3693 1390 3770 1438 est

2185 1467 2390 1524 lumen.

2184 1581 2264 1640 De
2291 1601 2510 1640 ascensu
2537 1584 2685 1652 solis,
2723 1593 2774 1640 et
2795 1585 3045 1641 descensu
3077 1600 3168 1655 per
3187 1592 3354 1640 totum
3392 1601 3619 1656 annum,
3645 1601 3768 1656 quo-

2257 1656 2412 1728 modo
2467 1657 2647 1728 crescit
2709 1657 2765 1711 in
2826 1671 3139 1728 unaquaque
3199 1656 3320 1723 die,
3379 1655 3462 1711 vel
3519 1655 3768 1726 quatiendo

2257 1726 2526 1781 decrescit.

497 1813 692 1883 fuerit,
735 1825 815 1872 tot
839 1824 1026 1886 partes
1058 1813 1145 1871 vel
1186 1828 1400 1870 menses
1427 1822 1589 1868 erunt
1631 1813 1772 1869 inter
1810 1810 1958 1866 illum
2001 1807 2078 1864 lo-
2106 1807 2154 1868 Β
2251 1816 2434 1874 CXIV.
2479 1798 2636 1886 Quot
2667 1819 2785 1876 dies
2841 1827 2969 1877 sunt
3013 1819 3069 1875 in
3132 1822 3452 1878 ascensione
3512 1820 3664 1889 solis,
3714 1831 3766 1876 et

499 1923 651 1975 cum,
710 1908 765 1964 in
793 1923 902 1979 quo
943 1907 1071 1964 luna
1109 1923 1338 1964 accensa
1379 1907 1559 1970 fuerit,
1593 1914 1648 1962 et
1676 1905 1820 1961 illam
1867 1912 2078 1975 partem

2181 1910 2550 1977 descensione,
2576 1919 2637 1967 ut
2655 1912 2725 1968 sit
2743 1927 2898 1982 aequa
2918 1912 3108 1969 divisio
3137 1912 3281 1969 inter
3307 1913 3512 1980 lucem,
3544 1925 3600 1970 et
3622 1924 3766 1971 tene-

497 2000 643 2063 cmli,
693 2001 784 2056 ubi
831 2000 956 2055 luna
992 2001 1166 2056 currit
1209 2015 1469 2072 praesens.
1513 1999 1665 2054 Illam
1709 2012 1837 2069 ergo
1865 2005 2076 2066 partem
2178 2004 2328 2072 bras,
2356 2004 2460 2062 hoc
2498 2014 2582 2061 est
2634 2005 2777 2062 inter
2821 2020 3107 2063 ascensum
3142 2006 3294 2072 solis,
3327 2016 3384 2061 et
3415 2007 3769 2063 descensum?

498 2091 646 2156 cmli,
673 2108 834 2162 quam
866 2093 1042 2162 prima
1087 2093 1212 2147 luna
1242 2093 1330 2148 die
1367 2101 1636 2161 nocteque
1661 2088 1924 2159 completa
1951 2101 2078 2156 per-

499 2185 701 2251 currit,
739 2187 818 2241 sic
850 2185 976 2240 luna
1015 2186 1073 2252 2,
1107 2186 1197 2241 ubi
1225 2186 1418 2251 currit,
1447 2185 1518 2240 ibi
1545 2183 1618 2238 24
1644 2184 1760 2240 dies
1785 2181 1866 2239 sol
1891 2194 2080 2252 perve-

499 2273 634 2341 niet,
657 2283 714 2330 et
745 2275 822 2329 ita
849 2275 1278 2346 investigandum
1304 2283 1387 2329 est
1407 2289 1506 2343 per
1530 2281 1733 2328 cetera.

819 2366 897 2421 De
927 2377 1119 2436 septem
1153 2365 1410 2421 sideribus
1446 2365 1762 2420 errantibus.

574 2457 732 2514 CXII.
774 2456 918 2513 Inter
949 2458 1146 2513 cmlum
1169 2456 1478 2528 terramdue
1499 2466 1702 2528 septem
1741 2457 1919 2514 sidera
1951 2472 2082 2529 peu—

502 2550 632 2604 dcnt
669 2539 835 2605 certis
881 2549 1120 2604 discreta
1167 2550 1376 2620 spatiis,
1429 2565 1548 2619 qua:
1576 2559 1842 2606 vocantur
1889 2549 1992 2616 sol,
2029 2557 2085 2606 et

498 2641 649 2708 luna,
681 2642 837 2697 stella
868 2641 1111 2708 Saturni,
1147 2641 1303 2697 stella
1329 2641 1496 2706 Jovis,
1523 2642 1676 2698 stella
1699 2642 1905 2707 Martis,
1931 2641 2082 2698 stella

498 2733 751 2800 Veneris,
781 2734 934 2788 stella
965 2734 1240 2788 Mercurii.
1274 2733 1398 2789 Ilaec
1428 2745 1606 2788 autem
1637 2735 1666 2787 '1
1693 2735 1873 2790 sidera
1895 2749 2084 2790 erran-

496 2827 574 2882 tia
632 2827 886 2882 dicuntur
922 2829 1255 2882 contrarium
1311 2830 1324 2847 ⁵
1379 2829 1636 2883 mundum
1700 2829 1914 2900 agentia
1957 2844 2081 2884 cur-

497 2936 642 2987 sum,
692 2921 832 2977 idest
879 2921 1013 2977 laavo
1054 2921 1146 2975 illo
1178 2937 1392 2992 semper
1434 2922 1488 2976 in
1538 2922 1760 2976 dextera
1790 2922 2073 2992 percipiet,

497 3012 748 3084 quamvis
785 3014 1003 3069 assidua
1033 3014 1467 3078 conversatione,
1493 3013 1546 3067 iu
1576 3029 1760 3068 mense
1789 3013 2083 3069 celeritatis

496 3106 829 3163 adtolluntur
863 3109 930 3163 ab
965 3122 1030 3162 eo
1054 3149 1068 3173 ,
1124 3108 1517 3178 rapianturque
1562 3108 1615 3161 in
1652 3122 1937 3172 occasum,
1989 3107 2083 3162 ad-

2181 2097 2246 2154 Si
2279 2082 2382 2154 hoc
2421 2099 2563 2154 scire
2596 2097 2853 2166 volueris,
2895 2099 2973 2153 ita
3002 2098 3437 2170 investigandum
3468 2107 3574 2153 est.
3609 2099 3654 2152 Α
3689 2113 3758 2152 xu

2179 2188 2302 2245 Kal.
2322 2187 2545 2244 Ianuar.
2563 2190 2676 2245 dies
2696 2189 3144 2261 incipitcrescere
3170 2203 3342 2260 usque
3367 2189 3423 2244 in
3445 2205 3504 2245 ιι
3532 2189 3761 2245 KalJuI.

2180 2280 2284 2338 hoc
2299 2289 2384 2338 est
2407 2295 2500 2353 per
2530 2280 2636 2336 duo
2661 2280 2750 2347 90,
2775 2289 2831 2336 et
2863 2281 2999 2336 duos
3017 2280 3156 2346 dies,
3192 2279 3333 2335 idest
3351 2295 3450 2350 per
3472 2279 3506 2335 6
3527 2296 3762 2348 menses,

2189 2371 2280 2442 qui
2317 2371 2522 2427 habent
2551 2370 2668 2426 dies
2701 2370 2824 2426 182.
2852 2369 2957 2425 Per
2983 2370 3082 2426 hos
3125 2383 3255 2439 ergo
3301 2383 3400 2426 sex
3443 2384 3678 2434 menses,
3716 2379 3766 2424 et

2183 2463 2466 2520 dimidium
2497 2463 2640 2519 diem
2667 2461 2993 2529 naturalem,
3020 2462 3125 2518 hoc
3160 2471 3246 2517 est
3271 2461 3340 2516 I2
3382 2463 3548 2519 horas
3572 2462 3762 2517 crescit

2180 2551 2296 2621 lux,
2321 2563 2376 2610 et
2404 2553 2540 2620 dies,
2571 2565 2627 2609 et
2666 2553 2932 2611 decrescit
2979 2568 3110 2619 nox,
3161 2561 3218 2608 et
3247 2553 3486 2608 tenebrae
3535 2553 3590 2607 in
3623 2555 3765 2607 omni

2183 2645 2269 2702 die
2295 2659 2392 2714 per
2415 2645 2452 2699 2
2471 2652 2764 2709 momenta,
2800 2652 2856 2699 et
2880 2642 3199 2718 dimidium,
3243 2653 3300 2696 et
3325 2652 3536 2698 sextam
3559 2652 3763 2712 partetu

2183 2737 2465 2802 momenti,
2508 2736 2613 2791 hoc
2637 2745 2722 2791 est
2760 2735 2897 2791 duas
2923 2735 3115 2790 tertias
3145 2734 3431 2789 momenti.
3459 2734 3528 2789 Et
3564 2735 3640 2788 ita
3674 2748 3763 2804 per

2183 2828 2252 2886 15
2302 2830 2439 2894 dies,
2496 2839 2551 2884 et
2606 2828 2768 2900 paulo
2817 2828 3049 2899 amplius
3097 2827 3230 2884 hora
3285 2828 3504 2883 crescit.
3560 2826 3665 2881 Per
3701 2825 3764 2879 ὅθ

2181 2931 2364 2977 autem
2384 2921 2498 2978 dies
2523 2920 2642 2976 dua:
2672 2919 2820 2976 horae
2861 2928 3135 2986 crescunt,
3166 2919 3260 2975 sed
3287 2929 3465 2974 tamen
3497 2933 3605 2972 non
3645 2926 3764 2972 sunt

2183 3015 2288 3071 illa:
2325 3017 2445 3071 dua:
2485 3016 2631 3070 hora:
2657 3014 2882 3084 integra:
2903 3013 3081 3068 adhuc
3123 3027 3296 3083 usque
3335 3012 3461 3067 dum
3487 3011 3764 3082 pervenias

2185 3107 2254 3163 ad
2278 3116 2402 3163 octo
2443 3107 2605 3162 horas
2645 3107 2751 3162 diei
2779 3107 2846 3161 de
2893 3119 3078 3161 mense
3127 3112 3408 3176 sequente.
3453 3103 3512 3158 In
3562 3105 3763 3160 duobus

495 3217 658 3258 verso
682 3212 860 3255 tamen
906 3201 985 3256 ire
1019 3211 1168 3257 motu
1217 3216 1313 3271 per
1354 3216 1482 3255 suos
1510 3214 1736 3269 quaeque
1767 3214 1956 3270 passus
1986 3197 2079 3254 ad-
2109 3173 2157 3240 (ἶ
2187 3210 2368 3256 autem
2396 3199 2673 3256 mensibus
2698 3198 2733 3253 4
2761 3201 2908 3255 [torte
2927 3207 3180 3255 crescunt
3204 3201 3260 3253 in
3288 3207 3402 3253 sole
3424 3214 3480 3253 in
3510 3213 3762 3270 augmen-

496 3306 786 3353 vertuntur
814 3310 958 3352 nunc
983 3295 1229 3361 inferius,
1263 3310 1406 3350 nunc
1436 3293 1684 3366 superius
1708 3302 1928 3362 propter
1948 3292 2081 3348 obli-

497 3395 779 3466 quitatem.
835 3392 1090 3465 Signiferi
1135 3402 1439 3462 vagantur;
1495 3389 1661 3445 radiis
1711 3395 1892 3442 autem
1951 3383 2081 3440 solis

493 3487 817 3559 praepedita,
847 3485 1121 3550 anomala,
1151 3485 1234 3540 vel
1279 3483 1619 3553 retrograda,
1651 3480 1734 3536 vel
1763 3476 2080 3536 stationaria

498 3580 656 3636 ﬁunt.
689 3581 970 3636 Summum
1023 3579 1386 3651 planetarum,
1420 3578 1557 3633 idest
1592 3575 1892 3632 errantium
1940 3573 2080 3628 side-

491 3687 645 3737 rum,
674 3670 895 3726 Saturni
925 3671 1076 3726 sidus
1111 3677 1197 3724 est
1227 3679 1419 3722 natura
1454 3666 1709 3738 gelidum.
1740 3664 1870 3719 Inde
1893 3663 2079 3733 Augu-

497 3761 676 3816 stinus
700 3762 868 3815 dixit:
893 3759 1053 3816 Stella
1088 3757 1306 3815 Saturni
1343 3756 1600 3812 circulum
1629 3770 1784 3810 suum
1808 3752 1877 3808 50
1917 3769 2084 3807 anuo-

496 3868 618 3906 rum
658 3854 825 3922 spatio
853 3854 1053 3922 implet,
1097 3868 1216 3922 qua:
1248 3868 1344 3921 pro
1383 3866 1641 3921 aquarum
1681 3848 1946 3902 vicinitate
1979 3846 2081 3916 fri-

507 3947 636 4018 gida
674 3963 782 4001 esse
825 3947 1012 4010 fertur.
1043 3945 1112 3997 30
1150 3944 1306 3998 annis
1331 3943 1658 4013 Signiferqu
1688 3940 1916 4011 peragit.
1958 3938 2085 3994 Haec

486 4043 633 4113 ergo
667 4038 818 4096 stella
858 4038 912 4092 in
957 4036 1184 4105 septimo
1210 4033 1346 4089 coelo
1390 4034 1563 4104 posita
1613 4047 1734 4088 esse
1781 4032 2017 4096 dicitur;
2050 4031 2082 4084 7

505 4136 650 4192 enim
686 4133 809 4189 coeli
843 4146 963 4186 esse
989 4129 1258 4184 dicuntur.
1299 4125 1426 4181 Inde
1455 4125 1599 4181 enim
1648 4123 1884 4178 Isidorus
1910 4123 2080 4177 dicit:

499 4228 808 4300 Philosophi
828 4224 1009 4281 mundi
1037 4224 1066 4276 7
1089 4221 1241 4277 caelos
1277 4220 1548 4292 globorum
1577 4233 1804 4272 consono
1830 4225 1973 4270 motu
2002 4216 2083 4268 in-

498 4325 865 4379 troduxerunt.
898 4318 953 4374 Iu
983 4325 1136 4372 sexto
1164 4314 1301 4369 caelo
1330 4311 1485 4368 stella
1521 4309 1672 4366 Iovis
1705 4323 1828 4364 esse
1857 4307 2080 4374 dicitur,

498 4429 620 4484 quae
667 4412 772 4465 alio
803 4409 1020 4464 nomine
1067 4415 1291 4461 vocatur
1333 4402 1485 4458 stella
1533 4400 1846 4465 Pbaetonis,
1888 4407 2083 4453 natura

2186 3304 2243 3352 to
2268 3296 2393 3361 diei,
2422 3294 2515 3350 sed
2539 3305 2716 3349 tamen
2747 3293 2850 3348 illa:
2877 3293 2910 3347 4
2934 3294 3082 3348 hora:
3109 3307 3217 3347 non
3245 3300 3373 3348 sunt
3400 3291 3577 3362 plenae
3601 3307 3762 3363 usque

2185 3391 2252 3446 ad
2290 3389 2358 3444 I6
2385 3391 2576 3444 horam
2604 3387 2712 3442 diei
2752 3387 2820 3442 de
2861 3401 3048 3442 mense
3085 3384 3267 3442 tertio.
3313 3385 3383 3440 Et
3409 3385 3486 3440 ita
3517 3386 3572 3440 in
3604 3385 3765 3439 tribus

2183 3481 2460 3538 mensibus
2505 3479 2747 3545 tricenis,
2802 3488 2858 3535 et
2907 3479 2963 3534 in
3006 3493 3114 3534 uno
3164 3478 3252 3534 die
3290 3477 3499 3544 addito,
3550 3477 3655 3534 hoc
3687 3489 3766 3532 εει

2183 3590 2282 3646 per
2302 3575 2364 3630 91
2397 3574 2514 3630 dies
2544 3588 2635 3628 sex
2679 3572 2828 3628 horae
2863 3580 3137 3628 crescunt.
3167 3571 3272 3628 'I‘ot
3303 3571 3419 3627 dies
3466 3581 3596 3628 sunt
3636 3587 3666 3626 a
3696 3587 3765 3625 xu

2186 3668 2303 3724 Kal.
2334 3666 2556 3725 Januar.
2583 3681 2753 3736 usque
2780 3665 2849 3721 ad
2869 3681 2946 3721 xu
2969 3663 3088 3720 Kal.
3113 3666 3274 3735 Aph,
3292 3665 3397 3722 hoc
3419 3673 3508 3720 est
3536 3665 3606 3720 I2
3627 3664 3766 3720 horis

2185 3762 2240 3817 in
2267 3761 2374 3827 die,
2404 3770 2460 3817 et
2485 3759 2551 3815 12
2587 3761 2640 3814 in
2671 3767 2859 3826 nocte;
2905 3758 3167 3830 aequalem
3210 3772 3445 3830 namque
3480 3760 3754 3823 horarum,

2185 3864 2240 3909 et
2269 3862 2684 3916 momentorum,
2710 3867 2830 3923 qua:
2854 3850 2982 3916 480,
3009 3860 3064 3906 ct
3095 3849 3318 3906 totidem
3362 3851 3418 3903 in
3445 3850 3537 3912 die
3567 3860 3694 3920 quot
3716 3851 3766 3905 in

2187 3957 2366 4003 nocte.
2395 3944 2456 4000 In
2483 3945 2516 3999 6
2544 3946 2692 4000 horis
2718 3953 2899 3999 autem
2927 3943 3298 3999 crescentibus
3333 3953 3618 3998 momenta
3648 3951 3766 3998 sunt

2185 4039 2310 4095 211.
2342 4037 2476 4092 Item
2503 4039 2570 4092 ab
2615 4053 2671 4091 xx
2706 4036 2824 4091 Kal.
2865 4035 2996 4106 Apr.
3031 4050 3201 4105 usque
3245 4035 3314 4089 ab
3340 4050 3419 4090 xu
3451 4035 3575 4089 Kal.
3607 4033 3711 4090 Jul.
3735 4035 3764 4088 5

2187 4145 2401 4187 menses
2423 4139 2570 4196 sunt,
2593 4129 2686 4198 qui
2711 4129 2914 4184 habent
2933 4126 3050 4183 dies
3072 4128 3164 4192 91,
3198 4137 3252 4183 et
3275 4129 3357 4183 sic
3381 4129 3584 4184 crescit
3613 4129 3694 4184 sol
3719 4130 3765 4183 in

2189 4218 2513 4291 unoqquue
2542 4220 2628 4275 die
2660 4235 2756 4289 per
2794 4219 2902 4273 duo
2945 4229 3240 4284 momenta,
3301 4229 3359 4274 et
3407 4220 3548 4276 duas
3594 4221 3768 4275 tertias

2189 4312 2468 4370 momenti.
2498 4309 2604 4366 Per
2651 4309 2718 4365 I5
2755 4318 2936 4364 autem
2963 4309 3078 4364 dies
3122 4325 3228 4363 una
3257 4310 3395 4365 hora
3430 4313 3652 4376 crescit,
3683 4311 3767 4366 sed

2189 4416 2368 4462 tamen
2414 4403 2575 4475 paulo
2636 4403 2887 4473 amplius,
2929 4403 3054 4473 quia
3093 4419 3265 4474 usque
3295 4405 3365 4459 ad
3413 4404 3447 4458 4
3499 4406 3665 4461 horas
3708 4405 3767 4459 I5

498 4511 818 4576 temper-1w.
879 4499 1036 4555 ωιῐιίε
1095 4497 1161 4550 12
1195 4511 1412 4552 cursum
1451 4508 1608 4546 ευυιιι
1654 4491 1885 4563 Perasil-
1943 4491 1998 4544 Ιιι
2045 4488 2080 4542 5
2111 4529 2160 4591 υ
2189 4497 2297 4553 diei
2319 4510 2428 4552 non
2464 4505 2546 4550 est
2579 4493 2666 4549 illa
2699 4493 2831 4549 hora
2863 4495 3088 4566 integra.
3118 4494 3186 4550 Et
3230 4495 3311 4550 sic
3359 4495 3417 4551 in
3451 4513 3564 4552 uno
3591 4514 3766 4555 mense

498 4595 705 4654 circulo
747 4592 902 4648 stella
950 4590 1134 4644 Martis
1193 4600 1415 4642 currere
1451 4584 1667 4647 dicitur,
1714 4597 1835 4652 quae
1876 4579 2081 4652 Vesper
2113 4579 2155 4591 "
2183 4590 2255 4646 50
2305 4588 2516 4644 dierum
2571 4587 2690 4642 dum
2745 4586 2892 4642 hora:
2937 4595 3207 4642 crescunt,
3251 4587 3304 4641 In
3355 4589 3574 4646 duobus
3630 4608 3767 4647 me“.

497 4697 725 4745 vocatur
759 4695 952 4740 natura
986 4681 1217 4745 fervida,
1250 4679 1405 4732 annis
1427 4676 1636 4730 duobus
1663 4689 1880 4730 cursum
1921 4689 2080 4729 suum

497 4791 763 4852 peragere
796 4775 1026 4837 videtur,
1055 4779 1223 4826 totum
1258 4783 1388 4824 vero
1413 4765 1674 4823 circulum
1705 4766 1986 4822 zodiacum
2016 4764 2079 4819 I5

496 4871 712 4946 peragit
754 4867 930 4921 anuis.
973 4863 1030 4917 In
1060 4870 1256 4932 quarto
1283 4859 1421 4914 caalo
1467 4858 1547 4914 sol
1601 4858 1812 4913 medius
1840 4856 2084 4928 planeta-

498 4979 624 5022 rum
671 4960 842 5016 currit
873 4956 978 5012 565
1005 4956 1209 5017 diebus,
1244 4963 1299 5008 et
1325 4952 1627 5023 quadrante
1669 4966 1886 5006 cursum
1925 4964 2080 5004 suum

497 5064 788 5096 “omnem-
817 5047 910 5096 sed
941 5047 1118 5096 tamen
1147 5052 1267 5096 post
1287 5044 1358 5094 28
1387 5057 1560 5094 annos
1580 5048 1831 5092 neractos
1861 5039 1913 5092 in
1933 5054 2078 5092 eum-

2183 4681 2387 4739 sibusI
2419 4681 2588 4748 horae,
2619 4689 2674 4735 et
2712 4679 2786 4734 ita
2817 4679 2871 4734 in
2905 4680 3078 4734 tribus
3107 4681 3387 4735 mensibus
3414 4699 3430 4749 ;
3465 4685 3572 4740 hoc
3601 4685 3767 4740 estalt

2183 4771 2534 4840 Equinoctio
2557 4770 2784 4836 vernali,
2816 4785 2986 4840 usque
3023 4771 3091 4825 ab
3121 4769 3451 4839 Solstitium,
3504 4777 3559 4832 id
3605 4787 3681 4833 est
3705 4780 3767 4832 ab

2182 4880 2240 4919 ιι
2271 4863 2388 4918 Kal.
2411 4864 2539 4935 Apr.
2584 4878 2755 4934 usque
2779 4864 2847 4919 ad
2875 4880 2929 4919 x1
2975 4864 3092 4920 Kal.
3132 4865 3237 4921 Jul.
3269 4882 3370 4936 per
3396 4869 3460 4924 91
3501 4872 3617 4927 dies
3660 4873 3769 4929 alia

2186 4968 2286 5009 sex
2312 4953 2458 5008 horae
2477 4964 2750 5018 crescunt,
2784 4953 2864 5009 sic
2901 4954 3046 5010 enim
3073 4950 3400 5010 Ahatltolius
3449 4959 3770 5016 Alexandri-

2183 5062 2287 5094 nus
2313 5045 2580 5099 Laodicia:
2609 5046 2846 5102 civitatis
2869 5047 3150 5118 episcopus
3173 5047 3520 5107 demonstrat
3568 5055 3764 5110 licens:

3331 5159 3348 5164 ”
3400 5159 3690 5208 ⁸⁸⁸⁸·Ιιιιιω,
3723 5159 3771 5202 α
