4020 6310
178 373 328 451 1529

1462 376 1667 440 uana
1705 382 2186 458 ancorarum

3313 393 3460 454 1330

180 490 393 558 stitiali,
454 490 558 547 hoc
600 499 688 547 est
732 505 830 546 sex
878 475 1028 548 horae
1073 491 1236 550 simili
1279 493 1461 563 modo;
1509 505 1564 552 et
1600 497 1764 554 simili
1789 503 1843 564 Α
1867 500 2001 558 Item
2030 503 2250 574 quando
2278 503 2348 561 15
2375 503 2502 562 luna
2540 505 2594 561 in
2623 501 2828 562 Pascha
2863 506 3060 574 fuerit,
3100 516 3226 566 tunc
3252 511 3356 568 erit
3383 513 3456 570 25

178 597 412 641 numero
435 583 666 650 dierum,
698 583 802 640 hoc
831 591 918 640 est
943 586 1210 656 nonageni
1233 585 1366 653 bini,
1393 597 1450 644 et
1478 587 1770 647 duodecies

177 693 281 749 per
309 677 343 732 6
364 692 603 743 menses,
633 685 690 734 et
710 677 993 734 dimidium
1032 678 1139 734 diei
1175 681 1472 749 naturalis;
1529 683 1671 740 idest
1699 683 1770 740 12

178 769 345 824 horas
365 783 465 839 per
487 769 595 825 duo
621 779 918 835 momenta,
955 779 1011 825 et
1036 771 1172 828 duas
1199 757 1390 830 tertias
1423 776 1682 831 momenti
1713 776 1766 832 in

176 873 505 930 unoquoque
535 859 624 915 die
652 861 920 917 decrescit
943 861 1056 930 lux,
1097 871 1153 918 et
1179 873 1432 921 crescunt
1475 866 1718 922 tenebrae
1749 884 1764 924 :

174 957 236 1005 et
256 965 362 1005 nox
389 950 457 1006 ab
481 966 538 1006 ιι
561 950 682 1007 Kal.
706 950 813 1008 Jul.
838 969 1012 1025 usque
1031 955 1084 1009 in
1099 971 1178 1011 xu
1205 955 1324 1011 Kal.
1347 955 1570 1012 Januar.
1595 973 1768 1028 usque

173 1043 247 1097 ad
297 1042 600 1100 Solstitium
630 1044 879 1116 hyemale
925 1047 1086 1103 simili
1135 1065 1362 1106 numero
1408 1051 1684 1118 horarum,
1713 1061 1769 1108 et

171 1145 599 1203 momentorum,
627 1147 679 1193 et
717 1139 926 1194 dierum
957 1140 1099 1196 sicut
1143 1141 1237 1198 lux
1286 1143 1365 1199 sic
1393 1143 1682 1210 decrescit,
1713 1153 1769 1202 et

174 1239 433 1288 crescunt
459 1233 696 1288 tenebrae
714 1233 848 1288 hora
869 1248 965 1305 per
993 1233 1062 1290 15
1087 1235 1203 1292 dies
1234 1237 1353 1292 dua:
1377 1236 1544 1303 bone,
1580 1253 1676 1308 per
1697 1236 1766 1292 30

171 1321 327 1376 horae
349 1321 384 1376 4
425 1337 521 1392 per
549 1322 684 1379 duos
731 1337 968 1389 menses,
1001 1325 1108 1381 hoc
1157 1335 1240 1382 est
1284 1342 1378 1397 per
1415 1327 1486 1383 40
1518 1327 1634 1384 dies
1671 1343 1766 1384 sex

171 1413 345 1471 horse.
370 1415 473 1472 Per
499 1415 534 1471 3
562 1432 779 1473 menses
808 1417 909 1472 hoc
937 1426 1022 1473 est
1050 1434 1081 1473 a
1121 1418 1367 1475 Solstitio
1401 1420 1589 1475 aestivo
1611 1421 1680 1476 ab
1708 1435 1765 1476 ιι

171 1510 300 1566 Kal.
325 1509 430 1566 Jul.
455 1527 626 1582 usque
649 1511 716 1567 ad
740 1511 1040 1568 Solstitium
1067 1512 1337 1584 hyemale,
1367 1520 1422 1569 et
1445 1513 1511 1568 ad
1541 1530 1616 1568 xu
1642 1512 1763 1570 Kal.

169 1603 331 1660 Janu.
365 1605 660 1661 secundum
686 1603 904 1662 Graecos
947 1605 1015 1660 12
1041 1605 1188 1661 horae
1226 1615 1483 1663 crescunt
1517 1605 1570 1661 in
1603 1615 1754 1663 tene-

168 1695 311 1761 bris;
343 1705 400 1752 et
429 1695 548 1752 dure
590 1696 967 1752 diminuuntur
993 1711 1093 1767 per
1118 1697 1234 1753 dies
1261 1697 1382 1761 182,
1409 1698 1512 1753 hoc
1551 1707 1633 1754 est
1666 1714 1769 1768 per

167 1793 448 1842 momenta
482 1785 608 1843 480.
640 1785 706 1841 Et
731 1794 860 1842 tunc
879 1786 1149 1842 habentur
1176 1787 1231 1842 in
1273 1787 1363 1842 illa
1387 1796 1549 1844 nocte
1577 1787 1764 1844 solsti-

1870 592 1925 648 in
1953 595 2287 653 Ascensione
2316 598 2547 662 Domini,
2581 609 2635 654 et
2663 600 2878 669 quando
2903 601 2970 656 21
2999 601 3126 657 luna
3163 603 3216 658 in
3248 603 3458 662 Pascha

1871 682 2166 753 invenitur,
2196 695 2326 744 tunc
2367 689 2544 759 prima
2593 691 2719 748 luna
2749 693 2855 748 erit
2900 693 2954 748 in
2985 693 3316 750 Ascensione
3345 695 3456 750 Do-

1869 777 2002 833 mini
2035 795 2064 833 a
2094 779 2165 834 25
2191 780 2318 836 luna
2345 798 2516 852 usque
2553 783 2618 838 ad
2657 785 2746 840 31.
2803 786 2873 841 Et
2908 788 3359 858 quandocumque
3384 789 3456 845 15

1869 867 1996 924 luna
2027 870 2192 925 fuerit
2226 871 2279 926 in
2309 871 2547 941 Pascha,
2585 884 2713 938 tunc
2742 877 2847 933 erit
2874 877 2908 932 5
2937 878 2992 933 in
3021 877 3363 946 Pentecoste,
3400 889 3460 938 et

1868 963 2086 1032 quando
2112 965 2177 1019 21
2211 965 2266 1021 in
2293 966 2501 1024 Pascha
2529 1010 2545 1034 ,
2596 977 2725 1026 tunc
2752 972 2859 1027 erit
2884 971 2944 1026 11
2980 971 3107 1027 luna
3155 973 3212 1028 in
3263 971 3462 1030 Pente-

1869 1062 2036 1109 coste.
2094 1054 2187 1110 Hae
2233 1057 2378 1112 enim
2425 1069 2551 1116 sunt
2588 1060 2620 1114 7
2647 1070 2834 1118 aetates
2878 1062 3019 1118 luna:
3059 1063 3348 1140 servandae
3398 1063 3457 1121 in

1869 1144 2187 1204 Pentecoste
2213 1164 2244 1204 a
2269 1151 2303 1206 5
2329 1151 2454 1206 luna
2484 1167 2655 1224 usque
2681 1155 2747 1210 ad
2775 1155 2862 1210 11.
2899 1155 2966 1210 Et
2993 1157 3211 1227 quando
3237 1155 3306 1211 15
3330 1155 3459 1214 luna

1869 1241 1924 1296 in
1956 1241 2164 1299 Pascha
2193 1244 2486 1314 invenitur,
2530 1256 2658 1304 tunc
2685 1248 2718 1305 8
2746 1248 2874 1305 luna
2919 1249 2974 1305 in
3018 1249 3300 1305 Dominica
3328 1249 3458 1305 Pal-

1869 1348 2078 1389 marum
2108 1345 2222 1402 est;
2248 1346 2304 1392 et
2329 1338 2544 1408 quando
2571 1338 2636 1394 21
2669 1339 2794 1395 luna
2829 1341 2881 1395 in
2911 1339 3001 1394 illa
3029 1339 3116 1395 die
3141 1339 3455 1396 Palmarum

1869 1432 1993 1479 ante
2021 1425 2251 1494 Pascha,
2274 1437 2329 1482 et
2354 1427 2438 1484 hat
2462 1439 2590 1486 sunt
2616 1431 2648 1485 7
2677 1435 2867 1488 aetates
2897 1431 3038 1488 luna:
3069 1431 3158 1488 die
3188 1431 3353 1500 illius,
3385 1432 3463 1489 id-

1867 1525 1952 1572 est
1977 1518 2046 1574 ab
2070 1518 2102 1574 8
2128 1518 2254 1575 luna
2281 1536 2452 1592 usque
2477 1519 2544 1575 ad
2577 1522 2660 1577 11..

1867 1630 2190 1706 Argumenta
2209 1634 2284 1706 de
2313 1633 2458 1705 cyclo
2488 1651 2679 1706 magno
2699 1636 3177 1704 decemnovennali,
3205 1647 3255 1693 et
3281 1637 3462 1692 lunari

1937 1711 1991 1785 et.
2012 1705 2076 1757 de
2104 1704 2468 1829 cyclzmagno
2497 1704 2920 1764 demonstrandis
2947 1725 3039 1779 per
3069 1725 3236 1765 annos
3263 1709 3329 1763 ab
3354 1709 3463 1762 ari-

1867 1795 1874 1798 ·
1939 1789 2057 1830 ante
2087 1791 2210 1829 mun
2253 1793 2291 1830 ι.

1938 1789 2057 1843 ριῃθ
2087 1789 2291 1830 mundi.

169 1875 290 1970 tiali
318 1877 554 1950 hyemali
587 1878 654 1934 18
683 1878 852 1970 horae,
880 1878 985 1970 hoc
1009 1887 1096 1970 est
1131 1888 1243 1970 tres
1265 1888 1450 1970 partes
1469 1880 1577 1936 diei
1609 1890 1766 1970 πριιιῂ
1796 1862 1842 1923 Β
1939 1887 2168 1945 CXVIII.
2211 1890 2266 1947 Si
2292 1892 2374 1948 vis
2425 1894 2566 1950 scire
2600 1903 2802 1966 quotus
2836 1896 2908 1952 sit
2939 1911 3115 1952 annus
3143 1891 3280 1970 cyCli
3311 1896 3458 1953 sola-

169 1968 324 2034 ralis,
351 1976 407 2024 et
439 1977 633 2040 quarta
662 1985 789 2040 pars
819 1969 873 2024 in
913 1969 1002 2024 die
1047 1968 1138 2025 illo
1167 1969 1462 2036 solstitiali,
1509 1984 1702 2040 nempe
1732 1969 1767 2026 6

165 2060 338 2115 horae.
366 2059 657 2130 Hucusque
701 2061 767 2115 de
809 2074 1062 2126 ascensu,
1108 2069 1165 2115 et
1212 2060 1480 2118 descensu
1514 2060 1649 2118 solis
1695 2061 1768 2118 sit

168 2150 396 2217 dictum,
433 2151 748 2222 sapientiori
779 2149 985 2220 majora
1007 2150 1386 2222 relinquendo.
1665 2153 1669 2158 ’

221 2265 301 2320 De
327 2267 506 2337 eclipsi
529 2265 706 2322 lunari
733 2276 782 2322 et
815 2266 980 2323 solari
1009 2267 1220 2324 Plinius
1250 2278 1299 2326 et
1329 2268 1704 2344 Hieronymus.

161 2381 168 2386 ν
239 2357 400 2414 CXV.
439 2358 644 2415 Plinius
673 2360 943 2416 secundus
968 2360 1023 2416 in
1052 2355 1218 2432 Opere
1252 2362 1625 2433 pulcherrimo
1665 2379 1765 2420 na-

165 2451 364 2506 turalis
407 2451 660 2510 Historia:
705 2453 779 2508 ita
819 2452 1146 2524 descripsit:
1188 2454 1401 2510 Certum
1448 2455 1576 2512 solis
1625 2457 1768 2527 defe-

168 2552 312 2599 ctum
342 2561 445 2600 non
493 2546 594 2600 nisi
623 2547 907 2602 novissima
933 2546 1011 2602 vel
1053 2548 1225 2619 prima
1273 2549 1404 2605 luna
1450 2551 1588 2621 ﬁeri,
1624 2553 1766 2623 quod

167 2646 357 2691 uocant
386 2647 593 2692 cretum.
638 2637 788 2692 Luna
831 2649 1008 2694 autem
1055 2655 1160 2694 non
1215 2641 1319 2696 nisi
1365 2641 1520 2711 plena
1565 2645 1768 2713 patitur

166 2728 420 2799 eclipsin;
451 2729 690 2785 omnibus
720 2740 896 2786 autem
925 2732 1079 2786 annis
1127 2732 1242 2800 ﬁeri
1273 2733 1549 2804 utriusque
1575 2735 1766 2790 sideris

168 2821 405 2892 delectus
447 2824 542 2878 sub
577 2834 739 2890 terra,
776 2809 869 2880 nec
899 2835 1074 2882 tamen
1105 2843 1223 2881 cum
1246 2844 1470 2900 superne
1493 2829 1629 2898 fiunt
1652 2830 1768 2884 ubi-

168 2930 272 2985 que
300 2915 463 2980 cerni,
515 2915 801 2988 aliquando
846 2921 1078 2989 propter'
1118 2917 1342 2986 nubila,
1383 2920 1576 2990 strpius
1613 2920 1765 2992 globo

172 3014 329 3062 terra!
357 3005 614 3072 obstante,
646 3019 694 3064 et
725 3010 1139 3076 convexitatibus
1163 3010 1372 3067 Mundi.
1407 3013 1540 3068 Item
1569 3012 1763 3072 Hiero-

171 3112 400 3182 nymus:
431 3098 729 3172 Deliquium
753 3090 899 3168 solis,
943 3103 1078 3158 idest
1103 3102 1338 3174 defectus
1364 3104 1765 3171 veris,a:statis-

173 3205 276 3292 que
311 3191 629 3292 temporibus
679 3192 916 3248 aecidere
955 3193 1106 3260 solet,
1163 3211 1433 3267 nunquam
1483 3197 1586 3252 nisi
1643 3208 1764 3254 ortu
1789 3229 1837 3292 ρ

175 3280 316 3337 luna:
341 3281 462 3353 ﬁeri
485 3283 636 3339 solet.

243 3373 474 3433 Lacteus
519 3377 757 3435 circulus
804 3385 890 3435 est
933 3377 1020 3435 via
1059 3379 1309 3450 candida,
1357 3396 1478 3454 quae
1511 3382 1565 3438 in
1607 3398 1765 3456 spera

171 3466 410 3537 videtur,
434 3484 478 3531 ,a
505 3468 742 3527 candore
762 3469 934 3538 dicta,
958 3471 1085 3541 quia
1112 3471 1238 3528 alba
1267 3481 1371 3540 est,
1410 3478 1573 3544 q‘uam
1597 3475 1764 3547 aliqui

173 3560 322 3616 viam
347 3575 468 3618 esse
497 3562 701 3629 dicunt,
729 3561 858 3634 quia
887 3555 1088 3620 circuit
1105 3563 1186 3621 sol
1212 3564 1247 3601 "
1271 3564 1575 3636 splendoris
1599 3567 1766 3640 ipsius

176 3653 430 3719 transitu,
460 3654 534 3709 ita
556 3653 794 3711 Lunare.

247 3744 341 3801 Sol
360 3744 487 3801 dum
518 3746 708 3818 igneus
737 3747 828 3814 sit,
860 3762 974 3819 pra:
1016 3749 1186 3807 nimio
1208 3756 1356 3808 motu
1395 3752 1767 3810 conversionis

173 3850 286 3893 suae
315 3829 545 3909 amplius
572 3838 874 3906 incalescit,
906 3829 1061 3912 cujus
1090 3840 1272 3913 ignem
1306 3841 1498 3898 dicunt
1527 3843 1768 3914 philoso-

172 3931 265 4003 phi
295 3945 436 4002 aqua
477 3932 700 4000 nutriri,
739 3941 795 3988 et
835 3948 867 3990 e
901 3933 1181 3991 contrario
1209 3933 1478 3992 elemento
1505 3935 1767 3992 virtutem

173 4021 417 4091 luminis,
441 4034 496 4080 et
515 4025 717 4083 caloris
748 4027 1015 4099 accipere.

304 4118 382 4174 De
407 4119 566 4175 uariis
602 4120 900 4176 nominibus
928 4121 1056 4177 solis
1081 4139 1174 4195 per
1196 4123 1374 4180 varias
1402 4123 1632 4197 linguas.

244 4211 429 4270 CXVI.
469 4213 641 4281 Quam
681 4229 742 4270 se
769 4214 824 4270 in
853 4209 1243 4272 Hebraeo‘luna
1280 4206 1768 4289 simplicia.'1Elios

172 4306 230 4362 in
262 4305 476 4373 Grzeco,
533 4305 782 4363 Phanath
821 4323 944 4363 cum
997 4308 1358 4380 philosophis,
1394 4307 1590 4365 Tithan
1644 4326 1767 4366 cum

172 4395 423 4464 Caldzeis,
456 4398 538 4454 sol
567 4413 691 4454 cum
723 4397 935 4454 Latinis
980 4399 1048 4454 de
1099 4399 1372 4455 soliditate
1409 4399 1650 4468 luminis,
1683 4399 1768 4456 vel

169 4504 241 4546 eo
281 4490 427 4561 quod
459 4489 609 4546 solus
638 4485 899 4562 appareat
935 4487 1244 4548 Obscuratis
1275 4491 1547 4548 sideribus
1593 4491 1767 4548 radiis

167 4579 292 4652 ejus
311 4583 646 4654 potentibus.

166 4675 496 4748 Argumenta
535 4677 600 4732 de
641 4677 792 4733 initio
824 4677 1375 4748 Quadragesimw,_et
1416 4691 1482 4732 ae
1523 4673 1766 4731 ctausula

329 4743 572 4815 Paschre,
604 4758 650 4803 et
683 4749 747 4804 de
775 4743 1177 4821 Rogationibus,
1209 4758 1255 4804 et
1288 4746 1610 4803 Pentecoste.

159 4877 162 4880 .
246 4833 452 4891 CXVII.
491 4837 550 4892 Si
585 4839 820 4896 volueris
879 4841 1020 4896 scire
1064 4849 1229 4920 quota
1274 4840 1398 4894 luna
1443 4839 1514 4895 sit
1553 4839 1765 4894 initium

169 4928 615 5001 Quadragesima:
665 4932 721 4988 in
773 4932 1183 5006 Rogationibus,
1235 4934 1376 4990 scias
1422 4942 1588 5004 quota
1637 4932 1764 4988 luna

170 5019 342 5076 fuerit
371 5021 424 5076 in
452 5021 662 5078 Pascha
693 5023 749 5078 in
777 5040 1101 5096 unoquoque
1131 5041 1294 5082 anno.
1351 5025 1425 5080 De
1456 5025 1542 5080 illa
1573 5032 1762 5096 epacla

168 5112 429 5182 praesenti
469 5113 522 5168 in
553 5112 758 5170 Pascha
801 5117 1050 5171 rescinde
1079 5115 1178 5182 12,
1217 5116 1298 5172 sic
1333 5117 1436 5171 erit
1467 5116 1594 5171 luna
1626 5116 1765 5170 initii

171 5201 632 5276 Quadragesimaz.
689 5205 821 5262 Item
868 5206 1002 5260 addc
1035 5205 1065 5258 7
1098 5222 1262 5276 super
1311 5206 1457 5260 illam
1508 5215 1763 5272 aetatem,

171 5315 342 5370 quam
373 5299 426 5354 in
460 5299 668 5356 Pascha
707 5304 959 5372 praesenti
1000 5300 1271 5364 habueris,
1307 5300 1387 5356 sic
1414 5300 1519 5355 erit
1551 5300 1674 5355 luna
1713 5300 1767 5355 in

172 5391 589 5464 Rogationibus.
626 5392 759 5448 Item
787 5394 891 5448 hoc
913 5392 1075 5457 scias,
1099 5393 1225 5464 quia
1249 5393 1426 5463 qualis
1452 5393 1578 5447 luna
1605 5391 1768 5448 luerit

173 5485 230 5541 in
259 5485 497 5543 clausula
525 5487 748 5543 Pascha:
787 5488 838 5543 in
878 5501 1203 5555 unoquoque
1232 5501 1394 5551 anno,
1431 5485 1553 5540 talis
1581 5485 1684 5540 erit
1714 5485 1767 5540 in

173 5577 592 5650 Rogationibns.
623 5579 850 5648 Quando
871 5579 1015 5634 enim
1039 5577 1106 5634 15
1129 5577 1254 5632 luna
1281 5579 1332 5632 in
1354 5577 1560 5632 Pascha
1585 5575 1768 5642 fuerit,

176 5679 312 5727 tunc
344 5672 416 5726 22
445 5674 572 5729 luna
603 5673 657 5728 in
685 5672 928 5729 clausula
958 5671 1214 5733 Pascltte,
1258 5671 1339 5725 sic
1369 5672 1530 5724 etiam
1565 5669 1638 5722 22
1667 5667 1773 5722 erit

175 5768 234 5824 in
282 5768 697 5841 Rogationibus.
757 5768 849 5825 Sic
876 5783 974 5840 per
1002 5768 1034 5821 7
1059 5775 1251 5823 aetates
1282 5765 1409 5820 luna
1439 5765 1492 5818 in
1524 5763 1767 5819 clausula

161 5856 423 5930 .Paschae,
455 5859 592 5918 etin
615 5857 1034 5932 Rogationibus,
1061 5857 1117 5916 id
1133 5856 1348 5916 esta22
1376 5869 1546 5928 usque
1575 5855 1644 5912 ad
1670 5854 1762 5911 28.

1857 1982 1972 2048 tris,
2003 1984 2097 2053 qui
2126 1983 2196 2039 28
2225 1986 2382 2040 annis
2409 1988 2649 2056 peractis
2687 1989 2740 2042 in
2776 2003 2836 2043 se
2872 1989 3168 2045 revertitur
3205 1987 3274 2044 29
3311 2003 3457 2044 anno

1869 2074 2197 2145 incipiente;
2247 2077 2394 2146 quod
2441 2078 2486 2132 si
2535 2078 2774 2135 volueris
2826 2080 2988 2146 scire,
3037 2089 3235 2149 quotus
3284 2095 3462 2137 annus

1867 2168 2004 2241 cycli
2037 2169 2122 2234 19,
2156 2169 2323 2226 immo
2350 2171 2514 2226 etiam
2547 2180 2746 2242 quotus
2773 2187 2948 2228 annus
2977 2172 3049 2228 sit
3075 2172 3212 2245 cycli
3244 2173 3461 2244 magni,

1867 2261 1958 2332 qui
1991 2261 2096 2317 533
2124 2278 2268 2319 anno
2306 2263 2601 2334 incipiente
2647 2264 2701 2319 in
2746 2262 3096 2336 semetipsum
3139 2265 3458 2332 revertitur,

1868 2361 1965 2408 aut
1991 2361 2127 2424 quot
2153 2355 2280 2410 anni
2311 2365 2440 2410 sunt
2471 2355 2538 2410 ab
2567 2355 2779 2427 origine
2810 2356 3029 2421 mundi,
3069 2365 3122 2412 et
3155 2365 3287 2426 quot
3321 2355 3461 2429 cycli

1868 2443 2096 2509 solares,
2127 2453 2183 2499 et
2211 2443 2756 2511 decemnovennales,
2794 2453 2850 2501 et
2877 2454 3006 2515 quot
3039 2445 3231 2509 saltus,
3268 2455 3324 2500 et
3353 2445 3465 2500 bis-

1868 2535 2087 2591 sextiles
2122 2535 2258 2601 dies,
2300 2543 2356 2591 et
2396 2545 2530 2608 quot
2569 2536 2707 2608 cycli
2753 2537 2974 2608 magni:
3009 2546 3260 2608 computa
3294 2537 3465 2592 unde-

1869 2627 1983 2682 cies
2013 2626 2155 2692 533;
2191 2626 2295 2683 500
2331 2643 2462 2696 ergo
2492 2628 2620 2684 anni
2661 2628 2919 2684 undecies
2951 2628 3296 2700 multiplicati
3331 2628 3466 2683 [lunt

1867 2720 2027 2776 5000.
2071 2720 2204 2776 Item
2232 2719 2302 2776 30
2330 2721 2586 2778 undecies
2611 2721 2951 2791 multiplicati
2979 2723 3118 2778 ﬁunt
3144 2721 3270 2787 330,
3301 2722 3464 2778 simul

1869 2824 2052 2870 autem
2083 2822 2138 2868 et
2166 2813 2457 2886 praedictus
2487 2831 2745 2871 numerus
2772 2815 2930 2872 5830.
2977 2815 3111 2872 Item
3144 2815 3178 2870 3
3208 2815 3466 2872 undecies

1869 2908 2208 2980 multiplicati
2229 2907 2317 2973 55,
2341 2908 2434 2978 qui
2457 2908 2623 2965 additi
2647 2925 2806 2980 super
2829 2926 3116 2966 numerum
3142 2910 3465 2981 praedictum

1868 3000 2007 3056 ﬁunt
2033 2999 2191 3056 simul
2221 2998 2382 3056 5865.
2437 2999 2496 3055 In
2527 3001 2588 3055 11
2623 3015 2752 3074 ergo
2782 3002 2951 3073 cyclis
2981 3003 3193 3072 magnis
3222 3010 3304 3057 tot
3332 3001 3464 3057 anni

1869 3101 2020 3159 sunt,
2054 3093 2194 3148 idest
2252 3091 2414 3159 5863,
2445 3100 2732 3148 remanent
2759 3090 2884 3148 126.
2933 3093 3010 3148 De
3039 3107 3267 3148 numero
3296 3107 3467 3147 anno-

1870 3199 1990 3239 rum
2031 3184 2100 3239 ab
2140 3183 2296 3240 initio
2334 3184 2543 3239 mundi.
2595 3176 2936 3240 Centesimu's
2968 3183 3136 3255 igitur
3165 3183 3461 3254 vigesimns

1865 3283 2054 3332 sextus
2095 3291 2272 3332 annus
2311 3291 2457 3331 nunc
2504 3275 2683 3347 agitur
2721 3275 3028 3332 duodecitni
3078 3276 3257 3347 magni
3303 3274 3463 3347 cycli.

1864 3365 1976 3423 Hos
2003 3381 2134 3438 ergo
2159 3381 2350 3423 omnes
2375 3381 2548 3423 annos
2576 3367 2784 3424 divides
2815 3383 2913 3439 per
2936 3367 3117 3440 cyclos
3144 3367 3378 3434 solaros,
3403 3376 3464 3425 et

1855 3457 2421 3524 Vdecemnovennales,
2468 3467 2530 3513 ut
2576 3457 2846 3526 sciamus,
2895 3468 3030 3530 quot
3075 3459 3214 3531 cycli
3260 3459 3468 3516 solares

1866 3549 2004 3616 sint,
2038 3559 2092 3606 et
2119 3558 2253 3621 quot
2278 3550 2798 3608 decemnovennales
2823 3552 2890 3606 ab
2917 3551 3126 3624 origine
3153 3535 3336 3607 mundi
3357 3591 3373 3618 ,
3408 3559 3468 3607 et

1864 3649 2064 3712 quotus
2100 3656 2276 3696 annus
2311 3641 2385 3696 sit
2419 3641 2474 3697 in
2512 3642 2764 3713 praesenti
2795 3657 2938 3699 anno
2967 3641 3105 3716 cycli
3137 3643 3365 3709 solaris,
3407 3653 3468 3700 et

1865 3730 2004 3802 cycli
2047 3731 2573 3788 decemnovennalis.
2624 3731 2683 3788 In
2725 3745 2833 3788 uno
2871 3747 3001 3805 ergo
3041 3733 3196 3806 cyclo
3239 3749 3462 3806 magno,

1867 3837 2029 3894 quem
2052 3822 2238 3878 dicunt
2260 3823 2389 3879 inse
2407 3823 2605 3880 reverti
2617 3822 2743 3891 533,
2767 3840 2910 3880 anno
2926 3825 3240 3896 incipiente,
3256 3825 3465 3882 salares

1865 3915 2002 3988 cycli
2030 3922 2156 3972 sunt
2184 3915 2272 3991 19.
2305 3915 2835 3974 Decemnovcnnales
2857 3933 2988 3973 vero
3011 3917 3102 3972 28.
3137 3917 3195 3974 Si
3223 3919 3365 3974 enim
3394 3917 3465 3974 28

1869 4004 2048 4062 decies
2088 4014 2146 4061 et
2182 4005 2371 4062 novies
2397 4006 2863 4079 multiplicaveris,
2896 4008 2981 4064 vel
3010 4009 3077 4065 19
3101 4024 3201 4080 per
3225 4009 3316 4076 28,
3357 4009 3465 4065 552

1867 4095 2130 4154 eiliciunt.
2181 4097 2249 4153 Et
2277 4099 2322 4154 si
2355 4097 2411 4154 in
2437 4099 2498 4154 11
2529 4099 2696 4172 cyclis
2721 4099 2932 4171 magnis
2958 4099 3065 4156 209
3093 4099 3298 4156 solares
3324 4099 3467 4172 cycli

1867 4200 2032 4257 sunt;
2082 4205 2209 4246 nam
2241 4190 2310 4245 10
2335 4191 2594 4246 undecies
2623 4190 2965 4260 multiplicati
3019 4191 3156 4247 ﬁunt
3195 4191 3298 4248 110
3335 4191 3461 4248 (ξι-9

1869 4281 2146 4348 undecies,
2168 4279 2254 4336 vel
2278 4280 2494 4336 undeno
2517 4281 2661 4336 ducti
2683 4280 2751 4336 99
2772 4291 2920 4348 sunt,
2943 4281 3103 4338 simul
3127 4291 3308 4338 autem
3331 4283 3460 4339 209.

1867 4373 2000 4430 Item
2031 4375 2083 4430 in
2109 4375 2169 4429 11
2198 4375 2411 4446 magnis
2436 4375 2603 4448 cyclis
2629 4374 3154 4433 decemnovennales
3183 4378 3466 4444 sunt'308.

1847 4465 1939 4522 ‘20
1971 4467 2116 4523 enim
2148 4468 2403 4524 undecies
2427 4466 2770 4538 multiplicati
2807 4467 2915 4522 220
2942 4476 3097 4533 sunt,
3142 4477 3196 4523 et
3225 4470 3258 4525 8
3289 4471 3464 4525 unde-

1789 4594 1846 4658 Β
1870 4561 2002 4628 cies,
2030 4559 2114 4617 vel
2142 4561 2204 4615 11
2236 4561 2409 4617 octies
2438 4561 2584 4616 ducti
2611 4560 2680 4616 88
2707 4559 2940 4627 faciunt;
2994 4559 3156 4616 simul
3191 4576 3326 4616 vero
3359 4560 3464 4616 508

1874 4656 1928 4712 in
1959 4656 2158 4728 quibus
2199 4663 2327 4711 sunt
2367 4654 2494 4709 anni
2536 4652 2696 4710 5863.
2750 4653 2882 4709 Item
2913 4652 2968 4708 in
2997 4652 3158 4709 annis
3185 4652 3322 4718 126,
3371 4653 3467 4723 qni

1872 4758 2186 4822 supersunt,
2212 4749 2247 4803 4
2272 4748 2410 4820 cycli
2435 4747 2642 4804 solares
2668 4745 3124 4812 continentur,20
3158 4746 3302 4801 enim
3331 4761 3468 4815 qua-

1873 4851 1957 4898 ter
1983 4841 2129 4897 ducti
2157 4840 2292 4896 ﬁunt
2318 4839 2409 4906 80,
2433 4850 2489 4896 et
2527 4840 2562 4896 8
2599 4847 2793 4910 quater
2822 4837 3162 4909 multiplicati
3195 4835 3332 4891 ﬁunt
3363 4835 3460 4900 32,

1873 4943 1998 4991 sunt
2035 4933 2196 4989 simul
2236 4941 2418 4989 autem
2459 4931 2583 4986 112.
2637 4929 2789 4985 Adde
2819 4929 2950 4985 istos
2981 4930 3014 4984 4
3045 4928 3228 4999 cyclos
3259 4927 3467 4982 sol-ares

1873 5041 2035 5096 super
2062 5026 2196 5080 alios
2223 5023 2564 5094 supradiclos
2590 5021 2716 5085 209,
2749 5020 2885 5075 ﬁunt
2911 5019 3034 5074 213.
3081 5019 3183 5074 Tot
3211 5016 3346 5090 cycli
3377 5032 3466 5072 so-

1874 5117 2016 5172 lares
2050 5116 2246 5187 integri
2278 5113 2346 5169 ab
2377 5114 2530 5170 initio
2558 5111 2770 5178 mundi,
2820 5111 2873 5166 in
2905 5111 3100 5183 quibus
3130 5109 3257 5165 anni
3288 5108 3465 5166 conti-

1875 5219 2071 5267 nentur
2093 5207 2235 5264 5575
2264 5215 2547 5262 remanent
2577 5203 2667 5259 14.
2725 5203 2963 5272 Quartus
3005 5203 3248 5259 decimus
3289 5217 3466 5257 annus

1874 5310 1958 5358 est
1984 5299 2120 5372 cycli
2150 5297 2362 5355 solaris.
2420 5297 2553 5351 Item
2597 5295 2650 5350 in
2688 5294 2790 5350 126
2827 5293 3008 5360 annis,
3043 5293 3135 5364 qui
3180 5303 3464 5351 remanent

1875 5408 2038 5464 super
2062 5391 2124 5447 11
2157 5390 2338 5464 cyclos
2366 5403 2592 5460 magnos
2619 5402 2714 5458 per
2738 5387 2805 5444 19
2830 5385 2987 5442 divisi
3013 5387 3046 5442 6
3073 5387 3466 5443 decemuoven-

1876 5486 2024 5542 nales
2052 5493 2194 5541 sunt.
2215 5483 2274 5541 Si
2303 5483 2448 5538 enim
2481 5482 2546 5538 de
2575 5479 2677 5536 120
2709 5479 2833 5536 tolle
2859 5477 2914 5544 6,
2944 5494 3039 5535 sex
3069 5477 3466 5533 discomnoven-

1873 5579 2026 5634 nales
2055 5577 2228 5632 fecisti
2249 5617 2264 5642 ,
2294 5585 2349 5631 et
2379 5575 2452 5630 illi
2483 5574 2516 5630 6
2544 5588 2680 5644 quos
2733 5572 2930 5637 tulisti,
2986 5580 3042 5627 et
3066 5570 3154 5626 alil
3182 5569 3215 5624 6
3243 5569 3336 5640 qui
3367 5584 3463 5623 su-

1875 5687 1971 5742 per
2001 5670 2102 5725 120
2134 5669 2377 5733 fuerant,
2410 5669 2544 5722 liunt
2570 5665 2728 5722 simul
2755 5665 2844 5721 62.
2897 5662 3256 5719 Duodecimus
3285 5674 3462 5716 annus

1874 5771 1956 5816 est
1986 5760 2121 5832 cycli
2151 5753 2678 5814 decemnovennalis.
2713 5753 2816 5820 Qui
2843 5767 3020 5808 annus
3046 5748 3350 5806 communis
3375 5747 3458 5802 in-

1871 5854 2004 5926 cipit
2037 5869 2068 5910 a
2100 5851 2167 5909 16
2196 5850 2314 5910 Kal.
2343 5848 2470 5910 Mai.
2518 5862 2688 5928 usque
2731 5847 2784 5904 in
2827 5843 2968 5918 prid.
3009 5841 3144 5900 Non.
3177 5841 3306 5914 Apr.
3346 5837 3466 5896 dies
