  <div class='ocr_page' id='page_1' title='image "/cluster/home/n/w/nwhite01/storage/ocr_20150623/129/hvd.32044015471709/671.png"; bbox 0 0 4006 5506; ppageno 0'>
   <div class='ocr_carea' id='block_1_1' title="bbox 582 412 721 472">
    <p class='ocr_par' dir='ltr' id='par_1_1' title="bbox 582 412 721 472">
     <span class='ocr_line' id='line_1_1' title="bbox 582 412 721 472; baseline -0.014 0"><span class='ocrx_word' id='word_1_1' title='bbox 582 412 721 472; x_wconf 72' lang='grc'><strong>4551</strong></span> 
     </span>
    </p>
   </div>
   <div class='ocr_carea' id='block_1_2' title="bbox 1429 362 3068 470">
    <p class='ocr_par' dir='ltr' id='par_1_2' title="bbox 1429 362 3068 470">
     <span class='ocr_line' id='line_1_2' title="bbox 1429 362 3068 470; baseline -0.002 -2"><span class='ocrx_word' id='word_1_2' title='bbox 1429 413 1718 469; x_wconf 80' lang='lat' dir='ltr'><strong>APPEND.</strong></span> <span class='ocrx_word' id='word_1_3' title='bbox 1758 413 1851 469; x_wconf 85' lang='lat' dir='ltr'><strong>AD</strong></span> <span class='ocrx_word' id='word_1_4' title='bbox 1891 411 2060 470; x_wconf 68' lang='lat' dir='ltr'><strong>SIEC.</strong></span> <span class='ocrx_word' id='word_1_5' title='bbox 2106 411 2196 469; x_wconf 83' lang='lat' dir='ltr'><strong>IX.</strong></span> <span class='ocrx_word' id='word_1_6' title='bbox 2220 442 2284 452; x_wconf 89' lang='lat'><strong><em>—</em></strong></span> <span class='ocrx_word' id='word_1_7' title='bbox 2321 362 3068 467; x_wconf 41' lang='lat' dir='ltr'><strong>AUCTOIIES‘ANONYMI.</strong></span> 
     </span>
    </p>
   </div>
   <div class='ocr_carea' id='block_1_3' title="bbox 3709 392 3819 462">
    <p class='ocr_par' dir='ltr' id='par_1_3' title="bbox 3709 392 3819 462">
     <span class='ocr_line' id='line_1_3' title="bbox 3709 392 3819 462; baseline -0.018 -1"><span class='ocrx_word' id='word_1_8' title='bbox 3709 392 3819 462; x_wconf 68' lang='lat'><strong>{55-1</strong></span> 
     </span>
    </p>
   </div>
   <div class='ocr_carea' id='block_1_4' title="bbox 583 527 3824 604">
    <p class='ocr_par' dir='ltr' id='par_1_4' title="bbox 583 527 3824 604">
     <span class='ocr_line' id='line_1_4' title="bbox 583 527 3824 604; baseline -0.003 -15"><span class='ocrx_word' id='word_1_9' title='bbox 583 531 790 590; x_wconf 82' lang='lat' dir='ltr'><strong>habens</strong></span> <span class='ocrx_word' id='word_1_10' title='bbox 815 529 939 588; x_wconf 83' lang='grc'><strong>554.</strong></span> <span class='ocrx_word' id='word_1_11' title='bbox 995 529 1116 586; x_wconf 87' lang='lat' dir='ltr'><strong>Illos</strong></span> <span class='ocrx_word' id='word_1_12' title='bbox 1144 545 1272 602; x_wconf 75' lang='lat' dir='ltr'><strong>ergo</strong></span> <span class='ocrx_word' id='word_1_13' title='bbox 1302 531 1334 586; x_wconf 85' lang='lat'><strong>6</strong></span> <span class='ocrx_word' id='word_1_14' title='bbox 1363 531 1903 598; x_wconf 85' lang='lat' dir='ltr'><strong>decemuovennales,</strong></span> <span class='ocrx_word' id='word_1_15' title='bbox 1932 549 2069 604; x_wconf 87' lang='lat' dir='ltr'><strong>quos</strong></span> <span class='ocrx_word' id='word_1_16' title='bbox 2099 533 2174 588; x_wconf 82' lang='lat' dir='ltr'><strong>fe-</strong></span> <span class='ocrx_word' id='word_1_17' title='bbox 2199 535 2253 596; x_wconf 74' lang='grc' dir='ltr'><strong>Α</strong></span> <span class='ocrx_word' id='word_1_18' title='bbox 2281 541 2361 588; x_wconf 86' lang='lat' dir='ltr'><strong>tes</strong></span> <span class='ocrx_word' id='word_1_19' title='bbox 2386 532 2586 603; x_wconf 88' lang='lat' dir='ltr'><strong>cyclos,</strong></span> <span class='ocrx_word' id='word_1_20' title='bbox 2621 541 2678 586; x_wconf 91' lang='lat' dir='ltr'><strong>ut</strong></span> <span class='ocrx_word' id='word_1_21' title='bbox 2703 530 2938 586; x_wconf 79' lang='lat' dir='ltr'><strong>diximus</strong></span> <span class='ocrx_word' id='word_1_22' title='bbox 2972 531 3006 586; x_wconf 78' lang='lat'><strong><em>5</em></strong></span> <span class='ocrx_word' id='word_1_23' title='bbox 3044 530 3328 586; x_wconf 87' lang='lat' dir='ltr'><strong>transitum</strong></span> <span class='ocrx_word' id='word_1_24' title='bbox 3364 528 3550 591; x_wconf 78' lang='lat' dir='ltr'><strong>faciat,</strong></span> <span class='ocrx_word' id='word_1_25' title='bbox 3573 535 3628 582; x_wconf 89' lang='lat' dir='ltr'><strong>et</strong></span> <span class='ocrx_word' id='word_1_26' title='bbox 3656 527 3824 597; x_wconf 81' lang='lat' dir='ltr'><strong>absque</strong></span> 
     </span>
    </p>
   </div>
   <div class='ocr_carea' id='block_1_5' title="bbox 585 623 2170 696">
    <p class='ocr_par' dir='ltr' id='par_1_5' title="bbox 585 623 2170 696">
     <span class='ocr_line' id='line_1_5' title="bbox 585 623 2170 696; baseline -0.002 -13"><span class='ocrx_word' id='word_1_27' title='bbox 585 625 708 683; x_wconf 77' lang='lat' dir='ltr'><strong>cieti</strong></span> <span class='ocrx_word' id='word_1_28' title='bbox 737 624 804 679; x_wconf 86' lang='lat' dir='ltr'><strong>de</strong></span> <span class='ocrx_word' id='word_1_29' title='bbox 832 623 938 679; x_wconf 82' lang='lat' dir='ltr'><strong>I20</strong></span> <span class='ocrx_word' id='word_1_30' title='bbox 966 623 1120 680; x_wconf 90' lang='lat' dir='ltr'><strong>mitte</strong></span> <span class='ocrx_word' id='word_1_31' title='bbox 1149 639 1311 696; x_wconf 84' lang='lat' dir='ltr'><strong>super</strong></span> <span class='ocrx_word' id='word_1_32' title='bbox 1336 624 1440 681; x_wconf 86' lang='grc'><strong>508</strong></span> <span class='ocrx_word' id='word_1_33' title='bbox 1465 627 1829 696; x_wconf 88' lang='lat' dir='ltr'><strong>supradictas,</strong></span> <span class='ocrx_word' id='word_1_34' title='bbox 1870 626 2008 682; x_wconf 85' lang='lat' dir='ltr'><strong>ﬁunt</strong></span> <span class='ocrx_word' id='word_1_35' title='bbox 2035 626 2170 693; x_wconf 82' lang='grc'><strong>514,</strong></span> 
     </span>
    </p>
   </div>
   <div class='ocr_carea' id='block_1_6' title="bbox 585 714 2174 788">
    <p class='ocr_par' dir='ltr' id='par_1_6' title="bbox 585 714 2174 788">
     <span class='ocr_line' id='line_1_6' title="bbox 585 714 2174 788; baseline -0.001 -17"><span class='ocrx_word' id='word_1_36' title='bbox 585 725 685 771; x_wconf 82' lang='lat' dir='ltr'><strong>tot.</strong></span> <span class='ocrx_word' id='word_1_37' title='bbox 732 714 867 786; x_wconf 88' lang='lat' dir='ltr'><strong>cyeli</strong></span> <span class='ocrx_word' id='word_1_38' title='bbox 915 714 1434 774; x_wconf 86' lang='lat' dir='ltr'><strong>decemnovennales</strong></span> <span class='ocrx_word' id='word_1_39' title='bbox 1478 727 1604 772; x_wconf 90' lang='lat' dir='ltr'><strong>sunt</strong></span> <span class='ocrx_word' id='word_1_40' title='bbox 1662 717 1857 788; x_wconf 76' lang='lat' dir='ltr'><strong>integri</strong></span> <span class='ocrx_word' id='word_1_41' title='bbox 1904 717 1974 771; x_wconf 89' lang='lat' dir='ltr'><strong>ab</strong></span> <span class='ocrx_word' id='word_1_42' title='bbox 2019 715 2174 770; x_wconf 91' lang='lat' dir='ltr'><strong>initio</strong></span> 
     </span>
    </p>
   </div>
   <div class='ocr_carea' id='block_1_7' title="bbox 581 804 2168 874">
    <p class='ocr_par' dir='ltr' id='par_1_7' title="bbox 581 804 2168 874">
     <span class='ocr_line' id='line_1_7' title="bbox 581 804 2168 874; baseline 0.002 -16"><span class='ocrx_word' id='word_1_43' title='bbox 581 804 793 868; x_wconf 82' lang='lat' dir='ltr'><strong>mundi,</strong></span> <span class='ocrx_word' id='word_1_44' title='bbox 829 805 881 859; x_wconf 89' lang='lat' dir='ltr'><strong>in</strong></span> <span class='ocrx_word' id='word_1_45' title='bbox 929 805 1126 874; x_wconf 80' lang='lat' dir='ltr'><strong>quibus</strong></span> <span class='ocrx_word' id='word_1_46' title='bbox 1163 814 1291 865; x_wconf 89' lang='lat' dir='ltr'><strong>sunt</strong></span> <span class='ocrx_word' id='word_1_47' title='bbox 1333 807 1460 861; x_wconf 88' lang='lat' dir='ltr'><strong>anni</strong></span> <span class='ocrx_word' id='word_1_48' title='bbox 1501 806 1680 873; x_wconf 83' lang='lat'><strong>5977;</strong></span> <span class='ocrx_word' id='word_1_49' title='bbox 1733 815 2020 863; x_wconf 77' lang='lat' dir='ltr'><strong>remanent</strong></span> <span class='ocrx_word' id='word_1_50' title='bbox 2055 805 2168 861; x_wconf 82' lang='lat' dir='ltr'><strong>I2:</strong></span> 
     </span>
    </p>
   </div>
   <div class='ocr_carea' id='block_1_8' title="bbox 581 895 2278 970">
    <p class='ocr_par' dir='ltr' id='par_1_8' title="bbox 581 895 2278 970">
     <span class='ocr_line' id='line_1_8' title="bbox 581 895 2278 970; baseline 0 -18"><span class='ocrx_word' id='word_1_51' title='bbox 581 895 934 954; x_wconf 78' lang='lat' dir='ltr'><strong>duodecimae</strong></span> <span class='ocrx_word' id='word_1_52' title='bbox 968 911 1143 953; x_wconf 87' lang='lat' dir='ltr'><strong>annus</strong></span> <span class='ocrx_word' id='word_1_53' title='bbox 1181 905 1266 954; x_wconf 86' lang='lat' dir='ltr'><strong>est</strong></span> <span class='ocrx_word' id='word_1_54' title='bbox 1291 897 1426 970; x_wconf 85' lang='lat' dir='ltr'><strong>cycli</strong></span> <span class='ocrx_word' id='word_1_55' title='bbox 1462 899 2001 965; x_wconf 89' lang='lat' dir='ltr'><strong>deeemnoveunalis,</strong></span> <span class='ocrx_word' id='word_1_56' title='bbox 2033 898 2176 954; x_wconf 80' lang='lat' dir='ltr'><strong>sicut</strong></span> <span class='ocrx_word' id='word_1_57' title='bbox 2275 943 2278 946; x_wconf 93' lang='lat'><strong>.</strong></span> 
     </span>
    </p>
   </div>
   <div class='ocr_carea' id='block_1_9' title="bbox 581 985 837 1052">
    <p class='ocr_par' dir='ltr' id='par_1_9' title="bbox 581 985 837 1052">
     <span class='ocr_line' id='line_1_9' title="bbox 581 985 837 1052; baseline 0.012 -12"><span class='ocrx_word' id='word_1_58' title='bbox 581 985 837 1052; x_wconf 64' lang='lat' dir='ltr'><strong>diximus.</strong></span> 
     </span>
    </p>
   </div>
   <div class='ocr_carea' id='block_1_10' title="bbox 579 1097 2174 1176">
    <p class='ocr_par' dir='ltr' id='par_1_10' title="bbox 579 1097 2174 1176">
     <span class='ocr_line' id='line_1_10' title="bbox 579 1097 2174 1176; baseline 0.004 -25"><span class='ocrx_word' id='word_1_59' title='bbox 579 1097 660 1152; x_wconf 77' lang='lat' dir='ltr'><strong>De</strong></span> <span class='ocrx_word' id='word_1_60' title='bbox 689 1113 906 1153; x_wconf 83' lang='lat' dir='ltr'><strong>numero</strong></span> <span class='ocrx_word' id='word_1_61' title='bbox 934 1100 1222 1176; x_wconf 76' lang='lat' dir='ltr'><strong>cyclorum,</strong></span> <span class='ocrx_word' id='word_1_62' title='bbox 1257 1111 1311 1176; x_wconf 76' lang='lat' dir='ltr'><strong>et</strong></span> <span class='ocrx_word' id='word_1_63' title='bbox 1335 1113 1459 1173; x_wconf 83' lang='lat' dir='ltr'><strong>quot</strong></span> <span class='ocrx_word' id='word_1_64' title='bbox 1491 1105 1602 1158; x_wconf 76' lang='lat' dir='ltr'><strong>dies</strong></span> <span class='ocrx_word' id='word_1_65' title='bbox 1631 1103 1941 1170; x_wconf 71' lang='lat' dir='ltr'><strong>bissextiles,</strong></span> <span class='ocrx_word' id='word_1_66' title='bbox 1973 1114 2021 1160; x_wconf 78' lang='lat' dir='ltr'><strong>et</strong></span> <span class='ocrx_word' id='word_1_67' title='bbox 2049 1112 2174 1176; x_wconf 80' lang='lat' dir='ltr'><strong>quot</strong></span> 
     </span>
    </p>
   </div>
   <div class='ocr_carea' id='block_1_11' title="bbox 1013 1173 1744 1244">
    <p class='ocr_par' dir='ltr' id='par_1_11' title="bbox 1013 1173 1744 1244">
     <span class='ocr_line' id='line_1_11' title="bbox 1013 1173 1744 1244; baseline 0.001 -17"><span class='ocrx_word' id='word_1_68' title='bbox 1013 1173 1181 1228; x_wconf 76' lang='lat' dir='ltr'><strong>saltus</strong></span> <span class='ocrx_word' id='word_1_69' title='bbox 1213 1174 1278 1228; x_wconf 90' lang='lat' dir='ltr'><strong>ab</strong></span> <span class='ocrx_word' id='word_1_70' title='bbox 1309 1175 1509 1244; x_wconf 83' lang='lat' dir='ltr'><strong>origine</strong></span> <span class='ocrx_word' id='word_1_71' title='bbox 1540 1176 1744 1229; x_wconf 85' lang='lat' dir='ltr'><strong>mundi.</strong></span> 
     </span>
    </p>
   </div>
   <div class='ocr_carea' id='block_1_12' title="bbox 651 1263 2175 1337">
    <p class='ocr_par' dir='ltr' id='par_1_12' title="bbox 651 1263 2175 1337">
     <span class='ocr_line' id='line_1_12' title="bbox 651 1263 2175 1337; baseline 0.002 -18"><span class='ocrx_word' id='word_1_72' title='bbox 651 1263 835 1322; x_wconf 78' lang='lat' dir='ltr'><strong>CXIX.</strong></span> <span class='ocrx_word' id='word_1_73' title='bbox 889 1265 1032 1333; x_wconf 81' lang='lat' dir='ltr'><strong>Quot</strong></span> <span class='ocrx_word' id='word_1_74' title='bbox 1067 1281 1198 1336; x_wconf 78' lang='lat' dir='ltr'><strong>ergo</strong></span> <span class='ocrx_word' id='word_1_75' title='bbox 1233 1265 1416 1337; x_wconf 88' lang='lat' dir='ltr'><strong>cyclos</strong></span> <span class='ocrx_word' id='word_1_76' title='bbox 1451 1267 1972 1324; x_wconf 86' lang='lat' dir='ltr'><strong>deccmnovennales</strong></span> <span class='ocrx_word' id='word_1_77' title='bbox 2013 1267 2175 1322; x_wconf 83' lang='lat' dir='ltr'><strong>habet</strong></span> 
     </span>
    </p>
   </div>
   <div class='ocr_carea' id='block_1_13' title="bbox 581 1357 2172 1428">
    <p class='ocr_par' dir='ltr' id='par_1_13' title="bbox 581 1357 2172 1428">
     <span class='ocr_line' id='line_1_13' title="bbox 581 1357 2172 1428; baseline 0.001 -16"><span class='ocrx_word' id='word_1_78' title='bbox 581 1359 652 1412; x_wconf 79' lang='lat' dir='ltr'><strong>ab</strong></span> <span class='ocrx_word' id='word_1_79' title='bbox 687 1357 896 1428; x_wconf 78' lang='lat' dir='ltr'><strong>origine</strong></span> <span class='ocrx_word' id='word_1_80' title='bbox 960 1359 1175 1423; x_wconf 88' lang='lat' dir='ltr'><strong>mundi,</strong></span> <span class='ocrx_word' id='word_1_81' title='bbox 1213 1358 1318 1413; x_wconf 84' lang='grc'><strong>514</strong></span> <span class='ocrx_word' id='word_1_82' title='bbox 1355 1367 1433 1413; x_wconf 89' lang='lat' dir='ltr'><strong>tot</strong></span> <span class='ocrx_word' id='word_1_83' title='bbox 1461 1359 1645 1414; x_wconf 82' lang='lat' dir='ltr'><strong>lsaltus</strong></span> <span class='ocrx_word' id='word_1_84' title='bbox 1672 1369 1826 1424; x_wconf 87' lang='lat' dir='ltr'><strong>sunt,</strong></span> <span class='ocrx_word' id='word_1_85' title='bbox 1869 1359 2007 1414; x_wconf 81' lang='lat' dir='ltr'><strong>idest</strong></span> <span class='ocrx_word' id='word_1_86' title='bbox 2047 1359 2172 1414; x_wconf 85' lang='grc'><strong>514.</strong></span> 
     </span>
    </p>
   </div>
   <div class='ocr_carea' id='block_1_14' title="bbox 577 1448 2172 1522">
    <p class='ocr_par' dir='ltr' id='par_1_14' title="bbox 577 1448 2172 1522">
     <span class='ocr_line' id='line_1_14' title="bbox 577 1448 2172 1522; baseline 0 -16"><span class='ocrx_word' id='word_1_87' title='bbox 577 1448 900 1508; x_wconf 72' lang='lat' dir='ltr'><strong>Bissextiles</strong></span> <span class='ocrx_word' id='word_1_88' title='bbox 927 1459 1109 1506; x_wconf 87' lang='lat' dir='ltr'><strong>autem</strong></span> <span class='ocrx_word' id='word_1_89' title='bbox 1140 1451 1254 1506; x_wconf 91' lang='lat' dir='ltr'><strong>dies</strong></span> <span class='ocrx_word' id='word_1_90' title='bbox 1295 1459 1421 1506; x_wconf 92' lang='lat' dir='ltr'><strong>sunt</strong></span> <span class='ocrx_word' id='word_1_91' title='bbox 1451 1450 1608 1518; x_wconf 79' lang='grc'><strong>1497,</strong></span> <span class='ocrx_word' id='word_1_92' title='bbox 1661 1452 1713 1506; x_wconf 91' lang='lat' dir='ltr'><strong>in</strong></span> <span class='ocrx_word' id='word_1_93' title='bbox 1757 1453 1954 1522; x_wconf 85' lang='lat' dir='ltr'><strong>quibus</strong></span> <span class='ocrx_word' id='word_1_94' title='bbox 1998 1452 2172 1506; x_wconf 80' lang='lat' dir='ltr'><strong>conti-</strong></span> 
     </span>
    </p>
   </div>
   <div class='ocr_carea' id='block_1_15' title="bbox 582 1543 1384 1608">
    <p class='ocr_par' dir='ltr' id='par_1_15' title="bbox 582 1543 1384 1608">
     <span class='ocr_line' id='line_1_15' title="bbox 582 1543 1384 1608; baseline 0.005 -12"><span class='ocrx_word' id='word_1_95' title='bbox 582 1551 780 1598; x_wconf 88' lang='lat' dir='ltr'><strong>nentur</strong></span> <span class='ocrx_word' id='word_1_96' title='bbox 805 1544 932 1598; x_wconf 83' lang='lat' dir='ltr'><strong>anni</strong></span> <span class='ocrx_word' id='word_1_97' title='bbox 959 1543 1015 1608; x_wconf 77' lang='grc'><strong>4,</strong></span> <span class='ocrx_word' id='word_1_98' title='bbox 1044 1556 1100 1599; x_wconf 90' lang='lat' dir='ltr'><strong>et</strong></span> <span class='ocrx_word' id='word_1_99' title='bbox 1123 1545 1238 1600; x_wconf 90' lang='lat' dir='ltr'><strong>dies</strong></span> <span class='ocrx_word' id='word_1_100' title='bbox 1263 1545 1384 1600; x_wconf 87' lang='grc'><strong>57..</strong></span> 
     </span>
    </p>
   </div>
   <div class='ocr_carea' id='block_1_16' title="bbox 581 1652 2171 1729">
    <p class='ocr_par' dir='ltr' id='par_1_16' title="bbox 581 1652 2171 1729">
     <span class='ocr_line' id='line_1_16' title="bbox 581 1652 2171 1729; baseline 0.003 -21"><span class='ocrx_word' id='word_1_101' title='bbox 581 1652 774 1726; x_wconf 80' lang='lat' dir='ltr'><strong>Incipit</strong></span> <span class='ocrx_word' id='word_1_102' title='bbox 815 1655 991 1726; x_wconf 80' lang='lat' dir='ltr'><strong>cyclus</strong></span> <span class='ocrx_word' id='word_1_103' title='bbox 1026 1655 1531 1723; x_wconf 74' lang='lat' dir='ltr'><strong>decemnoeennalis,</strong></span> <span class='ocrx_word' id='word_1_104' title='bbox 1573 1673 1726 1729; x_wconf 82' lang='lat' dir='ltr'><strong>quem</strong></span> <span class='ocrx_word' id='word_1_105' title='bbox 1756 1655 1929 1713; x_wconf 70' lang='lat' dir='ltr'><strong>Gm’ci</strong></span> <span class='ocrx_word' id='word_1_106' title='bbox 1956 1655 2171 1712; x_wconf 71' lang='lat' dir='ltr'><strong>Emica-</strong></span> 
     </span>
    </p>
   </div>
   <div class='ocr_carea' id='block_1_17' title="bbox 1011 1729 1701 1784">
    <p class='ocr_par' dir='ltr' id='par_1_17' title="bbox 1011 1729 1701 1784">
     <span class='ocr_line' id='line_1_17' title="bbox 1011 1729 1701 1784; baseline 0.003 -3"><span class='ocrx_word' id='word_1_107' title='bbox 1011 1736 1020 1747; x_wconf 92' lang='lat'><strong><em>&#39;</em></strong></span> <span class='ocrx_word' id='word_1_108' title='bbox 1053 1729 1468 1783; x_wconf 84' lang='lat' dir='ltr'><strong>caidecaeterida</strong></span> <span class='ocrx_word' id='word_1_109' title='bbox 1497 1739 1701 1784; x_wconf 84' lang='lat' dir='ltr'><strong>vocant.</strong></span> 
     </span>
    </p>
   </div>
   <div class='ocr_carea' id='block_1_18' title="bbox 652 1817 2174 1892">
    <p class='ocr_par' dir='ltr' id='par_1_18' title="bbox 652 1817 2174 1892">
     <span class='ocr_line' id='line_1_18' title="bbox 652 1817 2174 1892; baseline 0 -18"><span class='ocrx_word' id='word_1_110' title='bbox 652 1817 814 1874; x_wconf 87' lang='lat' dir='ltr'><strong>CXX.</strong></span> <span class='ocrx_word' id='word_1_111' title='bbox 851 1819 1190 1874; x_wconf 85' lang='lat' dir='ltr'><strong>Constitutus</strong></span> <span class='ocrx_word' id='word_1_112' title='bbox 1228 1836 1259 1873; x_wconf 88' lang='lat' dir='ltr'><strong>a</strong></span> <span class='ocrx_word' id='word_1_113' title='bbox 1298 1821 1501 1875; x_wconf 92' lang='lat' dir='ltr'><strong>sanctis</strong></span> <span class='ocrx_word' id='word_1_114' title='bbox 1531 1820 1806 1886; x_wconf 86' lang='lat' dir='ltr'><strong>Patribus,</strong></span> <span class='ocrx_word' id='word_1_115' title='bbox 1859 1821 1912 1875; x_wconf 89' lang='lat' dir='ltr'><strong>in</strong></span> <span class='ocrx_word' id='word_1_116' title='bbox 1957 1836 2065 1892; x_wconf 87' lang='lat' dir='ltr'><strong>quo</strong></span> <span class='ocrx_word' id='word_1_117' title='bbox 2106 1820 2174 1874; x_wconf 89' lang='grc'><strong>14</strong></span> 
     </span>
    </p>
   </div>
   <div class='ocr_carea' id='block_1_19' title="bbox 2277 605 3828 694">
    <p class='ocr_par' dir='ltr' id='par_1_19' title="bbox 2277 605 3828 694">
     <span class='ocr_line' id='line_1_19' title="bbox 2277 605 3828 694; baseline -0.003 -16"><span class='ocrx_word' id='word_1_118' title='bbox 2277 623 2384 678; x_wconf 88' lang='lat' dir='ltr'><strong>ulla</strong></span> <span class='ocrx_word' id='word_1_119' title='bbox 2421 623 2621 678; x_wconf 86' lang='lat' dir='ltr'><strong>erroris</strong></span> <span class='ocrx_word' id='word_1_120' title='bbox 2648 622 2877 694; x_wconf 73' lang='lat' dir='ltr'><strong>caligine</strong></span> <span class='ocrx_word' id='word_1_121' title='bbox 2902 624 3019 680; x_wconf 90' lang='lat' dir='ltr'><strong>dies</strong></span> <span class='ocrx_word' id='word_1_122' title='bbox 3050 621 3218 678; x_wconf 79' lang='lat' dir='ltr'><strong>festos</strong></span> <span class='ocrx_word' id='word_1_123' title='bbox 3241 605 3557 685; x_wconf 84' lang='lat' dir='ltr'><strong>Paschales,</strong></span> <span class='ocrx_word' id='word_1_124' title='bbox 3600 619 3680 675; x_wconf 82' lang='lat' dir='ltr'><strong>vel</strong></span> <span class='ocrx_word' id='word_1_125' title='bbox 3702 620 3828 674; x_wconf 79' lang='lat' dir='ltr'><strong>lanas</strong></span> 
     </span>
    </p>
   </div>
   <div class='ocr_carea' id='block_1_20' title="bbox 2273 713 3289 786">
    <p class='ocr_par' dir='ltr' id='par_1_20' title="bbox 2273 713 3289 786">
     <span class='ocr_line' id='line_1_20' title="bbox 2273 713 3289 786; baseline -0.001 -17"><span class='ocrx_word' id='word_1_126' title='bbox 2273 729 2374 786; x_wconf 85' lang='lat' dir='ltr'><strong>per</strong></span> <span class='ocrx_word' id='word_1_127' title='bbox 2395 715 2638 772; x_wconf 90' lang='lat' dir='ltr'><strong>ordinem</strong></span> <span class='ocrx_word' id='word_1_128' title='bbox 2673 715 2776 770; x_wconf 82' lang='lat' dir='ltr'><strong>ﬁda</strong></span> <span class='ocrx_word' id='word_1_129' title='bbox 2809 715 3017 771; x_wconf 82' lang='lat' dir='ltr'><strong>ratione</strong></span> <span class='ocrx_word' id='word_1_130' title='bbox 3041 713 3289 786; x_wconf 84' lang='lat' dir='ltr'><strong>reperiet.</strong></span> 
     </span>
    </p>
   </div>
   <div class='ocr_carea' id='block_1_21' title="bbox 2279 827 3833 900">
    <p class='ocr_par' dir='ltr' id='par_1_21' title="bbox 2279 827 3833 900">
     <span class='ocr_line' id='line_1_21' title="bbox 2279 827 3833 900; baseline -0.003 -17"><span class='ocrx_word' id='word_1_131' title='bbox 2279 827 2590 899; x_wconf 71' lang='lat' dir='ltr'><strong>Expliciunt</strong></span> <span class='ocrx_word' id='word_1_132' title='bbox 2622 827 2908 900; x_wconf 80' lang='lat' dir='ltr'><strong>Chyllitani</strong></span> <span class='ocrx_word' id='word_1_133' title='bbox 2931 829 2964 885; x_wconf 82' lang='lat'><strong>5</strong></span> <span class='ocrx_word' id='word_1_134' title='bbox 2993 828 3123 899; x_wconf 83' lang='lat' dir='ltr'><strong>cycli</strong></span> <span class='ocrx_word' id='word_1_135' title='bbox 3151 827 3631 900; x_wconf 73' lang='lat' dir='ltr'><strong>decemnorellanes</strong></span> <span class='ocrx_word' id='word_1_136' title='bbox 3651 835 3833 896; x_wconf 70' lang='lat' dir='ltr'><strong>prater-</strong></span> 
     </span>
    </p>
   </div>
   <div class='ocr_carea' id='block_1_22' title="bbox 2525 899 3612 971">
    <p class='ocr_par' dir='ltr' id='par_1_22' title="bbox 2525 899 3612 971">
     <span class='ocr_line' id='line_1_22' title="bbox 2525 899 3612 971; baseline -0.004 -16"><span class='ocrx_word' id='word_1_137' title='bbox 2525 899 2712 965; x_wconf 26' lang='lat' dir='ltr'><strong>missi,’</strong></span> <span class='ocrx_word' id='word_1_138' title='bbox 2742 918 2801 955; x_wconf 83' lang='lat' dir='ltr'><strong>eo</strong></span> <span class='ocrx_word' id='word_1_139' title='bbox 2847 902 2988 971; x_wconf 86' lang='lat' dir='ltr'><strong>quod</strong></span> <span class='ocrx_word' id='word_1_140' title='bbox 3027 916 3204 954; x_wconf 78' lang='lat' dir='ltr'><strong>omnes</strong></span> <span class='ocrx_word' id='word_1_141' title='bbox 3242 899 3612 968; x_wconf 64' lang='lat' dir='ltr'><strong>prtem-ierint.</strong></span> 
     </span>
    </p>
   </div>
   <div class='ocr_carea' id='block_1_23' title="bbox 2346 987 3836 1062">
    <p class='ocr_par' dir='ltr' id='par_1_23' title="bbox 2346 987 3836 1062">
     <span class='ocr_line' id='line_1_23' title="bbox 2346 987 3836 1062; baseline -0.003 -14"><span class='ocrx_word' id='word_1_142' title='bbox 2346 994 2504 1049; x_wconf 82' lang='lat' dir='ltr'><strong>Anno</strong></span> <span class='ocrx_word' id='word_1_143' title='bbox 2529 992 2670 1048; x_wconf 88' lang='lat' dir='ltr'><strong>XIX.</strong></span> <span class='ocrx_word' id='word_1_144' title='bbox 2695 992 2783 1049; x_wconf 81' lang='lat' dir='ltr'><strong>IV.</strong></span> <span class='ocrx_word' id='word_1_145' title='bbox 2824 993 2976 1048; x_wconf 85' lang='lat' dir='ltr'><strong>Luna</strong></span> <span class='ocrx_word' id='word_1_146' title='bbox 3013 997 3030 1044; x_wconf 85' lang='lat' dir='ltr'><strong>I</strong></span> <span class='ocrx_word' id='word_1_147' title='bbox 3071 1007 3103 1048; x_wconf 87' lang='lat' dir='ltr'><strong>a</strong></span> <span class='ocrx_word' id='word_1_148' title='bbox 3140 992 3255 1046; x_wconf 91' lang='lat' dir='ltr'><strong>Kal.</strong></span> <span class='ocrx_word' id='word_1_149' title='bbox 3292 991 3415 1047; x_wconf 82' lang='lat' dir='ltr'><strong>Jan.</strong></span> <span class='ocrx_word' id='word_1_150' title='bbox 3467 1005 3644 1062; x_wconf 85' lang='lat' dir='ltr'><strong>usque</strong></span> <span class='ocrx_word' id='word_1_151' title='bbox 3681 991 3744 1045; x_wconf 83' lang='lat' dir='ltr'><strong>ad</strong></span> <span class='ocrx_word' id='word_1_152' title='bbox 3780 987 3836 1042; x_wconf 78' lang='grc'><strong>15</strong></span> 
     </span>
    </p>
   </div>
   <div class='ocr_carea' id='block_1_24' title="bbox 2276 1085 3458 1156">
    <p class='ocr_par' dir='ltr' id='par_1_24' title="bbox 2276 1085 3458 1156">
     <span class='ocr_line' id='line_1_24' title="bbox 2276 1085 3458 1156; baseline -0.003 -13"><span class='ocrx_word' id='word_1_153' title='bbox 2276 1086 2393 1143; x_wconf 87' lang='lat' dir='ltr'><strong>Kal.</strong></span> <span class='ocrx_word' id='word_1_154' title='bbox 2424 1087 2545 1143; x_wconf 83' lang='lat' dir='ltr'><strong>Jan.</strong></span> <span class='ocrx_word' id='word_1_155' title='bbox 2574 1089 2699 1156; x_wconf 86' lang='lat' dir='ltr'><strong>quia</strong></span> <span class='ocrx_word' id='word_1_156' title='bbox 2724 1087 3031 1144; x_wconf 87' lang='lat' dir='ltr'><strong>communis</strong></span> <span class='ocrx_word' id='word_1_157' title='bbox 3057 1096 3161 1152; x_wconf 89' lang='lat' dir='ltr'><strong>est,</strong></span> <span class='ocrx_word' id='word_1_158' title='bbox 3188 1086 3307 1141; x_wconf 87' lang='lat' dir='ltr'><strong>dies</strong></span> <span class='ocrx_word' id='word_1_159' title='bbox 3331 1085 3458 1141; x_wconf 75' lang='grc'><strong>554.</strong></span> 
     </span>
    </p>
   </div>
   <div class='ocr_carea' id='block_1_25' title="bbox 2347 1174 3841 1243">
    <p class='ocr_par' dir='ltr' id='par_1_25' title="bbox 2347 1174 3841 1243">
     <span class='ocr_line' id='line_1_25' title="bbox 2347 1174 3841 1243; baseline -0.003 -8"><span class='ocrx_word' id='word_1_160' title='bbox 2347 1183 2504 1236; x_wconf 83' lang='lat' dir='ltr'><strong>Anno</strong></span> <span class='ocrx_word' id='word_1_161' title='bbox 2540 1180 2681 1234; x_wconf 85' lang='lat' dir='ltr'><strong>XIX.</strong></span> <span class='ocrx_word' id='word_1_162' title='bbox 2730 1179 2794 1234; x_wconf 83' lang='lat' dir='ltr'><strong>V.</strong></span> <span class='ocrx_word' id='word_1_163' title='bbox 2836 1180 2986 1234; x_wconf 88' lang='lat' dir='ltr'><strong>Luna</strong></span> <span class='ocrx_word' id='word_1_164' title='bbox 3026 1180 3068 1234; x_wconf 82' lang='lat'><strong>2</strong></span> <span class='ocrx_word' id='word_1_165' title='bbox 3094 1195 3124 1232; x_wconf 89' lang='lat' dir='ltr'><strong>a</strong></span> <span class='ocrx_word' id='word_1_166' title='bbox 3155 1178 3221 1233; x_wconf 89' lang='lat' dir='ltr'><strong>I2</strong></span> <span class='ocrx_word' id='word_1_167' title='bbox 3248 1177 3368 1232; x_wconf 82' lang='lat' dir='ltr'><strong>Kal.</strong></span> <span class='ocrx_word' id='word_1_168' title='bbox 3404 1175 3528 1232; x_wconf 78' lang='lat' dir='ltr'><strong>Jan.</strong></span> <span class='ocrx_word' id='word_1_169' title='bbox 3586 1189 3748 1243; x_wconf 87' lang='lat' dir='ltr'><strong>usque</strong></span> <span class='ocrx_word' id='word_1_170' title='bbox 3792 1174 3841 1230; x_wconf 76' lang='lat' dir='ltr'><strong>ia</strong></span> 
     </span>
    </p>
   </div>
   <div class='ocr_carea' id='block_1_26' title="bbox 2278 1265 3780 1341">
    <p class='ocr_par' dir='ltr' id='par_1_26' title="bbox 2278 1265 3780 1341">
     <span class='ocr_line' id='line_1_26' title="bbox 2278 1265 3780 1341; baseline -0.007 -13"><span class='ocrx_word' id='word_1_171' title='bbox 2278 1273 2312 1328; x_wconf 82' lang='grc'><strong>5</strong></span> <span class='ocrx_word' id='word_1_172' title='bbox 2340 1273 2415 1327; x_wconf 87' lang='lat' dir='ltr'><strong>Id.</strong></span> <span class='ocrx_word' id='word_1_173' title='bbox 2445 1271 2699 1328; x_wconf 75' lang='lat' dir='ltr'><strong>DeCemb.</strong></span> <span class='ocrx_word' id='word_1_174' title='bbox 2724 1273 2848 1341; x_wconf 88' lang='lat' dir='ltr'><strong>quia</strong></span> <span class='ocrx_word' id='word_1_175' title='bbox 2871 1271 3173 1326; x_wconf 87' lang='lat' dir='ltr'><strong>communis</strong></span> <span class='ocrx_word' id='word_1_176' title='bbox 3195 1279 3278 1325; x_wconf 86' lang='lat' dir='ltr'><strong>est</strong></span> <span class='ocrx_word' id='word_1_177' title='bbox 3302 1283 3498 1330; x_wconf 88' lang='lat' dir='ltr'><strong>annus,</strong></span> <span class='ocrx_word' id='word_1_178' title='bbox 3523 1267 3643 1322; x_wconf 87' lang='lat' dir='ltr'><strong>dies</strong></span> <span class='ocrx_word' id='word_1_179' title='bbox 3668 1265 3780 1319; x_wconf 76' lang='grc'><strong>554.</strong></span> 
     </span>
    </p>
   </div>
   <div class='ocr_carea' id='block_1_27' title="bbox 2346 1352 3843 1428">
    <p class='ocr_par' dir='ltr' id='par_1_27' title="bbox 2346 1352 3843 1428">
     <span class='ocr_line' id='line_1_27' title="bbox 2346 1352 3843 1428; baseline -0.006 -8"><span class='ocrx_word' id='word_1_180' title='bbox 2346 1367 2500 1420; x_wconf 82' lang='lat' dir='ltr'><strong>Anno</strong></span> <span class='ocrx_word' id='word_1_181' title='bbox 2525 1365 2667 1420; x_wconf 89' lang='lat' dir='ltr'><strong>XIX.</strong></span> <span class='ocrx_word' id='word_1_182' title='bbox 2705 1365 2790 1420; x_wconf 82' lang='lat' dir='ltr'><strong>VI.</strong></span> <span class='ocrx_word' id='word_1_183' title='bbox 2833 1365 2981 1419; x_wconf 87' lang='lat' dir='ltr'><strong>Luna</strong></span> <span class='ocrx_word' id='word_1_184' title='bbox 3000 1365 3033 1417; x_wconf 87' lang='grc'><strong>5</strong></span> <span class='ocrx_word' id='word_1_185' title='bbox 3057 1380 3086 1416; x_wconf 87' lang='lat' dir='ltr'><strong>a</strong></span> <span class='ocrx_word' id='word_1_186' title='bbox 3112 1362 3145 1416; x_wconf 98' lang='grc'><strong>4</strong></span> <span class='ocrx_word' id='word_1_187' title='bbox 3171 1363 3246 1416; x_wconf 90' lang='lat' dir='ltr'><strong>Id.</strong></span> <span class='ocrx_word' id='word_1_188' title='bbox 3267 1361 3523 1415; x_wconf 87' lang='lat' dir='ltr'><strong>Decemb.</strong></span> <span class='ocrx_word' id='word_1_189' title='bbox 3555 1371 3724 1428; x_wconf 86' lang='lat' dir='ltr'><strong>usque</strong></span> <span class='ocrx_word' id='word_1_190' title='bbox 3745 1355 3795 1411; x_wconf 89' lang='lat' dir='ltr'><strong>in</strong></span> <span class='ocrx_word' id='word_1_191' title='bbox 3813 1352 3843 1411; x_wconf 76' lang='lat'><strong>5</strong></span> 
     </span>
    </p>
   </div>
   <div class='ocr_carea' id='block_1_28' title="bbox 2278 1451 3546 1526">
    <p class='ocr_par' dir='ltr' id='par_1_28' title="bbox 2278 1451 3546 1526">
     <span class='ocr_line' id='line_1_28' title="bbox 2278 1451 3546 1526; baseline -0.006 -13"><span class='ocrx_word' id='word_1_192' title='bbox 2278 1456 2398 1513; x_wconf 81' lang='lat' dir='ltr'><strong>Kal.</strong></span> <span class='ocrx_word' id='word_1_193' title='bbox 2427 1456 2548 1512; x_wconf 84' lang='lat' dir='ltr'><strong>Jan.</strong></span> <span class='ocrx_word' id='word_1_194' title='bbox 2578 1457 2705 1526; x_wconf 86' lang='lat' dir='ltr'><strong>quia</strong></span> <span class='ocrx_word' id='word_1_195' title='bbox 2735 1455 3106 1510; x_wconf 61' lang='lat' dir='ltr'><strong>embolimmus</strong></span> <span class='ocrx_word' id='word_1_196' title='bbox 3134 1465 3237 1517; x_wconf 87' lang='lat' dir='ltr'><strong>est,</strong></span> <span class='ocrx_word' id='word_1_197' title='bbox 3277 1454 3392 1508; x_wconf 86' lang='lat' dir='ltr'><strong>dies</strong></span> <span class='ocrx_word' id='word_1_198' title='bbox 3417 1451 3546 1507; x_wconf 79' lang='grc'><strong>584.</strong></span> 
     </span>
    </p>
   </div>
   <div class='ocr_carea' id='block_1_29' title="bbox 2347 1538 3846 1612">
    <p class='ocr_par' dir='ltr' id='par_1_29' title="bbox 2347 1538 3846 1612">
     <span class='ocr_line' id='line_1_29' title="bbox 2347 1538 3846 1612; baseline -0.005 -9"><span class='ocrx_word' id='word_1_199' title='bbox 2347 1549 2501 1603; x_wconf 83' lang='lat' dir='ltr'><strong>Anno</strong></span> <span class='ocrx_word' id='word_1_200' title='bbox 2527 1546 2670 1601; x_wconf 88' lang='lat' dir='ltr'><strong>XIX.</strong></span> <span class='ocrx_word' id='word_1_201' title='bbox 2720 1545 2828 1602; x_wconf 83' lang='lat' dir='ltr'><strong>VII.</strong></span> <span class='ocrx_word' id='word_1_202' title='bbox 2854 1545 3004 1601; x_wconf 84' lang='lat' dir='ltr'><strong>Luna</strong></span> <span class='ocrx_word' id='word_1_203' title='bbox 3032 1545 3067 1599; x_wconf 88' lang='grc'><strong>4</strong></span> <span class='ocrx_word' id='word_1_204' title='bbox 3093 1562 3121 1599; x_wconf 88' lang='lat' dir='ltr'><strong>a</strong></span> <span class='ocrx_word' id='word_1_205' title='bbox 3149 1545 3184 1598; x_wconf 88' lang='grc'><strong>4</strong></span> <span class='ocrx_word' id='word_1_206' title='bbox 3211 1544 3331 1599; x_wconf 90' lang='lat' dir='ltr'><strong>Kal.</strong></span> <span class='ocrx_word' id='word_1_207' title='bbox 3360 1543 3483 1599; x_wconf 87' lang='lat' dir='ltr'><strong>Jan.</strong></span> <span class='ocrx_word' id='word_1_208' title='bbox 3529 1540 3768 1612; x_wconf 78' lang='lat' dir='ltr'><strong>usquein</strong></span> <span class='ocrx_word' id='word_1_209' title='bbox 3789 1538 3846 1596; x_wconf 89' lang='lat' dir='ltr'><strong>I&#39;l</strong></span> 
     </span>
    </p>
   </div>
   <div class='ocr_carea' id='block_1_30' title="bbox 2277 1634 3477 1709">
    <p class='ocr_par' dir='ltr' id='par_1_30' title="bbox 2277 1634 3477 1709">
     <span class='ocr_line' id='line_1_30' title="bbox 2277 1634 3477 1709; baseline -0.007 -13"><span class='ocrx_word' id='word_1_210' title='bbox 2277 1639 2398 1696; x_wconf 88' lang='lat' dir='ltr'><strong>Kal.</strong></span> <span class='ocrx_word' id='word_1_211' title='bbox 2426 1638 2572 1704; x_wconf 88' lang='lat' dir='ltr'><strong>Jan.,</strong></span> <span class='ocrx_word' id='word_1_212' title='bbox 2600 1639 2728 1709; x_wconf 85' lang='lat' dir='ltr'><strong>quia</strong></span> <span class='ocrx_word' id='word_1_213' title='bbox 2751 1637 3055 1693; x_wconf 87' lang='lat' dir='ltr'><strong>communis</strong></span> <span class='ocrx_word' id='word_1_214' title='bbox 3079 1644 3185 1700; x_wconf 83' lang='lat' dir='ltr'><strong>est,</strong></span> <span class='ocrx_word' id='word_1_215' title='bbox 3210 1637 3324 1690; x_wconf 89' lang='lat' dir='ltr'><strong>dies</strong></span> <span class='ocrx_word' id='word_1_216' title='bbox 3349 1634 3477 1690; x_wconf 77' lang='grc'><strong>554.</strong></span> 
     </span>
    </p>
   </div>
   <div class='ocr_carea' id='block_1_31' title="bbox 2346 1723 3851 1792">
    <p class='ocr_par' dir='ltr' id='par_1_31' title="bbox 2346 1723 3851 1792">
     <span class='ocr_line' id='line_1_31' title="bbox 2346 1723 3851 1792; baseline -0.007 -4"><span class='ocrx_word' id='word_1_217' title='bbox 2346 1733 2504 1788; x_wconf 84' lang='lat' dir='ltr'><strong>Anno</strong></span> <span class='ocrx_word' id='word_1_218' title='bbox 2543 1731 2682 1786; x_wconf 86' lang='lat' dir='ltr'><strong>XIX.</strong></span> <span class='ocrx_word' id='word_1_219' title='bbox 2713 1730 2846 1786; x_wconf 80' lang='lat' dir='ltr'><strong>VIII.</strong></span> <span class='ocrx_word' id='word_1_220' title='bbox 2884 1729 3035 1784; x_wconf 88' lang='lat' dir='ltr'><strong>Luna</strong></span> <span class='ocrx_word' id='word_1_221' title='bbox 3065 1729 3099 1782; x_wconf 81' lang='lat'><strong>5</strong></span> <span class='ocrx_word' id='word_1_222' title='bbox 3152 1744 3182 1782; x_wconf 88' lang='lat' dir='ltr'><strong>a</strong></span> <span class='ocrx_word' id='word_1_223' title='bbox 3224 1727 3292 1781; x_wconf 77' lang='grc'><strong>15</strong></span> <span class='ocrx_word' id='word_1_224' title='bbox 3316 1726 3436 1780; x_wconf 86' lang='lat' dir='ltr'><strong>Kal.</strong></span> <span class='ocrx_word' id='word_1_225' title='bbox 3458 1723 3584 1780; x_wconf 85' lang='lat' dir='ltr'><strong>Jan.</strong></span> <span class='ocrx_word' id='word_1_226' title='bbox 3613 1737 3776 1792; x_wconf 84' lang='lat' dir='ltr'><strong>usque</strong></span> <span class='ocrx_word' id='word_1_227' title='bbox 3803 1723 3851 1776; x_wconf 86' lang='lat' dir='ltr'><strong>in</strong></span> 
     </span>
    </p>
   </div>
   <div class='ocr_carea' id='block_1_32' title="bbox 2277 1816 3819 1894">
    <p class='ocr_par' dir='ltr' id='par_1_32' title="bbox 2277 1816 3819 1894">
     <span class='ocr_line' id='line_1_32' title="bbox 2277 1816 3819 1894; baseline -0.009 -10"><span class='ocrx_word' id='word_1_228' title='bbox 2277 1828 2311 1884; x_wconf 89' lang='lat'>8</span> <span class='ocrx_word' id='word_1_229' title='bbox 2333 1826 2411 1881; x_wconf 88' lang='lat' dir='ltr'><strong>Id.</strong></span> <span class='ocrx_word' id='word_1_230' title='bbox 2452 1826 2704 1881; x_wconf 87' lang='lat' dir='ltr'><strong>Decemh.</strong></span> <span class='ocrx_word' id='word_1_231' title='bbox 2725 1826 2850 1894; x_wconf 87' lang='lat' dir='ltr'><strong>quia</strong></span> <span class='ocrx_word' id='word_1_232' title='bbox 2889 1823 3196 1880; x_wconf 87' lang='lat' dir='ltr'><strong>communis</strong></span> <span class='ocrx_word' id='word_1_233' title='bbox 3217 1835 3393 1876; x_wconf 88' lang='lat' dir='ltr'><strong>annus</strong></span> <span class='ocrx_word' id='word_1_234' title='bbox 3426 1829 3532 1882; x_wconf 85' lang='lat' dir='ltr'><strong>est,</strong></span> <span class='ocrx_word' id='word_1_235' title='bbox 3569 1820 3683 1874; x_wconf 86' lang='lat' dir='ltr'><strong>dies</strong></span> <span class='ocrx_word' id='word_1_236' title='bbox 3702 1816 3819 1874; x_wconf 80' lang='grc'><strong>554.</strong></span> 
     </span>
    </p>
   </div>
   <div class='ocr_carea' id='block_1_33' title="bbox 577 1905 3852 1982">
    <p class='ocr_par' dir='ltr' id='par_1_33' title="bbox 577 1905 3852 1982">
     <span class='ocr_line' id='line_1_33' title="bbox 577 1905 3852 1982; baseline -0.002 -17"><span class='ocrx_word' id='word_1_237' title='bbox 577 1909 874 1965; x_wconf 88' lang='lat' dir='ltr'><strong>Paschales</strong></span> <span class='ocrx_word' id='word_1_238' title='bbox 897 1913 1042 1967; x_wconf 90' lang='lat' dir='ltr'><strong>omni</strong></span> <span class='ocrx_word' id='word_1_239' title='bbox 1075 1921 1317 1982; x_wconf 86' lang='lat' dir='ltr'><strong>tempore</strong></span> <span class='ocrx_word' id='word_1_240' title='bbox 1348 1913 1466 1967; x_wconf 87' lang='lat' dir='ltr'><strong>sine</strong></span> <span class='ocrx_word' id='word_1_241' title='bbox 1495 1912 1599 1965; x_wconf 88' lang='lat' dir='ltr'><strong>ulla</strong></span> <span class='ocrx_word' id='word_1_242' title='bbox 1634 1913 1871 1982; x_wconf 88' lang='lat' dir='ltr'><strong>reperies</strong></span> <span class='ocrx_word' id='word_1_243' title='bbox 1899 1913 2138 1968; x_wconf 84' lang='lat' dir='ltr'><strong>falsitate</strong></span> <span class='ocrx_word' id='word_1_244' title='bbox 2163 1929 2178 1968; x_wconf 89' lang='lat'><strong>:</strong></span> <span class='ocrx_word' id='word_1_245' title='bbox 2215 1911 2260 1971; x_wconf 86' lang='grc' dir='ltr'><strong>Β</strong></span> <span class='ocrx_word' id='word_1_246' title='bbox 2356 1919 2512 1972; x_wconf 83' lang='lat' dir='ltr'><strong>Anno</strong></span> <span class='ocrx_word' id='word_1_247' title='bbox 2539 1917 2676 1972; x_wconf 86' lang='lat' dir='ltr'><strong>XIX.</strong></span> <span class='ocrx_word' id='word_1_248' title='bbox 2708 1916 2797 1971; x_wconf 91' lang='lat' dir='ltr'><strong>IX.</strong></span> <span class='ocrx_word' id='word_1_249' title='bbox 2824 1916 2973 1970; x_wconf 87' lang='lat' dir='ltr'><strong>Luna</strong></span> <span class='ocrx_word' id='word_1_250' title='bbox 2998 1915 3031 1969; x_wconf 88' lang='lat'><strong><em>6</em></strong></span> <span class='ocrx_word' id='word_1_251' title='bbox 3059 1929 3091 1968; x_wconf 88' lang='lat' dir='ltr'><strong>a</strong></span> <span class='ocrx_word' id='word_1_252' title='bbox 3115 1914 3145 1967; x_wconf 89' lang='lat'><strong>7</strong></span> <span class='ocrx_word' id='word_1_253' title='bbox 3170 1913 3246 1968; x_wconf 90' lang='lat' dir='ltr'><strong>Id.</strong></span> <span class='ocrx_word' id='word_1_254' title='bbox 3271 1910 3527 1966; x_wconf 80' lang='lat' dir='ltr'><strong>Decenib.</strong></span> <span class='ocrx_word' id='word_1_255' title='bbox 3555 1925 3719 1978; x_wconf 84' lang='lat' dir='ltr'><strong>usque</strong></span> <span class='ocrx_word' id='word_1_256' title='bbox 3745 1907 3796 1961; x_wconf 88' lang='lat' dir='ltr'><strong>in</strong></span> <span class='ocrx_word' id='word_1_257' title='bbox 3823 1905 3852 1961; x_wconf 90' lang='lat'><strong>8</strong></span> 
     </span>
    </p>
   </div>
   <div class='ocr_carea' id='block_1_34' title="bbox 581 2005 2169 2078">
    <p class='ocr_par' dir='ltr' id='par_1_34' title="bbox 581 2005 2169 2078">
     <span class='ocr_line' id='line_1_34' title="bbox 581 2005 2169 2078; baseline 0.004 -22"><span class='ocrx_word' id='word_1_258' title='bbox 581 2010 792 2062; x_wconf 80' lang='lat' dir='ltr'><strong>tantum</strong></span> <span class='ocrx_word' id='word_1_259' title='bbox 833 2005 1146 2060; x_wconf 85' lang='lat' dir='ltr'><strong>memineris</strong></span> <span class='ocrx_word' id='word_1_260' title='bbox 1176 2005 1332 2060; x_wconf 91' lang='lat' dir='ltr'><strong>annis</strong></span> <span class='ocrx_word' id='word_1_261' title='bbox 1361 2005 1612 2076; x_wconf 80' lang='lat' dir='ltr'><strong>singulis,</strong></span> <span class='ocrx_word' id='word_1_262' title='bbox 1656 2007 1746 2075; x_wconf 87' lang='lat' dir='ltr'><strong>qui</strong></span> <span class='ocrx_word' id='word_1_263' title='bbox 1787 2007 1972 2078; x_wconf 77' lang='lat' dir='ltr'><strong>cyclus</strong></span> <span class='ocrx_word' id='word_1_264' title='bbox 2011 2007 2169 2073; x_wconf 62' lang='lat' dir='ltr'><strong>lunae,</strong></span> 
     </span>
    </p>
   </div>
   <div class='ocr_carea' id='block_1_35' title="bbox 580 2098 2173 2171">
    <p class='ocr_par' dir='ltr' id='par_1_35' title="bbox 580 2098 2173 2171">
     <span class='ocr_line' id='line_1_35' title="bbox 580 2098 2173 2171; baseline 0.004 -21"><span class='ocrx_word' id='word_1_265' title='bbox 580 2106 635 2150; x_wconf 86' lang='lat' dir='ltr'><strong>et</strong></span> <span class='ocrx_word' id='word_1_266' title='bbox 661 2098 749 2166; x_wconf 89' lang='lat' dir='ltr'><strong>qui</strong></span> <span class='ocrx_word' id='word_1_267' title='bbox 779 2099 1286 2156; x_wconf 85' lang='lat' dir='ltr'><strong>decenmoveunalis</strong></span> <span class='ocrx_word' id='word_1_268' title='bbox 1315 2101 1529 2156; x_wconf 84' lang='lat' dir='ltr'><strong>existet.</strong></span> <span class='ocrx_word' id='word_1_269' title='bbox 1566 2101 1622 2154; x_wconf 92' lang='lat' dir='ltr'><strong>In</strong></span> <span class='ocrx_word' id='word_1_270' title='bbox 1655 2101 1907 2170; x_wconf 68' lang='lat' dir='ltr'><strong>praesenti</strong></span> <span class='ocrx_word' id='word_1_271' title='bbox 1941 2117 2173 2171; x_wconf 83' lang='lat' dir='ltr'><strong>namque</strong></span> 
     </span>
    </p>
   </div>
   <div class='ocr_carea' id='block_1_36' title="bbox 584 2190 2172 2262">
    <p class='ocr_par' dir='ltr' id='par_1_36' title="bbox 584 2190 2172 2262">
     <span class='ocr_line' id='line_1_36' title="bbox 584 2190 2172 2262; baseline 0.006 -20"><span class='ocrx_word' id='word_1_272' title='bbox 584 2190 744 2245; x_wconf 86' lang='lat' dir='ltr'><strong>tertia</strong></span> <span class='ocrx_word' id='word_1_273' title='bbox 793 2191 1020 2247; x_wconf 90' lang='lat' dir='ltr'><strong>Indictio</strong></span> <span class='ocrx_word' id='word_1_274' title='bbox 1059 2203 1142 2248; x_wconf 90' lang='lat' dir='ltr'><strong>est</strong></span> <span class='ocrx_word' id='word_1_275' title='bbox 1185 2193 1468 2248; x_wconf 84' lang='lat' dir='ltr'><strong>consulatu</strong></span> <span class='ocrx_word' id='word_1_276' title='bbox 1511 2193 1672 2249; x_wconf 84' lang='lat' dir='ltr'><strong>Probi</strong></span> <span class='ocrx_word' id='word_1_277' title='bbox 1709 2194 1942 2262; x_wconf 90' lang='lat' dir='ltr'><strong>junioris</strong></span> <span class='ocrx_word' id='word_1_278' title='bbox 1981 2197 2172 2251; x_wconf 88' lang='lat' dir='ltr'><strong>tertius</strong></span> 
     </span>
    </p>
   </div>
   <div class='ocr_carea' id='block_1_37' title="bbox 582 2284 2170 2356">
    <p class='ocr_par' dir='ltr' id='par_1_37' title="bbox 582 2284 2170 2356">
     <span class='ocr_line' id='line_1_37' title="bbox 582 2284 2170 2356; baseline 0.004 -17"><span class='ocrx_word' id='word_1_279' title='bbox 582 2284 826 2341; x_wconf 89' lang='lat' dir='ltr'><strong>decimus</strong></span> <span class='ocrx_word' id='word_1_280' title='bbox 850 2286 1088 2342; x_wconf 86' lang='lat' dir='ltr'><strong>circulus</strong></span> <span class='ocrx_word' id='word_1_281' title='bbox 1117 2288 1646 2355; x_wconf 78' lang='lat' dir='ltr'><strong>decemnoveunalis,</strong></span> <span class='ocrx_word' id='word_1_282' title='bbox 1699 2290 1766 2343; x_wconf 80' lang='lat' dir='ltr'><strong>Il)</strong></span> <span class='ocrx_word' id='word_1_283' title='bbox 1810 2290 2017 2345; x_wconf 81' lang='lat' dir='ltr'><strong>lunaris</strong></span> <span class='ocrx_word' id='word_1_284' title='bbox 2066 2299 2170 2356; x_wconf 88' lang='lat' dir='ltr'><strong>est,</strong></span> 
     </span>
    </p>
   </div>
   <div class='ocr_carea' id='block_1_38' title="bbox 581 2376 719 2434">
    <p class='ocr_par' dir='ltr' id='par_1_38' title="bbox 581 2376 719 2434">
     <span class='ocr_line' id='line_1_38' title="bbox 581 2376 719 2434; baseline -0.007 -2"><span class='ocrx_word' id='word_1_285' title='bbox 581 2376 719 2434; x_wconf 72' lang='lat' dir='ltr'><strong>ﬁnit.</strong></span> 
     </span>
    </p>
   </div>
   <div class='ocr_carea' id='block_1_39' title="bbox 655 2467 2176 2543">
    <p class='ocr_par' dir='ltr' id='par_1_39' title="bbox 655 2467 2176 2543">
     <span class='ocr_line' id='line_1_39' title="bbox 655 2467 2176 2543; baseline 0.005 -21"><span class='ocrx_word' id='word_1_286' title='bbox 655 2467 758 2524; x_wconf 85' lang='lat' dir='ltr'><strong>Hic</strong></span> <span class='ocrx_word' id='word_1_287' title='bbox 780 2478 960 2524; x_wconf 88' lang='lat' dir='ltr'><strong>autem</strong></span> <span class='ocrx_word' id='word_1_288' title='bbox 988 2469 1171 2541; x_wconf 86' lang='lat' dir='ltr'><strong>cyclus</strong></span> <span class='ocrx_word' id='word_1_289' title='bbox 1197 2471 1437 2543; x_wconf 85' lang='lat' dir='ltr'><strong>Dionysii</strong></span> <span class='ocrx_word' id='word_1_290' title='bbox 1464 2471 1498 2526; x_wconf 79' lang='lat'><strong>5</strong></span> <span class='ocrx_word' id='word_1_291' title='bbox 1520 2472 2026 2528; x_wconf 84' lang='lat' dir='ltr'><strong>decemnovennalis</strong></span> <span class='ocrx_word' id='word_1_292' title='bbox 2052 2490 2176 2529; x_wconf 74' lang='lat' dir='ltr'><strong>can-</strong></span> 
     </span>
    </p>
   </div>
   <div class='ocr_carea' id='block_1_40' title="bbox 580 2563 2174 2637">
    <p class='ocr_par' dir='ltr' id='par_1_40' title="bbox 580 2563 2174 2637">
     <span class='ocr_line' id='line_1_40' title="bbox 580 2563 2174 2637; baseline 0.003 -20"><span class='ocrx_word' id='word_1_293' title='bbox 580 2569 732 2626; x_wconf 88' lang='lat' dir='ltr'><strong>stat,</strong></span> <span class='ocrx_word' id='word_1_294' title='bbox 785 2563 889 2619; x_wconf 88' lang='lat' dir='ltr'><strong>hoc</strong></span> <span class='ocrx_word' id='word_1_295' title='bbox 934 2571 1017 2620; x_wconf 86' lang='lat' dir='ltr'><strong>est</strong></span> <span class='ocrx_word' id='word_1_296' title='bbox 1059 2564 1130 2620; x_wconf 82' lang='lat'><strong>95</strong></span> <span class='ocrx_word' id='word_1_297' title='bbox 1169 2565 1326 2620; x_wconf 90' lang='lat' dir='ltr'><strong>annis</strong></span> <span class='ocrx_word' id='word_1_298' title='bbox 1350 2606 1366 2630; x_wconf 92' lang='lat'><strong>,</strong></span> <span class='ocrx_word' id='word_1_299' title='bbox 1416 2567 1691 2637; x_wconf 85' lang='lat' dir='ltr'><strong>sumitque</strong></span> <span class='ocrx_word' id='word_1_300' title='bbox 1731 2568 2012 2622; x_wconf 84' lang='lat' dir='ltr'><strong>exordium</strong></span> <span class='ocrx_word' id='word_1_301' title='bbox 2043 2583 2074 2622; x_wconf 92' lang='lat' dir='ltr'><strong>a</strong></span> <span class='ocrx_word' id='word_1_302' title='bbox 2104 2567 2174 2622; x_wconf 79' lang='lat'><strong>52</strong></span> 
     </span>
    </p>
   </div>
   <div class='ocr_carea' id='block_1_41' title="bbox 582 2657 2170 2724">
    <p class='ocr_par' dir='ltr' id='par_1_41' title="bbox 582 2657 2170 2724">
     <span class='ocr_line' id='line_1_41' title="bbox 582 2657 2170 2724; baseline 0.004 -14"><span class='ocrx_word' id='word_1_303' title='bbox 582 2672 727 2714; x_wconf 87' lang='lat' dir='ltr'><strong>anno</strong></span> <span class='ocrx_word' id='word_1_304' title='bbox 757 2657 1151 2714; x_wconf 90' lang='lat' dir='ltr'><strong>Incarnationis</strong></span> <span class='ocrx_word' id='word_1_305' title='bbox 1179 2659 1420 2724; x_wconf 87' lang='lat' dir='ltr'><strong>Domini,</strong></span> <span class='ocrx_word' id='word_1_306' title='bbox 1452 2669 1508 2716; x_wconf 89' lang='lat' dir='ltr'><strong>et</strong></span> <span class='ocrx_word' id='word_1_307' title='bbox 1531 2661 1732 2717; x_wconf 88' lang='lat' dir='ltr'><strong>desinit</strong></span> <span class='ocrx_word' id='word_1_308' title='bbox 1762 2663 1814 2716; x_wconf 89' lang='lat' dir='ltr'><strong>in</strong></span> <span class='ocrx_word' id='word_1_309' title='bbox 1845 2661 1950 2717; x_wconf 84' lang='lat'><strong>526</strong></span> <span class='ocrx_word' id='word_1_310' title='bbox 1979 2677 2170 2718; x_wconf 90' lang='lat' dir='ltr'><strong>annos.</strong></span> 
     </span>
    </p>
   </div>
   <div class='ocr_carea' id='block_1_42' title="bbox 582 2746 2176 2827">
    <p class='ocr_par' dir='ltr' id='par_1_42' title="bbox 582 2746 2176 2827">
     <span class='ocr_line' id='line_1_42' title="bbox 582 2746 2176 2827; baseline 0.005 -25"><span class='ocrx_word' id='word_1_311' title='bbox 582 2746 742 2804; x_wconf 80' lang='lat' dir='ltr'><strong>Hunc</strong></span> <span class='ocrx_word' id='word_1_312' title='bbox 781 2764 912 2821; x_wconf 81' lang='lat' dir='ltr'><strong>ergo</strong></span> <span class='ocrx_word' id='word_1_313' title='bbox 955 2750 1169 2809; x_wconf 80' lang='lat' dir='ltr'><strong>cvclum</strong></span> <span class='ocrx_word' id='word_1_314' title='bbox 1204 2753 1689 2823; x_wconf 83' lang='lat' dir='ltr'><strong>praetermisimus,</strong></span> <span class='ocrx_word' id='word_1_315' title='bbox 1740 2756 1868 2824; x_wconf 86' lang='lat' dir='ltr'><strong>quia</strong></span> <span class='ocrx_word' id='word_1_316' title='bbox 1913 2754 2176 2827; x_wconf 74' lang='lat' dir='ltr'><strong>praeteriit</strong></span> 
     </span>
    </p>
   </div>
   <div class='ocr_carea' id='block_1_43' title="bbox 583 2852 751 2898">
    <p class='ocr_par' dir='ltr' id='par_1_43' title="bbox 583 2852 751 2898">
     <span class='ocr_line' id='line_1_43' title="bbox 583 2852 751 2898; baseline 0 -2"><span class='ocrx_word' id='word_1_317' title='bbox 583 2852 751 2898; x_wconf 89' lang='lat' dir='ltr'><strong>totus.</strong></span> 
     </span>
    </p>
   </div>
   <div class='ocr_carea' id='block_1_44' title="bbox 641 2934 2113 3016">
    <p class='ocr_par' dir='ltr' id='par_1_44' title="bbox 641 2934 2113 3016">
     <span class='ocr_line' id='line_1_44' title="bbox 641 2934 2113 3016; baseline 0.008 -27"><span class='ocrx_word' id='word_1_318' title='bbox 641 2934 835 3007; x_wconf 73' lang='lat' dir='ltr'><strong>Incipit</strong></span> <span class='ocrx_word' id='word_1_319' title='bbox 863 2940 1110 3011; x_wconf 72' lang='lat' dir='ltr'><strong>prmfatio</strong></span> <span class='ocrx_word' id='word_1_320' title='bbox 1137 2943 1311 2997; x_wconf 77' lang='lat' dir='ltr'><strong>sancti</strong></span> <span class='ocrx_word' id='word_1_321' title='bbox 1337 2941 1534 3000; x_wconf 78' lang='lat' dir='ltr'><strong>Felicis</strong></span> <span class='ocrx_word' id='word_1_322' title='bbox 1561 2945 1764 3000; x_wconf 75' lang='lat' dir='ltr'><strong>abbatis</strong></span> <span class='ocrx_word' id='word_1_323' title='bbox 1791 2944 2113 3016; x_wconf 79' lang='lat' dir='ltr'><strong>Cyrillitani.</strong></span> 
     </span>
    </p>
   </div>
   <div class='ocr_carea' id='block_1_45' title="bbox 657 3049 2176 3124">
    <p class='ocr_par' dir='ltr' id='par_1_45' title="bbox 657 3049 2176 3124">
     <span class='ocr_line' id='line_1_45' title="bbox 657 3049 2176 3124; baseline 0.006 -19"><span class='ocrx_word' id='word_1_324' title='bbox 657 3049 846 3106; x_wconf 84' lang='lat' dir='ltr'><strong>CXXI.</strong></span> <span class='ocrx_word' id='word_1_325' title='bbox 901 3053 1218 3124; x_wconf 86' lang='lat' dir='ltr'><strong>Olympiade</strong></span> <span class='ocrx_word' id='word_1_326' title='bbox 1268 3055 1368 3111; x_wconf 86' lang='grc'><strong>194</strong></span> <span class='ocrx_word' id='word_1_327' title='bbox 1407 3057 1700 3122; x_wconf 88' lang='lat' dir='ltr'><strong>mediante,</strong></span> <span class='ocrx_word' id='word_1_328' title='bbox 1746 3058 1887 3113; x_wconf 75' lang='lat' dir='ltr'><strong>idesr.</strong></span> <span class='ocrx_word' id='word_1_329' title='bbox 1927 3057 1997 3112; x_wconf 68' lang='lat'><strong>42</strong></span> <span class='ocrx_word' id='word_1_330' title='bbox 2036 3073 2176 3114; x_wconf 87' lang='lat' dir='ltr'><strong>anno</strong></span> 
     </span>
    </p>
   </div>
   <div class='ocr_carea' id='block_1_46' title="bbox 571 3139 2176 3217">
    <p class='ocr_par' dir='ltr' id='par_1_46' title="bbox 571 3139 2176 3217">
     <span class='ocr_line' id='line_1_46' title="bbox 571 3139 2176 3217; baseline 0.006 -24"><span class='ocrx_word' id='word_1_331' title='bbox 571 3139 796 3212; x_wconf 85' lang='lat' dir='ltr'><strong>imperii</strong></span> <span class='ocrx_word' id='word_1_332' title='bbox 821 3139 1103 3199; x_wconf 77' lang='lat' dir='ltr'><strong>Octaviani</strong></span> <span class='ocrx_word' id='word_1_333' title='bbox 1134 3146 1359 3217; x_wconf 85' lang='lat' dir='ltr'><strong>Augusti</strong></span> <span class='ocrx_word' id='word_1_334' title='bbox 1393 3156 1552 3202; x_wconf 78' lang='lat' dir='ltr'><strong>natus</strong></span> <span class='ocrx_word' id='word_1_335' title='bbox 1578 3157 1659 3202; x_wconf 76' lang='lat' dir='ltr'><strong>est</strong></span> <span class='ocrx_word' id='word_1_336' title='bbox 1692 3149 1953 3203; x_wconf 88' lang='lat' dir='ltr'><strong>Dominus</strong></span> <span class='ocrx_word' id='word_1_337' title='bbox 1983 3148 2176 3203; x_wconf 85' lang='lat' dir='ltr'><strong>Noster</strong></span> 
     </span>
    </p>
   </div>
   <div class='ocr_carea' id='block_1_47' title="bbox 573 3226 2171 3308">
    <p class='ocr_par' dir='ltr' id='par_1_47' title="bbox 573 3226 2171 3308">
     <span class='ocr_line' id='line_1_47' title="bbox 573 3226 2171 3308; baseline 0.006 -25"><span class='ocrx_word' id='word_1_338' title='bbox 573 3226 742 3285; x_wconf 70' lang='lat' dir='ltr'><strong>&#39;Jesus</strong></span> <span class='ocrx_word' id='word_1_339' title='bbox 771 3229 1022 3287; x_wconf 88' lang='lat' dir='ltr'><strong>Christus</strong></span> <span class='ocrx_word' id='word_1_340' title='bbox 1053 3232 1109 3288; x_wconf 83' lang='lat' dir='ltr'><strong>in</strong></span> <span class='ocrx_word' id='word_1_341' title='bbox 1140 3248 1326 3289; x_wconf 88' lang='lat' dir='ltr'><strong>carne.</strong></span> <span class='ocrx_word' id='word_1_342' title='bbox 1378 3236 1424 3289; x_wconf 81' lang='grc' dir='ltr'>Α</span> <span class='ocrx_word' id='word_1_343' title='bbox 1457 3235 1738 3290; x_wconf 80' lang='lat' dir='ltr'><strong>nativitatc</strong></span> <span class='ocrx_word' id='word_1_344' title='bbox 1779 3253 1910 3308; x_wconf 81' lang='lat' dir='ltr'><strong>ergo</strong></span> <span class='ocrx_word' id='word_1_345' title='bbox 1959 3237 2171 3292; x_wconf 91' lang='lat' dir='ltr'><strong>Domini</strong></span> 
     </span>
    </p>
   </div>
   <div class='ocr_carea' id='block_1_48' title="bbox 571 3323 2173 3399">
    <p class='ocr_par' dir='ltr' id='par_1_48' title="bbox 571 3323 2173 3399">
     <span class='ocr_line' id='line_1_48' title="bbox 571 3323 2173 3399; baseline 0.004 -23"><span class='ocrx_word' id='word_1_346' title='bbox 571 3337 754 3393; x_wconf 83' lang='lat' dir='ltr'><strong>usque</strong></span> <span class='ocrx_word' id='word_1_347' title='bbox 783 3323 836 3378; x_wconf 84' lang='lat' dir='ltr'><strong>in</strong></span> <span class='ocrx_word' id='word_1_348' title='bbox 860 3323 1218 3395; x_wconf 82' lang='lat' dir='ltr'><strong>Olympiadem</strong></span> <span class='ocrx_word' id='word_1_349' title='bbox 1243 3325 1336 3391; x_wconf 82' lang='grc'><strong>45,</strong></span> <span class='ocrx_word' id='word_1_350' title='bbox 1357 3333 1462 3380; x_wconf 90' lang='lat' dir='ltr'><strong>tam</strong></span> <span class='ocrx_word' id='word_1_351' title='bbox 1496 3326 1637 3382; x_wconf 91' lang='lat' dir='ltr'><strong>idem</strong></span> <span class='ocrx_word' id='word_1_352' title='bbox 1667 3342 1834 3398; x_wconf 89' lang='lat' dir='ltr'><strong>usque</strong></span> <span class='ocrx_word' id='word_1_353' title='bbox 1862 3329 1914 3382; x_wconf 91' lang='lat' dir='ltr'><strong>iu</strong></span> <span class='ocrx_word' id='word_1_354' title='bbox 1939 3328 2173 3399; x_wconf 90' lang='lat' dir='ltr'><strong>primum</strong></span> 
     </span>
    </p>
   </div>
   <div class='ocr_carea' id='block_1_49' title="bbox 581 3412 2174 3489">
    <p class='ocr_par' dir='ltr' id='par_1_49' title="bbox 581 3412 2174 3489">
     <span class='ocr_line' id='line_1_49' title="bbox 581 3412 2174 3489; baseline 0.005 -22"><span class='ocrx_word' id='word_1_355' title='bbox 581 3427 784 3468; x_wconf 87' lang='lat' dir='ltr'><strong>annum</strong></span> <span class='ocrx_word' id='word_1_356' title='bbox 813 3412 1136 3470; x_wconf 87' lang='lat' dir='ltr'><strong>Diocletiani</strong></span> <span class='ocrx_word' id='word_1_357' title='bbox 1168 3415 1300 3471; x_wconf 86' lang='lat' dir='ltr'><strong>Iinnt</strong></span> <span class='ocrx_word' id='word_1_358' title='bbox 1331 3417 1458 3471; x_wconf 91' lang='lat' dir='ltr'><strong>anni</strong></span> <span class='ocrx_word' id='word_1_359' title='bbox 1488 3415 1614 3472; x_wconf 73' lang='grc'><strong>284.</strong></span> <span class='ocrx_word' id='word_1_360' title='bbox 1665 3416 1730 3472; x_wconf 86' lang='lat' dir='ltr'><strong>Et</strong></span> <span class='ocrx_word' id='word_1_361' title='bbox 1765 3434 1790 3470; x_wconf 90' lang='lat' dir='ltr'><strong>a</strong></span> <span class='ocrx_word' id='word_1_362' title='bbox 1823 3419 2000 3489; x_wconf 84' lang='lat' dir='ltr'><strong>primo</strong></span> <span class='ocrx_word' id='word_1_363' title='bbox 2032 3433 2174 3475; x_wconf 87' lang='lat' dir='ltr'><strong>anno</strong></span> 
     </span>
    </p>
   </div>
   <div class='ocr_carea' id='block_1_50' title="bbox 577 3504 2177 3586">
    <p class='ocr_par' dir='ltr' id='par_1_50' title="bbox 577 3504 2177 3586">
     <span class='ocr_line' id='line_1_50' title="bbox 577 3504 2177 3586; baseline 0.006 -27"><span class='ocrx_word' id='word_1_364' title='bbox 577 3504 900 3561; x_wconf 86' lang='lat' dir='ltr'><strong>Diocletiani</strong></span> <span class='ocrx_word' id='word_1_365' title='bbox 935 3523 1107 3577; x_wconf 89' lang='lat' dir='ltr'><strong>usque</strong></span> <span class='ocrx_word' id='word_1_366' title='bbox 1138 3508 1190 3563; x_wconf 91' lang='lat' dir='ltr'><strong>in</strong></span> <span class='ocrx_word' id='word_1_367' title='bbox 1221 3508 1458 3580; x_wconf 73' lang='lat' dir='ltr'><strong>primum</strong></span> <span class='ocrx_word' id='word_1_368' title='bbox 1499 3511 1708 3583; x_wconf 85' lang='lat' dir='ltr'><strong>cyclum</strong></span> <span class='ocrx_word' id='word_1_369' title='bbox 1743 3513 1982 3586; x_wconf 84' lang='lat' dir='ltr'><strong>Dionysii</strong></span> <span class='ocrx_word' id='word_1_370' title='bbox 2025 3515 2177 3569; x_wconf 79' lang='lat' dir='ltr'><strong>inve-</strong></span> 
     </span>
    </p>
   </div>
   <div class='ocr_carea' id='block_1_51' title="bbox 582 3598 2174 3675">
    <p class='ocr_par' dir='ltr' id='par_1_51' title="bbox 582 3598 2174 3675">
     <span class='ocr_line' id='line_1_51' title="bbox 582 3598 2174 3675; baseline 0.006 -23"><span class='ocrx_word' id='word_1_371' title='bbox 582 3598 702 3654; x_wconf 89' lang='lat' dir='ltr'><strong>nies</strong></span> <span class='ocrx_word' id='word_1_372' title='bbox 729 3613 901 3654; x_wconf 89' lang='lat' dir='ltr'><strong>annos</strong></span> <span class='ocrx_word' id='word_1_373' title='bbox 924 3598 1051 3665; x_wconf 65' lang='lat'><strong>248,</strong></span> <span class='ocrx_word' id='word_1_374' title='bbox 1079 3599 1212 3654; x_wconf 73' lang='lat' dir='ltr'><strong>fiunt</strong></span> <span class='ocrx_word' id='word_1_375' title='bbox 1240 3602 1442 3675; x_wconf 87' lang='lat' dir='ltr'><strong>quippe</strong></span> <span class='ocrx_word' id='word_1_376' title='bbox 1471 3604 1633 3659; x_wconf 91' lang='lat' dir='ltr'><strong>simul</strong></span> <span class='ocrx_word' id='word_1_377' title='bbox 1657 3605 1780 3660; x_wconf 89' lang='lat' dir='ltr'><strong>anni</strong></span> <span class='ocrx_word' id='word_1_378' title='bbox 1811 3605 1933 3660; x_wconf 81' lang='lat'><strong>552.</strong></span> <span class='ocrx_word' id='word_1_379' title='bbox 1961 3606 2042 3661; x_wconf 87' lang='lat' dir='ltr'><strong>Ab</strong></span> <span class='ocrx_word' id='word_1_380' title='bbox 2072 3607 2174 3662; x_wconf 90' lang='lat' dir='ltr'><strong>hoc</strong></span> 
     </span>
    </p>
   </div>
   <div class='ocr_carea' id='block_1_52' title="bbox 577 3689 2173 3766">
    <p class='ocr_par' dir='ltr' id='par_1_52' title="bbox 577 3689 2173 3766">
     <span class='ocr_line' id='line_1_52' title="bbox 577 3689 2173 3766; baseline 0.004 -22"><span class='ocrx_word' id='word_1_381' title='bbox 577 3697 634 3744; x_wconf 90' lang='lat' dir='ltr'><strong>et</strong></span> <span class='ocrx_word' id='word_1_382' title='bbox 659 3689 948 3762; x_wconf 80' lang='lat' dir='ltr'><strong>Dionysius</strong></span> <span class='ocrx_word' id='word_1_383' title='bbox 973 3705 1146 3747; x_wconf 89' lang='lat' dir='ltr'><strong>annos</strong></span> <span class='ocrx_word' id='word_1_384' title='bbox 1171 3691 1278 3747; x_wconf 79' lang='lat'><strong>532</strong></span> <span class='ocrx_word' id='word_1_385' title='bbox 1306 3695 1359 3749; x_wconf 91' lang='lat' dir='ltr'><strong>in</strong></span> <span class='ocrx_word' id='word_1_386' title='bbox 1389 3695 1564 3766; x_wconf 87' lang='lat' dir='ltr'><strong>primo</strong></span> <span class='ocrx_word' id='word_1_387' title='bbox 1588 3711 1686 3750; x_wconf 84' lang='lat' dir='ltr'><strong>suo</strong></span> <span class='ocrx_word' id='word_1_388' title='bbox 1714 3697 1866 3766; x_wconf 87' lang='lat' dir='ltr'><strong>cyclo</strong></span> <span class='ocrx_word' id='word_1_389' title='bbox 1895 3698 1962 3751; x_wconf 88' lang='lat' dir='ltr'><strong>ab</strong></span> <span class='ocrx_word' id='word_1_390' title='bbox 1990 3696 2173 3750; x_wconf 68' lang='lat' dir='ltr'><strong>linear-</strong></span> 
     </span>
    </p>
   </div>
   <div class='ocr_carea' id='block_1_53' title="bbox 577 3781 2172 3863">
    <p class='ocr_par' dir='ltr' id='par_1_53' title="bbox 577 3781 2172 3863">
     <span class='ocr_line' id='line_1_53' title="bbox 577 3781 2172 3863; baseline 0.005 -25"><span class='ocrx_word' id='word_1_391' title='bbox 577 3781 796 3838; x_wconf 90' lang='lat' dir='ltr'><strong>natione</strong></span> <span class='ocrx_word' id='word_1_392' title='bbox 821 3785 1053 3841; x_wconf 87' lang='lat' dir='ltr'><strong>Domini.</strong></span> <span class='ocrx_word' id='word_1_393' title='bbox 1089 3784 1225 3842; x_wconf 85' lang='lat' dir='ltr'><strong>Nam</strong></span> <span class='ocrx_word' id='word_1_394' title='bbox 1254 3787 1341 3844; x_wconf 90' lang='lat' dir='ltr'><strong>hic</strong></span> <span class='ocrx_word' id='word_1_395' title='bbox 1370 3789 1550 3862; x_wconf 87' lang='lat' dir='ltr'><strong>cyclus</strong></span> <span class='ocrx_word' id='word_1_396' title='bbox 1575 3791 1745 3846; x_wconf 90' lang='lat' dir='ltr'><strong>sancti</strong></span> <span class='ocrx_word' id='word_1_397' title='bbox 1769 3791 1954 3863; x_wconf 84' lang='lat' dir='ltr'><strong>Cyrilli</strong></span> <span class='ocrx_word' id='word_1_398' title='bbox 1989 3791 2172 3846; x_wconf 75' lang='lat' dir='ltr'><strong>in&#39;2I7</strong></span> 
     </span>
    </p>
   </div>
   <div class='ocr_carea' id='block_1_54' title="bbox 578 3870 2172 3952">
    <p class='ocr_par' dir='ltr' id='par_1_54' title="bbox 578 3870 2172 3952">
     <span class='ocr_line' id='line_1_54' title="bbox 578 3870 2172 3952; baseline 0.008 -26"><span class='ocrx_word' id='word_1_399' title='bbox 578 3871 774 3927; x_wconf 81' lang='lat' dir='ltr'><strong>ﬁnivit.</strong></span> <span class='ocrx_word' id='word_1_400' title='bbox 798 3870 982 3930; x_wconf 82' lang='lat' dir='ltr'><strong>Addes</strong></span> <span class='ocrx_word' id='word_1_401' title='bbox 1008 3875 1058 3941; x_wconf 89' lang='lat' dir='ltr'><strong>I,</strong></span> <span class='ocrx_word' id='word_1_402' title='bbox 1086 3892 1247 3945; x_wconf 93' lang='lat' dir='ltr'><strong>quem</strong></span> <span class='ocrx_word' id='word_1_403' title='bbox 1273 3879 1490 3934; x_wconf 88' lang='lat' dir='ltr'><strong>inchoat</strong></span> <span class='ocrx_word' id='word_1_404' title='bbox 1514 3880 1823 3952; x_wconf 77' lang='lat' dir='ltr'><strong>Dionysius,</strong></span> <span class='ocrx_word' id='word_1_405' title='bbox 1850 3891 1904 3938; x_wconf 88' lang='lat' dir='ltr'><strong>et</strong></span> <span class='ocrx_word' id='word_1_406' title='bbox 1931 3882 2172 3939; x_wconf 84' lang='lat' dir='ltr'><strong>invenies</strong></span> 
     </span>
    </p>
   </div>
   <div class='ocr_carea' id='block_1_55' title="bbox 578 3963 1797 4038">
    <p class='ocr_par' dir='ltr' id='par_1_55' title="bbox 578 3963 1797 4038">
     <span class='ocr_line' id='line_1_55' title="bbox 578 3963 1797 4038; baseline 0.008 -22"><span class='ocrx_word' id='word_1_407' title='bbox 578 3977 752 4020; x_wconf 86' lang='lat' dir='ltr'><strong>annos</strong></span> <span class='ocrx_word' id='word_1_408' title='bbox 776 3963 900 4028; x_wconf 64' lang='lat'><strong>248,</strong></span> <span class='ocrx_word' id='word_1_409' title='bbox 932 3965 1073 4021; x_wconf 89' lang='lat' dir='ltr'><strong>sicut</strong></span> <span class='ocrx_word' id='word_1_410' title='bbox 1097 3968 1464 4038; x_wconf 86' lang='lat' dir='ltr'><strong>supradictum</strong></span> <span class='ocrx_word' id='word_1_411' title='bbox 1490 3982 1592 4026; x_wconf 89' lang='lat' dir='ltr'><strong>est.</strong></span> <span class='ocrx_word' id='word_1_412' title='bbox 1629 3971 1797 4028; x_wconf 84' lang='lat' dir='ltr'><strong>Finit.</strong></span> 
     </span>
    </p>
   </div>
   <div class='ocr_carea' id='block_1_56' title="bbox 581 4057 2171 4164">
    <p class='ocr_par' dir='ltr' id='par_1_56' title="bbox 581 4057 2171 4164">
     <span class='ocr_line' id='line_1_56' title="bbox 581 4057 2171 4164; baseline 0.011 -34"><span class='ocrx_word' id='word_1_413' title='bbox 581 4074 775 4164; x_wconf 59' lang='lat' dir='ltr'><strong>Incipit</strong></span> <span class='ocrx_word' id='word_1_414' title='bbox 799 4057 1067 4164; x_wconf 40' lang='lat' dir='ltr'><strong>Dialogus</strong></span> <span class='ocrx_word' id='word_1_415' title='bbox 1092 4082 1263 4164; x_wconf 54' lang='lat' dir='ltr'><strong>sancti</strong></span> <span class='ocrx_word' id='word_1_416' title='bbox 1288 4079 1594 4164; x_wconf 60' lang='lat' dir='ltr'><strong>Cnyllitani.</strong></span> <span class='ocrx_word' id='word_1_417' title='bbox 1629 4085 1832 4164; x_wconf 79' lang='lat' dir='ltr'><strong>Iterum</strong></span> <span class='ocrx_word' id='word_1_418' title='bbox 1859 4105 2033 4164; x_wconf 53' lang='lat' dir='ltr'><strong>semp</strong></span> <span class='ocrx_word' id='word_1_419' title='bbox 2063 4089 2171 4164; x_wconf 52' lang='lat' dir='ltr'><strong>Fef</strong></span> 
     </span>
    </p>
   </div>
   <div class='ocr_carea' id='block_1_57' title="bbox 647 4147 2169 4276">
    <p class='ocr_par' dir='ltr' id='par_1_57' title="bbox 647 4147 2169 4276">
     <span class='ocr_line' id='line_1_57' title="bbox 647 4147 2169 4276; baseline 0.011 -74"><span class='ocrx_word' id='word_1_420' title='bbox 647 4147 1002 4276; x_wconf 47' lang='grc' dir='ltr'><strong>1³ῗῖἑέηέπείρῆ</strong></span> <span class='ocrx_word' id='word_1_421' title='bbox 1029 4152 1094 4207; x_wconf 83' lang='lat' dir='ltr'><strong>de</strong></span> <span class='ocrx_word' id='word_1_422' title='bbox 1126 4147 1407 4225; x_wconf 71' lang='lat' dir='ltr'><strong>Dionysio,</strong></span> <span class='ocrx_word' id='word_1_423' title='bbox 1432 4165 1480 4210; x_wconf 81' lang='lat' dir='ltr'><strong>et</strong></span> <span class='ocrx_word' id='word_1_424' title='bbox 1506 4155 1570 4210; x_wconf 83' lang='lat' dir='ltr'><strong>de</strong></span> <span class='ocrx_word' id='word_1_425' title='bbox 1597 4160 1867 4229; x_wconf 79' lang='lat' dir='ltr'><strong>semetipso</strong></span> <span class='ocrx_word' id='word_1_426' title='bbox 1893 4161 1948 4226; x_wconf 77' lang='lat' dir='ltr'><strong>in</strong></span> <span class='ocrx_word' id='word_1_427' title='bbox 1969 4159 2169 4218; x_wconf 76' lang='lat' dir='ltr'><strong>Christi</strong></span> 
     </span>
    </p>
   </div>
   <div class='ocr_carea' id='block_1_58' title="bbox 650 4308 2169 4387">
    <p class='ocr_par' dir='ltr' id='par_1_58' title="bbox 650 4308 2169 4387">
     <span class='ocr_line' id='line_1_58' title="bbox 650 4308 2169 4387; baseline 0.011 -22"><span class='ocrx_word' id='word_1_428' title='bbox 650 4308 861 4367; x_wconf 83' lang='lat' dir='ltr'><strong>CXXII.</strong></span> <span class='ocrx_word' id='word_1_429' title='bbox 905 4313 1194 4387; x_wconf 89' lang='lat' dir='ltr'><strong>Dionysius</strong></span> <span class='ocrx_word' id='word_1_430' title='bbox 1219 4317 1492 4387; x_wconf 89' lang='lat' dir='ltr'><strong>quondam</strong></span> <span class='ocrx_word' id='word_1_431' title='bbox 1525 4316 1688 4377; x_wconf 83' lang='lat' dir='ltr'><strong>Urbis</strong></span> <span class='ocrx_word' id='word_1_432' title='bbox 1722 4319 1908 4378; x_wconf 74' lang='lat' dir='ltr'><strong>Romae</strong></span> <span class='ocrx_word' id='word_1_433' title='bbox 1934 4323 2169 4381; x_wconf 87' lang='lat' dir='ltr'><strong>sanctis-</strong></span> 
     </span>
    </p>
   </div>
   <div class='ocr_carea' id='block_1_59' title="bbox 576 4402 2167 4482">
    <p class='ocr_par' dir='ltr' id='par_1_59' title="bbox 576 4402 2167 4482">
     <span class='ocr_line' id='line_1_59' title="bbox 576 4402 2167 4482; baseline 0.011 -26"><span class='ocrx_word' id='word_1_434' title='bbox 576 4402 769 4469; x_wconf 87' lang='lat' dir='ltr'><strong>simus,</strong></span> <span class='ocrx_word' id='word_1_435' title='bbox 808 4403 977 4461; x_wconf 86' lang='lat' dir='ltr'><strong>abbas</strong></span> <span class='ocrx_word' id='word_1_436' title='bbox 1001 4408 1284 4480; x_wconf 85' lang='lat' dir='ltr'><strong>utriusque</strong></span> <span class='ocrx_word' id='word_1_437' title='bbox 1305 4410 1501 4482; x_wconf 56' lang='lat' dir='ltr'><strong>lingua</strong></span> <span class='ocrx_word' id='word_1_438' title='bbox 1520 4411 1724 4470; x_wconf 65' lang='lat' dir='ltr'><strong>Graecae</strong></span> <span class='ocrx_word' id='word_1_439' title='bbox 1756 4415 1962 4471; x_wconf 88' lang='lat' dir='ltr'><strong>scilicet</strong></span> <span class='ocrx_word' id='word_1_440' title='bbox 1985 4426 2039 4472; x_wconf 89' lang='lat' dir='ltr'><strong>et</strong></span> <span class='ocrx_word' id='word_1_441' title='bbox 2062 4418 2167 4472; x_wconf 80' lang='lat' dir='ltr'><strong>La-</strong></span> 
     </span>
    </p>
   </div>
   <div class='ocr_carea' id='block_1_60' title="bbox 577 4494 2163 4572">
    <p class='ocr_par' dir='ltr' id='par_1_60' title="bbox 577 4494 2163 4572">
     <span class='ocr_line' id='line_1_60' title="bbox 577 4494 2163 4572; baseline 0.011 -24"><span class='ocrx_word' id='word_1_442' title='bbox 577 4494 726 4560; x_wconf 71' lang='lat' dir='ltr'><strong>tinae,</strong></span> <span class='ocrx_word' id='word_1_443' title='bbox 753 4495 981 4567; x_wconf 81' lang='lat' dir='ltr'><strong>eleganti</strong></span> <span class='ocrx_word' id='word_1_444' title='bbox 1011 4499 1241 4555; x_wconf 89' lang='lat' dir='ltr'><strong>scientia</strong></span> <span class='ocrx_word' id='word_1_445' title='bbox 1261 4501 1539 4572; x_wconf 73' lang='lat' dir='ltr'><strong>praeditus,</strong></span> <span class='ocrx_word' id='word_1_446' title='bbox 1581 4503 1925 4561; x_wconf 87' lang='lat' dir='ltr'><strong>Paschalinm</strong></span> <span class='ocrx_word' id='word_1_447' title='bbox 1956 4508 2163 4565; x_wconf 83' lang='lat' dir='ltr'><strong>interea</strong></span> 
     </span>
    </p>
   </div>
   <div class='ocr_carea' id='block_1_61' title="bbox 576 4585 2162 4671">
    <p class='ocr_par' dir='ltr' id='par_1_61' title="bbox 576 4585 2162 4671">
     <span class='ocr_line' id='line_1_61' title="bbox 576 4585 2162 4671; baseline 0.009 -31"><span class='ocrx_word' id='word_1_448' title='bbox 576 4585 848 4642; x_wconf 88' lang='lat' dir='ltr'><strong>rationum</strong></span> <span class='ocrx_word' id='word_1_449' title='bbox 876 4587 1397 4648; x_wconf 75' lang='lat' dir='ltr'><strong>decemnorennales</strong></span> <span class='ocrx_word' id='word_1_450' title='bbox 1415 4609 1645 4650; x_wconf 79' lang='lat' dir='ltr'><strong>numero</strong></span> <span class='ocrx_word' id='word_1_451' title='bbox 1669 4595 1705 4650; x_wconf 82' lang='lat'><strong>5</strong></span> <span class='ocrx_word' id='word_1_452' title='bbox 1735 4597 1916 4670; x_wconf 79' lang='lat' dir='ltr'><strong>sagaci</strong></span> <span class='ocrx_word' id='word_1_453' title='bbox 1944 4599 2162 4671; x_wconf 78' lang='lat' dir='ltr'><strong>ingenio</strong></span> 
     </span>
    </p>
   </div>
   <div class='ocr_carea' id='block_1_62' title="bbox 577 4678 2163 4756">
    <p class='ocr_par' dir='ltr' id='par_1_62' title="bbox 577 4678 2163 4756">
     <span class='ocr_line' id='line_1_62' title="bbox 577 4678 2163 4756; baseline 0.009 -25"><span class='ocrx_word' id='word_1_454' title='bbox 577 4678 882 4735; x_wconf 87' lang='lat' dir='ltr'><strong>anteriores</strong></span> <span class='ocrx_word' id='word_1_455' title='bbox 918 4682 1224 4752; x_wconf 88' lang='lat' dir='ltr'><strong>composuit</strong></span> <span class='ocrx_word' id='word_1_456' title='bbox 1256 4684 1456 4756; x_wconf 87' lang='lat' dir='ltr'><strong>cyclos,</strong></span> <span class='ocrx_word' id='word_1_457' title='bbox 1505 4687 1786 4743; x_wconf 76' lang='lat' dir='ltr'><strong>exordium</strong></span> <span class='ocrx_word' id='word_1_458' title='bbox 1823 4689 2031 4745; x_wconf 89' lang='lat' dir='ltr'><strong>scilicet</strong></span> <span class='ocrx_word' id='word_1_459' title='bbox 2073 4693 2163 4746; x_wconf 61' lang='lat' dir='ltr'><strong>su.”-</strong></span> 
     </span>
    </p>
   </div>
   <div class='ocr_carea' id='block_1_63' title="bbox 562 4772 2166 4840">
    <p class='ocr_par' dir='ltr' id='par_1_63' title="bbox 562 4772 2166 4840">
     <span class='ocr_line' id='line_1_63' title="bbox 562 4772 2166 4840; baseline 0.008 -13"><span class='ocrx_word' id='word_1_460' title='bbox 562 4786 730 4828; x_wconf 86' lang='lat' dir='ltr'><strong>-mens</strong></span> <span class='ocrx_word' id='word_1_461' title='bbox 749 4773 818 4830; x_wconf 89' lang='lat' dir='ltr'><strong>ab</strong></span> <span class='ocrx_word' id='word_1_462' title='bbox 838 4772 1213 4833; x_wconf 87' lang='lat' dir='ltr'><strong>lncarnatione</strong></span> <span class='ocrx_word' id='word_1_463' title='bbox 1239 4776 1304 4832; x_wconf 92' lang='lat' dir='ltr'><strong>D.</strong></span> <span class='ocrx_word' id='word_1_464' title='bbox 1330 4778 1395 4833; x_wconf 89' lang='lat' dir='ltr'><strong>N.</strong></span> <span class='ocrx_word' id='word_1_465' title='bbox 1421 4778 1471 4836; x_wconf 76' lang='grc' dir='ltr'><strong>Ι.</strong></span> <span class='ocrx_word' id='word_1_466' title='bbox 1499 4779 1559 4837; x_wconf 86' lang='lat' dir='ltr'><strong>C.</strong></span> <span class='ocrx_word' id='word_1_467' title='bbox 1585 4781 1691 4837; x_wconf 79' lang='lat'><strong>552</strong></span> <span class='ocrx_word' id='word_1_468' title='bbox 1717 4797 1843 4838; x_wconf 89' lang='lat' dir='ltr'><strong>ann.</strong></span> <span class='ocrx_word' id='word_1_469' title='bbox 1869 4784 2166 4840; x_wconf 86' lang='lat' dir='ltr'><strong>lndietione</strong></span> 
     </span>
    </p>
   </div>
   <div class='ocr_carea' id='block_1_64' title="bbox 575 4861 2164 4934">
    <p class='ocr_par' dir='ltr' id='par_1_64' title="bbox 575 4861 2164 4934">
     <span class='ocr_line' id='line_1_64' title="bbox 575 4861 2164 4934; baseline 0.009 -17"><span class='ocrx_word' id='word_1_470' title='bbox 575 4861 646 4918; x_wconf 84' lang='lat' dir='ltr'><strong>I0</strong></span> <span class='ocrx_word' id='word_1_471' title='bbox 671 4879 843 4934; x_wconf 88' lang='lat' dir='ltr'><strong>usque</strong></span> <span class='ocrx_word' id='word_1_472' title='bbox 869 4865 936 4920; x_wconf 91' lang='lat' dir='ltr'><strong>ad</strong></span> <span class='ocrx_word' id='word_1_473' title='bbox 963 4865 1069 4921; x_wconf 84' lang='lat'><strong>626</strong></span> <span class='ocrx_word' id='word_1_474' title='bbox 1089 4867 1483 4927; x_wconf 87' lang='lat' dir='ltr'><strong>Incarnationis</strong></span> <span class='ocrx_word' id='word_1_475' title='bbox 1505 4887 1704 4928; x_wconf 89' lang='lat' dir='ltr'><strong>annum</strong></span> <span class='ocrx_word' id='word_1_476' title='bbox 1729 4873 1920 4930; x_wconf 86' lang='lat' dir='ltr'><strong>Indict.</strong></span> <span class='ocrx_word' id='word_1_477' title='bbox 1959 4875 2024 4929; x_wconf 91' lang='grc'><strong>14</strong></span> <span class='ocrx_word' id='word_1_478' title='bbox 2051 4891 2164 4932; x_wconf 72' lang='lat' dir='ltr'><strong>me»-</strong></span> 
     </span>
    </p>
   </div>
   <div class='ocr_carea' id='block_1_65' title="bbox 575 4959 2166 5037">
    <p class='ocr_par' dir='ltr' id='par_1_65' title="bbox 575 4959 2166 5037">
     <span class='ocr_line' id='line_1_65' title="bbox 575 4959 2166 5037; baseline 0.009 -29"><span class='ocrx_word' id='word_1_479' title='bbox 575 4965 911 5011; x_wconf 86' lang='lat' dir='ltr'><strong>moratorum</strong></span> <span class='ocrx_word' id='word_1_480' title='bbox 943 4959 1217 5030; x_wconf 85' lang='lat' dir='ltr'><strong>cyclorum</strong></span> <span class='ocrx_word' id='word_1_481' title='bbox 1251 4963 1392 5019; x_wconf 90' lang='lat' dir='ltr'><strong>serie</strong></span> <span class='ocrx_word' id='word_1_482' title='bbox 1439 4965 1751 5021; x_wconf 90' lang='lat' dir='ltr'><strong>continuata</strong></span> <span class='ocrx_word' id='word_1_483' title='bbox 1791 4968 2063 5037; x_wconf 82' lang='lat' dir='ltr'><strong>produxit.</strong></span> <span class='ocrx_word' id='word_1_484' title='bbox 2099 4969 2166 5024; x_wconf 88' lang='lat' dir='ltr'><strong>Et</strong></span> 
     </span>
    </p>
   </div>
   <div class='ocr_carea' id='block_1_66' title="bbox 575 5047 2165 5134">
    <p class='ocr_par' dir='ltr' id='par_1_66' title="bbox 575 5047 2165 5134">
     <span class='ocr_line' id='line_1_66' title="bbox 575 5047 2165 5134; baseline 0.011 -34"><span class='ocrx_word' id='word_1_485' title='bbox 575 5047 832 5116; x_wconf 84' lang='lat' dir='ltr'><strong>quoniam</strong></span> <span class='ocrx_word' id='word_1_486' title='bbox 865 5052 1151 5108; x_wconf 85' lang='lat' dir='ltr'><strong>memorati</strong></span> <span class='ocrx_word' id='word_1_487' title='bbox 1175 5053 1277 5110; x_wconf 86' lang='lat' dir='ltr'><strong>viri</strong></span> <span class='ocrx_word' id='word_1_488' title='bbox 1303 5056 1525 5127; x_wconf 90' lang='lat' dir='ltr'><strong>quintus</strong></span> <span class='ocrx_word' id='word_1_489' title='bbox 1566 5074 1710 5115; x_wconf 91' lang='lat' dir='ltr'><strong>nunc</strong></span> <span class='ocrx_word' id='word_1_490' title='bbox 1749 5060 2030 5132; x_wconf 82' lang='lat' dir='ltr'><strong>peragitur</strong></span> <span class='ocrx_word' id='word_1_491' title='bbox 2067 5076 2165 5134; x_wconf 82' lang='lat' dir='ltr'><strong>cy-</strong></span> 
     </span>
    </p>
   </div>
   <div class='ocr_carea' id='block_1_67' title="bbox 567 5139 2166 5226">
    <p class='ocr_par' dir='ltr' id='par_1_67' title="bbox 567 5139 2166 5226">
     <span class='ocr_line' id='line_1_67' title="bbox 567 5139 2166 5226; baseline 0.011 -31"><span class='ocrx_word' id='word_1_492' title='bbox 567 5139 717 5204; x_wconf 84' lang='lat' dir='ltr'><strong>clus,</strong></span> <span class='ocrx_word' id='word_1_493' title='bbox 767 5143 833 5198; x_wconf 93' lang='lat' dir='ltr'><strong>ad</strong></span> <span class='ocrx_word' id='word_1_494' title='bbox 873 5143 1027 5214; x_wconf 87' lang='lat' dir='ltr'><strong>cujus</strong></span> <span class='ocrx_word' id='word_1_495' title='bbox 1072 5147 1505 5220; x_wconf 89' lang='lat' dir='ltr'><strong>supplementum</strong></span> <span class='ocrx_word' id='word_1_496' title='bbox 1546 5152 1615 5206; x_wconf 88' lang='grc'><strong>10</strong></span> <span class='ocrx_word' id='word_1_497' title='bbox 1653 5154 1827 5210; x_wconf 89' lang='lat' dir='ltr'><strong>adhuc</strong></span> <span class='ocrx_word' id='word_1_498' title='bbox 1873 5165 2166 5226; x_wconf 87' lang='lat' dir='ltr'><strong>supersunt</strong></span> 
     </span>
    </p>
   </div>
   <div class='ocr_carea' id='block_1_68' title="bbox 573 5232 2166 5320">
    <p class='ocr_par' dir='ltr' id='par_1_68' title="bbox 573 5232 2166 5320">
     <span class='ocr_line' id='line_1_68' title="bbox 573 5232 2166 5320; baseline 0.014 -37"><span class='ocrx_word' id='word_1_499' title='bbox 573 5232 724 5296; x_wconf 83' lang='lat' dir='ltr'><strong>anni,</strong></span> <span class='ocrx_word' id='word_1_500' title='bbox 764 5233 831 5288; x_wconf 90' lang='lat' dir='ltr'><strong>ad</strong></span> <span class='ocrx_word' id='word_1_501' title='bbox 855 5234 888 5263; x_wconf 75' lang='lat'><strong><em>“</em></strong></span> <span class='ocrx_word' id='word_1_502' title='bbox 907 5246 1147 5294; x_wconf 89' lang='lat' dir='ltr'><strong>nostram</strong></span> <span class='ocrx_word' id='word_1_503' title='bbox 1171 5243 1422 5311; x_wconf 86' lang='lat' dir='ltr'><strong>providet</strong></span> <span class='ocrx_word' id='word_1_504' title='bbox 1439 5246 1680 5315; x_wconf 87' lang='lat' dir='ltr'><strong>parvitas</strong></span> <span class='ocrx_word' id='word_1_505' title='bbox 1702 5246 1836 5302; x_wconf 89' lang='lat' dir='ltr'><strong>alios</strong></span> <span class='ocrx_word' id='word_1_506' title='bbox 1861 5249 2166 5320; x_wconf 87' lang='lat' dir='ltr'><strong>subsequen</strong></span> 
     </span>
    </p>
   </div>
   <div class='ocr_carea' id='block_1_69' title="bbox 567 5324 2168 5412">
    <p class='ocr_par' dir='ltr' id='par_1_69' title="bbox 567 5324 2168 5412">
     <span class='ocr_line' id='line_1_69' title="bbox 567 5324 2168 5412; baseline 0.011 -36"><span class='ocrx_word' id='word_1_507' title='bbox 567 5330 660 5377; x_wconf 86' lang='lat' dir='ltr'><strong>tes</strong></span> <span class='ocrx_word' id='word_1_508' title='bbox 688 5324 866 5395; x_wconf 87' lang='lat' dir='ltr'><strong>cyclos</strong></span> <span class='ocrx_word' id='word_1_509' title='bbox 895 5325 1414 5391; x_wconf 82' lang='lat' dir='ltr'><strong>decemnovennales</strong></span> <span class='ocrx_word' id='word_1_510' title='bbox 1431 5350 1660 5393; x_wconf 88' lang='lat' dir='ltr'><strong>numero</strong></span> <span class='ocrx_word' id='word_1_511' title='bbox 1682 5338 1716 5393; x_wconf 86' lang='lat'><strong>5</strong></span> <span class='ocrx_word' id='word_1_512' title='bbox 1739 5340 1806 5394; x_wconf 91' lang='lat' dir='ltr'><strong>ad</strong></span> <span class='ocrx_word' id='word_1_513' title='bbox 1829 5339 1998 5395; x_wconf 89' lang='lat' dir='ltr'><strong>instar</strong></span> <span class='ocrx_word' id='word_1_514' title='bbox 2009 5353 2168 5412; x_wconf 88' lang='lat' dir='ltr'><strong>supe-</strong></span> 
     </span>
    </p>
   </div>
   <div class='ocr_carea' id='block_1_70' title="bbox 572 5413 2162 5488">
    <p class='ocr_par' dir='ltr' id='par_1_70' title="bbox 572 5413 2162 5488">
     <span class='ocr_line' id='line_1_70' title="bbox 572 5413 2162 5488; baseline 0.008 -12"><span class='ocrx_word' id='word_1_515' title='bbox 572 5413 776 5462; x_wconf 69' lang='grc' dir='ltr'><strong>νίιδνιιω</strong></span> <span class='ocrx_word' id='word_1_516' title='bbox 805 5418 1076 5464; x_wconf 58' lang='lat' dir='ltr'><strong>“Nomm</strong></span> <span class='ocrx_word' id='word_1_517' title='bbox 1122 5425 1373 5480; x_wconf 69' lang='lat' dir='ltr'><strong>rationali</strong></span> <span class='ocrx_word' id='word_1_518' title='bbox 1421 5429 1773 5482; x_wconf 77' lang='lat' dir='ltr'><strong>disnositinne</strong></span> <span class='ocrx_word' id='word_1_519' title='bbox 1815 5447 2162 5488; x_wconf 79' lang='lat' dir='ltr'><strong>componere.</strong></span> 
     </span>
    </p>
   </div>
   <div class='ocr_carea' id='block_1_71' title="bbox 2279 2001 3671 2081">
    <p class='ocr_par' dir='ltr' id='par_1_71' title="bbox 2279 2001 3671 2081">
     <span class='ocr_line' id='line_1_71' title="bbox 2279 2001 3671 2081; baseline -0.009 -13"><span class='ocrx_word' id='word_1_520' title='bbox 2279 2014 2397 2068; x_wconf 87' lang='lat' dir='ltr'><strong>Kal.</strong></span> <span class='ocrx_word' id='word_1_521' title='bbox 2419 2012 2640 2068; x_wconf 77' lang='lat' dir='ltr'><strong>Ianuar.</strong></span> <span class='ocrx_word' id='word_1_522' title='bbox 2690 2012 2814 2081; x_wconf 88' lang='lat' dir='ltr'><strong>quia</strong></span> <span class='ocrx_word' id='word_1_523' title='bbox 2845 2006 3228 2064; x_wconf 87' lang='lat' dir='ltr'><strong>cmbolismalis</strong></span> <span class='ocrx_word' id='word_1_524' title='bbox 3256 2013 3356 2068; x_wconf 78' lang='lat' dir='ltr'><strong>est,</strong></span> <span class='ocrx_word' id='word_1_525' title='bbox 3398 2004 3516 2058; x_wconf 84' lang='lat' dir='ltr'><strong>dies</strong></span> <span class='ocrx_word' id='word_1_526' title='bbox 3546 2001 3671 2057; x_wconf 76' lang='grc'><strong>584.</strong></span> 
     </span>
    </p>
   </div>
   <div class='ocr_carea' id='block_1_72' title="bbox 2346 2089 3858 2161">
    <p class='ocr_par' dir='ltr' id='par_1_72' title="bbox 2346 2089 3858 2161">
     <span class='ocr_line' id='line_1_72' title="bbox 2346 2089 3858 2161; baseline -0.01 -2"><span class='ocrx_word' id='word_1_527' title='bbox 2346 2107 2504 2160; x_wconf 88' lang='lat' dir='ltr'><strong>Auno</strong></span> <span class='ocrx_word' id='word_1_528' title='bbox 2529 2105 2669 2159; x_wconf 86' lang='lat' dir='ltr'><strong>XIX.</strong></span> <span class='ocrx_word' id='word_1_529' title='bbox 2699 2101 2762 2156; x_wconf 87' lang='lat' dir='ltr'><strong>X.</strong></span> <span class='ocrx_word' id='word_1_530' title='bbox 2791 2101 2944 2156; x_wconf 89' lang='lat' dir='ltr'><strong>Luna</strong></span> <span class='ocrx_word' id='word_1_531' title='bbox 2975 2101 3005 2155; x_wconf 91' lang='lat'><strong>7</strong></span> <span class='ocrx_word' id='word_1_532' title='bbox 3043 2114 3072 2152; x_wconf 87' lang='lat' dir='ltr'><strong>a</strong></span> <span class='ocrx_word' id='word_1_533' title='bbox 3104 2097 3134 2149; x_wconf 92' lang='lat'><strong>7</strong></span> <span class='ocrx_word' id='word_1_534' title='bbox 3156 2095 3274 2151; x_wconf 89' lang='lat' dir='ltr'><strong>Kal.</strong></span> <span class='ocrx_word' id='word_1_535' title='bbox 3300 2095 3527 2151; x_wconf 81' lang='lat' dir='ltr'><strong>Januar.</strong></span> <span class='ocrx_word' id='word_1_536' title='bbox 3558 2107 3722 2161; x_wconf 89' lang='lat' dir='ltr'><strong>usque</strong></span> <span class='ocrx_word' id='word_1_537' title='bbox 3752 2091 3803 2144; x_wconf 88' lang='lat' dir='ltr'><strong>in</strong></span> <span class='ocrx_word' id='word_1_538' title='bbox 3828 2089 3858 2144; x_wconf 82' lang='lat'><strong>8</strong></span> 
     </span>
    </p>
   </div>
   <div class='ocr_carea' id='block_1_73' title="bbox 2275 2187 3508 2266">
    <p class='ocr_par' dir='ltr' id='par_1_73' title="bbox 2275 2187 3508 2266">
     <span class='ocr_line' id='line_1_73' title="bbox 2275 2187 3508 2266; baseline -0.011 -12"><span class='ocrx_word' id='word_1_539' title='bbox 2275 2199 2393 2254; x_wconf 86' lang='lat' dir='ltr'><strong>Kal.</strong></span> <span class='ocrx_word' id='word_1_540' title='bbox 2421 2197 2583 2253; x_wconf 82' lang='lat' dir='ltr'><strong>Janu.</strong></span> <span class='ocrx_word' id='word_1_541' title='bbox 2613 2197 2737 2266; x_wconf 88' lang='lat' dir='ltr'><strong>quia</strong></span> <span class='ocrx_word' id='word_1_542' title='bbox 2764 2193 3067 2261; x_wconf 74' lang='lat' dir='ltr'><strong>communis</strong></span> <span class='ocrx_word' id='word_1_543' title='bbox 3092 2202 3196 2255; x_wconf 89' lang='lat' dir='ltr'><strong>est,</strong></span> <span class='ocrx_word' id='word_1_544' title='bbox 3236 2189 3356 2244; x_wconf 87' lang='lat' dir='ltr'><strong>dies</strong></span> <span class='ocrx_word' id='word_1_545' title='bbox 3382 2187 3508 2242; x_wconf 75' lang='grc'><strong>554.</strong></span> 
     </span>
    </p>
   </div>
   <div class='ocr_carea' id='block_1_74' title="bbox 2347 2276 3860 2346">
    <p class='ocr_par' dir='ltr' id='par_1_74' title="bbox 2347 2276 3860 2346">
     <span class='ocr_line' id='line_1_74' title="bbox 2347 2276 3860 2346; baseline -0.011 -2"><span class='ocrx_word' id='word_1_546' title='bbox 2347 2291 2504 2344; x_wconf 85' lang='lat' dir='ltr'><strong>Anno</strong></span> <span class='ocrx_word' id='word_1_547' title='bbox 2544 2287 2682 2342; x_wconf 86' lang='lat' dir='ltr'><strong>XIX.</strong></span> <span class='ocrx_word' id='word_1_548' title='bbox 2715 2286 2806 2341; x_wconf 89' lang='lat' dir='ltr'><strong>XI.</strong></span> <span class='ocrx_word' id='word_1_549' title='bbox 2847 2285 3000 2341; x_wconf 90' lang='lat' dir='ltr'><strong>Luna</strong></span> <span class='ocrx_word' id='word_1_550' title='bbox 3044 2284 3076 2342; x_wconf 78' lang='lat'>8</span> <span class='ocrx_word' id='word_1_551' title='bbox 3101 2302 3133 2338; x_wconf 67' lang='grc' dir='ltr'><strong>ει</strong></span> <span class='ocrx_word' id='word_1_552' title='bbox 3161 2282 3226 2338; x_wconf 88' lang='grc'><strong>18</strong></span> <span class='ocrx_word' id='word_1_553' title='bbox 3275 2280 3397 2338; x_wconf 82' lang='lat' dir='ltr'><strong>Kal.</strong></span> <span class='ocrx_word' id='word_1_554' title='bbox 3442 2276 3668 2332; x_wconf 84' lang='lat' dir='ltr'><strong>Januar.</strong></span> <span class='ocrx_word' id='word_1_555' title='bbox 3701 2291 3860 2346; x_wconf 76' lang='lat' dir='ltr'><strong>usque</strong></span> 
     </span>
    </p>
   </div>
   <div class='ocr_carea' id='block_1_75' title="bbox 2271 2369 3858 2452">
    <p class='ocr_par' dir='ltr' id='par_1_75' title="bbox 2271 2369 3858 2452">
     <span class='ocr_line' id='line_1_75' title="bbox 2271 2369 3858 2452; baseline -0.01 -14"><span class='ocrx_word' id='word_1_556' title='bbox 2271 2384 2334 2440; x_wconf 90' lang='lat' dir='ltr'><strong>.in</strong></span> <span class='ocrx_word' id='word_1_557' title='bbox 2359 2384 2394 2436; x_wconf 82' lang='grc'><strong>4</strong></span> <span class='ocrx_word' id='word_1_558' title='bbox 2425 2382 2561 2438; x_wconf 82' lang='lat' dir='ltr'><strong>Non.</strong></span> <span class='ocrx_word' id='word_1_559' title='bbox 2587 2382 2834 2446; x_wconf 83' lang='lat' dir='ltr'><strong>Januar.,</strong></span> <span class='ocrx_word' id='word_1_560' title='bbox 2881 2381 3006 2452; x_wconf 90' lang='lat' dir='ltr'><strong>quia</strong></span> <span class='ocrx_word' id='word_1_561' title='bbox 3070 2375 3440 2441; x_wconf 71' lang='lat' dir='ltr'><strong>embolimzeus</strong></span> <span class='ocrx_word' id='word_1_562' title='bbox 3463 2381 3567 2438; x_wconf 81' lang='lat' dir='ltr'><strong>est,</strong></span> <span class='ocrx_word' id='word_1_563' title='bbox 3605 2372 3719 2434; x_wconf 84' lang='lat' dir='ltr'><strong>dies</strong></span> 
     </span>
    </p>
   </div>
   <div class='ocr_carea' id='block_1_76' title="bbox 2278 2473 2507 2546">
    <p class='ocr_par' dir='ltr' id='par_1_76' title="bbox 2278 2473 2507 2546">
     <span class='ocr_line' id='line_1_76' title="bbox 2278 2473 2507 2546; baseline -0.022 -13"><span class='ocrx_word' id='word_1_564' title='bbox 2278 2473 2507 2546; x_wconf 80' lang='lat' dir='ltr'><strong>Ogdoas.</strong></span> 
     </span>
    </p>
   </div>
   <div class='ocr_carea' id='block_1_77' title="bbox 2347 2553 3858 2627">
    <p class='ocr_par' dir='ltr' id='par_1_77' title="bbox 2347 2553 3858 2627">
     <span class='ocr_line' id='line_1_77' title="bbox 2347 2553 3858 2627; baseline -0.009 -7"><span class='ocrx_word' id='word_1_565' title='bbox 2347 2567 2505 2621; x_wconf 84' lang='lat' dir='ltr'><strong>Anno</strong></span> <span class='ocrx_word' id='word_1_566' title='bbox 2532 2563 2671 2620; x_wconf 85' lang='lat' dir='ltr'><strong>XIX.</strong></span> <span class='ocrx_word' id='word_1_567' title='bbox 2699 2564 2810 2620; x_wconf 87' lang='lat' dir='ltr'><strong>XII.</strong></span> <span class='ocrx_word' id='word_1_568' title='bbox 2835 2563 2986 2620; x_wconf 87' lang='lat' dir='ltr'><strong>Luna</strong></span> <span class='ocrx_word' id='word_1_569' title='bbox 3017 2562 3049 2618; x_wconf 89' lang='lat'><strong>9</strong></span> <span class='ocrx_word' id='word_1_570' title='bbox 3077 2577 3106 2616; x_wconf 89' lang='lat' dir='ltr'><strong>a</strong></span> <span class='ocrx_word' id='word_1_571' title='bbox 3132 2561 3167 2618; x_wconf 87' lang='grc'><strong>5</strong></span> <span class='ocrx_word' id='word_1_572' title='bbox 3193 2556 3508 2615; x_wconf 83' lang='lat' dir='ltr'><strong>Non.Janu.</strong></span> <span class='ocrx_word' id='word_1_573' title='bbox 3530 2571 3697 2627; x_wconf 86' lang='lat' dir='ltr'><strong>usque</strong></span> <span class='ocrx_word' id='word_1_574' title='bbox 3720 2555 3778 2609; x_wconf 88' lang='lat' dir='ltr'><strong>in</strong></span> <span class='ocrx_word' id='word_1_575' title='bbox 3804 2553 3858 2607; x_wconf 91' lang='grc'><strong>11</strong></span> 
     </span>
    </p>
   </div>
   <div class='ocr_carea' id='block_1_78' title="bbox 2279 2644 3826 2730">
    <p class='ocr_par' dir='ltr' id='par_1_78' title="bbox 2279 2644 3826 2730">
     <span class='ocr_line' id='line_1_78' title="bbox 2279 2644 3826 2730; baseline -0.006 -20"><span class='ocrx_word' id='word_1_576' title='bbox 2279 2655 2399 2723; x_wconf 80' lang='lat' dir='ltr'><strong>Kal.</strong></span> <span class='ocrx_word' id='word_1_577' title='bbox 2431 2655 2678 2730; x_wconf 85' lang='lat' dir='ltr'><strong>Januar.,</strong></span> <span class='ocrx_word' id='word_1_578' title='bbox 2717 2654 2840 2724; x_wconf 87' lang='lat' dir='ltr'><strong>quia</strong></span> <span class='ocrx_word' id='word_1_579' title='bbox 2881 2651 3185 2709; x_wconf 82' lang='lat' dir='ltr'><strong>communis</strong></span> <span class='ocrx_word' id='word_1_580' title='bbox 3213 2665 3389 2706; x_wconf 87' lang='lat' dir='ltr'><strong>annus</strong></span> <span class='ocrx_word' id='word_1_581' title='bbox 3428 2659 3534 2714; x_wconf 88' lang='lat' dir='ltr'><strong>est,</strong></span> <span class='ocrx_word' id='word_1_582' title='bbox 3563 2648 3682 2703; x_wconf 84' lang='lat' dir='ltr'><strong>dies</strong></span> <span class='ocrx_word' id='word_1_583' title='bbox 3707 2644 3826 2700; x_wconf 76' lang='grc'><strong>554.</strong></span> 
     </span>
    </p>
   </div>
   <div class='ocr_carea' id='block_1_79' title="bbox 2267 2741 3865 2812">
    <p class='ocr_par' dir='ltr' id='par_1_79' title="bbox 2267 2741 3865 2812">
     <span class='ocr_line' id='line_1_79' title="bbox 2267 2741 3865 2812; baseline -0.006 -9"><span class='ocrx_word' id='word_1_584' title='bbox 2267 2783 2270 2786; x_wconf 93' lang='grc'><strong>-</strong></span> <span class='ocrx_word' id='word_1_585' title='bbox 2348 2748 2506 2803; x_wconf 81' lang='lat' dir='ltr'><strong>Auno</strong></span> <span class='ocrx_word' id='word_1_586' title='bbox 2534 2746 2673 2804; x_wconf 87' lang='lat' dir='ltr'><strong>XIX.</strong></span> <span class='ocrx_word' id='word_1_587' title='bbox 2706 2746 2839 2812; x_wconf 76' lang='lat' dir='ltr'><strong>XIII.</strong></span> <span class='ocrx_word' id='word_1_588' title='bbox 2869 2746 3022 2804; x_wconf 87' lang='lat' dir='ltr'><strong>Luna</strong></span> <span class='ocrx_word' id='word_1_589' title='bbox 3045 2744 3110 2800; x_wconf 90' lang='grc'><strong>10</strong></span> <span class='ocrx_word' id='word_1_590' title='bbox 3132 2745 3202 2801; x_wconf 86' lang='lat' dir='ltr'><strong>ah</strong></span> <span class='ocrx_word' id='word_1_591' title='bbox 3225 2745 3282 2798; x_wconf 88' lang='lat' dir='ltr'><strong>II</strong></span> <span class='ocrx_word' id='word_1_592' title='bbox 3310 2742 3430 2799; x_wconf 83' lang='lat' dir='ltr'><strong>Kal.</strong></span> <span class='ocrx_word' id='word_1_593' title='bbox 3453 2741 3676 2798; x_wconf 83' lang='lat' dir='ltr'><strong>Januar.</strong></span> <span class='ocrx_word' id='word_1_594' title='bbox 3700 2752 3865 2809; x_wconf 81' lang='lat' dir='ltr'><strong>usque</strong></span> 
     </span>
    </p>
   </div>
   <div class='ocr_carea' id='block_1_80' title="bbox 2279 2833 3701 2910">
    <p class='ocr_par' dir='ltr' id='par_1_80' title="bbox 2279 2833 3701 2910">
     <span class='ocr_line' id='line_1_80' title="bbox 2279 2833 3701 2910; baseline -0.003 -12"><span class='ocrx_word' id='word_1_595' title='bbox 2279 2841 2335 2898; x_wconf 88' lang='lat' dir='ltr'><strong>in</strong></span> <span class='ocrx_word' id='word_1_596' title='bbox 2355 2843 2388 2900; x_wconf 87' lang='grc'><strong>5</strong></span> <span class='ocrx_word' id='word_1_597' title='bbox 2419 2840 2492 2896; x_wconf 88' lang='lat' dir='ltr'><strong>Id.</strong></span> <span class='ocrx_word' id='word_1_598' title='bbox 2525 2841 2806 2903; x_wconf 78' lang='lat' dir='ltr'><strong>Decemb.,</strong></span> <span class='ocrx_word' id='word_1_599' title='bbox 2835 2840 2960 2910; x_wconf 89' lang='lat' dir='ltr'><strong>quia</strong></span> <span class='ocrx_word' id='word_1_600' title='bbox 2983 2837 3286 2906; x_wconf 85' lang='lat' dir='ltr'><strong>communis</strong></span> <span class='ocrx_word' id='word_1_601' title='bbox 3307 2846 3410 2904; x_wconf 84' lang='lat' dir='ltr'><strong>est,</strong></span> <span class='ocrx_word' id='word_1_602' title='bbox 3442 2836 3558 2890; x_wconf 86' lang='lat' dir='ltr'><strong>dies</strong></span> <span class='ocrx_word' id='word_1_603' title='bbox 3577 2833 3701 2894; x_wconf 71' lang='grc'><strong>554.</strong></span> 
     </span>
    </p>
   </div>
   <div class='ocr_carea' id='block_1_81' title="bbox 2350 2924 3862 3002">
    <p class='ocr_par' dir='ltr' id='par_1_81' title="bbox 2350 2924 3862 3002">
     <span class='ocr_line' id='line_1_81' title="bbox 2350 2924 3862 3002; baseline -0.005 -14"><span class='ocrx_word' id='word_1_604' title='bbox 2350 2934 2509 2989; x_wconf 86' lang='lat' dir='ltr'><strong>Auno</strong></span> <span class='ocrx_word' id='word_1_605' title='bbox 2534 2931 2838 2990; x_wconf 71' lang='lat' dir='ltr'><strong>XIX.XI\&#39;.</strong></span> <span class='ocrx_word' id='word_1_606' title='bbox 2899 2931 3052 2988; x_wconf 85' lang='lat' dir='ltr'><strong>Luna</strong></span> <span class='ocrx_word' id='word_1_607' title='bbox 3105 2931 3164 2986; x_wconf 87' lang='lat' dir='ltr'><strong>II</strong></span> <span class='ocrx_word' id='word_1_608' title='bbox 3215 2946 3247 2985; x_wconf 89' lang='lat' dir='ltr'><strong>a</strong></span> <span class='ocrx_word' id='word_1_609' title='bbox 3295 2930 3435 3002; x_wconf 81' lang='lat' dir='ltr'><strong>prid.</strong></span> <span class='ocrx_word' id='word_1_610' title='bbox 3482 2927 3566 2984; x_wconf 86' lang='lat' dir='ltr'><strong>Id.</strong></span> <span class='ocrx_word' id='word_1_611' title='bbox 3613 2924 3862 2982; x_wconf 63' lang='lat' dir='ltr'><strong>Decemb-</strong></span> 
     </span>
    </p>
   </div>
   <div class='ocr_carea' id='block_1_82' title="bbox 2221 3016 3860 3098">
    <p class='ocr_par' dir='ltr' id='par_1_82' title="bbox 2221 3016 3860 3098">
     <span class='ocr_line' id='line_1_82' title="bbox 2221 3016 3860 3098; baseline -0.007 -13"><span class='ocrx_word' id='word_1_612' title='bbox 2221 3037 2226 3054; x_wconf 76' lang='grc'><strong>²</strong></span> <span class='ocrx_word' id='word_1_613' title='bbox 2273 3041 2453 3098; x_wconf 71' lang='lat' dir='ltr'><strong>Isque</strong></span> <span class='ocrx_word' id='word_1_614' title='bbox 2478 3026 2532 3080; x_wconf 91' lang='lat' dir='ltr'><strong>iu</strong></span> <span class='ocrx_word' id='word_1_615' title='bbox 2561 3026 2596 3082; x_wconf 90' lang='grc'><strong>5</strong></span> <span class='ocrx_word' id='word_1_616' title='bbox 2625 3024 2744 3090; x_wconf 87' lang='lat' dir='ltr'><strong>Kal.</strong></span> <span class='ocrx_word' id='word_1_617' title='bbox 2763 3023 2910 3092; x_wconf 85' lang='lat' dir='ltr'><strong>Jan.,</strong></span> <span class='ocrx_word' id='word_1_618' title='bbox 2935 3025 3060 3095; x_wconf 84' lang='lat' dir='ltr'><strong>quia</strong></span> <span class='ocrx_word' id='word_1_619' title='bbox 3083 3021 3453 3080; x_wconf 68' lang='lat' dir='ltr'><strong>embolimzeus</strong></span> <span class='ocrx_word' id='word_1_620' title='bbox 3474 3030 3583 3086; x_wconf 89' lang='lat' dir='ltr'><strong>est,</strong></span> <span class='ocrx_word' id='word_1_621' title='bbox 3605 3021 3723 3076; x_wconf 82' lang='lat' dir='ltr'><strong>dies</strong></span> <span class='ocrx_word' id='word_1_622' title='bbox 3743 3016 3860 3072; x_wconf 67' lang='grc'><strong>584.</strong></span> 
     </span>
    </p>
   </div>
   <div class='ocr_carea' id='block_1_83' title="bbox 2349 3113 3864 3194">
    <p class='ocr_par' dir='ltr' id='par_1_83' title="bbox 2349 3113 3864 3194">
     <span class='ocr_line' id='line_1_83' title="bbox 2349 3113 3864 3194; baseline -0.008 -16"><span class='ocrx_word' id='word_1_623' title='bbox 2349 3122 2507 3178; x_wconf 79' lang='lat' dir='ltr'><strong>Anno</strong></span> <span class='ocrx_word' id='word_1_624' title='bbox 2537 3119 2679 3175; x_wconf 85' lang='lat' dir='ltr'><strong>XIX.</strong></span> <span class='ocrx_word' id='word_1_625' title='bbox 2708 3118 2824 3176; x_wconf 82' lang='lat' dir='ltr'><strong>XV.</strong></span> <span class='ocrx_word' id='word_1_626' title='bbox 2857 3119 3008 3177; x_wconf 89' lang='lat' dir='ltr'><strong>Luna</strong></span> <span class='ocrx_word' id='word_1_627' title='bbox 3040 3118 3108 3174; x_wconf 88' lang='lat' dir='ltr'><strong>I2</strong></span> <span class='ocrx_word' id='word_1_628' title='bbox 3136 3134 3167 3173; x_wconf 92' lang='lat' dir='ltr'><strong>a</strong></span> <span class='ocrx_word' id='word_1_629' title='bbox 3196 3117 3340 3189; x_wconf 90' lang='lat' dir='ltr'><strong>prid.</strong></span> <span class='ocrx_word' id='word_1_630' title='bbox 3371 3114 3489 3172; x_wconf 80' lang='lat' dir='ltr'><strong>Kal.</strong></span> <span class='ocrx_word' id='word_1_631' title='bbox 3522 3113 3647 3168; x_wconf 83' lang='lat' dir='ltr'><strong>Jan.</strong></span> <span class='ocrx_word' id='word_1_632' title='bbox 3703 3123 3864 3194; x_wconf 67' lang='lat' dir='ltr'><strong>usque</strong></span> 
     </span>
    </p>
   </div>
   <div class='ocr_carea' id='block_1_84' title="bbox 2281 3202 3864 3282">
    <p class='ocr_par' dir='ltr' id='par_1_84' title="bbox 2281 3202 3864 3282">
     <span class='ocr_line' id='line_1_84' title="bbox 2281 3202 3864 3282; baseline -0.012 -11"><span class='ocrx_word' id='word_1_633' title='bbox 2281 3216 2333 3271; x_wconf 92' lang='lat' dir='ltr'><strong>in</strong></span> <span class='ocrx_word' id='word_1_634' title='bbox 2367 3215 2432 3272; x_wconf 77' lang='grc'><strong>14</strong></span> <span class='ocrx_word' id='word_1_635' title='bbox 2465 3213 2582 3269; x_wconf 87' lang='lat' dir='ltr'><strong>KaI.</strong></span> <span class='ocrx_word' id='word_1_636' title='bbox 2637 3210 2786 3278; x_wconf 85' lang='lat' dir='ltr'><strong>Jan.,</strong></span> <span class='ocrx_word' id='word_1_637' title='bbox 2812 3213 2938 3282; x_wconf 88' lang='lat' dir='ltr'><strong>quia</strong></span> <span class='ocrx_word' id='word_1_638' title='bbox 2959 3210 3263 3268; x_wconf 87' lang='lat' dir='ltr'><strong>communis</strong></span> <span class='ocrx_word' id='word_1_639' title='bbox 3283 3215 3575 3270; x_wconf 86' lang='lat' dir='ltr'><strong>anuusest,</strong></span> 
     </span>
    </p>
   </div>
   <div class='ocr_carea' id='block_1_85' title="bbox 2203 3275 3864 3362">
    <p class='ocr_par' dir='ltr' id='par_1_85' title="bbox 2203 3275 3864 3362">
     <span class='ocr_line' id='line_1_85' title="bbox 2203 3275 3864 3362; baseline -0.008 -1"><span class='ocrx_word' id='word_1_640' title='bbox 2203 3275 2248 3338; x_wconf 65' lang='grc' dir='ltr'><strong>(ἶ</strong></span> <span class='ocrx_word' id='word_1_641' title='bbox 2352 3307 2510 3362; x_wconf 83' lang='grc' dir='ltr'><strong>Αηηο</strong></span> <span class='ocrx_word' id='word_1_642' title='bbox 2572 3304 2716 3360; x_wconf 84' lang='lat' dir='ltr'><strong>XIX.</strong></span> <span class='ocrx_word' id='word_1_643' title='bbox 2769 3275 2928 3359; x_wconf 56' lang='lat' dir='ltr'><strong>diu.</strong></span> <span class='ocrx_word' id='word_1_644' title='bbox 2992 3302 3142 3358; x_wconf 88' lang='lat' dir='ltr'><strong>Luna</strong></span> <span class='ocrx_word' id='word_1_645' title='bbox 3203 3301 3271 3355; x_wconf 70' lang='grc' dir='ltr'><strong>ιδ</strong></span> <span class='ocrx_word' id='word_1_646' title='bbox 3307 3297 3594 3362; x_wconf 59' lang='grc'><strong>³1511³1.</strong></span> <span class='ocrx_word' id='word_1_647' title='bbox 3645 3297 3864 3353; x_wconf 73' lang='lat' dir='ltr'><strong>Januar.</strong></span> 
     </span>
    </p>
   </div>
   <div class='ocr_carea' id='block_1_86' title="bbox 2281 3391 3869 3472">
    <p class='ocr_par' dir='ltr' id='par_1_86' title="bbox 2281 3391 3869 3472">
     <span class='ocr_line' id='line_1_86' title="bbox 2281 3391 3869 3472; baseline -0.007 -17"><span class='ocrx_word' id='word_1_648' title='bbox 2281 3415 2451 3472; x_wconf 87' lang='lat' dir='ltr'><strong>usque</strong></span> <span class='ocrx_word' id='word_1_649' title='bbox 2473 3401 2530 3456; x_wconf 92' lang='lat' dir='ltr'><strong>in</strong></span> <span class='ocrx_word' id='word_1_650' title='bbox 2565 3399 2600 3456; x_wconf 81' lang='lat'><strong>6</strong></span> <span class='ocrx_word' id='word_1_651' title='bbox 2643 3399 2722 3458; x_wconf 89' lang='lat' dir='ltr'><strong>Id.</strong></span> <span class='ocrx_word' id='word_1_652' title='bbox 2767 3397 3022 3458; x_wconf 82' lang='lat' dir='ltr'><strong>Decemb.</strong></span> <span class='ocrx_word' id='word_1_653' title='bbox 3068 3396 3196 3467; x_wconf 85' lang='lat' dir='ltr'><strong>quia</strong></span> <span class='ocrx_word' id='word_1_654' title='bbox 3220 3394 3527 3452; x_wconf 82' lang='lat' dir='ltr'><strong>communis</strong></span> <span class='ocrx_word' id='word_1_655' title='bbox 3575 3401 3698 3458; x_wconf 78' lang='lat' dir='ltr'><strong>est,</strong></span> <span class='ocrx_word' id='word_1_656' title='bbox 3759 3391 3869 3448; x_wconf 82' lang='lat' dir='ltr'><strong>dies</strong></span> 
     </span>
    </p>
   </div>
   <div class='ocr_carea' id='block_1_87' title="bbox 2278 3492 3868 3648">
    <p class='ocr_par' dir='ltr' id='par_1_87' title="bbox 2278 3492 3868 3648">
     <span class='ocr_line' id='line_1_87' title="bbox 2278 3492 3868 3648; baseline -0.001 -10"><span class='ocrx_word' id='word_1_657' title='bbox 2278 3492 2506 3639; x_wconf 52' lang='lat'><strong>35:11:10</strong></span> <span class='ocrx_word' id='word_1_658' title='bbox 2550 3581 2692 3648; x_wconf 79' lang='lat' dir='ltr'><strong>XIX.</strong></span> <span class='ocrx_word' id='word_1_659' title='bbox 2753 3581 2915 3644; x_wconf 78' lang='lat' dir='ltr'><strong>XVII.</strong></span> <span class='ocrx_word' id='word_1_660' title='bbox 2981 3580 3128 3648; x_wconf 73' lang='lat' dir='ltr'><strong>Luna</strong></span> <span class='ocrx_word' id='word_1_661' title='bbox 3189 3525 3255 3646; x_wconf 66' lang='grc'><strong>14</strong></span> <span class='ocrx_word' id='word_1_662' title='bbox 3314 3595 3348 3636; x_wconf 86' lang='lat' dir='ltr'><strong>a</strong></span> <span class='ocrx_word' id='word_1_663' title='bbox 3412 3579 3446 3642; x_wconf 74' lang='lat'><strong>5</strong></span> <span class='ocrx_word' id='word_1_664' title='bbox 3492 3579 3570 3634; x_wconf 78' lang='lat' dir='ltr'><strong>td.</strong></span> <span class='ocrx_word' id='word_1_665' title='bbox 3613 3575 3868 3636; x_wconf 71' lang='lat' dir='ltr'><strong>Decemb-</strong></span> 
     </span>
    </p>
   </div>
   <div class='ocr_carea' id='block_1_88' title="bbox 2279 3671 3872 3746">
    <p class='ocr_par' dir='ltr' id='par_1_88' title="bbox 2279 3671 3872 3746">
     <span class='ocr_line' id='line_1_88' title="bbox 2279 3671 3872 3746; baseline -0.003 -15"><span class='ocrx_word' id='word_1_666' title='bbox 2279 3692 2450 3746; x_wconf 87' lang='lat' dir='ltr'><strong>nsque</strong></span> <span class='ocrx_word' id='word_1_667' title='bbox 2481 3676 2588 3733; x_wconf 89' lang='lat' dir='ltr'><strong>in6</strong></span> <span class='ocrx_word' id='word_1_668' title='bbox 2620 3676 2740 3732; x_wconf 88' lang='lat' dir='ltr'><strong>Kal.</strong></span> <span class='ocrx_word' id='word_1_669' title='bbox 2772 3674 2995 3731; x_wconf 85' lang='lat' dir='ltr'><strong>Januar.</strong></span> <span class='ocrx_word' id='word_1_670' title='bbox 3043 3674 3170 3745; x_wconf 89' lang='lat' dir='ltr'><strong>quia</strong></span> <span class='ocrx_word' id='word_1_671' title='bbox 3192 3671 3569 3738; x_wconf 67' lang='lat' dir='ltr'><strong>embolimteus</strong></span> <span class='ocrx_word' id='word_1_672' title='bbox 3597 3681 3724 3738; x_wconf 57' lang='lat' dir='ltr'><strong>ﬁt,</strong></span> <span class='ocrx_word' id='word_1_673' title='bbox 3763 3671 3872 3728; x_wconf 62' lang='lat' dir='ltr'><strong>dis</strong></span> 
     </span>
    </p>
   </div>
   <div class='ocr_carea' id='block_1_89' title="bbox 2265 3769 3871 3936">
    <p class='ocr_par' dir='ltr' id='par_1_89' title="bbox 2265 3769 3871 3936">
     <span class='ocr_line' id='line_1_89' title="bbox 2265 3769 3871 3936; baseline -0.004 -20"><span class='ocrx_word' id='word_1_674' title='bbox 2265 3769 2504 3917; x_wconf 49' lang='lat' dir='ltr'><strong>agitatio</strong></span> <span class='ocrx_word' id='word_1_675' title='bbox 2559 3858 2704 3922; x_wconf 78' lang='lat' dir='ltr'><strong>XIX.</strong></span> <span class='ocrx_word' id='word_1_676' title='bbox 2751 3857 2934 3936; x_wconf 75' lang='lat' dir='ltr'><strong>xvut.</strong></span> <span class='ocrx_word' id='word_1_677' title='bbox 2974 3856 3128 3920; x_wconf 82' lang='lat' dir='ltr'><strong>Luna</strong></span> <span class='ocrx_word' id='word_1_678' title='bbox 3174 3857 3243 3920; x_wconf 77' lang='lat' dir='ltr'><strong>I5</strong></span> <span class='ocrx_word' id='word_1_679' title='bbox 3305 3871 3340 3912; x_wconf 89' lang='lat' dir='ltr'><strong>a</strong></span> <span class='ocrx_word' id='word_1_680' title='bbox 3385 3855 3423 3916; x_wconf 78' lang='lat'><strong>5</strong></span> <span class='ocrx_word' id='word_1_681' title='bbox 3469 3854 3594 3918; x_wconf 74' lang='lat' dir='ltr'><strong>Kal.</strong></span> <span class='ocrx_word' id='word_1_682' title='bbox 3647 3854 3871 3914; x_wconf 65' lang='lat' dir='ltr'><strong>tatus.</strong></span> 
     </span>
    </p>
   </div>
   <div class='ocr_carea' id='block_1_90' title="bbox 2274 3947 3873 4026">
    <p class='ocr_par' dir='ltr' id='par_1_90' title="bbox 2274 3947 3873 4026">
     <span class='ocr_line' id='line_1_90' title="bbox 2274 3947 3873 4026; baseline 0.001 -16"><span class='ocrx_word' id='word_1_683' title='bbox 2274 3968 2448 4024; x_wconf 80' lang='lat' dir='ltr'><strong>usquc</strong></span> <span class='ocrx_word' id='word_1_684' title='bbox 2492 3953 2548 4011; x_wconf 88' lang='lat' dir='ltr'><strong>in</strong></span> <span class='ocrx_word' id='word_1_685' title='bbox 2569 3953 2634 4010; x_wconf 86' lang='lat' dir='ltr'><strong>I7</strong></span> <span class='ocrx_word' id='word_1_686' title='bbox 2675 3951 2798 4014; x_wconf 83' lang='lat' dir='ltr'><strong>Kal.</strong></span> <span class='ocrx_word' id='word_1_687' title='bbox 2840 3950 3064 4008; x_wconf 87' lang='lat' dir='ltr'><strong>Jannar.</strong></span> <span class='ocrx_word' id='word_1_688' title='bbox 3089 3949 3217 4020; x_wconf 80' lang='lat' dir='ltr'><strong>quia</strong></span> <span class='ocrx_word' id='word_1_689' title='bbox 3244 3949 3556 4026; x_wconf 65' lang='lat' dir='ltr'><strong>communis.</strong></span> <span class='ocrx_word' id='word_1_690' title='bbox 3601 3957 3721 4018; x_wconf 81' lang='lat' dir='ltr'><strong>est.</strong></span> 
     </span>
    </p>
   </div>
   <div class='ocr_carea' id='block_1_91' title="bbox 2271 4048 3871 4207">
    <p class='ocr_par' dir='ltr' id='par_1_91' title="bbox 2271 4048 3871 4207">
     <span class='ocr_line' id='line_1_91' title="bbox 2271 4048 3871 4207; baseline -0.008 -8"><span class='ocrx_word' id='word_1_691' title='bbox 2271 4048 2503 4207; x_wconf 47' lang='lat' dir='ltr'><strong>35iuno</strong></span> <span class='ocrx_word' id='word_1_692' title='bbox 2543 4139 2683 4202; x_wconf 81' lang='lat' dir='ltr'><strong>XIX.</strong></span> <span class='ocrx_word' id='word_1_693' title='bbox 2743 4137 2884 4196; x_wconf 84' lang='lat' dir='ltr'><strong>XIX.</strong></span> <span class='ocrx_word' id='word_1_694' title='bbox 2945 4138 3098 4196; x_wconf 88' lang='lat' dir='ltr'><strong>Luna</strong></span> <span class='ocrx_word' id='word_1_695' title='bbox 3143 4137 3212 4196; x_wconf 88' lang='grc'><strong>16</strong></span> <span class='ocrx_word' id='word_1_696' title='bbox 3267 4151 3298 4192; x_wconf 91' lang='lat' dir='ltr'><strong>a</strong></span> <span class='ocrx_word' id='word_1_697' title='bbox 3349 4136 3419 4194; x_wconf 83' lang='lat' dir='ltr'><strong>I6</strong></span> <span class='ocrx_word' id='word_1_698' title='bbox 3473 4135 3598 4194; x_wconf 76' lang='lat' dir='ltr'><strong>Kal.</strong></span> <span class='ocrx_word' id='word_1_699' title='bbox 3654 4134 3871 4190; x_wconf 73' lang='lat' dir='ltr'><strong>Ianuar.</strong></span> 
     </span>
    </p>
   </div>
   <div class='ocr_carea' id='block_1_92' title="bbox 2151 4230 3872 4308">
    <p class='ocr_par' dir='ltr' id='par_1_92' title="bbox 2151 4230 3872 4308">
     <span class='ocr_line' id='line_1_92' title="bbox 2151 4230 3872 4308; baseline -0.006 -16"><span class='ocrx_word' id='word_1_700' title='bbox 2151 4265 2156 4272; x_wconf 89' lang='lat'><strong>-</strong></span> <span class='ocrx_word' id='word_1_701' title='bbox 2270 4251 2442 4308; x_wconf 83' lang='lat' dir='ltr'><strong>usque</strong></span> <span class='ocrx_word' id='word_1_702' title='bbox 2467 4237 2521 4292; x_wconf 90' lang='lat' dir='ltr'><strong>in</strong></span> <span class='ocrx_word' id='word_1_703' title='bbox 2553 4234 2690 4296; x_wconf 81' lang='lat' dir='ltr'><strong>Non.</strong></span> <span class='ocrx_word' id='word_1_704' title='bbox 2721 4233 3002 4302; x_wconf 86' lang='lat' dir='ltr'><strong>Decemb.,</strong></span> <span class='ocrx_word' id='word_1_705' title='bbox 3033 4233 3162 4304; x_wconf 87' lang='lat' dir='ltr'><strong>quia</strong></span> <span class='ocrx_word' id='word_1_706' title='bbox 3200 4230 3511 4288; x_wconf 88' lang='lat' dir='ltr'><strong>communis</strong></span> <span class='ocrx_word' id='word_1_707' title='bbox 3548 4243 3732 4284; x_wconf 89' lang='lat' dir='ltr'><strong>annus</strong></span> <span class='ocrx_word' id='word_1_708' title='bbox 3773 4234 3872 4290; x_wconf 84' lang='lat' dir='ltr'><strong>est,</strong></span> 
     </span>
    </p>
   </div>
   <div class='ocr_carea' id='block_1_93' title="bbox 2267 4329 2546 4390">
    <p class='ocr_par' dir='ltr' id='par_1_93' title="bbox 2267 4329 2546 4390">
     <span class='ocr_line' id='line_1_93' title="bbox 2267 4329 2546 4390; baseline -0.011 -3"><span class='ocrx_word' id='word_1_709' title='bbox 2267 4331 2389 4388; x_wconf 82' lang='lat' dir='ltr'><strong>dies</strong></span> <span class='ocrx_word' id='word_1_710' title='bbox 2421 4329 2546 4390; x_wconf 77' lang='grc'><strong>554.</strong></span> 
     </span>
    </p>
   </div>
   <div class='ocr_carea' id='block_1_94' title="bbox 2337 4417 3876 4485">
    <p class='ocr_par' dir='ltr' id='par_1_94' title="bbox 2337 4417 3876 4485">
     <span class='ocr_line' id='line_1_94' title="bbox 2337 4417 3876 4485; baseline -0.006 -7"><span class='ocrx_word' id='word_1_711' title='bbox 2337 4421 2497 4478; x_wconf 81' lang='lat' dir='ltr'><strong>Anno</strong></span> <span class='ocrx_word' id='word_1_712' title='bbox 2525 4420 2666 4480; x_wconf 85' lang='lat' dir='ltr'><strong>XIX.</strong></span> <span class='ocrx_word' id='word_1_713' title='bbox 2698 4421 2738 4478; x_wconf 90' lang='lat' dir='ltr'><strong>I.</strong></span> <span class='ocrx_word' id='word_1_714' title='bbox 2794 4421 2944 4477; x_wconf 88' lang='lat' dir='ltr'><strong>Luna</strong></span> <span class='ocrx_word' id='word_1_715' title='bbox 2990 4419 3054 4476; x_wconf 90' lang='grc'><strong>17</strong></span> <span class='ocrx_word' id='word_1_716' title='bbox 3091 4435 3122 4475; x_wconf 91' lang='lat' dir='ltr'><strong>a</strong></span> <span class='ocrx_word' id='word_1_717' title='bbox 3171 4417 3341 4475; x_wconf 86' lang='lat' dir='ltr'><strong>Nonis</strong></span> <span class='ocrx_word' id='word_1_718' title='bbox 3389 4417 3655 4478; x_wconf 86' lang='lat' dir='ltr'><strong>Decemb.</strong></span> <span class='ocrx_word' id='word_1_719' title='bbox 3713 4428 3876 4485; x_wconf 68' lang='lat' dir='ltr'><strong>usque</strong></span> 
     </span>
    </p>
   </div>
   <div class='ocr_carea' id='block_1_95' title="bbox 2267 4510 3806 4586">
    <p class='ocr_par' dir='ltr' id='par_1_95' title="bbox 2267 4510 3806 4586">
     <span class='ocr_line' id='line_1_95' title="bbox 2267 4510 3806 4586; baseline -0.008 -12"><span class='ocrx_word' id='word_1_720' title='bbox 2267 4516 2325 4574; x_wconf 88' lang='lat' dir='ltr'><strong>in</strong></span> <span class='ocrx_word' id='word_1_721' title='bbox 2351 4515 2419 4572; x_wconf 90' lang='lat' dir='ltr'><strong>I0</strong></span> <span class='ocrx_word' id='word_1_722' title='bbox 2448 4515 2568 4572; x_wconf 88' lang='lat' dir='ltr'><strong>Kal.</strong></span> <span class='ocrx_word' id='word_1_723' title='bbox 2601 4515 2760 4571; x_wconf 88' lang='lat' dir='ltr'><strong>Janu.</strong></span> <span class='ocrx_word' id='word_1_724' title='bbox 2786 4557 2800 4582; x_wconf 85' lang='lat'><strong>,</strong></span> <span class='ocrx_word' id='word_1_725' title='bbox 2831 4515 2957 4586; x_wconf 83' lang='lat' dir='ltr'><strong>quia</strong></span> <span class='ocrx_word' id='word_1_726' title='bbox 2984 4513 3358 4571; x_wconf 74' lang='lat' dir='ltr'><strong>etiibolinueus</strong></span> <span class='ocrx_word' id='word_1_727' title='bbox 3386 4521 3497 4576; x_wconf 87' lang='lat' dir='ltr'><strong>est.</strong></span> <span class='ocrx_word' id='word_1_728' title='bbox 3527 4512 3648 4568; x_wconf 85' lang='lat' dir='ltr'><strong>dies</strong></span> <span class='ocrx_word' id='word_1_729' title='bbox 3678 4510 3806 4566; x_wconf 75' lang='grc'><strong>584.</strong></span> 
     </span>
    </p>
   </div>
   <div class='ocr_carea' id='block_1_96' title="bbox 2337 4605 3875 4672">
    <p class='ocr_par' dir='ltr' id='par_1_96' title="bbox 2337 4605 3875 4672">
     <span class='ocr_line' id='line_1_96' title="bbox 2337 4605 3875 4672; baseline -0.006 -7"><span class='ocrx_word' id='word_1_730' title='bbox 2337 4609 2492 4665; x_wconf 84' lang='lat' dir='ltr'><strong>Anno</strong></span> <span class='ocrx_word' id='word_1_731' title='bbox 2530 4607 2672 4664; x_wconf 86' lang='lat' dir='ltr'><strong>XIX.</strong></span> <span class='ocrx_word' id='word_1_732' title='bbox 2715 4608 2777 4662; x_wconf 95' lang='lat' dir='ltr'><strong>II.</strong></span> <span class='ocrx_word' id='word_1_733' title='bbox 2821 4607 2970 4662; x_wconf 88' lang='lat' dir='ltr'><strong>Luna</strong></span> <span class='ocrx_word' id='word_1_734' title='bbox 3014 4607 3078 4662; x_wconf 91' lang='grc'><strong>18</strong></span> <span class='ocrx_word' id='word_1_735' title='bbox 3126 4623 3154 4661; x_wconf 90' lang='lat' dir='ltr'><strong>a</strong></span> <span class='ocrx_word' id='word_1_736' title='bbox 3191 4607 3224 4662; x_wconf 92' lang='lat'><strong>9</strong></span> <span class='ocrx_word' id='word_1_737' title='bbox 3265 4605 3387 4662; x_wconf 87' lang='lat' dir='ltr'><strong>Kal.</strong></span> <span class='ocrx_word' id='word_1_738' title='bbox 3444 4605 3682 4661; x_wconf 83' lang='lat' dir='ltr'><strong>Januar.</strong></span> <span class='ocrx_word' id='word_1_739' title='bbox 3713 4613 3875 4672; x_wconf 64' lang='lat' dir='ltr'><strong>usque</strong></span> 
     </span>
    </p>
   </div>
   <div class='ocr_carea' id='block_1_97' title="bbox 2271 4697 3876 4774">
    <p class='ocr_par' dir='ltr' id='par_1_97' title="bbox 2271 4697 3876 4774">
     <span class='ocr_line' id='line_1_97' title="bbox 2271 4697 3876 4774; baseline -0.006 -15"><span class='ocrx_word' id='word_1_740' title='bbox 2271 4703 2327 4759; x_wconf 91' lang='lat' dir='ltr'><strong>in</strong></span> <span class='ocrx_word' id='word_1_741' title='bbox 2366 4703 2505 4774; x_wconf 86' lang='lat' dir='ltr'><strong>prid.</strong></span> <span class='ocrx_word' id='word_1_742' title='bbox 2535 4702 2612 4758; x_wconf 88' lang='lat' dir='ltr'><strong>Id.</strong></span> <span class='ocrx_word' id='word_1_743' title='bbox 2646 4702 2901 4758; x_wconf 87' lang='lat' dir='ltr'><strong>Decemb.</strong></span> <span class='ocrx_word' id='word_1_744' title='bbox 2928 4702 3052 4773; x_wconf 88' lang='lat' dir='ltr'><strong>quia</strong></span> <span class='ocrx_word' id='word_1_745' title='bbox 3079 4700 3388 4757; x_wconf 84' lang='lat' dir='ltr'><strong>communis</strong></span> <span class='ocrx_word' id='word_1_746' title='bbox 3411 4715 3594 4755; x_wconf 88' lang='lat' dir='ltr'><strong>annus</strong></span> <span class='ocrx_word' id='word_1_747' title='bbox 3626 4707 3739 4762; x_wconf 86' lang='lat' dir='ltr'><strong>est,</strong></span> <span class='ocrx_word' id='word_1_748' title='bbox 3769 4697 3876 4750; x_wconf 80' lang='lat' dir='ltr'><strong>dies</strong></span> 
     </span>
    </p>
   </div>
   <div class='ocr_carea' id='block_1_98' title="bbox 2271 4794 2498 4850">
    <p class='ocr_par' dir='ltr' id='par_1_98' title="bbox 2271 4794 2498 4850">
     <span class='ocr_line' id='line_1_98' title="bbox 2271 4794 2498 4850; baseline -0.009 0"><span class='ocrx_word' id='word_1_749' title='bbox 2271 4794 2396 4850; x_wconf 80' lang='grc'><strong>551.</strong></span> <span class='ocrx_word' id='word_1_750' title='bbox 2493 4815 2498 4818; x_wconf 87' lang='grc'><strong>·</strong></span> 
     </span>
    </p>
   </div>
   <div class='ocr_carea' id='block_1_99' title="bbox 2344 4883 3876 4951">
    <p class='ocr_par' dir='ltr' id='par_1_99' title="bbox 2344 4883 3876 4951">
     <span class='ocr_line' id='line_1_99' title="bbox 2344 4883 3876 4951; baseline -0.001 -11"><span class='ocrx_word' id='word_1_751' title='bbox 2344 4887 2502 4942; x_wconf 83' lang='lat' dir='ltr'><strong>Anno</strong></span> <span class='ocrx_word' id='word_1_752' title='bbox 2530 4884 2666 4940; x_wconf 89' lang='lat' dir='ltr'><strong>XIX.</strong></span> <span class='ocrx_word' id='word_1_753' title='bbox 2708 4885 2793 4940; x_wconf 95' lang='lat' dir='ltr'><strong>IlI.</strong></span> <span class='ocrx_word' id='word_1_754' title='bbox 2824 4885 2974 4940; x_wconf 90' lang='lat' dir='ltr'><strong>Luna</strong></span> <span class='ocrx_word' id='word_1_755' title='bbox 3018 4883 3082 4939; x_wconf 86' lang='grc'><strong>19</strong></span> <span class='ocrx_word' id='word_1_756' title='bbox 3135 4884 3203 4938; x_wconf 89' lang='lat' dir='ltr'><strong>ab</strong></span> <span class='ocrx_word' id='word_1_757' title='bbox 3257 4883 3336 4937; x_wconf 93' lang='lat' dir='ltr'><strong>Id.</strong></span> <span class='ocrx_word' id='word_1_758' title='bbox 3388 4883 3656 4940; x_wconf 80' lang='lat' dir='ltr'><strong>Deceml).</strong></span> <span class='ocrx_word' id='word_1_759' title='bbox 3711 4894 3876 4951; x_wconf 76' lang='lat' dir='ltr'><strong>nsque</strong></span> 
     </span>
    </p>
   </div>
   <div class='ocr_carea' id='block_1_100' title="bbox 2273 4972 3878 5048">
    <p class='ocr_par' dir='ltr' id='par_1_100' title="bbox 2273 4972 3878 5048">
     <span class='ocr_line' id='line_1_100' title="bbox 2273 4972 3878 5048; baseline -0.001 -16"><span class='ocrx_word' id='word_1_760' title='bbox 2273 4977 2327 5032; x_wconf 91' lang='lat' dir='ltr'><strong>in</strong></span> <span class='ocrx_word' id='word_1_761' title='bbox 2355 4978 2494 5048; x_wconf 90' lang='lat' dir='ltr'><strong>prid.</strong></span> <span class='ocrx_word' id='word_1_762' title='bbox 2522 4977 2640 5033; x_wconf 89' lang='lat' dir='ltr'><strong>Kal.</strong></span> <span class='ocrx_word' id='word_1_763' title='bbox 2671 4977 2818 5043; x_wconf 89' lang='lat' dir='ltr'><strong>Jan.,</strong></span> <span class='ocrx_word' id='word_1_764' title='bbox 2844 4978 2968 5048; x_wconf 90' lang='lat' dir='ltr'><strong>quia</strong></span> <span class='ocrx_word' id='word_1_765' title='bbox 3019 4976 3394 5032; x_wconf 72' lang='lat' dir='ltr'><strong>embolimzens</strong></span> <span class='ocrx_word' id='word_1_766' title='bbox 3461 4987 3572 5044; x_wconf 81' lang='lat' dir='ltr'><strong>est,</strong></span> <span class='ocrx_word' id='word_1_767' title='bbox 3616 4980 3738 5034; x_wconf 86' lang='lat' dir='ltr'><strong>dies</strong></span> <span class='ocrx_word' id='word_1_768' title='bbox 3759 4972 3878 5030; x_wconf 73' lang='grc'><strong>584.</strong></span> 
     </span>
    </p>
   </div>
   <div class='ocr_carea' id='block_1_101' title="bbox 2346 5069 3878 5140">
    <p class='ocr_par' dir='ltr' id='par_1_101' title="bbox 2346 5069 3878 5140">
     <span class='ocr_line' id='line_1_101' title="bbox 2346 5069 3878 5140; baseline -0.001 -16"><span class='ocrx_word' id='word_1_769' title='bbox 2346 5071 2552 5126; x_wconf 84' lang='lat' dir='ltr'><strong>Idcirco</strong></span> <span class='ocrx_word' id='word_1_770' title='bbox 2603 5080 2784 5126; x_wconf 87' lang='lat' dir='ltr'><strong>autem</strong></span> <span class='ocrx_word' id='word_1_771' title='bbox 2823 5071 2890 5125; x_wconf 89' lang='lat' dir='ltr'><strong>I7</strong></span> <span class='ocrx_word' id='word_1_772' title='bbox 2927 5069 3050 5124; x_wconf 90' lang='lat' dir='ltr'><strong>luna</strong></span> <span class='ocrx_word' id='word_1_773' title='bbox 3097 5084 3242 5124; x_wconf 88' lang='lat' dir='ltr'><strong>anno</strong></span> <span class='ocrx_word' id='word_1_774' title='bbox 3277 5071 3582 5140; x_wconf 68' lang='lat' dir='ltr'><strong>compotes</strong></span> <span class='ocrx_word' id='word_1_775' title='bbox 3631 5071 3704 5124; x_wconf 81' lang='lat' dir='ltr'><strong>ab</strong></span> <span class='ocrx_word' id='word_1_776' title='bbox 3741 5069 3878 5138; x_wconf 80' lang='lat' dir='ltr'><strong>ipso.</strong></span> 
     </span>
    </p>
   </div>
   <div class='ocr_carea' id='block_1_102' title="bbox 2273 5159 3884 5234">
    <p class='ocr_par' dir='ltr' id='par_1_102' title="bbox 2273 5159 3884 5234">
     <span class='ocr_line' id='line_1_102' title="bbox 2273 5159 3884 5234; baseline -0.004 -17"><span class='ocrx_word' id='word_1_777' title='bbox 2273 5177 2381 5234; x_wconf 88' lang='lat' dir='ltr'><strong>quo</strong></span> <span class='ocrx_word' id='word_1_778' title='bbox 2410 5163 2556 5234; x_wconf 88' lang='lat' dir='ltr'><strong>prior</strong></span> <span class='ocrx_word' id='word_1_779' title='bbox 2581 5163 2869 5234; x_wconf 85' lang='lat' dir='ltr'><strong>explicitur</strong></span> <span class='ocrx_word' id='word_1_780' title='bbox 2893 5171 2974 5217; x_wconf 87' lang='lat' dir='ltr'><strong>est</strong></span> <span class='ocrx_word' id='word_1_781' title='bbox 3000 5173 3172 5216; x_wconf 88' lang='lat' dir='ltr'><strong>annus</strong></span> <span class='ocrx_word' id='word_1_782' title='bbox 3193 5161 3281 5215; x_wconf 88' lang='lat' dir='ltr'><strong>die</strong></span> <span class='ocrx_word' id='word_1_783' title='bbox 3308 5159 3544 5231; x_wconf 87' lang='lat' dir='ltr'><strong>incipit,</strong></span> <span class='ocrx_word' id='word_1_784' title='bbox 3587 5171 3649 5217; x_wconf 87' lang='lat' dir='ltr'><strong>et</strong></span> <span class='ocrx_word' id='word_1_785' title='bbox 3700 5175 3808 5215; x_wconf 85' lang='lat' dir='ltr'><strong>non</strong></span> <span class='ocrx_word' id='word_1_786' title='bbox 3855 5171 3884 5210; x_wconf 75' lang='grc' dir='ltr'><strong><em>ι</em></strong></span> 
     </span>
    </p>
   </div>
   <div class='ocr_carea' id='block_1_103' title="bbox 2275 5253 3883 5324">
    <p class='ocr_par' dir='ltr' id='par_1_103' title="bbox 2275 5253 3883 5324">
     <span class='ocr_line' id='line_1_103' title="bbox 2275 5253 3883 5324; baseline -0.002 -14"><span class='ocrx_word' id='word_1_787' title='bbox 2275 5263 2558 5324; x_wconf 87' lang='lat' dir='ltr'><strong>sequente,</strong></span> <span class='ocrx_word' id='word_1_788' title='bbox 2585 5262 2644 5308; x_wconf 92' lang='lat' dir='ltr'><strong>ut</strong></span> <span class='ocrx_word' id='word_1_789' title='bbox 2672 5263 3015 5319; x_wconf 69' lang='lat' dir='ltr'><strong>caalerorum,</strong></span> <span class='ocrx_word' id='word_1_790' title='bbox 3068 5268 3135 5308; x_wconf 89' lang='lat' dir='ltr'><strong>ue</strong></span> <span class='ocrx_word' id='word_1_791' title='bbox 3174 5261 3406 5323; x_wconf 84' lang='lat' dir='ltr'><strong>propter</strong></span> <span class='ocrx_word' id='word_1_792' title='bbox 3471 5254 3679 5310; x_wconf 81' lang='lat' dir='ltr'><strong>saltum</strong></span> <span class='ocrx_word' id='word_1_793' title='bbox 3724 5253 3883 5315; x_wconf 63' lang='lat' dir='ltr'><strong>Iun:1</strong></span> 
     </span>
    </p>
   </div>
   <div class='ocr_carea' id='block_1_104' title="bbox 2271 5343 3883 5416">
    <p class='ocr_par' dir='ltr' id='par_1_104' title="bbox 2271 5343 3883 5416">
     <span class='ocr_line' id='line_1_104' title="bbox 2271 5343 3883 5416; baseline 0.002 -17"><span class='ocrx_word' id='word_1_794' title='bbox 2271 5360 2433 5416; x_wconf 88' lang='lat' dir='ltr'><strong>quem</strong></span> <span class='ocrx_word' id='word_1_795' title='bbox 2464 5345 2667 5411; x_wconf 90' lang='lat' dir='ltr'><strong>dicunt,</strong></span> <span class='ocrx_word' id='word_1_796' title='bbox 2692 5360 2858 5401; x_wconf 88' lang='lat' dir='ltr'><strong>unum</strong></span> <span class='ocrx_word' id='word_1_797' title='bbox 2902 5345 3073 5400; x_wconf 87' lang='lat' dir='ltr'><strong>eidem</strong></span> <span class='ocrx_word' id='word_1_798' title='bbox 3121 5359 3262 5398; x_wconf 90' lang='lat' dir='ltr'><strong>anno</strong></span> <span class='ocrx_word' id='word_1_799' title='bbox 3306 5343 3431 5401; x_wconf 85' lang='lat' dir='ltr'><strong>dies</strong></span> <span class='ocrx_word' id='word_1_800' title='bbox 3483 5345 3556 5401; x_wconf 88' lang='lat' dir='ltr'><strong>I0</strong></span> <span class='ocrx_word' id='word_1_801' title='bbox 3607 5347 3883 5402; x_wconf 72' lang='lat' dir='ltr'><strong>videatur.</strong></span> 
     </span>
    </p>
   </div>
   <div class='ocr_carea' id='block_1_105' title="bbox 2274 5436 3882 5501">
    <p class='ocr_par' dir='ltr' id='par_1_105' title="bbox 2274 5436 3882 5501">
     <span class='ocr_line' id='line_1_105' title="bbox 2274 5436 3882 5501; baseline 0.011 -22"><span class='ocrx_word' id='word_1_802' title='bbox 2274 5437 2399 5486; x_wconf 72' lang='lat' dir='ltr'><strong>auia</strong></span> <span class='ocrx_word' id='word_1_803' title='bbox 2461 5437 2634 5490; x_wconf 82' lang='lat' dir='ltr'><strong>insum</strong></span> <span class='ocrx_word' id='word_1_804' title='bbox 2693 5436 2981 5492; x_wconf 70' lang='lat' dir='ltr'><strong>Dionvsius</strong></span> <span class='ocrx_word' id='word_1_805' title='bbox 3045 5437 3612 5494; x_wconf 76' lang='lat' dir='ltr'><strong>decemnovennalem</strong></span> <span class='ocrx_word' id='word_1_806' title='bbox 3673 5437 3882 5501; x_wconf 64' lang='lat' dir='ltr'><strong>cych‘ﬂ</strong></span> 
     </span>
    </p>
   </div>
  </div>
