4006 5628
202 350 338 411 1555

208 575 382 621 iteres
412 566 612 626 dicitur
631 588 769 632 imus
799 580 1000 639 mensis
1028 582 1081 640 in
1108 584 1258 645 Luna
1287 589 1360 649 29
1379 566 1777 659 Luna'habere.

201 666 248 712 et
283 658 513 717 alteram
535 664 626 721 50.
908 664 913 669 ’
1046 676 1053 686 '
1459 691 1464 695 ·
1660 706 1667 711 ·

171 763 184 875 ξ
620 778 698 836 De
735 788 1017 844 concordia
1073 794 1350 852 mensium.

261 880 495 943 CXXIII.
527 886 819 983 Ianuarius
842 880 1172 977 autem‘cu'm
1203 898 1520 967 Decembrio
1542 912 1594 966 in
1620 913 1782 987 hora-

190 993 314 1032 rum
348 996 601 1038 mensura
634 974 953 1047 ‘eoncordat.
1004 974 1335 1077 b‘cbruarius
1373 1020 1496 1060 cum
1550 982 1781 1065 Novem-

108 1140 131 1153 ιν
184 1068 308 1127 brio
371 1075 605 1145 spatium
664 1080 872 1152 aequale
926 1068 1286 1147 consummat.
1359 1094 1585 1153 Martius
1624 1116 1779 1156 icon-

183 1164 353 1219 sentit
410 1182 529 1222 cum
562 1168 838 1228 Octobrio.
898 1176 1102 1249 Aprilis
1145 1195 1323 1256 aequat
1380 1188 1775 1259 Septembrem.

184 1251 359 1312 Maius
384 1263 673 1330 respondet
706 1265 968 1338 Augusto.
1010 1272 1201 1351 Junius
1230 1294 1452 1351 compar
1480 1293 1565 1338 est
1610 1283 1772 1342 .Iulio.

82 1395 91 1398 -
181 1364 261 1422 De
310 1370 455 1464 egi-lo
503 1373 653 1464 fibri
695 1376 1059 1464 Romauqritm
1110 1388 1332 1459 incipit,
1386 1395 1478 1464 qui
1532 1396 1775 1453 inventus

252 1444 533 1565 gitririlpud
610 1444 874 1507 Romanos
923 1454 992 1510 50
1044 1475 1183 1537 anno
1216 1444 1362 1517 'anie
1390 1444 1774 1539 ’ivaiiﬁiéiéié

385 1530 408 1566 δ
434 1529 471 1567 ι.

385 1530 471 1567 δη.

220 1619 485 1723 ,ΕΧᾏΙἏ
534 1627 747 1723 Quinto
801 1636 934 1706 cycli
976 1639 1481 1705 decemnovennalis
1551 1649 1774 1723 regione

176 1708 388 1770 lunaris
432 1717 617 1788 cyclus
656 1721 950 1782 includitur
986 1745 1016 1784 a
1044 1742 1243 1807 quarto
1280 1736 1440 1807 hujus
1464 1708 1773 1809 θηηουίμοί-

170 1804 350 1891 piens,
381 1817 437 1866 et
487 1812 538 1867 in
595 1816 756 1872 tertio
802 1818 1044 1890 ejusdem
1097 1804 1241 1885 anno
1299 1804 1619 1904 completur.
1658 1804 1771 1893 ‘Hie

173 1911 357 1956 autem
388 1903 573 1976 cyclus
608 1911 827 1981 proprie
863 1913 1232 1975 Romanorum
1264 1931 1365 1990 est,
1395 1903 1449 1980 et
1486 1927 1555 1981 ad
1602 1944 1761 1985 men-

224 366 338 449 ;55
904 376 944 397 ·-
1489 382 1691 445 LIBER
1730 391 1817 450 DE
1855 366 2186 471 conputo

192 480 448 530 auctores
482 478 837 555 coniungunt,
868 494 924 542 et
959 487 1166 548 iaciunt
1189 509 1359 552 unum
1387 499 1551 570 diem,
1582 513 1638 561 et
1664 520 1788 579 pro—

3333 370 3481 511 “
3562 373 3570 376 Α

1790 490 1866 574 Ἀ
1930 502 2118 591 Anno
2167 515 2307 572 XIX.
2365 502 2432 575 X.
2474 520 2623 579 Luna
2662 525 2695 580 7
2731 529 2831 613 a8
2867 528 2943 603 Id.
2976 531 3108 605 Apr.
3146 549 3319 610 usque
3348 539 3410 598 iu

1885 604 2003 662 Kal.
2037 607 2167 681 Apr.
2204 612 2331 689 quia
2357 618 2661 692 communis
2689 604 2956 688 est',vdies
2984 625 3108 686 554.

1956 700 2285 795 Anno-XIX.
2320 702 2409 795 XI.
2442 702 2595 795 Luna
2621 710 2719 795 81a
2743 710 2787 781 5
2807 713 2926 795 Kal.
2957 718 3088 791 Apr.
3121 736 3293 795 usque
3320 724 3377 785 in
3406 725 3475 785 19

1882 786 2000 891 Kal.
2033 786 2789 891 Maias,_quia'emboiin§;éus
2808 794 2928 877 est,
2955 786 3076 866 dies
3103 786 3229 891 584.
3341 798 3345 803 ’
3378 798 3385 804 “

1954 877 2112 937 Anno
2138 882 2275 939 XIX.
2308 886 2422 942 XII.
2448 886 2600 947 Lana
2630 872 2721 949 9l‘a
2746 890 2783 950 6‘
2804 872 3130 967 Kal.Ilaias,
3154 874 3327 974 usque
3356 922 3412 963 III
3437 906 3476 963 2

1882 968 2020 1028 Non.
2059 974 2213 1045 Apr.,
2243 981 2369 1050 quia
2397 986 2703 1041 communis
2722 976 2905 1046 ‘aunus
2936 978 3051 1059 est,
3085 982 3202 1051 dies
3230 994 3357 1055 554.

1954 1067 2108 1123 Anno
2136 1067 2281 1126 XIX.
2314 1070 2451 1129 XIII.
2483 1065 2636 1134 Luna
2669 1079 2736 1134 10
2766 1097 2795 1135 a
2826 1072 2964 1139 Non.
2994 1084 3122 1154 Apr.
3156 1103 3325 1158 usque
3354 1088 3407 1144 in
3437 1087 3472 1145 9

1880 1156 1999 1214 Kal.
2034 1161 2163 1232 Apr.
2196 1165 2322 1237 quia
2359 1164 2665 1227 communis
2700 1190 2875 1231 annus
2908 1185 3022 1244 est,
3050 1179 3164 1234 dies
3198 1156 3321 1235 554.

1949 1253 2106 1348 Anno
2143 1255 2284 1348 XIX.
2325 1260 2465 1348 XIV.
2508 1262 2659 1322 Luna
2700 1267 2760 1322 11
2804 1270 2873 1325 ah
2903 1271 2937 1326 8
2972 1270 3093 1327 Kal.
3129 1274 3260 1345 Apr.
3300 1288 3472 1348 usque

1880 1344 1932 1399 in
1968 1346 2105 1429 prid.
2143 1346 2214 1401 Id.
2252 1346 2407 1420 Apr.,
2437 1356 2561 1424 quia
2594 1346 2962 1417 embolimleus
2985 1373 3099 1429 est,
3130 1344 3245 1421 dies
3270 1344 3394 1423 584.

1950 1424 2107 1529 Anno
2143 1435 2284 1493 XIX.
2318 1439 2440 1496 XV.
2478 1436 2629 1499 Luna
2668 1444 2737 1502 12
2774 1465 2804 1503 a
2844 1448 2878 1503 5
2916 1450 2992 1506 Id.
3033 1424 3165 1523 Apr.
3210 1470 3379 1529 usun
3414 1455 3472 1529 in

1877 1520 1998 1578 Kal.
2030 1525 2162 1597 Apr.
2198 1530 2322 1598 quia
2354 1537 2658 1591 communis
2684 1532 2767 1593 est
2786 1580 2800 1605 ,
2826 1529 2942 1597 dies
2966 1520 3089 1599 554.

1886 1609 2107 1715 litim."
2134 1618 2277 1715 ΨΧ·
2312 1614 2635 1715 ΧἮέίυω
2668 1628 2734 1683 ⁵⁵
2764 1614 2793 1715 5.
2819 1629 2863 1715 ά.
2883 1629 3021 1715 NOII-
3054 1633 3184 1715 Αρτο
3216 1651 3386 1715 Issam:
3414 1637 3481 1713 n1.

1879 1702 1948 1758 12
1977 1704 2096 1789 Kal.
2130 1702 2290 1779 Apr.,
2324 1711 2451 1781 quia
2485 1710 2792 1773 communis
2819 1708 2998 1776 annus
3021 1702 3137 1789 est:
3167 1702 3435 1782 dies-554.

1949 1782 2278 1891 AnnoXIX.
2300 1801 2478 1859 XVII.
2518 1804 2674 1861 Luna
2704 1807 2769 1861 l4
2802 1808 2869 1864 ab
2898 1806 2957 1865 11
2988 1808 3106 1871 Kal.
3124 1782 3265 1883 'Ap‘r.
3299 1830 3472 1895 usque

1799 1895 1850 1971 ﬂ
1875 1884 1929 1940 in
1960 1885 1993 1941 5
2020 1880 2101 1943 Idi
2120 1880 2290 1959 'Apr.,
2326 1892 2449 1962 quia
2479 1894 2850 1954 embolimmus
2876 1894 2992 1966 est,
3026 1902 3140 1959 dies
3164 1880 3288 1960 584.

171 2005 289 2047 sem
318 1974 635 2054 Ianuarium
665 1974 967 2073 pertinens,
999 2026 1122 2064 nam
1151 2013 1291 2068 sicut
1327 1974 1530 2073 a'nnum
1558 2020 1770 2088 decem-
1824 1974 1845 2005 ἲ
1943 1976 2274 2088 §'[?°.x!x'
2307 1982 2492 2088 Χγξη
2546 1986 2696 2088 Luna
2732 1988 2799 2088 1.5
2835 2008 2864 2045 ³
2902 1988 3080 2088 μηδ’
3108 1988 3249 2088 ἔργ’
3290 2009 3462 2085 usque

170 2088 507 2149 novenualis,
546 2093 685 2163 cycli
732 2085 959 2168 propter
1008 2102 1233 2175 legalem
1281 2108 1632 2170 Hebraeorum
1662 2085 1773 2173 ὀὺ-

169 2183 538 2241 servationem
581 2204 611 2244 a
656 2189 904 2250 Paschali
946 2212 1132 2254 mense
1180 2201 1415 2268 inchoat,
1461 2205 1768 2279 ibidemque

169 2275 383 2345 linitur,
412 2280 567 2337 itaet
604 2282 695 2339 hic
742 2284 1113 2345 Romanorum
1170 2294 1513 2354 institutione
1561 2316 1592 2355 a
1639 2275 1768 2359 luna

166 2364 415 2425 Januarii
442 2373 644 2429 mensis
668 2374 910 2445 inchoat,
938 2390 1105 2452 atque
1130 2383 1202 2439 ibi
1228 2386 1444 2449 desinit.
1474 2386 1628 2445 Sicut
1654 2391 1764 2458 ille,

166 2460 248 2516 sic
286 2471 345 2518 et
368 2463 471 2519 iste
498 2467 732 2536 primum
757 2478 811 2524 et
854 2474 1152 2529 secundum
1187 2492 1390 2533 annum
1420 2480 1586 2537 habet
1614 2497 1766 2538 com-

162 2566 378 2627 manes,
433 2555 655 2611 tertium
719 2542 883 2616 habet
932 2563 1363 2632 embolimaeum,
1416 2579 1668 2639 quartum
1709 2580 1771 2631 et

161 2644 417 2713 quintum
447 2661 783 2718 communes,
801 2662 1014 2713 sextum
1039 2657 1455 2727 embolimaeum,
1474 2662 1765 2732 septimum

161 2752 550 2808 communem,
602 2751 857 2817 octavum
915 2747 1335 2806 embolimzeum.
1409 2751 1527 2809 Huc
1592 2770 1765 2825 usque

164 2826 408 2900 Ogdoas.
458 2833 704 2892 Endecas
743 2853 958 2908 quoque
1014 2840 1150 2913 cycli
1199 2842 1403 2899 lunaris
1449 2844 1622 2900 instar
1669 2847 1765 2904 de—

159 2925 608 2983 cemnovennalis
655 2929 791 3000 cycli
831 2931 862 2984 7
898 2947 1071 2990 annos
1108 2949 1427 2992 communes
1474 2938 1657 3006 habet,
1706 2947 1766 2996 et

156 3012 193 3067 4
222 3013 649 3085 cmholismales,
686 3029 743 3075 et
772 3020 937 3091 habet
960 3026 1267 3082 communis
1320 3042 1497 3087 annus
1545 3045 1763 3089 menses

157 3102 384 3179 lunares
426 3105 516 3177 η,
535 3096 587 3165 id
605 3119 689 3166 est
714 3112 828 3168 dies
851 3113 975 3169 554.
996 3116 1569 3187 Ειηιὶοιὶιηαδυεβυιθιη
1587 3138 1763 3183 annus

156 3196 328 3253 habet
360 3198 426 3255 l5
454 3216 701 3269 menses,
732 3205 984 3277 videlicet
1034 3208 1151 3277 dies
1191 3208 1296 3266 584
1337 3223 1539 3283 praeter
1591 3230 1760 3273 unum

1873 2068 1928 2124 in
1954 2069 1989 2125 4
2017 2071 2137 2128 Kal.
2168 2073 2298 2143 Apr.
2330 2078 2454 2146 quia
2486 2080 2788 2136 communis
2815 2092 2929 2148 est,
2962 2083 3077 2139 dies
3107 2080 3231 2139 554.

1914 2172 1919 2179 ‘
1942 2162 2101 2218 Anno
2123 2162 2264 2219 XIX.
2289 2165 2431 2221 XIX.
2463 2166 2607 2222 Luna
2628 2170 2691 2224 16
2711 2187 2740 2224 a
2764 2171 2798 2225 5
2817 2171 2935 2226 Kal.
2968 2170 3098 2245 Apr.
3128 2192 3297 2246 usque
3321 2176 3373 2230 in
3399 2175 3473 2241 I5

1871 2250 1991 2308 Kal.
2014 2253 2202 2321 Maias,
2225 2259 2351 2328 quia
2377 2259 2744 2319 embolimzeus
2771 2271 2851 2320 est
2868 2306 2883 2330 ,
2910 2267 3024 2322 dies
3045 2266 3168 2323 584.
3199 2268 3462 2326 Endecas.

1942 2343 2087 2413 Quot
2116 2358 2243 2403 sunt
2270 2365 2484 2407 menses
2513 2353 2603 2424 qui
2635 2353 2838 2411 habent
2863 2355 2925 2411 51
2958 2357 3112 2413 dies?
3138 2359 3192 2424 7,
3222 2360 3323 2415 hoc
3349 2372 3459 2429 est,

1868 2430 2090 2494 Ianuar.
2114 2440 2275 2496 Mart.
2299 2442 2421 2498 Mai.
2443 2444 2550 2499 Jul.
2583 2447 2722 2518 Aug.
2756 2448 2949 2505 Octob.
2981 2450 3235 2508 Decemb.
3269 2453 3399 2508 Item
3426 2455 3469 2525 4,

1870 2544 2107 2599 menses,
2138 2533 2230 2603 qui
2267 2534 2471 2591 habent
2505 2536 2622 2593 dies
2658 2536 2749 2606 50,
2787 2539 2891 2596 hoc
2926 2550 3013 2598 est
3047 2544 3179 2613 Apr.
3213 2542 3336 2599 Jun.
3366 2540 3469 2599 Se4

1868 2626 2074 2695 ptemb.
2117 2635 2172 2681 et
2206 2627 2472 2685 Novemb.
2510 2628 2846 2691 Februarius
2885 2636 3191 2693 autem-28.
3227 2637 3462 2709 Comqua

1868 2720 2057 2771 Omnes
2089 2733 2339 2785 menses,
2375 2730 2436 2775 ut
2466 2723 2937 2795 unusquisque‘50
2962 2727 3080 2784 dies
3112 2729 3336 2796 habent,
3370 2746 3462 2784 su-

1866 2816 2095 2875 persunt
2144 2807 2177 2862 5
2221 2808 2336 2865 dies
2374 2810 2749 2870 intercalares.
2789 2814 3098 2888 Cum‘ipsis
3132 2804 3459 2890 augmenta,

1868 2897 1959 2955 ubi
1987 2915 2121 2970 opus
2147 2900 2331 2957 fuerit.
2368 2901 2479 2960 Hoc
2505 2913 2688 2962 autem
2718 2909 2890 2975 scito,
2918 2911 3046 2980 quia
3081 2912 3126 2968 si
3166 2929 3307 2967 unus
3342 2913 3460 2970 dics

1864 2989 1987 3063 plus
2015 3002 2108 3049 aut
2140 2995 2319 3052 minus
2345 2995 2539 3066 fuerit,
2567 2998 2788 3057 evidens
2811 3012 2968 3059 error
2990 3013 3094 3062 est.

1874 3088 1895 3095 ”
1974 3086 2052 3141 De
2090 3098 2243 3145 (etate
2278 3089 2418 3146 [unm
2455 3092 2502 3147 si
2537 3095 2655 3165 quis
2681 3104 2983 3166 computare
3015 3115 3117 3152 non
3155 3109 3341 3170 potest.

1935 3177 2145 3235 CXXV.
2175 3180 2328 3249 Quod
2352 3183 2397 3239 si
2424 3183 2559 3240 adeo
2584 3187 2839 3257 quiquam
2869 3189 3045 3254 deses,
3068 3190 3149 3244 vel
3175 3191 3340 3247 hebes
3363 3192 3454 3261 sit,

155 3287 441 3346 dumtaxat
468 3293 529 3346 17
563 3262 764 3351 annum
801 3268 945 3368 cycli.
981 3270 1161 3368 hujus,
1208 3301 1301 3373 qui
1337 3262 1440 3360 (est
1475 3305 1756 3374 decernim-

1878 3281 1926 3327 at
1974 3274 2177 3344 absque
2220 3277 2366 3331 omni
2406 3277 2593 3335 labore
2637 3282 2983 3352 computandi
3028 3283 3169 3339 lunae
3235 3301 3453 3340 cursum

154 3384 406 3440 vennalis
436 3386 660 3456 primus,
690 3389 744 3445 in
772 3405 880 3459 quo
913 3408 1050 3447 unus
1076 3394 1145 3449 de
1174 3395 1387 3454 ratione
1416 3397 1591 3455 saltus
1618 3399 1761 3461 lunai

151 3476 522 3551 intercipitur.
554 3480 785 3561 Quaem.1
809 3484 1149 3561 manifestius
1186 3486 1336 3544 clara
1372 3490 1540 3557 ﬁant,
1567 3492 1755 3564 singu-

149 3566 336 3643 lorum
386 3585 652 3633 annorum
711 3576 981 3651 ordinem,
1010 3586 1066 3633 et
1111 3593 1331 3635 cursum
1360 3579 1665 3650 videamus,
1695 3591 1754 3639 et

150 3677 283 3735 qua:
308 3663 603 3738 Dionysius
628 3668 683 3724 in
713 3683 901 3725 mense
944 3668 1222 3742 Paschali,
1248 3688 1349 3730 nos
1386 3673 1443 3730 in
1492 3673 1755 3734 Januario

146 3752 340 3814 facere
361 3773 637 3816 curamus.
724 3798 747 3807 κ

222 3878 417 3930 Annus
445 3872 647 3931 solaris
676 3874 869 3946 incipit
913 3890 946 3930 a
978 3875 1101 3930 Kal.
1132 3875 1320 3945 Janu.,
1352 3886 1408 3933 et
1438 3875 1604 3933 habet
1631 3879 1751 3936 dies

143 3962 289 4029 565.
318 3966 521 4023 Annus
540 3967 844 4023 communis
868 3968 1031 4024 habet
1058 3970 1176 4025 dies
1196 3966 1322 4026 554.
1350 3970 1540 4027 Annus
1564 3980 1749 4028 autem

143 4056 529 4116 embolimaeus
556 4059 721 4116 habet
750 4061 868 4119 dies
898 4061 1040 4129 584,
1071 4071 1128 4119 et
1156 4078 1375 4120 menses
1405 4064 1486 4120 15.

218 4175 385 4233 Anno
408 4174 891 4237 decemnovennali
923 4181 963 4238 I.
991 4180 1140 4238 Luna
1174 4184 1251 4239 l7
1272 4199 1302 4239 a
1334 4183 1401 4240 15
1427 4184 1548 4241 Kal.
1577 4184 1747 4255 Maias

140 4278 330 4341 usque
367 4272 431 4327 ad
468 4270 608 4328 Non.
648 4273 782 4345 Apr.
821 4274 947 4347 quia
984 4278 1284 4334 communis
1317 4287 1432 4345 est‘,
1469 4279 1585 4336 dies
1614 4280 1740 4336 554.

218 4366 380 4422 Auno
413 4366 556 4424 XIX.
591 4367 655 4425 Il.
696 4369 859 4427 Luna
884 4373 952 4428 18
983 4389 1012 4428 a
1044 4375 1184 4443 prid.
1226 4375 1366 4432 Non.
1397 4376 1527 4449 Apr.
1564 4384 1740 4450 usque

136 4456 201 4515 in
236 4458 272 4514 8
300 4454 422 4514 Kal.
461 4459 592 4531 Apr.
629 4461 757 4535 quia
783 4456 1088 4521 communis
1114 4482 1288 4523 annus
1317 4477 1430 4537 est,
1464 4470 1581 4526 dies
1609 4469 1738 4528 554.

215 4553 382 4608 Anno
416 4552 560 4610 XIX.
596 4553 683 4611 III.
716 4548 965 4614 Lunai!)
998 4558 1065 4615 ab
1094 4558 1126 4613 7
1154 4558 1276 4615 Kal.
1309 4562 1441 4633 Apr.
1475 4579 1649 4637 usque
1680 4565 1738 4621 in

136 4643 228 4702 Id.
260 4645 393 4717 Apr.
428 4646 567 4718 quia
587 4638 959 4715 embolim'éeus
986 4659 1099 4719 est,
1130 4646 1249 4708 dies
1278 4652 1403 4708 584.
1498 4650 1505 4661 ’
1602 4656 1609 4663 '

164 4736 169 4741 ’
216 4736 380 4792 Anno
414 4735 557 4792 XIX.
597 4734 688 4794 IV.
726 4736 880 4795 Luna
912 4738 936 4793 1
970 4756 1000 4796 a
1034 4741 1174 4812 prid.
1212 4742 1291 4797 ω.
1324 4740 1453 4814 Apr.
1486 4759 1659 4814 usque
1688 4746 1749 4813 in.

134 4829 174 4884 4
208 4826 354 4885 Non.
384 4829 515 4901 Apr.
550 4830 679 4905 quia
710 4833 1017 4889 communis
1049 4848 1223 4890 annus
1250 4844 1369 4902 est,
1390 4836 1514 4893 'dies
1541 4832 1666 4892 554.

160 4910 163 4919 ’
213 4921 379 4978 Anno
414 4920 554 4979 XIX.
594 4920 659 4978 ν.
702 4914 927 4980 Luna?
961 4940 992 4981 a
1030 4926 1149 4983 Kal.
1186 4926 1323 4998 Apr;
1356 4944 1527 5001 usque
1566 4930 1621 4985 in
1673 4932 1748 5000 11,

134 5015 281 5079 Kal.
304 5016 434 5088 Apr.
466 5019 592 5089 quia
626 5019 929 5075 communis
964 5037 1139 5076 annus
1169 5031 1284 5089 est,
1319 5023 1434 5079 dies
1462 5023 1591 5080 554.

160 5114 165 5121 ί
213 5110 376 5167 Anno
400 5106 541 5166 XIX.
576 5107 661 5166 VI.
691 5110 841 5215 [ama
875 5111 911 5166 5
949 5105 1078 5211 10
1104 5113 1221 5169 Kal.
1256 5116 1383 5215 Apr.
1418 5132 1587 5215 usque
1615 5116 1666 5173 in
1699 5116 1747 5215 4l

131 5197 224 5255 Id.
261 5199 367 5272 Ap.
403 5203 525 5274 quia
556 5202 931 5259 embolimams
963 5206 1136 5262 annus
1165 5214 1284 5273 est,
1316 5208 1431 5265 dies
1463 5209 1587 5266 581.

209 5294 373 5348 Αηηο
409 5293 547 5350 XIX.
592 5291 702 5349 VII.
739 5292 889 5352 Luna
919 5297 956 5353 4
984 5317 1012 5356 a
1041 5300 1075 5356 5
1109 5298 1184 5354 Id.
1224 5300 1355 5371 Apr.
1399 5319 1574 5376 usque
1607 5304 1659 5359 in
1698 5303 1733 5359 5

126 5382 266 5453 Kal.
300 5384 423 5455 A‘pr.
455 5389 581 5459 quia
619 5382 916 5443 communis
948 5403 1060 5459 est,
1098 5390 1210 5446 dies
1240 5392 1366 5451 554.

152 5474 183 5493 “’
203 5476 369 5532 Anno
390 5477 526 5537 XIX.
556 5474 693 5542 VIII.
718 5476 865 5545 Luna
890 5478 924 5536 5
952 5502 981 5541 a
1004 5482 1145 5558 prid.
1173 5484 1293 5542 Kal.
1328 5488 1459 5571 Apr.
1485 5504 1652 5561 usque
1675 5488 1729 5543 in

122 5569 191 5608 ιι
219 5566 321 5610 mn
368 5569 484 5606 tm:
531 5571 663 5604 ..ητη
691 5570 1052 5606 λωιηιε--ςω--η
1082 5583 1157 5604 ηη·
1203 5576 1315 5620 ’³³’νῖ
1341 5566 1445 5622 2921'
1493 5582 1704 5622 nmina:

639 5587 663 5598 Α
691 5570 1052 5606 Λωιῖλιξιῆωειη
1082 5583 1157 5604 nn.

1866 3363 2011 3419 scire
2048 3364 2309 3432 voluerit,
2354 3367 2617 3424 iunitetur
2652 3371 3002 3442 Alphahctis,
3046 3391 3166 3445 quae
3203 3377 3253 3430 in
3295 3377 3459 3449 hujus

1864 3453 2042 3508 annali
2077 3454 2329 3513 videlicet
2360 3457 2541 3515 libello
2563 3458 2719 3532 juxta
2751 3478 2972 3518 cursum
3019 3466 3271 3521 distinata
3300 3458 3456 3527 luna-

1861 3557 1974 3597 rem
1995 3584 2008 3609 ,
2034 3545 2126 3599 ubi
2153 3547 2286 3602 duos
2319 3548 2456 3604 lunae
2481 3549 2774 3619 circuitus,
2814 3555 2954 3610 idest
3005 3550 3442 3629 quinquagenos,

1857 3643 1915 3689 et
1962 3649 2201 3692 novenos
2249 3636 2366 3694 dies
2413 3651 2563 3698 terna
2611 3652 2758 3700 tenet
2788 3644 3114 3716 Alphabeta.
3157 3649 3223 3704 Et
3261 3668 3453 3721 quam-

1858 3739 2093 3796 cumque
2130 3726 2344 3784 literam
2413 3730 2539 3787 luna
2583 3734 2634 3789 in
2674 3734 2777 3791 hac
2820 3736 2999 3793 aetate
3032 3740 3199 3795 semel
3248 3742 3449 3807 habet,

1857 3815 2106 3871 eamdem
2148 3832 2246 3888 per
2273 3826 2443 3875 totum
2470 3820 2680 3878 annum
2720 3824 2881 3880 simili
2920 3828 3081 3897 modo
3116 3838 3354 3885 notatam
3394 3831 3451 3886 in

1855 3907 2044 3962 eadem
2076 3922 2293 3980 semper
2316 3905 2477 3968 ktate
2500 3910 2710 3989 habere
2752 3919 3128 3988 n’ou'desinlt,
3168 3923 3270 3978 nisi
3307 3921 3450 3980 forte

1855 3996 2057 4081 (quod
2118 4010 2299 4059 tamen
2348 4019 2475 4060 raro
2524 4008 2788 4081 accidit),
2834 4012 3279 4070 emhoIismorum
3328 4015 3448 4070 haec

1854 4093 1997 4149 ratio
2024 4078 2313 4163 immutet;
2346 4096 2478 4172 v.'g.
2513 4116 2656 4156 anno
2686 4105 2847 4159 tertio
2875 4105 3009 4175 cycli
3043 4105 3447 4183 decemnoven-

1852 4184 1993 4242 nalis
2026 4186 2152 4242 luna
2190 4203 2310 4258 quae
2345 4190 2414 4244 50
2452 4191 2566 4247 dies
2602 4194 2856 4249 habitura
2892 4192 3001 4260 eSt,‘
3035 4212 3250 4268 semper
3297 4199 3364 4253 ah
3395 4198 3442 4254 A

1813 4327 1816 4330 .
1850 4276 1992 4333 nodo
2030 4277 2253 4348 incipit,
2285 4282 2523 4351 secunda
2550 4276 2715 4339 estin
2748 4284 2809 4351 Β,
2843 4286 3002 4341 tertia
3035 4287 3088 4342 in
3116 4285 3156 4343 (ἰ
3189 4287 3445 4344 similiter

1850 4372 2041 4438 nodis,
2075 4372 2213 4427 idest
2270 4373 2419 4429 nullo
2444 4385 2648 4447 puncto
2676 4378 2694 4399 ί
2723 4378 3023 4436 adnotaris.
3052 4380 3117 4436 Et
3139 4381 3218 4437 sic
3248 4395 3315 4436 ex
3346 4388 3442 4435 or-

1849 4463 1977 4520 dine
2025 4480 2136 4520 suae
2185 4464 2358 4522 litera:
2424 4484 2695 4540 quamque
2744 4487 2975 4551 reserva
3010 4481 3224 4533 aetatem
3277 4473 3439 4529 lume.

1847 4553 1981 4611 Item
2027 4555 2151 4611 luna
2176 4599 2190 4624 ,
2218 4574 2337 4629 quae
2383 4560 2601 4616 eosdem
2658 4562 2729 4617 50
2762 4560 2877 4619 dics
2902 4558 3164 4620 habitura
3195 4574 3279 4621 est
3308 4564 3376 4620 ab
3414 4565 3437 4620 I

1767 4631 2143 4722 usubnmato
2186 4644 2483 4725 incipiens,
2530 4657 2768 4713 secunda
2808 4674 3022 4731 semper
3067 4658 3121 4715 in
3161 4660 3245 4725 Μ,
3282 4659 3446 4716 tertia

1851 4752 1936 4802 est
1970 4744 2024 4800 in
2075 4743 2119 4800 N
2169 4746 2332 4803 simili
2367 4749 2571 4822 ﬁgura,
2604 4759 2660 4804 et
2688 4751 2771 4819 sic
2799 4770 2866 4809 ex
2914 4743 3106 4811 ordine
3154 4769 3446 4811 recurrens

1850 4837 2040 4893 lunam
2091 4841 2174 4897 sui
2207 4839 2533 4913 cuicumque
2567 4842 2743 4916 literae
2783 4832 3027 4909 realituit
3062 4859 3301 4905 aetatem.
3335 4847 3444 4902 De-

1850 4932 2146 4991 scendendi
2177 4931 2324 4990 enim
2360 4936 2532 5008 gratia
2565 4936 2800 5007 primum
2846 4940 2913 5000 de
2954 4936 3126 5000 ternis
3166 4940 3445 5012 Alphabe-

1738 5028 1747 5041 ‘
1848 5024 1967 5082 tum'
2014 5026 2174 5086 nodis
2222 5026 2479 5101 utrinque
2524 5027 2702 5086 literis
2748 5034 3047 5093 secundum
3101 5031 3449 5119 subnolcris,

1845 5104 2068 5179 tertiam
2129 5139 2348 5198 semper
2404 5110 2610 5183 notaris
2669 5112 3149 5203 determinandum
3207 5118 3465 5211 providit

1844 5204 2165 5278 antiauitas.
2282 5208 2285 5211 λ
3034 5220 3045 5227 ’

2066 5308 2208 5370 Item
2263 5308 2326 5364 de
2366 5310 2507 5365 (una:
2545 5324 2703 5364 cursu
2738 5318 2786 5370 si
2826 5322 2940 5393 qu's
2975 5319 3204 5390 ignorat.

1917 5396 2159 5462 CXXVI-
2196 5401 2256 5459 Si
2284 5405 2406 5472 (Illis
2432 5414 2563 5457 "€70
2591 5401 2760 5460 ﬁliam
2798 5402 3101 5467 calculandi
3133 5403 3311 5487 minus
3341 5401 3461 5456 ido-

1844 5505 1983 5550 ueus
2034 5491 2253 5554 lunaris
2282 5494 2545 5551 circuitus
2574 5493 2768 5554 existit
2801 5506 3082 5562 curiosus,
3126 5505 3178 5551 et
3216 5490 3347 5548 huic
3388 5492 3463 5579 ad

1841 5590 2296 5628 nnmmndilnlnm
2331 5583 2580 5628 Innnnin“
2608 5588 2690 5624 an;
2723 5598 3139 5628 ηηωηιηιιηινιηο
3173 5603 3192 5610 ⁸
