4020 6310
495 413 635 475 1555

1312 419 1607 480 APPEND.
1646 419 1740 478 AD
1779 417 1952 480 SEC.
1992 412 2085 478 IX.
2123 451 2192 466 —
2224 415 2596 478 AUCTORES
2630 415 2962 476 ANONYMI.

3640 413 3790 474 1556

488 529 718 588 secundi
759 528 894 586 ordo
928 528 1152 588 vicenos
1187 539 1441 604 septenos
1480 525 1628 603 dies,
1674 534 1865 592 tertius
1903 541 2086 591 autem
2112 538 2166 600 Α
2191 533 2361 606 ipsius
2387 540 2491 589 est.
2540 532 2632 588 Illa
2684 533 2828 589 enim
2875 533 3036 600 luna,
3079 545 3201 604 quae
3246 529 3497 588 initiatur
3539 532 3729 602 prima
3757 533 3794 588 ι

494 639 605 678 uno
656 622 888 694 amplius
935 624 1350 696 complectatur,
1401 626 1492 682 illo
1539 625 1824 694 videlicet,
1873 627 1966 699 qui
2015 627 2083 683 de

2181 624 2321 682 Non.
2366 624 2664 697 Septemb,
2712 635 2768 681 et
2821 625 3010 682 ﬁnitur
3053 624 3126 680 50
3167 624 3289 682 Kal.
3343 623 3540 681 Octob.
3587 625 3792 680 embo-

494 713 661 770 tertio
691 713 936 784 repetitis
961 724 1087 771 octo
1116 716 1268 773 horis
1295 717 1584 789 superﬁuis
1608 717 1916 786 adcrescit,
1946 728 2002 774 et
2026 725 2086 775 ut
2183 716 2410 773 lismalis
2429 724 2533 772 cst.
2559 716 2627 772 Et
2648 715 2762 783 illa,
2790 730 2910 788 qua;
2934 715 3122 788 incipit
3142 715 3316 787 prima
3337 715 3390 770 6.
3418 715 3558 771 Non.
3584 715 3795 772 Octob.

493 808 647 874 dies,
700 823 806 877 quo
854 809 1070 881 signare
1116 810 1464 878 volebamus,
1516 811 1690 868 literae
1729 810 2039 869 suﬁicerent
2067 851 2082 878 ,

492 913 602 953 non
629 897 854 970 singulis
881 899 982 956 has
1009 900 1201 958 diebus
1229 902 1608 974 adposuimus,
1638 912 1801 976 atque
1831 904 1953 960 ideo
1979 918 2087 959 non

490 986 634 1042 ultra
661 985 706 1044 Ο
730 987 1094 1060 Alphabetum
1120 1000 1340 1065 tangere
1363 1007 1500 1064 opus
1523 1003 1661 1050 erat.
1689 993 2090 1065 Praeposuimus

492 1077 670 1134 eidem
715 1081 867 1150 operi
910 1083 1164 1152 paginam
1207 1083 1482 1156 regulam,
1516 1100 1638 1155 quae
1667 1086 1855 1142 decem
1896 1094 1951 1141 et
1991 1100 2091 1139 no-

489 1183 615 1224 vem
643 1169 941 1240 Alphabeta
986 1171 1293 1242 hujusr'nodi
1333 1191 1364 1230 a
1408 1177 1638 1233 diversis
1663 1174 1848 1233 literis
1895 1177 2090 1232 incho-

490 1259 641 1316 antia
672 1261 894 1317 totidem
923 1279 1191 1320 annorum
1219 1265 1408 1322 circuli
1446 1267 1954 1324 decemnovennalis
2003 1283 2094 1323 ca-

490 1357 649 1418 peret
689 1351 848 1407 simul
879 1363 934 1409 et
980 1357 1244 1412 mensium
1294 1358 1666 1430 singulorum,
1707 1361 2097 1432 signorumun

489 1441 753 1496 vocabula
799 1444 1118 1513 duodecim,
1157 1464 1278 1519 qua:
1320 1450 1424 1506 hoc
1449 1450 1644 1507 ordine
1685 1451 1943 1521 disposita
1987 1459 2092 1507 est.

490 1529 654 1587 Juxta
682 1549 968 1592 numerum
995 1537 1234 1605 dierum,
1267 1540 1464 1612 quibus
1502 1542 1628 1598 luna
1655 1543 1936 1599 zodiacum
1967 1558 2094 1614 per-

492 1623 670 1681 solvat
723 1619 817 1681 27'
846 1627 1019 1685 lineas
1069 1631 1234 1686 habet
1285 1631 1342 1686 in
1395 1631 1731 1705 longitudine
1783 1633 2098 1690 nominibus

493 1716 831 1789 singulorum
883 1730 1041 1788 ante,
1093 1723 1405 1781 nominibus
1457 1738 1585 1781 vero
1629 1723 1898 1781 mensium
1945 1731 2098 1781 retro

493 1809 806 1880 adnotatis,
836 1820 896 1868 ut
925 1815 1020 1884 qui
1048 1815 1325 1885 signorum
1359 1816 1644 1889 imperitus
1671 1826 1782 1883 est,
1825 1832 1896 1874 ex
1946 1830 2099 1873 men—

2187 819 2243 865 et
2284 810 2319 865 5
2349 808 2464 883 Kal.
2497 807 2758 865 Novemb.
2811 807 3000 862 linitur
3024 807 3120 874 29,
3150 806 3277 862 luna
3304 805 3560 863 Octobris
3589 819 3704 863 est.
3735 805 3798 862 In

2188 899 2309 955 Kal.
2353 914 2480 956 vero
2520 898 2782 955 Novemb.
2813 907 2870 954 et
2916 897 3169 955 Decemb.
3222 898 3283 954 ﬁt
3317 898 3443 954 luua
3493 898 3532 952 2
3572 899 3630 954 in
3667 897 3798 954 Kal.

2187 988 2410 1045 Januar.
2444 989 2498 1056 4,
2538 989 2680 1045 sicut
2701 989 2836 1045 ordo
2857 1001 2963 1046 est.
3030 1001 3034 1004 '

2307 1089 2328 1104 ’·
2369 1079 2504 1135 Item
2533 1081 2598 1135 de
2622 1082 2776 1135 tertio
2805 1098 2945 1136 anno
2970 1081 3292 1136 embolimaao
3315 1081 3595 1154 ogdoadis.

2265 1173 2502 1230 CXXIX.
2539 1163 2671 1229 Item
2719 1175 2784 1230 de
2842 1177 3002 1230 tertio
3051 1189 3194 1230 anno
3235 1175 3619 1238 embolimaeo,
3679 1186 3809 1229 sud

2195 1255 2377 1322 autem
2427 1267 2482 1321 in
2532 1265 2725 1324 ultimo
2760 1265 3099 1322 cmbolimmo
3127 1267 3388 1338 ogdoadis
3428 1275 3647 1337 CpﬂClil}
3713 1267 3808 1329 t'i;

2195 1358 2322 1413 luna
2363 1374 2495 1414 vero
2535 1358 2590 1412 in
2621 1357 2738 1413 Kal.
2783 1357 3060 1430 Septemb.
3107 1367 3162 1414 et
3207 1358 3399 1414 Octob.
3440 1358 3540 1423 22,
3589 1359 3650 1412 in
3687 1358 3810 1410 Kal.

2198 1451 2456 1509 Novemb.
2475 1461 2528 1508 et
2552 1452 2910 1517 Decemb.24,
2938 1453 2990 1507 in
3014 1451 3133 1508 Kal.
3152 1451 3312 1506 Mart.
3335 1451 3426 1517 26,
3447 1453 3502 1506 in
3527 1449 3658 1505 Kal.
3679 1453 3720 1504 A
3731 1468 3811 1520 pr.

2202 1550 2259 1598 et
2285 1542 2406 1597 Maii
2435 1542 2526 1609 27,
2556 1542 2610 1598 in
2637 1541 2756 1597 Kal.
2777 1541 2903 1598 Jun.
2928 1552 2984 1598 et
3009 1541 3096 1598 Jul
3125 1541 3215 1608 29,
3241 1543 3296 1597 in
3328 1540 3447 1596 Kal.
3483 1540 3636 1612 Aug.
3677 1542 3730 1602 I,
3763 1541 3812 1593 in

2199 1633 2624 1712 Kal._Seplemb.
2658 1636 2712 1691 5.
2746 1635 2927 1705 Quare
2955 1635 3092 1692 facis
3120 1651 3284 1692 unam
3314 1643 3538 1691 :etatem
3571 1635 3725 1689 lunae
3755 1634 3808 1688 in

2202 1723 2320 1779 Kal.
2351 1724 2482 1794 Apr.
2515 1734 2571 1780 et
2613 1725 2668 1780 in
2696 1725 2793 1780 Kal
2829 1724 2982 1791 Mai.,
3011 1725 3139 1795 quia
3172 1740 3438 1795 nusquam
3490 1726 3577 1781 sic
3617 1726 3679 1779 in
3707 1725 3813 1780 cal-

2203 1816 2325 1872 culo
2360 1817 2691 1888 requiritur;
2739 1817 2860 1874 ideo
2885 1819 3085 1890 quippe
3115 1819 3242 1889 quia
3279 1818 3429 1885 luna,
3459 1835 3591 1889 quae.
3624 1818 3702 1872 27
3736 1827 3816 1873 est

493 1903 638 1958 sium
665 1913 847 1962 tamen
877 1907 1071 1963 notitia
1100 1910 1272 1980 possit
1300 1910 1545 1966 invenire
1571 1911 1714 1982 quod
1742 1911 1956 1982 quaerit.
1985 1911 2089 1967 De-
2117 1912 2170 1977 Β
2195 1907 2249 1964 in
2264 1908 2384 1963 Kal.
2408 1909 2638 1979 Apr.,in
2659 1910 2712 1964 4.
2740 1909 2876 1966 Non.
2898 1911 3027 1982 Apr.
3053 1911 3146 1978 28,
3169 1913 3203 1968 5
3233 1910 3371 1968 Νοη.
3389 1912 3645 1982 Apr.29,
3673 1912 3812 1982 prid.

495 2010 616 2052 cem
645 2013 780 2055 vero
803 2007 859 2056 et
883 2016 1080 2057 novem
1112 2003 1276 2059 habet
1304 2003 1357 2058 in
1392 2003 1677 2060 latitudine
1720 2003 1930 2070 lineas,
1973 2017 2098 2082 quas

495 2089 688 2147 ordine
734 2092 1248 2150 decemnovennalis
1284 2095 1476 2152 circuli
1519 2095 1887 2166 superscripto
1927 2095 2097 2151 adno-

498 2190 616 2238 tato
640 2199 908 2241 annorum
949 2202 1013 2242 ex
1054 2202 1284 2244 numero
1311 2198 1709 2258 prtemonsuet.
1753 2187 1888 2244 Cum
1930 2187 2098 2258 igitur

498 2289 644 2332 anno
681 2276 924 2347 quolibet
948 2278 1090 2335 diem
1121 2279 1420 2351 quemlibet
1447 2281 1501 2335 in
1529 2295 1636 2352 quo
1666 2281 1820 2352 signo
1841 2265 1968 2347 ,‘vel
1997 2265 2102 2336 cu?

493 2368 586 2439 jus
618 2371 822 2427 mensis
853 2373 905 2427 in
931 2373 1179 2443 partibus
1205 2373 1390 2430 lunam
1444 2374 1642 2440 habet,
1675 2376 1817 2430 scire
1856 2375 2100 2432 volueris

501 2470 724 2532 aperto,
753 2461 966 2519 literam
996 2479 1052 2534 q.
1084 2468 1098 2486 '
1129 2465 1271 2521 idem
1298 2466 1370 2521 sit
1398 2467 1674 2540 proposita
1702 2469 1816 2534 die,
1846 2484 2101 2526 recurres

501 2555 569 2612 ad
597 2556 900 2628 regularem
919 2552 1214 2632 paginam,
1245 2560 1300 2616 in
1328 2576 1434 2632 qua
1465 2561 1747 2618 literarum
1787 2569 1870 2617 est
1907 2561 2101 2617 distin-

500 2657 590 2704 cta
615 2651 920 2721 congeries,
953 2652 1254 2724 eodemque
1280 2653 1464 2708 statim
1491 2669 1637 2708 anno
1662 2668 1727 2708 ex
1760 2652 1918 2707 titulo
1947 2651 2101 2707 fron-

501 2742 576 2798 tis
605 2742 825 2800 invento
860 2745 1036 2812 illam,
1065 2761 1229 2817 quam
1258 2747 1573 2817 quaerebas,
1609 2746 1824 2802 literam
1855 2744 2101 2814 ejusdem

503 2831 611 2890 diei
642 2835 920 2904 invenies,
953 2845 1118 2908 atque
1143 2848 1304 2907 ante,
1346 2853 1411 2894 ac
1446 2847 1596 2894 retro
1647 2838 1917 2910 incipiens
1955 2836 2104 2907 quod

503 2925 718 2998 signum
735 2969 750 2992 ,
776 2941 1010 2999 quemve
1032 2945 1275 2987 mensem
1301 2944 1333 2986 e
1357 2930 1578 3002 regione
1605 2929 1769 2986 habet
1793 2930 2098 2985 adnotabis.

504 3015 779 3074 Ponamus
819 3020 1071 3091 aliquod,
1117 3037 1226 3092 quo
1271 3022 1338 3078 ad
1380 3031 1578 3080 caetera
1612 3021 1810 3078 Lector
1850 3020 2103 3078 convale-

505 3118 624 3165 scat
652 3113 979 3184 exemplum.
1011 3114 1249 3184 Quaeris,
1289 3117 1382 3174 ubi
1439 3117 1510 3173 sit
1570 3117 1696 3172 luna
1723 3135 1776 3172 v.
1807 3133 1860 3188 g.
1892 3118 1946 3172 in
1976 3115 2099 3171 Kal.

2195 1998 2337 2054 Non.
2369 1999 2500 2070 Apr.
2532 2000 2603 2054 50
2629 1998 3022 2056 embolismalis
3045 2009 3130 2056 est
3170 2003 3404 2074 extingit
3429 2003 3568 2057 illic.
3623 2002 3694 2056 Et
3731 2003 3816 2056 illa

2196 2085 2317 2162 qna:
2348 2091 2596 2146 initiatur
2617 2090 2754 2146 Non.
2788 2092 2921 2164 Apr.
2945 2094 3063 2172 ipsa
3093 2103 3176 2149 est
3200 2093 3483 2150 Paschalis
3504 2135 3520 2161 ,
3547 2105 3608 2149 et
3634 2095 3818 2150 evenit

2197 2185 2288 2252 14,
2319 2185 2385 2240 14
2418 2185 2537 2240 Kal.
2561 2184 2707 2252 Maii,
2736 2193 2792 2242 et
2823 2187 3146 2242 terminatur
3168 2187 3260 2254 29,
3291 2185 3486 2244 5Non.
3523 2187 3658 2242 Maii
3690 2189 3813 2242 luna

2196 2277 2397 2348 Aprilis
2421 2286 2522 2332 est.
2560 2275 2651 2332 Illa
2677 2292 2807 2332 vero
2836 2293 2956 2347 quae
2983 2288 3068 2334 est
3096 2281 3270 2348 prima
3298 2279 3333 2334 4
3389 2277 3540 2335 Νοη.
3571 2279 3728 2343 .‘lIaii,
3763 2287 3816 2332 et

2199 2367 2386 2424 ﬁnitur
2421 2367 2511 2433 50,
2551 2366 2586 2420 4
2630 2366 2768 2422 Νοιι.
2814 2366 2967 2433 Jun.,
3010 2367 3134 2424 luna
3167 2368 3293 2424 Maii
3315 2380 3430 2436 est;
3475 2370 3610 2424 luna
3642 2371 3815 2434 enim,

2199 2475 2324 2531 quae
2351 2459 2601 2514 initiatur
2628 2459 2804 2530 prima
2848 2460 2882 2514 5
2909 2459 3044 2515 Νοη.
3093 2459 3219 2516 Jun.
3264 2460 3564 2530 ﬁniturque
3591 2461 3668 2516 29
3693 2460 3815 2515 Kal.

2199 2549 2306 2606 Jul.
2339 2549 2464 2603 luna
2492 2548 2640 2604 Junii
2667 2558 2772 2606 est.
2801 2548 2951 2604 Luna
2980 2565 3217 2621 namque
3237 2567 3358 2621 qua:
3388 2551 3587 2622 incipit
3612 2551 3650 2606 6
3674 2551 3813 2605 Non.

2200 2642 2336 2710 Jul.,
2374 2643 2812 2714 terminaturque
2841 2643 2912 2700 50
2961 2644 3102 2714 prid.
3134 2643 3253 2699 Kal.
3285 2645 3425 2716 Aug.
3447 2687 3464 2711 ,
3505 2645 3641 2699 luna
3686 2645 3816 2699 Julii

2202 2741 2306 2789 est.
2349 2733 2541 2788 Postea
2584 2742 2766 2788 autem
2812 2733 2873 2788 ﬁt
2903 2733 3031 2788 luna
3080 2733 3133 2789 in
3184 2733 3301 2788 Kal.
3340 2735 3482 2807 Aug.
3537 2737 3724 2806 prima
3763 2737 3818 2790 in

2202 2827 2325 2882 Kal.
2379 2827 2656 2898 Septemb.
2706 2827 2781 2894 5,
2830 2828 2971 2884 sicut
3014 2827 3154 2884 ordo
3194 2829 3376 2885 habet.
3427 2830 3566 2884 Nam
3603 2832 3652 2884 si
3706 2846 3820 2886 non

2203 2915 2430 2973 fecisses
2458 2932 2622 2972 unam
2649 2925 2862 2974 artatem
2903 2917 3044 2974 lunze
3085 2918 3141 2973 in
3177 2918 3298 2974 Kal.
3326 2921 3483 2991 Apr.,
3516 2931 3572 2976 et
3603 2923 3658 2976 in
3691 2922 3816 2977 Kal.

2204 3008 2352 3073 Maii,
2386 3018 2442 3062 et
2463 3009 2506 3064 si
2533 3024 2642 3064 non
2674 3008 2866 3066 fuisset
2888 3011 3012 3066 luna
3035 3013 3446 3080 embolismalis,
3473 3031 3599 3086 qua:
3628 3018 3822 3071 ﬁnitur

2204 3100 2275 3156 50
2304 3100 2358 3156 in
2380 3100 2536 3171 Apr.,
2565 3101 2658 3157 sed
2684 3101 2773 3169 29,
2801 3104 3074 3160 evenisset
3103 3102 3197 3159 tibi
3228 3104 3282 3160 in
3313 3106 3430 3174 ipso
3448 3121 3597 3162 anno
3621 3107 3676 3162 in
3707 3117 3822 3163 ter-

505 3203 640 3276 Apr.
699 3221 844 3263 anno
893 3216 1048 3265 sexto
1091 3209 1282 3266 circuli
1334 3210 1867 3267 decemnovennalis.
1935 3207 2102 3280 Aperi

2211 3193 2362 3249 mino
2393 3191 2668 3259 Paschali,
2711 3194 2856 3264 quod
2887 3205 2972 3250 est
3015 3193 3084 3250 I4
3121 3193 3238 3250 Kal.
3273 3195 3428 3263 Maii,
3467 3213 3578 3253 non
3617 3199 3682 3252 II
3719 3198 3822 3254 sed

506 3294 796 3365 Codicem,
824 3314 1008 3370 quaere
1048 3300 1192 3357 diem
1235 3300 1602 3358 Kalendarum
1634 3279 2101 3369 memoratarum,
2127 3279 2300 3354 015.
2347 3295 2405 3344 οι
2449 3285 2645 3344 fuisset
2691 3301 2848 3343 οιτον
2908 3287 2964 3342 in
3012 3287 3253 3356 Ρδεεὶιε,
3297 3304 3393 3346 seu
3444 3290 3503 3346 in
3555 3290 3822 3348 ἱειιιιίδιιε

508 3387 755 3447 invenies
793 3391 1096 3462 Egliteram
1141 3393 1541 3465 praescriptam.
1598 3394 1843 3451 Recurre
1887 3394 1956 3450 ad
2005 3410 2104 3466 pa-

509 3481 692 3552 ginam
715 3483 1022 3554 regularem
1041 3526 1056 3552 ,
1082 3486 1293 3543 videbis
1314 3502 1516 3543 annum
1541 3496 1754 3544 sextum
1774 3529 1788 3555 ,
1818 3497 2106 3559 perspecto

510 3571 629 3644 ejus
657 3571 963 3645 Alphabeto
987 3576 1028 3632 Ε
1051 3575 1264 3633 literam
1296 3577 1560 3649 reperies.
1591 3577 1898 3634 Circumfer
1920 3578 2107 3636 oculos

511 3665 580 3719 atl
628 3664 832 3733 latera,
871 3667 1000 3724 hinc
1023 3666 1381 3725 Geminorum
1421 3678 1702 3738 extrema,
1755 3669 1907 3727 illinc
1959 3669 2106 3726 Junii

512 3758 720 3814 mensis
750 3759 906 3815 initia
933 3761 1312 3832 deprehendes
1341 3778 1463 3820 esse
1492 3773 1680 3820 notata
1700 3805 1716 3832 ,
1748 3775 1806 3822 et
1833 3766 1949 3822 sive
1976 3781 2104 3820 eru-

513 3847 696 3914 ditus,
728 3849 844 3904 sive
874 3850 1102 3922 simplex
1134 3867 1195 3908 es
1243 3852 1435 3920 lector,
1465 3855 1730 3925 palamte
1755 3855 1900 3926 quod
1931 3855 2112 3927 cupie-

513 3936 616 3992 bas
635 3977 652 4003 ,
684 3937 1041 4010 investigasse
1068 3929 1340 3999 laetaberis
1366 3944 1420 3998 in
1447 3954 1800 4016 supernotato
1828 3947 1922 4002 illo
1962 3961 2110 4002 anno

516 4023 952 4104 quibuscumque
975 4033 1167 4092 diebus
1195 4035 1239 4090 Ε
1268 4035 1486 4094 literam
1511 4038 1744 4105 videris,
1775 4040 2109 4111 adscriptam

515 4122 634 4180 sive
659 4133 999 4183 crescentem
1017 4166 1033 4193 ,
1063 4125 1179 4182 sive
1207 4127 1620 4185 decrescentem
1647 4129 1703 4185 in
1731 4129 1939 4187 hisdem
1984 4131 2110 4187 coeli

513 4214 763 4286 partibus
787 4213 970 4271 lunam
1002 4218 1221 4281 noveris
1248 4233 1370 4275 esse
1399 4228 1798 4276 conversatam.

516 4323 714 4398 Incipit
733 4326 974 4398 Epistola
985 4327 1051 4386 de
1073 4330 1275 4386 ratione
1274 4329 1428 4456 sua:
1445 4333 1614 4402 primo
1635 4349 1774 4389 anno
1786 4333 2109 4392 embolimara

1207 4418 1272 4456 oa
1312 4419 1374 4456 oa
1421 4441 1436 4456 .

1207 4418 1436 4473 ogaoaa.

589 4486 845 4546 CXXVII.
883 4490 944 4546 In
993 4492 1172 4563 primo
1215 4493 1381 4563 igitur
1415 4508 1558 4551 anno
1593 4495 1966 4566 embolimteo,
2005 4499 2111 4556 hoc

517 4590 602 4638 est
645 4582 698 4637 in
729 4582 976 4654 ogdoade
1005 4589 1019 4604 '
1061 4584 1222 4642 tertia
1261 4594 1388 4640 sunt
1429 4595 1634 4658 epactas
1679 4587 1752 4642 22
1775 4599 1833 4645 et
1861 4589 1984 4646 ideo
2024 4599 2111 4647 est

518 4671 646 4728 luna
688 4673 744 4728 in
768 4647 896 4729 Kal.
933 4673 1212 4746 Septemb.
1259 4684 1315 4731 et
1357 4647 1580 4733 Octobr.
1622 4678 1708 4734 27.
1749 4679 1805 4734 In
1851 4679 1970 4736 Kal.
2003 4647 2188 4739 No-D

517 4763 698 4820 vemb.
731 4773 789 4820 et
811 4763 1067 4822 Decemb.
1098 4765 1192 4824 29.
1225 4766 1345 4839 Ipsa
1388 4777 1572 4826 autem
1599 4770 1749 4839 luna,
1788 4788 1909 4844 qua:
1933 4783 2016 4831 est
2036 4774 2108 4832 29

519 4856 576 4913 in
605 4853 726 4912 Kal.
755 4857 1012 4928 Decemb.
1046 4858 1063 4878 ¹
1099 4859 1329 4932 extingit
1365 4860 1506 4930 illic,
1538 4875 1638 4918 sua
1687 4862 1815 4948 luna
1863 4874 1966 4922 est.
2013 4864 2108 4923 Illa

519 5063 654 5105 vero
686 5048 846 5120 lunaf,
873 5063 994 5120 qua
1026 5048 1080 5104 in
1109 5057 1306 5121 quarto
1343 5049 1484 5107 Non.
1504 5021 1774 5109 ‘Decemb.
1811 5052 2022 5126 incipit,
2056 5031 2118 5111 et-

521 5141 846 5200 terminatur
867 5138 957 5208 50,
978 5140 1014 5195 2
1038 5140 1291 5200 Kal.Jan.
1315 5141 1622 5198 embolismi
1653 5151 1758 5197 est.
1784 5141 1914 5210 Quae
1935 5153 2116 5201 autem

521 5235 579 5292 in
609 5234 730 5291 Kal.
768 5234 894 5292 Jan.
925 5246 982 5292 ct
1026 5237 1202 5309 prima
1257 5235 1418 5301 luna,
1463 5235 1632 5306 ipsius
1678 5243 1796 5302 est,
1846 5251 2008 5306 quam
2059 5223 2126 5293 et~

521 5331 699 5403 ipsam
736 5329 1067 5388 tricesimam
1117 5330 1412 5386 terminare
1439 5329 1658 5385 debeas.
1690 5327 1832 5384 Ecce
1860 5328 2115 5387 invenisti
2197 5377 2202 5382 .

521 5423 710 5479 lunam
771 5423 826 5480 in
873 5422 1052 5494 primo
1117 5438 1259 5480 anno
1317 5421 1654 5478 embolimaeo
1705 5419 1761 5475 in
1816 5419 1936 5476 Kal.
1989 5419 2111 5480 Jan.

519 5516 778 5588 primam.

690 5608 827 5662 Item
853 5607 918 5663 de
939 5606 1168 5662 secundo
1197 5621 1338 5660 anno
1361 5604 1687 5660 embolimwo
1711 5605 1937 5677 ogdoad.

597 5697 876 5756 CXXVIII.
918 5699 1052 5755 Item
1081 5698 1148 5754 de
1170 5697 1409 5754 secundo
1443 5713 1586 5754 anno
1606 5696 1946 5754 embolimzeo
1975 5698 2117 5754 idest

530 5789 791 5860 ogiloadis
821 5788 873 5844 6.
896 5789 1034 5844 Sunt
1060 5800 1238 5844 autem
1269 5790 1322 5844 in
1348 5789 1466 5859 ipso
1495 5803 1637 5844 anno
1665 5797 1869 5859 epactte
1892 5787 1963 5843 25
1989 5787 2116 5843 luna

527 5893 660 5932 vero
702 5880 756 5934 in
797 5879 918 5936 Kal.
966 5879 1245 5950 Septemb.
1271 5880 1343 5935 50
1388 5879 1622 5951 extingit
1671 5879 1804 5948 illic,
1831 5880 1956 5952 quia
1990 5878 2116 5937 luna

2208 3381 2367 3440 luna’.

2332 3471 2470 3528 Item
2498 3472 2564 3528 de
2590 3488 2761 3544 primo
2789 3489 2928 3530 anno
2959 3473 3286 3530 embolimaeo
3309 3474 3367 3529 in
3393 3474 3684 3531 endecade.

2279 3562 2494 3622 CXXX.
2530 3563 2590 3620 In
2637 3565 2816 3636 primo
2848 3565 3016 3638 igitur
3058 3580 3204 3622 anno
3256 3565 3604 3622 embolimzeo
3649 3567 3825 3624 ende-

2209 3658 2362 3713 cailis
2404 3666 2532 3714 sunt
2574 3667 2782 3729 epactas
2827 3659 2899 3714 20
2943 3667 2998 3716 et
3046 3659 3252 3716 idcirco
3287 3666 3375 3715 est
3408 3658 3536 3714 luna
3591 3660 3645 3714 in
3686 3659 3821 3716 Kal.

2211 3747 2488 3820 Septemb.
2521 3759 2577 3806 et
2596 3750 2790 3807 Octob.
2820 3751 2891 3807 25
2918 3752 2970 3807 in
2999 3751 3119 3807 Kal.
3165 3751 3426 3808 Novemb.
3461 3759 3517 3806 et
3547 3750 3820 3808 Decemb.

2209 3841 2300 3909 27,
2325 3843 2378 3897 in
2406 3842 2526 3899 Kal.
2549 3842 2670 3900 Jan.
2687 3844 2776 3911 29,
2793 3845 2846 3900 in
2872 3843 2989 3900 Kal.
3006 3843 3170 3902 Febr.
3195 3843 3390 3916 prima,
3415 3845 3470 3899 in
3500 3843 3625 3899 Kal.
3645 3843 3822 3900 Mart.

2210 3933 2304 3998 29,
2333 3932 2367 3988 6
2410 3932 2550 3989 Νοη.
2574 3933 2732 3989 Mart.
2753 3935 2824 3991 50
2845 3935 2971 3990 luna
2996 3935 3175 3992 Martii
3197 3945 3298 3991 est.
3323 3935 3414 3992 Illa
3444 3945 3630 3992 autem
3659 3937 3824 4004 luna,

2211 4041 2333 4096 quae
2373 4024 2427 4080 5.
2469 4023 2606 4081 Non.
2666 4025 2824 4081 Mart.
2866 4026 3076 4098 incipit,
3104 4035 3161 4082 et
3188 4027 3418 4099 extingit
3445 4027 3559 4095 30;
3593 4029 3647 4082 in
3687 4028 3825 4086 KaL

2210 4118 2343 4189 Apr.
2371 4116 2760 4174 embolismalis
2806 4127 2909 4174 est.
2943 4118 3034 4174 Illa
3077 4133 3208 4176 vero
3237 4135 3359 4188 quas
3395 4119 3453 4174 Δ.
3494 4118 3638 4175 Non.
3674 4123 3824 4191 Apr.

2113 4287 2116 4290 ξ
2212 4212 2460 4268 initiatur
2485 4211 2684 4283 prima,
2709 4211 2876 4284 ipsius
2904 4210 3030 4268 luna
3055 4221 3161 4279 est,
3181 4213 3412 4282 extingit
3433 4211 3503 4268 29
3525 4212 3674 4283 prid.
3693 4212 3828 4269 Kal.

2211 4303 2336 4360 Maii
2366 4303 2472 4358 :Et
2519 4290 2642 4358 luna
2669 4318 2790 4374 quae
2812 4302 2866 4358 in
2890 4302 3008 4358 Kal.
3041 4301 3166 4358 Maii
3201 4303 3381 4359 evenit
3411 4303 3610 4374 prima,
3640 4302 3828 4374 ipsius

2212 4398 2342 4455 luna
2371 4391 2476 4454 est.
2499 4395 2725 4453 Caetera:
2748 4411 2880 4453 vero
2905 4396 3153 4452 ordinem
3181 4410 3340 4450 suum
3370 4402 3706 4466 sequuntur.

2335 4487 2470 4544 Item
2496 4489 2562 4543 de
2595 4488 2822 4543 secundo
2864 4504 3003 4543 anno
3031 4485 3360 4542 embolimwo
3383 4487 3697 4541 endecadis.

2287 4579 2524 4638 CXXXI.
2551 4579 2609 4635 In
2633 4579 2752 4650 ipso
2780 4589 2962 4635 autem
2989 4593 3132 4636 anno
3158 4587 3285 4634 sunt
3317 4586 3523 4649 epactas
3541 4577 3650 4644 23;
3687 4575 3827 4634 Iuba

2214 4677 2268 4732 in
2297 4674 2416 4731 Kal.
2452 4671 2732 4744 Septemb.
2774 4682 2832 4728 et
2874 4672 3067 4729 Octob.
3099 4671 3190 4736 28,
3218 4672 3272 4726 in
3317 4669 3436 4727 Kal.
3471 4668 3828 4726 Novemb:et

2216 4767 2470 4825 Decemb.
2498 4767 2586 4822 50.
2610 4765 2703 4822 Illa
2735 4775 2916 4822 autem
2949 4765 3105 4831 luna,
3130 4779 3250 4836 quae
3289 4763 3344 4819 in
3377 4762 3498 4818 Kal.
3540 4761 3825 4818 Novemb.

2216 4862 2286 4919 50
2315 4862 2661 4928 terminatur,
2689 4860 2813 4916 luna
2848 4859 3019 4932 ipsius
3047 4866 3134 4916 est
3173 4857 3436 4914 Novemb.
3467 4856 3536 4911 Et
3572 4855 3664 4911 illa
3694 4871 3824 4927 qua:

2218 4955 2273 5012 in
2303 4954 2422 5011 Kal.
2456 4953 2711 5010 Decemb.
2761 4953 2832 5008 50
2882 4953 3071 5008 ﬁnitur
3117 4950 3474 5008 embolimaza.
3508 4948 3643 5017 Quae
3684 4961 3824 5004 vero

2219 5048 2396 5120 prima
2428 5047 2463 5102 4
2503 5046 2642 5103 Νοη.
2677 5045 2933 5102 Decemb.
2962 5044 3204 5111 inchoat,
3237 5042 3466 5114 ﬁnitque
3491 5040 3586 5108 29,
3619 5041 3657 5096 5
3694 5039 3819 5095 Kal.

2219 5136 2365 5204 Jan.,
2394 5139 2510 5210 ipsa
2549 5145 2634 5194 est
2678 5137 2955 5204 Decemb.,
2990 5136 3046 5192 in
3076 5135 3199 5191 Kal.
3246 5133 3369 5191 Jan.
3423 5133 3491 5200 2,
3520 5142 3578 5188 et
3606 5132 3665 5186 in
3693 5131 3820 5188 Kal.

2221 5221 2392 5288 Febr.
2414 5231 2468 5286 5.
2497 5229 2717 5286 Caetera:
2739 5239 2920 5286 autem
2943 5228 3191 5286 ordinem
3223 5242 3381 5283 suum
3404 5234 3737 5294 sequuntur.

2387 5323 2525 5379 Item
2550 5323 2614 5378 de
2637 5323 2791 5377 tertio
2814 5338 2956 5377 anno
2985 5320 3309 5377 embolt'mceo
3336 5317 3638 5374 endecadia.

2286 5414 2546 5474 CXXXII.
2606 5413 2744 5471 Sunt
2786 5421 2968 5470 autem
3014 5415 3068 5468 in
3115 5413 3233 5484 ipso
3284 5425 3425 5466 anno
3459 5417 3674 5480 epactae
3725 5408 3817 5464 26.

2215 5501 2537 5567 Nullatenus
2588 5516 2769 5564 tamen
2809 5508 2993 5564 lunam
3042 5503 3470 5564 embolismalem
3519 5517 3622 5575 per
3671 5503 3820 5575 ipsas

2216 5611 2440 5675 epactas
2486 5601 2748 5672 reperies,
2800 5600 2904 5657 nisi
2953 5600 3023 5657 ad
3074 5607 3294 5671 epactas
3323 5595 3448 5652 anni
3498 5597 3816 5652 commuan

2215 5693 2515 5766 superioris
2539 5691 2848 5748 reverteris.
2881 5689 3016 5747 Nam
3048 5706 3194 5746 anno
3224 5687 3502 5747 communi
3530 5690 3816 5758 praeterito

2219 5787 2441 5842 fuerunt
2482 5792 2684 5855 epactaz
2734 5783 2820 5838 15.
2869 5783 2995 5839 Ideo
3039 5791 3220 5839 autem
3265 5781 3395 5837 luna
3434 5781 3490 5836 in
3519 5780 3647 5835 Kal.
3674 5783 3810 5853 Aug.

2219 5879 2311 5950 29,
2345 5879 2532 5949 ibique
2563 5877 2885 5935 terminatur
2909 5877 3036 5949 quia
3065 5875 3190 5934 luna
3217 5874 3387 5946 ipsius
3412 5881 3516 5931 est.
3537 5872 3632 5929 Illa
3660 5887 3815 5942 vero,
