4020 6310
675 201 692 230 1

533 303 674 367 1543

636 403 690 497 ‘y'
725 428 800 483 vi.
839 429 1208 495 S.'Johannis.

526 495 570 551 Ε
629 495 664 582 h
716 513 770 580 γ.
801 499 1088 562 [uiantium
1119 518 1173 566 et
1200 511 1541 591 lactenttum.

631 583 648 620 1
713 585 786 622 IV.
1341 583 1348 591 ‘

523 635 568 692 F
635 637 669 692 k
719 639 795 694 iii.
1163 678 1166 680 η
1605 691 1607 694 ‹

625 708 643 761 l
717 709 774 764 ii.
811 711 866 767 S.
893 715 1167 778 Columbae
1194 726 1332 797 virg.
1362 738 1416 786 et
1449 734 1733 804 Syivestrl.

773 822 851 878 De
889 843 1047 884 cursu
1085 835 1212 890 solis
1247 855 1343 907 per
1366 842 1644 901 duodecim
1681 851 1851 922 signa.

587 909 848 970 CXXXV.
880 917 1046 986 Quasi
1089 929 1321 994 quodam
1369 935 1584 991 modoi
1617 909 1824 1000 dierum
1877 961 2106 1006 munera

513 1004 882 1073 primordialis
927 1013 962 1066 4
1005 1016 1214 1073 dierqu
1261 1026 1552 1084 creationis
1613 1033 1978 1106 designarent.
2036 1043 2104 1098 Et

513 1095 639 1164 quia
667 1098 841 1167 prima
886 1103 974 1160 die
1003 1106 1093 1162 lux
1123 1111 1340 1169 condita
1369 1128 1475 1184 est,
1507 1122 1679 1190 prima
1705 1127 1792 1183 die
1825 1129 1961 1187 lucis
1987 1150 2103 1190 ma-

514 1186 652 1239 teria
678 1192 918 1247 ostendit
944 1195 1098 1252 mihi.
1129 1199 1376 1260 Secunda
1407 1209 1494 1264 die
1515 1211 1744 1270 Creator
1766 1217 2100 1280 ﬁrmamenti

509 1277 971 1344 pulchritudinem
1004 1294 1246 1350 extendit
1295 1297 1439 1353 inter
1465 1317 1658 1372 aquas,
1694 1317 1748 1362 et
1778 1325 1968 1380 aquas.
2003 1314 2103 1370 Se-

513 1367 690 1422 cunda
719 1370 808 1426 die
837 1373 890 1428 in
925 1382 1242 1439 muneribus
1269 1389 1597 1448 vestimenta
1623 1394 1993 1458 Saeerdotalia
2019 1407 2102 1460 tli-

506 1457 774 1515 visionum
824 1465 966 1520 inter
1013 1485 1242 1541 corpora
1289 1475 1666 1550 Sacerdotum,
1719 1496 1774 1542 et
1795 1493 1978 1561 populi
2007 1495 2099 1551 de-

509 1559 815 1606 monstrare
867 1561 1114 1628 cognovi.
1175 1563 1358 1622 Tertia
1410 1570 1531 1637 die,
1589 1585 1729 1631 terra
1762 1559 1881 1635 cum
1930 1598 2095 1642 orna-

505 1646 705 1701 mentis
760 1651 873 1706 suis
923 1658 1194 1725 apparuit.
1228 1661 1410 1719 Tertia
1463 1669 1550 1723 die
1599 1686 1718 1726 auri
1761 1675 2092 1736 electissima

504 1738 738 1806 species,
768 1757 886 1812 qua:
913 1749 1120 1817 gremio
1159 1754 1368 1809 eruitur
1396 1766 1576 1823 terra},
1601 1763 1807 1822 directa
1833 1773 2090 1828 estmihi.

504 1828 705 1896 Quarta
730 1835 816 1891 die
857 1841 937 1895 sol
983 1842 1158 1901 honor
1199 1850 1364 1905 seculi
1397 1868 1518 1908 cum
1549 1857 1817 1917 sideribus
1839 1865 1977 1920 coelo
2006 1867 2091 1922 in-

501 1919 648 1980 ditus
675 1935 778 1982 est.
809 1929 1012 1997 Quarta
1044 1936 1129 1992 die
1163 1939 1310 1996 clara
1356 1947 1626 2014 quaedam,
1655 1959 1710 2005 et
1755 1957 1984 2011 rotunda
2033 1959 2089 2014 in

500 2011 856 2073 similitudine
906 2023 1036 2079 solis
1074 2029 1284 2096 species
1335 2033 1506 2090 honor
1537 2053 1740 2097 mensae
1786 2043 1946 2100 allata
1999 2057 2086 2104 est

499 2102 658 2169 mihi,
709 2107 912 2166 habens
945 2113 1016 2166 27
1056 2119 1452 2189 semicirculos,
1476 2128 1568 2196 qui
1615 2130 1660 2182 si
1687 2133 1771 2188 bis
1794 2135 2082 2208 ducantur,

497 2203 657 2248 erunt
706 2196 774 2250 54
819 2197 1050 2272 propter
1088 2207 1252 2264 horas
1282 2211 1490 2270 lunaris
1516 2211 1732 2288 cursus,
1768 2227 1965 2294 quibus
1987 2247 2090 2302 per

1720 2281 1731 2288 ,
1784 2281 1801 2294 ,
1879 2281 1961 2285 η
1988 2281 2078 2302 τ--

495 2281 710 2354 singula
747 2289 898 2360 signa
959 2309 1182 2353 currere
1231 2293 1392 2369 solet,
1437 2307 1643 2367 habens
1686 2314 1948 2375 circulum
1992 2339 2084 2380 ro-

497 2376 720 2432 tundum
771 2379 823 2435 in
861 2383 1040 2441 medio
1065 2400 1286 2460 propter
1313 2395 1442 2452 solis
1490 2413 1806 2472 perpetuam
1835 2415 2083 2470 rotundi-

493 2473 680 2533 tatem,
711 2476 983 2540 quomodo
1019 2479 1086 2533 10
1126 2481 1296 2552 horae,
1325 2495 1381 2542 et
1413 2493 1578 2549 semis
1626 2497 1853 2570 singulis
1883 2507 2084 2562 mensi;

489 2555 590 2613 bus
624 2562 943 2624 adcrescere
979 2572 1180 2630 solent.

559 2651 652 2709 Sol
697 2656 864 2728 igitur
909 2667 1087 2735 primo
1117 2685 1262 2728 anno
1287 2685 1411 2746 post
1447 2679 1764 2759 bissextum
1789 2693 1943 2748 imtio
1967 2696 2079 2766 pri-

484 2760 587 2802 mae
614 2748 762 2807 horae
811 2756 989 2812 noctis
1024 2760 1192 2817 intrat
1224 2764 1276 2820 in
1322 2769 1585 2838 Arietem,
1616 2786 1672 2831 et
1716 2756 1836 2849 post
1865 2748 1992 2840 diesr
2008 2787 2079 2842 30

485 2845 539 2892 et
567 2839 748 2896 decem
781 2848 943 2904 semis
997 2851 1146 2908 horis
1197 2859 1311 2913 exit
1356 2861 1424 2917 de
1451 2864 1656 2934 Ariete,
1709 2871 1811 2929 hoc
1836 2879 2074 2935 esthora

486 2927 546 2981 11
605 2933 780 2989 noctis
818 2937 1130 3007 Vtrigesimze
1179 2948 1392 3017 primae,
1423 2962 1479 3009 et
1507 2961 1746 3016 secundo
1774 2978 1997 3034 puncto,
2021 2978 2076 3026 et

483 3019 644 3074 tertio
680 3036 878 3091 puncto
902 3030 961 3085 11
997 3033 1130 3090 hora
1162 3036 1404 3106 ejusdem
1440 3049 1616 3105 noctis
1655 3019 1823 3108 intrat
1852 3056 1906 3110 in
1931 3058 2075 3114 Tau-

478 3210 535 3255 et
561 3204 674 3258 exit
696 3207 762 3264 de
783 3210 961 3270 Tauro
989 3219 1022 3272 9
1045 3219 1178 3276 hora
1201 3224 1305 3280 diei
1329 3227 1504 3296 plena,
1528 3242 1584 3288 et
1606 3235 1680 3291 ibi
1708 3204 1876 3298 habes

475 3289 667 3348 horam
701 3312 768 3353 ex
797 3301 832 3355 4
860 3309 1075 3372 punctis
1128 3311 1181 3367 in
1213 3289 1425 3375 duobus
1465 3321 1655 3394 signis,
1685 3337 1740 3383 et
1761 3330 1896 3388 ﬁunt
1927 3336 2073 3408 duo-_

473 3397 592 3486 rum
621 3388 897 3460 signorum
932 3397 1001 3455 60
1041 3402 1177 3472 dies,
1220 3417 1275 3463 et
1302 3410 1366 3465 21
1422 3388 1574 3470 hora.
1607 3388 1677 3474 Et
1697 3422 1905 3482 decima
1928 3388 2064 3488 hora

473 3474 578 3530 diei
612 3479 779 3538 intrat
818 3487 872 3543 in
904 3488 1186 3564 Geminos,
1235 3509 1292 3555 et
1326 3503 1474 3561 exiet
1507 3507 1575 3564 de
1601 3509 1845 3572 Geminis
1869 3519 1902 3572 7
1925 3505 2068 3580 hora!

469 3567 626 3636 plena
651 3577 845 3644 noctis,
875 3589 932 3664 et
951 3583 1162 3646 duobus
1187 3594 1406 3661 punctis
1427 3596 1460 3652 8
1492 3598 1625 3657 hora
1650 3607 1846 3675 noctis,
1867 3620 1925 3667 et
1946 3621 2059 3670 ter-

469 3659 545 3713 tio
582 3675 782 3732 puncto
827 3657 993 3729 intrat
1036 3677 1090 3732 in
1139 3679 1430 3754 Cancrum,
1481 3699 1536 3746 et
1569 3695 1714 3751 exiet
1743 3699 1809 3754 de
1849 3700 2058 3762 Canem

464 3761 621 3807 sexta
641 3755 774 3830 hora
806 3762 911 3818 diei
938 3767 1121 3837 plena,
1147 3781 1202 3829 et
1226 3773 1300 3831 ibi
1321 3777 1490 3837 habes
1515 3788 1811 3846 secundam
1837 3793 2052 3867 horam,

473 3853 528 3898 et
551 3845 584 3900 5
608 3859 792 3914 punct.
820 3854 1048 3913 duorum
1074 3863 1369 3934 signorum,
1430 3882 1483 3926 et
1518 3875 1652 3933 ﬁunt
1689 3881 1740 3936 in
1781 3845 2046 3954 Geminis:

468 3943 523 3990 et
545 3935 600 3990 in
634 3938 844 3997 Cancro
882 3947 997 4004 dies
1027 3950 1115 4017 60,
1145 3963 1200 4007 et
1245 3957 1391 4014 horae
1417 3962 1508 4029 21,
1537 3975 1591 4021 et
1620 3969 1783 4027 habes
1805 3973 1858 4028 in
1892 3976 1976 4031 his

460 4118 629 4186 ptima
664 4123 797 4181 hora
829 4127 954 4196 diei,
998 4139 1051 4187 et
1079 4134 1224 4193 exiet
1251 4138 1318 4195 de
1345 4140 1525 4202 Leone
1556 4159 1751 4218 quarta
1773 4135 1913 4210 hora
1945 4171 2040 4212 no-

459 4209 584 4277 ctis,
646 4223 702 4269 et
739 4217 946 4276 duobus
973 4224 1204 4294 ’punctis
1247 4231 1451 4290 decima
1488 4209 1637 4296 horae
1677 4252 1734 4298 et
1759 4243 2051 4316 Spuncto.‘

456 4297 652 4365 Quinta
701 4305 832 4363 hora
866 4314 1039 4370 noctis
1085 4317 1253 4376 intrat
1281 4323 1336 4378 in
1369 4326 1664 4399 Virginem,
1710 4344 1766 4391 et
1789 4297 1942 4396 exiet
1968 4343 2036 4399 de

459 4389 672 4464 Virgine
717 4403 874 4459 tertia
905 4407 1036 4464 hora
1074 4407 1180 4468 diei
1203 4414 1382 4486 plena,
1414 4389 1703 4484 etvhabens
1732 4445 1891 4500 unam
1929 4435 2033 4490 .ho-

451 4495 564 4583 ram
587 4500 658 4583 ex
691 4489 724 4542 4
751 4497 964 4562 punctis
993 4498 1205 4571 Leonis,
1236 4516 1291 4562 et
1333 4508 1590 4583 Virginis,
1633 4525 1690 4572 et
1725 4489 2032 4582 habentliO

446 4567 564 4628 dies
586 4573 701 4633 haec
726 4583 830 4638 duo
855 4587 1033 4660 signa,
1065 4605 1119 4648 et
1147 4597 1310 4655 horas
1338 4601 1427 4668 21,
1460 4614 1514 4660 et
1539 4607 1678 4666 ﬁunt
1709 4611 1909 4674 horum
1937 4637 2034 4680 sex

442 4663 720 4734 signorum
749 4675 863 4734 dies
888 4681 990 4736 182
1021 4695 1072 4740 et
1101 4687 1246 4746 hora:
1277 4693 1345 4748 65
1387 4705 1441 4752 et
1473 4699 1626 4769 ﬁunt,
1663 4716 1722 4760 ut
1748 4707 1884 4782 dixi,
1911 4714 2029 4772 dies

442 4757 545 4782 10a
581 4772 624 4782 --
658 4774 669 4782 ι
742 4770 774 4782 ι·
907 4775 940 4782 --
1046 4780 1072 4782 -ν

440 4757 546 4813 182
573 4772 628 4816 et
657 4770 844 4827 tertius
890 4775 1003 4832 dies
1025 4780 1280 4841 dimidius
1307 4804 1394 4862 ex
1419 4757 1713 4853 'duOdecim
1765 4757 1935 4872 horis,
1972 4817 2030 4865 et

441 4855 554 4905 tres
586 4853 732 4912 hora:
768 4877 929 4932 supra
983 4857 1371 4939 quadrantiles.
1417 4881 1482 4937 Et
1511 4884 1678 4944 intrat
1724 4890 1804 4946 sol
1854 4895 1908 4949 in
1937 4895 2028 4953 Li-

433 4940 587 4998 hram
611 4946 741 5003 hora
767 4954 867 5008 dici
908 4971 1120 5028 quarta,
1145 4975 1193 5018 et
1224 4969 1366 5024 exiet
1404 4973 1468 5026 de
1491 4972 1652 5032 Libra
1677 4981 1851 5050 prima
1885 4975 2020 5044 hera

434 5031 560 5097 diei,
593 5046 648 5092 et
691 5047 930 5114 secundo
971 5066 1174 5120 puncto
1213 5051 1464 5118 secundm
1496 5065 1644 5124 horae
1671 5063 1850 5130 noctis
1872 5073 2030 5134 exiet'

427 5121 497 5178 de
534 5124 832 5200 Scorpione
878 5139 943 5192 12
993 5142 1123 5201 hora
1165 5153 1350 5207 noetis’
1370 5153 1549 5224 plena,
1576 5170 1632 5216 et
1657 5163 1823 5223 habes
1849 5184 2012 5227 unam

423 5213 615 5272 horam
640 5237 705 5276 ex
729 5223 763 5277 4
795 5232 1026 5298 punctis,
1069 5244 1121 5290 et
1154 5239 1287 5296 ﬁunt
1340 5243 1532 5303 horum
1567 5251 1794 5311 duorum
1827 5260 2018 5336 signos

431 5322 548 5336 ιιι-,ν-
582 5311 692 5336 ΑΖΔ..
717 5315 784 5336 nn
817 5327 855 5336 μ.
889 5321 902 5336 1
1059 5326 1116 5336 Α.
1172 5330 1212 5336 --
1268 5334 1275 5336 .

428 5322 549 5364 rum
579 5311 694 5369 dies
716 5315 784 5371 60
807 5327 860 5374 et
887 5321 1034 5380 hora:
1058 5326 1143 5382 21.
1171 5330 1237 5404 Ει
1265 5334 1430 5392 intrat
1466 5340 1546 5395 sol
1572 5343 1626 5399 in
1657 5311 2032 5418 Sagittarﬁum"

416 5401 592 5468 prima
625 5405 755 5463 hora
787 5411 913 5479 diei,
937 5425 992 5470 et
1039 5401 1184 5476 exiet
1213 5424 1278 5480 de
1304 5426 1599 5500 Sagittario
1630 5401 1840 5497 decima
1869 5444 2005 5503 hora

417 5489 520 5545 diei
546 5493 724 5564 plena,
751 5512 804 5556 et
831 5504 1039 5564 duobus
1084 5517 1321 5581 punctis.
1349 5518 1566 5580 Decima
1599 5528 1729 5585 hora
1755 5533 1922 5590 intrat
1947 5538 2002 5594 iu

1329 329 1626 396 ADPEND.
1665 339 1759 398 AD
1800 342 1975 405 SEC.
2011 345 2101 408 lx.
2140 381 2212 396 —-
2243 356 2618 425 AUCTORES
2655 367 2990 437 ANONYMI.

2133 454 2303 550 Xpta
2325 486 2504 558 signa,
2531 500 2586 548 et
2606 494 2774 555 habes
2801 501 2916 558 dies
2954 500 3078 571 500,
3102 513 3157 562 et
3183 508 3346 566 horas
3367 511 3491 569 105.
3521 511 3591 572 Et
3635 516 3812 577 intrat

3663 400 3809 459 l3“

2214 575 2306 632 Sol
2339 579 2393 634 in
2444 583 2741 654 Aquarium
2791 595 2996 653 decima
3043 599 3178 656 hora
3223 605 3422 671 noctis,
3472 617 3526 663 et
3567 611 3718 666 exiet
3739 613 3811 669 de

2210 669 2451 740 Aquario
2477 677 2612 735 hora
2665 686 2898 755 septima
2923 687 3050 756 diei,
3084 701 3138 747 et
3159 669 3634 768 secundolpuncto
3665 703 3812 759 hora

2210 771 2420 833 octava,
2453 778 2508 825 et
2553 773 2723 832 intrat
2748 781 2909 836 tertio
2952 793 3155 852 puncto
3193 798 3386 846 octava
3427 793 3566 850 hora
3609 795 3722 852 diei
3749 798 3810 853 in

2111 889 2113 892 ι
2209 853 2417 926 Pisces,
2448 870 2502 918 et
2527 867 2672 922 exiet
2690 871 2758 925 de
2783 871 3032 931 Piscibus
3061 888 3215 935 sexta
3243 881 3378 938 hora
3401 887 3583 942 noctis
3616 885 3805 957 plena;

2208 955 2264 1003 et
2289 951 2372 1007 hae
2418 963 2546 1011 sunt
2579 973 2675 1016 sex
2725 963 2892 1031 hom,
2922 982 3043 1038 quae
3073 969 3140 1026 de
3182 975 3404 1044 punctis
3455 978 3808 1050 singulorum

2207 1042 2484 1110 signorum
2530 1050 2877 1124 adcrescunt,
2901 1068 2955 1114 et
3001 1042 3203 1120 habent
3247 1065 3364 1122 haec
3388 1067 3497 1125 duo
3525 1042 3682 1144 signa
3731 1073 3805 1128 ϐο

2205 1135 2341 1202 dies,
2366 1148 2422 1194 et
2447 1140 2508 1196 21
2536 1142 2721 1201 horas.
2751 1147 2860 1205 Has
2885 1151 3024 1208 adde
3047 1153 3116 1208 ad
3145 1160 3550 1232 suprascriptos
3575 1135 3695 1220 dies
3719 1164 3808 1221 vel

2203 1227 2389 1297 horas,
2408 1232 2544 1291 ﬁunt
2565 1237 2680 1294 dies
2695 1240 2760 1295 l2
2774 1242 3051 1314 signorum
3073 1247 3178 1304 360
3190 1259 3245 1305 et
3269 1227 3564 1310 horae-£26.
3583 1255 3809 1316 Partire

2204 1318 2308 1373 120
2335 1321 2497 1380 horas
2530 1343 2629 1397 per
2657 1329 2728 1384 24
2755 1321 2811 1386 et
2863 1333 3022 1391 ﬁunt
3045 1338 3333 1411 quinquies
3358 1344 3432 1399 24
3457 1355 3592 1424 quot
3621 1357 3751 1403 sunt
3770 1349 3807 1404 5

2203 1409 2338 1478 dies,
2354 1421 2408 1468 et
2429 1427 2590 1472 erunt
2609 1421 2771 1478 totius
2785 1425 2912 1480 anni
2937 1409 3245 1496 tricenten'i,
3262 1438 3544 1508 sexageni,
3569 1421 3628 1494 et
3640 1442 3806 1512 quin-

2201 1518 2309 1572 que
2322 1507 2462 1574 dies,
2477 1519 2530 1565 et
2543 1526 2636 1568 sex
2662 1514 2832 1582 horae.
2850 1519 2978 1588 quia
2994 1530 3118 1577 ante
3130 1523 3370 1583 habuisti
3384 1507 3612 1586 centum
3622 1507 3806 1604 vigin-

2201 1595 2238 1650 ti
2285 1612 2379 1653 sex
2413 1599 2594 1658 horas.
2626 1605 2736 1662 Has
2751 1623 2844 1664 sex
2867 1610 3030 1669 horas
3050 1630 3148 1685 per
3167 1618 3592 1687 quadriennium
3608 1623 3806 1682 ductas

2199 1683 2404 1743 faciunt
2446 1691 2516 1746 24
2569 1693 2748 1762 horas,
2784 1703 2925 1770 quod
2965 1683 3224 1762 est‘unus
3250 1708 3390 1776 dies,
3414 1726 3582 1781 quem
3616 1711 3804 1772 Latini

2198 1776 2282 1832 bis
2320 1790 2530 1838 sextum
2556 1797 2777 1856 vocant;
2803 1799 2860 1846 et
2885 1793 2930 1848 si
2957 1810 3063 1850 non
3089 1797 3384 1855 adderetur
3413 1801 3467 1856 in
3487 1802 3804 1862 Februario

2199 1879 2394 1936 quarto
2424 1887 2566 1930 anno
2595 1877 2710 1933 haec
2730 1880 2868 1947 dies,
2907 1883 3137 1943 intraret
3176 1889 3196 1912 '
3241 1889 3426 1962 itaque
3459 1893 3544 1950 sol
3566 1903 3802 1965 quartas

2195 1961 2431 2018 decimas
2452 1964 2571 2021 Kal.
2604 1970 2736 2038 Apr.
2767 1973 2940 2042 prima
2969 1977 3102 2032 hora
3135 1983 3315 2038 noctis
3341 1961 3400 2038 in
3423 1983 3701 2052 Arietem,
3739 1995 3796 2044 et

2190 2043 2309 2122 post
2347 2057 2448 2112 120
2479 2075 2649 2118 annos
2675 2066 2908 2123 traditas
2939 2069 3090 2137 solis,
3137 2072 3265 2129 dum
3288 2076 3536 2134 Arietem
3585 2080 3800 2136 intrare

2189 2145 2482 2217 debuisset,
2535 2153 2790 2214 intrasset
2840 2160 3022 2232 itaque
3074 2164 3129 2219 in
3163 2164 3439 2234 Taurum,
3493 2171 3608 2226 nisi
3677 2172 3800 2228 dies

2188 2237 2258 2292 50
2289 2239 2340 2294 in
2370 2253 2587 2300 centum
2630 2247 2701 2304 20
2747 2253 2904 2308 annis
2947 2253 3256 2314 bissextiles
3300 2271 3570 2332 augerent
3597 2279 3799 2321 cursus

2187 2330 2349 2390 illius.
2381 2334 2474 2393 Hm
2503 2347 2558 2393 et
2599 2341 2905 2410 hujusmodi
2933 2350 3175 2408 rationes
3211 2363 3321 2409 tam
3352 2330 3712 2414 suaves'sunt
3741 2361 3798 2416 in

2186 2424 2623 2486 consideratione
2652 2435 2973 2505 scientibus,
3002 2450 3062 2496 ut
3100 2451 3315 2500 exteras
3360 2456 3512 2503 artes
3546 2451 3798 2520 philoso-

2182 2518 2324 2587 phiae
2354 2521 2530 2579 solent
2574 2541 2696 2583 esse
2743 2529 2969 2598 dicenti,
3011 2544 3065 2589 et
3112 2537 3433 2608 intelligenti
3480 2518 3597 2598 eas.
3651 2543 3793 2599 Nam

2180 2611 2486 2684 philosophi
2534 2634 2641 2674 non
2690 2619 2911 2680 fuerunt
2959 2627 3270 2687 conditores
3317 2632 3511 2689 harum
3555 2635 3790 2702 artium,

2181 2703 2275 2757 sed
2306 2705 2634 2766 inventores.
2660 2711 2795 2768 Nam
2841 2715 3070 2775 Creator
3097 2723 3342 2778 omnium
3371 2738 3562 2780 rerum
3592 2727 3793 2782 condi-

2181 2791 2261 2847 dit
2288 2809 2382 2850 eas
2412 2796 2464 2851 in
2497 2802 2728 2869 naturis,
2758 2804 2900 2861 sicut
2924 2809 3114 2864 voluit.
3149 2811 3229 2868 Illi
3252 2828 3404 2880 vero,
3438 2816 3531 2886 qui
3561 2817 3788 2886 sapien-

2179 2884 2348 2943 tiores
2390 2889 2612 2947 l‘uerunt
2661 2895 2715 2950 in
2767 2901 2972 2957 mundo
3019 2903 3333 2964 inventores
3384 2919 3545 2965 erant
3581 2911 3788 2967 harum

2178 2977 2374 3032 artium
2410 2981 2462 3036 in
2499 2986 2713 3042 naturis
2761 3005 2965 3057 rerum,
2999 2993 3139 3051 sicut
3176 2996 3245 3052 de
3283 2999 3418 3066 sole,
3448 3011 3506 3056 et
3543 3001 3703 3068 luna,
3731 3013 3788 3060 et

2175 3068 2347 3125 stellis
2373 3069 2531 3130 facile
2553 3087 2735 3146 potest
2755 3081 3005 3156 intelligi.
3037 3085 3177 3154 Quid
3207 3090 3352 3146 enim
3376 3092 3524 3148 aliud
3555 3095 3614 3150 in
3642 3097 3783 3162 sole,

2047 3171 2061 3222 ;
2093 3199 2140 3264 Ο
2176 3171 2233 3216 et
2287 3164 2435 3233 luna,
2474 3178 2530 3224 et
2562 3172 2836 3232 sideribus
2891 3180 3325 3252 consideramus,
3376 3196 3432 3243 et
3483 3189 3781 3259 miramur,

2168 3255 2273 3310 nisi
2301 3259 2625 3329 sapientiam
2653 3263 2967 3325 Creatoris?
3011 3271 3079 3328 Et
3105 3288 3299 3333 cursus
3341 3277 3562 3335 illorum
3617 3293 3783 3338 natu-

2167 3349 2296 3407 ralis
2323 3352 2516 3410 fertur.
2547 3357 2738 3429 Itaque
2764 3359 3044 3420 Abraham
3087 3369 3406 3436 patriarcha
3435 3388 3506 3429 ex
3535 3376 3784 3432 astrolo-

2162 3442 2265 3512 giae
2292 3445 2502 3504 ratione
2548 3448 2863 3509 Creatorem
2897 3455 3065 3512 Deum
3109 3458 3461 3530 intellexisse,
3494 3475 3550 3522 et
3595 3483 3775 3525 vene-

2162 3552 2336 3606 rasse,
2364 3552 2420 3596 et
2448 3542 2574 3600 inde
2599 3546 2809 3604 amicus
2831 3548 2928 3604 Dei
2969 3551 3275 3624 appellatus
3300 3565 3408 3624 est,
3439 3566 3496 3614 et
3525 3567 3773 3631 tempta-

2159 3638 2250 3687 tus
2296 3631 2351 3687 in
2402 3634 2505 3691 ﬁde
2550 3635 2660 3706 iam
2728 3638 2885 3698 fortis
2934 3643 3188 3704 inventus
3239 3657 3344 3705 est.
3392 3650 3775 3734 Namvdicunt

2157 3720 2391 3792 Hebraei,
2432 3727 2610 3786 exisse
2652 3747 2775 3788 eum
2829 3733 2896 3792 de
2924 3735 3040 3793 llur
3076 3738 3476 3812 Chaldteorum,
3521 3732 3672 3804 idest
3703 3750 3775 3806 de

2154 3811 2282 3883 igne
2335 3816 2736 3891 Chaldaaorum,
2803 3826 2898 3896 qui
2952 3828 3430 3906 Chaldaeiignem
3485 3854 3592 3910 pro
3651 3841 3768 3899 Deo

2146 3901 2458 3962 coluerunt.
2487 3906 2705 3968 Solebat
2734 3915 2994 3988 magister
3013 3936 3168 3978 meus
3192 3901 3325 3981 mihi
3350 3901 3503 3999 saepe
3527 3931 3720 3989 dicere
3746 3952 3762 3989 :

2153 3991 2549 4065 Sapientissimi
2570 4003 2852 4064 hominum
2888 4009 3128 4081 fuerunt,
3151 4017 3244 4086 qui
3271 4029 3419 4076 artus
3447 4022 3506 4077 in
3536 4027 3762 4082 naturis

2021 4096 2045 4120 -'
2148 4102 2330 4145 rerum
2369 4092 2709 4155 invenerunt.
2735 4098 3098 4174 Obproprium
3131 4111 3356 4179 grande,
3406 4122 3466 4168 ut
3507 4115 3760 4174 dimitta-

2145 4193 2266 4236 mus
2278 4185 2562 4254 easperire
2587 4188 2777 4248 diebus
2799 4197 3023 4263 nostris,
3038 4199 3132 4254 sed
3155 4216 3301 4258 nunc
3321 4205 3756 4274 pusillanimitas

2143 4271 2434 4331 multorum
2465 4292 2573 4334 non
2618 4291 2772 4338 curat
2809 4287 3048 4345 rationes
3088 4305 3292 4360 rerum,
3323 4311 3463 4366 quas
3511 4297 3754 4356 Creator

2141 4365 2381 4422 condidit
2405 4368 2459 4424 in
2491 4374 2724 4430 naturis.
2762 4375 2883 4434 Scis
2917 4381 3141 4450 optime,
3178 4365 3354 4454 quam,
3370 4388 3544 4446 dulcis
3565 4404 3658 4450 est
3689 4395 3747 4451 in

2139 4455 2441 4517 rationibus
2473 4464 2829 4523 arithmeticm
2854 4473 3082 4539 versari,
3111 4489 3272 4544 quam
3307 4484 3624 4539 necessaria
3655 4486 3731 4540 ad

2139 4553 2540 4618 cognoscendas
2567 4553 2877 4626 Seripturas
2913 4561 3142 4630 divinas,
3181 4581 3342 4637 quam
3371 4568 3619 4638 jucunda
3651 4583 3744 4631 est

2137 4641 2374 4711 cognitio
2417 4646 2718 4704 caelestium
2745 4661 3042 4723 astrorum,
3071 4665 3126 4714 et
3153 4673 3347 4717 cursus
3373 4663 3635 4734 illorum;
3680 4679 3740 4726 et

2137 4735 2313 4786 tamen
2340 4749 2495 4791 rarus
2515 4747 2617 4804 est,
2652 4741 2744 4811 qui
2777 4743 2902 4800 talia
2937 4747 3079 4804 scire
3107 4761 3280 4818 curet,
3313 4762 3370 4808 et
3398 4757 3542 4826 quod
3570 4758 3738 4830 pejus

2132 4829 2236 4888 est,
2260 4827 2665 4896 reprehendunt
2693 4833 2797 4890 hoc
2823 4837 2966 4895 scire
2994 4842 3296 4912 studentes,
3338 4855 3395 4903 et
3442 4858 3504 4905 ut
3545 4827 3679 4908 eum
3712 4860 3733 4876 '

2129 4913 2218 4969 ille
2244 4927 2451 4976 natura:
2474 4938 2657 4980 rerum
2689 4927 2960 4998 ignoratio
2990 4933 3332 5005 inculpabilis
3357 4942 3632 5011 potuisset
3657 4945 3730 5001 il—

2127 5004 2194 5062 lis
2223 5010 2241 5029 ⁶
2269 5021 2428 5078 esset,
2463 5015 2506 5069 si
2532 5015 2731 5075 divinis
2756 5035 2815 5076 se
2838 5022 2982 5094 ipsos
3011 5028 3224 5086 tradere
3249 5031 3544 5092 voluissent
3568 5036 3726 5096 Seri-

2124 5101 2319 5167 ptnris,
2367 5111 2420 5158 et
2464 5105 2710 5165 laborare
2740 5110 2793 5167 in
2824 5113 2950 5182 illis,
2997 5118 3050 5174 in
3099 5123 3296 5191 quibus
3333 5127 3458 5183 vitm
3493 5137 3722 5190 aeterna:

2122 5191 2356 5261 cognitio
2385 5196 2782 5269 consideratur,
2827 5213 2882 5259 et
2911 5215 2968 5260 ut
2996 5211 3299 5279 potuissent
3327 5214 3488 5274 ﬁdem
3513 5221 3716 5279 catho-

2120 5279 2277 5336 licam
2302 5287 2572 5343 veraciter
2593 5289 2905 5364 defendere,
2927 5306 2981 5354 et
3001 5299 3236 5360 ﬁduciali
3245 5315 3325 5362 ter
3345 5317 3492 5366 stare
3511 5322 3714 5371 contra

2117 5373 2460 5434 adversarios
2503 5379 2742 5451 Christi,
2771 5399 2870 5456 per
2897 5403 3033 5458 quos
3061 5394 3248 5452 multis
3285 5400 3458 5456 modis
3500 5401 3712 5463 diaboli

2113 5465 2315 5522 astutia
2353 5467 2512 5524 ﬁdem
2543 5474 2866 5533 catholicam
2901 5479 3218 5554 impugnare
3257 5491 3459 5560 studet,
3489 5503 3547 5550 et
3575 5506 3710 5554 sunt

2113 5560 2272 5616 modo
2301 5573 2559 5635 tempora,
2607 5569 2674 5625 de
2715 5573 2912 5642 quibus
2938 5577 3000 5632 Β.
3029 5578 3228 5640 Paulus
3253 5588 3500 5656 prtedixit
3526 5608 3541 5645 :
3576 5591 3706 5662 Spi-

2410 5633 2425 5635 γ
2733 5633 2749 5642 _
3030 5633 3035 5634 ,
3077 5633 3226 5640 πη---
3254 5633 3500 5656 rm-.-"
3526 5633 3540 5645 .
3576 5633 3701 5662 η..-

2017 5633 2021 5638 ’
2110 5654 2242 5710 ritus
2272 5667 2446 5714 autem
2477 5664 2751 5734 manifeste
2777 5668 2927 5737 dicit,
2952 5672 3078 5742 quia
3103 5676 3157 5732 in
3187 5681 3476 5738 novissimis
3496 5695 3701 5756 tempo-

2104 5745 2249 5801 ribus
2276 5749 2540 5807 discedent
2559 5756 2766 5826 quidem
2796 5776 2829 5812 a
2849 5761 2955 5830 ﬁde
2978 5766 3377 5827 adtendentibus
3405 5745 3698 5845 Spiriliims

2101 5839 2318 5900 erroris.
2341 5853 2389 5897 et
2405 5845 2659 5904 doctrinis
2689 5850 3073 5914 dwmoniorum
3101 5861 3156 5916 in
3180 5862 3443 5924 Itunocriti
3471 5866 3693 5926 loquel-
